3958 6456
582 353 722 412 1587

580 471 742 526 nione
783 469 1106 542 distinguere
1145 485 1160 521 :
1200 467 1350 538 quasi
1393 479 1606 520 carnem
1647 461 1922 518 Christum
1968 457 2168 514 habere

583 561 867 628 fateantur,
900 575 1056 632 quam
1085 573 1300 628 quoquo
1328 557 1486 612 modo
1513 571 1544 610 a
1575 562 1754 610 nostra
1782 567 1942 608 carne
1975 550 2166 606 distin-

577 662 763 726 guant.
794 651 1008 708 Dimitte
1037 651 1152 706 illos
1180 651 1402 706 multum
1433 665 1464 704 a
1493 648 1664 715 nobis,
1693 647 2026 716 multumque
2055 653 2110 698 ct
2135 657 2167 698 a

577 747 763 812 vobis,
795 743 848 800 in
881 745 978 800 ista
1014 743 1081 800 de
1110 759 1272 800 carne
1300 743 1496 800 Christi
1529 742 1824 814 quaestione
1855 738 2116 798 distantes
2147 753 2160 789 :

576 839 852 894 nobiscum
876 854 974 910 age
997 836 1138 910 quod
1165 837 1276 908 agis
1294 855 1310 904 ;
1331 837 1454 908 quia
1479 835 1754 892 nobiscum
1774 846 1988 892 carnem
2007 829 2166 888 Chri-

574 929 640 984 sti
661 971 674 992 ,
704 929 804 986 etsi
840 929 1188 998 dissimiliter,
1218 930 1508 984 conliteris.
1541 927 1648 982 Nec
1679 940 1776 980 nos
1809 925 1950 982 enim
1985 937 2104 978 eam
2131 936 2162 976 a

571 1033 777 1078 natura:
814 1033 975 1094 atque
1012 1023 1320 1078 substantia:
1359 1023 1536 1078 carnis
1577 1031 1805 1085 nostrai,
1847 1017 1942 1074 sed
1977 1031 2010 1072 a
2048 1013 2164 1070 vitii

572 1112 948 1168 communione
972 1111 1366 1184 distinguimus.
1394 1111 1530 1167 Caro
1555 1119 1636 1166 est
1663 1110 1804 1166 enim
1833 1117 2014 1162 nostra
2040 1120 2164 1176 pec-

571 1203 675 1258 cati
703 1219 716 1256 Ζ
753 1213 968 1274 propter
995 1203 1134 1276 quod
1165 1203 1250 1258 illa
1277 1203 1416 1259 dicta
1447 1213 1556 1268 est,
1588 1219 1692 1258 non
1722 1199 2013 1256 similitudo
2038 1213 2160 1254 car-

571 1293 676 1362 nis,
704 1295 824 1366 quia
855 1311 978 1350 vera
1008 1309 1133 1350 caro
1158 1304 1270 1362 est;
1299 1295 1391 1350 sed
1423 1293 1711 1350 similitudo
1737 1291 1910 1347 carnis
1935 1289 2156 1360 peccati,

569 1384 692 1456 quia
722 1387 920 1457 peccati
951 1403 1075 1442 caro
1106 1403 1210 1442 non
1241 1397 1340 1442 est.
1373 1387 1429 1442 Si
1459 1402 1584 1458 ergo
1622 1386 1820 1456 peccati
1849 1399 2004 1452 caro,
2034 1398 2158 1438 caro

569 1489 750 1532 nostra
777 1494 881 1533 nou
907 1487 1080 1544 esset;
1102 1477 1386 1549 quomodo,
1417 1494 1545 1550 rogo
1571 1487 1642 1542 te,
1672 1476 1959 1534 similitudo
1981 1475 2157 1531 carnis

567 1567 772 1638 peccati
797 1585 922 1624 caro
947 1569 1143 1626 Christi
1172 1569 1353 1626 esset?
1379 1571 1458 1624 An
1489 1584 1656 1640 usque
1681 1568 1816 1622 adeo
1839 1567 2068 1636 desipis,
2103 1574 2157 1644 ut

568 1657 713 1714 dicas
739 1660 937 1732 aliquid
967 1661 1138 1716 simile
1164 1677 1304 1728 esse,
1336 1659 1432 1717 sed
1459 1661 1544 1715 cui
1572 1659 1746 1714 simile
1775 1660 1844 1714 sit
1871 1675 1976 1716 non
2004 1659 2155 1714 esse?

563 1749 823 1808 Hilarium
847 1753 966 1808 audi
990 1753 1306 1809 catholicum
1330 1753 1636 1820 antistitem,
1657 1769 1812 1824 quem
1834 1761 1981 1806 certe
2001 1752 2155 1822 quid-

565 1845 690 1916 quid
712 1845 780 1902 de
800 1847 890 1901 illo
916 1847 1135 1914 sentias,
1159 1847 1503 1902 illanichacum
1527 1861 1629 1902 non
1659 1853 1807 1914 potes
1828 1845 2007 1900 dicere
2031 1861 2044 1896 :
2065 1843 2152 1916 qui

562 1955 684 1994 cum
712 1940 778 1994 de
806 1937 1002 1995 Christi
1031 1955 1190 1994 carne
1223 1939 1544 2010 loqueretur,
1577 1958 1595 1989 ι
1632 1937 1775 2008 Ergo
1803 1953 1924 1992 cum
1959 1937 2153 1994 missus

561 2041 663 2098 est,
694 2050 713 2084 ι
749 2031 933 2104 inquit,
965 2051 982 2084 ι
1019 2033 1070 2086 in
1099 2031 1444 2088 similitudine
1468 2031 1646 2086 carnis
1671 2029 1893 2102 peccati,
1919 2045 2022 2084 non
2051 2029 2155 2084 sic-

561 2133 618 2180 ut
651 2141 866 2181 caruem
897 2123 1108 2192 habuit,
1159 2125 1230 2180 ita
1262 2123 1446 2180 habuit
1476 2133 1530 2180 et
1569 2132 1878 2196 peccatum;
1907 2121 2004 2178 sed
2028 2121 2154 2194 quia-

561 2233 628 2274 ex
667 2227 888 2289 peccato
916 2218 1089 2272 omnis
1123 2233 1246 2272 caro
1277 2225 1391 2284 est,
1420 2232 1450 2271 a
1487 2225 1705 2287 peccato
1741 2215 1944 2270 scilicet
1981 2213 2166 2270 Adam

559 2321 778 2382 parente
795 2311 1040 2372 deducta,
1065 2311 1118 2365 in
1138 2309 1480 2364 similitudine
1502 2305 1704 2378 peccati
1725 2307 1899 2362 carnis
1920 2314 2002 2361 est
2023 2305 2150 2360 mis-

557 2415 684 2470 sus,
713 2402 976 2459 existente
1003 2403 1054 2456 in
1082 2417 1148 2457 eo
1166 2442 1182 2468 ,
1211 2417 1314 2456 non
1348 2409 1594 2472 peccato,
1622 2398 1716 2454 sed
1745 2398 1945 2470 peccati
1972 2397 2148 2454 carnis

557 2491 920 2550 similitudine.
954 2513 976 2548 ι
1000 2493 1136 2562 Quid
1161 2493 1228 2548 ad
1253 2495 1353 2548 ista
1374 2493 1609 2548 dicturus
1630 2507 1706 2556 es,
1733 2491 2144 2562 improbissime,

557 2583 961 2654 loquacissime,
1007 2581 1581 2648 contumeliosissime,
1629 2581 2146 2638 calumniosissime?

553 2671 820 2748 Numquid
840 2685 895 2733 et
916 2677 1147 2732 Hilarius
1173 2676 1496 2732 Manichazus
1516 2675 1636 2732 est?
1655 2674 1764 2732 Sed
1783 2675 1924 2732 absit
1949 2683 2006 2730 ut
2029 2684 2148 2732 tuas

552 2767 796 2838 accipere
823 2767 1079 2840 dedignor
1111 2767 1364 2838 injurias,
1403 2783 1508 2822 non
1548 2765 1720 2822 solum
1749 2781 1884 2822 cum
1909 2767 2106 2822 Hilario
2126 2809 2140 2834 ,

550 2861 862 2934 caelerisque
883 2861 1140 2918 ministris
1161 2859 1389 2927 Christi;
1412 2859 1506 2916 scd
1527 2861 1688 2916 etiam
1705 2876 1824 2916 cum
1849 2860 1962 2930 ipsa
1983 2873 2146 2918 carne

550 2953 768 3021 Christi,
792 2953 876 3010 cui
903 2963 1102 3009 tantam
1130 2953 1304 3008 facere
1331 2969 1435 3008 non
1459 2951 1768 3022 expavescis
1793 2951 2060 3022 iniuriam,
2085 2958 2146 3008 ut

549 3043 747 3100 audeas
775 3060 892 3099 eam
921 3059 1199 3116 coaequare
1227 3054 1436 3099 cauerat
1465 3041 1736 3096 hominum
1766 3042 1912 3096 carni
1933 3084 1949 3108 ,
1981 3057 2142 3112 quam

549 3151 764 3194 carnem
807 3145 1015 3192 constat
1051 3152 1171 3194 esse
1205 3137 1444 3208 peccati;
1475 3137 1520 3192 si
1557 3151 1668 3192 non
1700 3135 2026 3194 mendaciter
2054 3135 2140 3192 di-

551 3235 692 3286 ctum
739 3237 852 3296 est,
897 3225 1170 3286 Christum
1218 3229 1272 3284 in
1321 3227 1668 3290 similitudine
1709 3230 1888 3286 carnis
1929 3228 2142 3292 venisse

547 3321 750 3392 peccati
777 3321 954 3394 (Rom.
983 3339 1098 3390 Vili,
1127 3323 1205 3396 3).

619 3409 862 3470 XXXIV.
902 3413 1022 3472 ius.
1053 3413 1336 3486 Nunquam
1359 3417 1556 3490 quippe
1587 3417 1826 3486 diceret,
1859 3418 1926 3478 Si
1951 3422 2144 3478 mortui

546 3523 651 3572 non
686 3518 993 3580 resurgunt,
1043 3525 1134 3563 nec
1160 3507 1396 3566 Christus
1433 3513 1710 3568 resurrexit
1755 3528 1774 3566 :
1817 3513 1901 3568 cui
1931 3523 2142 3584 poterat

546 3597 733 3655 referri
759 3642 773 3666 ,
796 3599 901 3658 Sed
926 3599 1172 3659 Christus
1196 3643 1212 3668 ,
1241 3603 1494 3674 quoniam
1523 3604 1590 3660 de
1623 3605 1824 3675 virgine
1847 3615 2002 3662 natus
2031 3616 2136 3674 est,

548 3691 890 3764 peculiariter
932 3695 1226 3754 resurrexit
1266 3713 1284 3764 ;
1336 3697 1580 3754 homines
1615 3709 1828 3766 autem,
1871 3701 1996 3770 quia
2029 3701 2142 3758 nati

547 3793 674 3840 sunt
715 3783 782 3842 de
808 3788 1189 3844 commixtione
1213 3787 1510 3856 diabolica,
1547 3805 1656 3848 non
1698 3801 2002 3864 resurgunt.
2040 3792 2142 3850 Ve-

545 3890 666 3934 rum
683 3877 775 3934 ille
799 3879 1041 3952 protinus
1069 3877 1320 3948 referret,
1345 3881 1412 3938 Et
1436 3897 1558 3954 quae
1583 3881 1682 3938 fuit
1707 3885 2024 3958 resurgendi
2047 3899 2142 3944 va-

547 3969 720 4038 nitas,
761 3971 806 4026 si
843 3986 942 4028 nec
979 3974 1094 4044 spei
1119 3981 1315 4030 nostra:
1345 3988 1445 4030 nec
1469 3975 1776 4046 magisterio
1805 3976 2088 4046 parabatur
2114 3979 2138 4032 ’ἶ

547 4059 678 4129 Quae
722 4063 866 4120 enim
893 4075 1037 4122 esset
1063 4066 1201 4122 ταῶ
1230 4065 1486 4134 docendi,
1531 4081 1656 4138 qua
1685 4067 1918 4140 gravitas
1956 4083 2140 4124 exem-

546 4155 620 4226 pli
641 4197 658 4226 ,
698 4157 743 4212 si
771 4166 956 4214 natura
994 4157 1048 4214 in
1074 4158 1230 4214 nobis
1254 4155 1564 4228 dissimilis,
1593 4171 1650 4216 et
1669 4175 1770 4230 spe
1802 4176 2140 4232 conregnan-

547 4251 642 4318 di,
676 4260 730 4310 et
767 4253 822 4308 vi
858 4260 1066 4312 careret
1091 4252 1382 4310 imitandi?
1417 4253 1610 4310 Procul
1643 4253 1838 4326 igitur,
1889 4263 1946 4312 et
1979 4255 2138 4311 nimis

545 4341 732 4413 procul
768 4339 900 4406 fides
932 4343 1174 4416 Apostoli
1201 4343 1270 4406 ab
1314 4345 1416 4402 bac
1451 4345 1706 4416 opinione
1731 4346 1994 4404 consistit.
2027 4346 2136 4404 Eo-

548 4435 670 4490 dem
700 4433 886 4506 plenus
914 4437 1122 4508 spiritu,
1160 4451 1268 4510 quo
1292 4438 1452 4496 etiam
1481 4438 1672 4496 Petrus
1694 4481 1712 4507 ,
1739 4439 1840 4496 scit
1867 4437 2138 4496 Christum

549 4541 648 4597 pro
677 4527 832 4586 nobis
862 4528 932 4586 ob
973 4527 1076 4586 hoc
1106 4537 1408 4598 mortuum,
1445 4540 1504 4588 ut
1534 4532 1689 4590 nobis
1711 4532 1938 4590 donaret
1963 4547 2140 4590 exem-

547 4617 692 4687 plum
715 4659 731 4684 ,
775 4627 832 4674 ut
877 4633 1224 4690 sequeremur
1255 4622 1478 4694 vestigia
1504 4623 1620 4694 ejus
1645 4622 1702 4698 (1
1729 4621 1874 4680 Patr.
1901 4639 1938 4680 ιι
1958 4665 1974 4692 ,
2001 4622 2136 4698 21).

549 4707 617 4763 Et
645 4709 766 4780 quia
808 4725 1024 4768 causam
1061 4715 1193 4768 tanti
1225 4715 1504 4787 mysterii,
1544 4716 1866 4774 sacriﬁcium
1909 4717 2056 4774 novit
2085 4727 2140 4774 et

545 4797 852 4868 exemplum
890 4799 1088 4870 fuisse,
1133 4807 1481 4872 pronuntiare
1513 4823 1620 4862 non
1657 4808 1894 4876 dubitat,
1921 4808 2028 4864 imo
2057 4809 2140 4864 di-

547 4889 776 4960 ligenter
802 4889 1032 4946 inculcat
1051 4935 1064 4957 ,
1095 4895 1220 4964 quia
1245 4911 1352 4952 non
1387 4899 1676 4954 accesserit
1711 4898 1871 4954 homo
1893 4897 2136 4954 Christus

545 4981 747 5052 aliquo,
783 4999 810 5034 a
837 4998 943 5054 quo
971 4984 1248 5056 quisquam
1282 4999 1524 5046 nostrum
1551 5001 1754 5046 natura:
1794 5007 1908 5048 sua
1943 4991 2139 5061 praeiu-

547 5071 701 5128 diciis
727 5085 989 5130 arceatur.
1019 5075 1099 5142 Si,
1133 5079 1302 5150 inquit
1325 5122 1341 5146 ,
1365 5082 1660 5148 resurrectio
1681 5098 1784 5138 non
1812 5092 1884 5136 est
1911 5092 2140 5138 mortuo—

551 5181 692 5234 rum,
739 5181 897 5236 neque
933 5165 1165 5224 Christus
1206 5173 1496 5226 resurrexit.
1539 5171 1602 5226 Si
1624 5183 1792 5228 autem
1820 5173 2050 5228 Christus
2075 5190 2140 5228 ex

548 5255 758 5310 mortuis
799 5259 1111 5327 resurrexit,
1161 5261 1409 5330 quomodo
1457 5261 1629 5316 dicunt
1673 5262 1878 5332 quidam
1921 5264 1974 5318 in
2001 5265 2140 5320 vobis

544 5348 664 5410 quia
694 5359 989 5404 resurrectio
1018 5360 1330 5405 mortuorum
1361 5369 1462 5406 non
1493 5361 1568 5408 est
1597 5353 1620 5405 ?
1649 5352 1706 5410 Id
1732 5364 1816 5410 cst
1839 5393 1856 5421 ,
1893 5355 1938 5410 si
1967 5356 2140 5412 conii-

545 5441 729 5495 temiui
756 5442 993 5512 ejusdem
1023 5441 1167 5498 illum
1195 5443 1486 5500 secundum
1515 5445 1808 5516 hominem,
1836 5449 1985 5519 cujus
2015 5465 2136 5517 nos,

543 5531 708 5589 fuisse
737 5545 940 5590 natura:
964 5579 979 5604 ,
1008 5551 1110 5607 qua
1155 5538 1357 5592 ratione
1387 5539 1470 5594 vel
1515 5540 1564 5594 in
1605 5541 1694 5596 illo
1725 5541 1914 5596 factam
1957 5559 2137 5598 resur—

543 5626 860 5692 rectionem,
889 5629 970 5684 vel
1001 5629 1052 5682 iu
1086 5629 1304 5701 reliquis
1329 5647 1434 5686 non
1469 5631 1698 5690 futuram
1733 5636 1964 5704 putatis?
1989 5637 2137 5692 Prte-

543 5717 724 5784 missis
765 5720 1194 5790 conditionibus,
1237 5724 1516 5794 implete:
1557 5729 1702 5782 omni
1733 5739 1884 5798 parte
1921 5743 2137 5787 senten-

539 5807 670 5866 tiam
700 5826 713 5866 :
744 5809 898 5867 Nunc
916 5823 1108 5886 autem,
1137 5815 1332 5890 inquit,
1360 5817 1590 5879 Christus
1615 5823 1888 5882 resurresit
1911 5842 1978 5884 es:
1995 5844 2134 5884 επον-
2165 5905 2170 5910 ξ

1251 339 1496 406 OPERIS
1535 341 1942 402 IMPERFECTI
1980 339 2254 398 CONTRA
2293 336 2655 406 JULIANUM,
2695 341 2751 397 S.
2797 341 3158 400 AUGUSTINI

3645 361 3731 422 [38

2276 458 2374 512 tuis
2401 475 2420 524 ;
2455 457 2558 514 erit
2583 474 2712 529 ergo
2737 461 3060 522 resurrectio
3087 469 3428 520 mortuorum.

2343 551 2480 608 Aoc.
2518 551 2990 616 Resurrectionom
3027 565 3358 614 mortuorum
3383 571 3482 614 non
3499 573 3596 617 esse
3617 577 3725 632 pum

2271 643 2410 700 tibus
2431 685 2448 712 ,
2489 655 2544 704 et
2571 655 2748 702 tamen
2775 648 3042 704 Christum
3083 649 3440 708 resurrexisse
3469 653 3740 730 Menum,

2273 747 2552 808 proriterea
2587 741 2781 798 dicitur
2805 783 2820 804 ,
2851 741 2915 797 Si
2941 743 3242 798 resurrectio
3271 753 3562 798 mortuorum
3583 763 3742 820 nonut,

2269 846 2426 900 usque
2454 831 2688 894 Christus.
2719 833 2992 890 resurth
3018 849 3037 898 ,'
3072 833 3194 902 quia
3219 831 3460 889 Christus
3501 835 3602 892 ideo
3621 854 3744 898 mu.

2269 923 2424 986 rexit.
2444 932 2500 978 ut
2523 925 2928 980 resurrectionis
2953 925 2971 956 ί
2993 933 3326 980 tuortuorum
3345 925 3602 982 azdiiiearet
3619 929 3746 1000 fidem,

2265 1013 2322 1070 in
2351 1029 2512 1074 carne
2535 1027 2930 1072 resurrecturus
2947 1015 3192 1072 homines
3211 1016 3494 1072 ostendens
3513 1059 3526 1084 ,
3555 1019 3662 1075 sicut
3680 1023 3748 1092 ipse

2265 1104 2426 1162 homo
2461 1106 2634 1164 factus
2677 1109 2968 1164 resurrexit
2996 1109 3054 1164 in
3075 1119 3256 1164 carne.
3291 1109 3370 1163 Ae
3401 1124 3492 1178 per
3515 1109 3600 1165 hoc
3621 1125 3749 1168 conu-

2263 1213 2434 1268 quens
2468 1209 2582 1254 erat
2605 1239 2620 1266 ,
2667 1209 2724 1256 ut
2751 1209 3008 1270 negarent
3035 1201 3394 1256 resurrexisae
3421 1199 3748 1278 Christum,qu

2265 1292 2712 1354 resurrectionem
2731 1309 2838 1350 non
2863 1293 3148 1350 crederent
3169 1307 3294 1350 esse
3319 1305 3634 1350 mortuorum.
3655 1298 3749 1356 litui

2263 1382 2382 1452 quia
2409 1383 2495 1446 isti
2519 1423 2536 1448 ,
2561 1399 2684 1442 cum
2703 1385 2892 1454 quibus
2919 1386 3176 1456 agebatur
3191 1427 3208 1452 ,
3241 1386 3374 1442 illud
3397 1401 3574 1458 negare
3595 1403 3674 1444 non
3693 1405 3749 1459 po-

2263 1483 2437 1532 terant
2465 1494 2482 1541 ;
2513 1477 2616 1532 hoe
2657 1493 2870 1548 utroque
2895 1479 3162 1534 debebant
3205 1479 3386 1533 ablata
3413 1481 3614 1549 caligine
3643 1483 3750 1538 cont

2264 1570 2381 1626 teri.
2400 1570 2530 1624 Nam
2550 1570 2594 1626 si
2616 1580 2830 1642 prophr
2847 1571 3080 1642 aliquam
3095 1571 3292 1626 Christi
3310 1571 3647 1638 diiferentiam,
3664 1585 3752 1633 recte

2259 1661 2362 1716 sibi
2389 1661 2631 1718 homines
2651 1663 2896 1720 videntur
2913 1665 3366 1720 resurrectionem
3391 1679 3570 1734 negare
3591 1675 3752 1724 mortuo-
3823 1679 3826 1734 l

2261 1771 2409 1822 rum,
2439 1765 2508 1816 et.
2533 1764 2710 1812 tamen
2737 1757 3188 1812 resurrectionem
3227 1755 3442 1810 Domini
3467 1769 3562 1810 non
3587 1771 3750 1828 ngare;

2259 1856 2482 1918 possunt
2506 1857 2560 1904 et
2583 1848 2690 1904 alia
2725 1849 2904 1904 dicere
2925 1889 2942 1914 ,
2969 1863 3092 1919 qum
3127 1849 3298 1904 multa
3324 1848 3606 1916 reperiunt,
3627 1851 3752 1919 quibus

2257 1953 2496 1994 errorem
2521 1955 2674 1996 suum
2695 1939 2978 1998 defendere
2997 1941 3098 1996 sibi
3125 1941 3426 1996 videantur.
3449 1939 3572 2008 Quid
3590 1939 3626 1994 si
3646 1943 3750 2008 enim,

2255 2045 2376 2086 cum
2405 2030 2710 2092 audierint.
2743 2033 2804 2087 Si
2827 2033 3014 2104 mortui
3033 2049 3138 2086 non
3161 2041 3466 2103 resurgunt,
3491 2047 3626 2102 ueqtu
3643 2049 3752 2086 rem

2253 2125 2384 2178 rexit
2421 2125 2648 2180 Christus
2677 2142 2692 2190 ;
2729 2125 3087 2195 respondeant
3113 2133 3170 2180 et
3215 2123 3402 2179 dicant
3423 2163 3436 2186 ,
3465 2123 3562 2179 Sed
3591 2121 3662 2179 ille
3687 2139 3752 2180 nos

2257 2223 2458 2270 tantum
2487 2215 2680 2282 homo,
2719 2229 2908 2272 verum
2942 2217 3102 2272 etiam
3133 2216 3276 2272 Deus
3305 2223 3388 2270 est
3409 2233 3426 2280 ;
3451 2215 3578 2285 quod
3597 2215 3750 2270 aliena

2254 2307 2532 2366 hominum
2571 2310 2778 2366 nemo?
2815 2309 2908 2364 ille
2947 2307 3242 2366 secundum
3275 2309 3449 2378 ipsum
3479 2306 3698 2362 hominem
3713 2309 3753 2363 de

2251 2397 2452 2471 Spiritu
2477 2409 2662 2458 sancto
2687 2411 2842 2458 natus
2867 2411 2922 2456 et
2941 2403 2964 2434 ³
2989 2417 3054 2456 ex
3076 2402 3284 2472 virgine
3315 2399 3476 2456 Maria
3501 2415 3515 2466 ;
3537 2399 3650 2470 quod
3667 2401 3752 2454 alio

2251 2509 2372 2550 rum
2397 2493 2672 2550 hominum
2701 2507 2860 2552 uerno
2883 2495 2974 2550 ille
2997 2511 3010 2548 :
3031 2499 3354 2564 potestatem
3391 2494 3563 2548 habuit
3593 2493 3752 2563 ponent!
3827 2567 3829 2572 η

2250 2586 2482 2644 animam
2507 2601 2678 2652 suam,
2701 2596 2756 2642 et
2773 2587 2968 2642 iterum
2993 2587 3241 2642 sumendi
3267 2601 3390 2642 eam
3419 2583 3580 2656 (Joau.
3605 2599 3648 2651 ι,
3669 2585 3748 2654 l8);
3827 2579 3829 2672 χ

2249 2676 2392 2746 quod
2415 2677 2640 2732 aliorum
2667 2676 2944 2734 hominum
2969 2693 3130 2748 nemo
3159 2695 3174 2732 :
3207 2678 3340 2748 quid
3369 2691 3492 2748 ergo
3525 2677 3704 2738 mirum,
3725 2675 3751 2729 sl
3827 2677 3829 2686 '

2189 2767 2192 2772 ’
2248 2781 2280 2822 a
2309 2768 2534 2824 mortuis
2581 2783 2864 2838 resurgere
2887 2747 3060 2837 poiuit
3089 2785 3106 2834 ;
3135 2747 3534 2844 quodaliorum
3553 2767 3748 2821 hominum
3827 2785 3829 2812 ί

2247 2861 2445 2928 poterit
2495 2861 2705 2918 nemo?
2745 2861 2802 2916 Si
2833 2877 2962 2932 ergo
3001 2862 3104 2917 ista
3141 2838 3370 2928 dicant,
3401 2861 3520 2932 quia
3561 2859 3748 2916 Christ
3829 2838 3831 2900 λ

2247 2951 2420 3008 solum
2447 2954 2803 3010 resurrexisse
2831 2953 3160 3020 concedunt,
3191 2962 3422 3009 caeteros
3437 2953 3604 3007 nolunt
3623 2967 3634 3016 ;
3652 2965 3750 3004 num-
3829 2979 3831 3004 ε

2246 3044 2373 3115 quid
2401 3045 2522 3102 ideo
2549 3045 2672 3102 illas
2691 3045 2892 3102 Christi
2923 3056 3029 3102 tam
3059 3061 3282 3117 magnas
3307 3061 3338 3102 a
3363 3045 3561 3101 caeteris
3578 3042 3750 3098 sitiem-

2249 3137 2350 3194 tias
2377 3138 2618 3208 negaturi
2659 3151 2848 3196 sumus
2869 3181 2885 3206 ,
2915 3148 2974 3194 ut
2995 3139 3226 3194 aliorum
3265 3153 3478 3210 quoque
3501 3143 3750 3192 mortuom

2247 3232 2698 3290 resurrecuonem
2737 3232 2808 3288 de
2841 3232 3037 3288 Christi
3063 3245 3184 3288 etim
3211 3233 3296 3288 eis
3321 3229 3606 3302 tequalltate
3627 3227 3644 3262 ³
3671 3241 3750 3298 pet-

2179 3361 2184 3366 -
2245 3324 2473 3382 alludere
2514 3327 2827 3396 possimus!
2853 3326 2944 3382 Sic
2967 3341 3100 3396 ergo
3141 3341 3244 3382 nec
3281 3327 3440 3381 istam
3483 3322 3748 3379 diﬂ’erentiau

2245 3417 2572 3488 denegantes
2591 3459 2606 3484 ,
2635 3433 2738 3487 qua
2767 3418 2996 3474 fatemur
3013 3419 3185 3473 solam
3211 3431 3434 3476 carnem
3459 3415 3632 3472 Christi
3649 3457 3661 3478 ,
3681 3427 3748 3466 non

2245 3519 2304 3568 ut
2327 3511 2554 3566 aliorum
2587 3509 2754 3566 fuisse
2787 3525 3006 3566 carnem
3035 3511 3238 3580 peccati
3263 3551 3281 3576 ,
3313 3507 3408 3565 sed
3433 3507 3594 3563 carnis
3612 3501 3750 3574 peccati

2203 3611 2208 3616 '
2244 3601 2646 3658 similitudinem
2677 3620 2691 3669 ;
2721 3617 2830 3657 non
2863 3602 2986 3658 ideo
3025 3611 3202 3658 tamen
3241 3601 3414 3657 solam
3444 3597 3749 3658 resurrexiue,

2244 3693 2340 3750 sed
2367 3694 2594 3750 aliorum
2621 3709 2836 3766 quoque
2859 3703 3280 3751 resurrecturam
3309 3709 3428 3750 esse
3459 3689 3748 3752 defendimus,

2243 3795 2299 3842 et
2323 3786 2402 3842 sic
2429 3785 2764 3842 defendimus
2789 3829 2804 3851 ,
2831 3797 2890 3842 ut
2915 3787 3156 3844 dicamus
3181 3787 3328 3858 quod
3357 3785 3618 3857 Apostolus
3635 3781 3748 3844 dixit,

2245 3877 2308 3936 Si
2339 3880 2528 3934 mortui
2569 3895 2674 3934 non
2707 3891 3008 3951 resurgunt,
3039 3895 3200 3952 usque
3235 3880 3468 3936 Christus
3510 3873 3750 3932 resanuit:

2245 3973 2548 4030 resurrexit
2573 3983 2754 4028 autem
2781 3973 3024 4030 Christus
3052 3989 3066 4038 ;
3095 3981 3382 4044 resurgunt
3421 3973 3570 4042 igitur
3595 3963 3747 4023 mortui.

2243 4065 2428 4136 Neque
2471 4067 2618 4120 enim
2663 4067 2787 4136 quia
2813 4081 2924 4120 non
2952 4067 3138 4122 eadem
3169 4075 3294 4122 sunt
3325 4067 3378 4122 in
3421 4073 3622 4133 utraque
3643 4071 3750 4114 came

2243 4159 2462 4229 originis
2496 4159 2684 4216 merita
2697 4159 2880 4224 pldeo
2909 4175 3016 4216 non
3044 4167 3128 4216 est
3167 4161 3355 4216 eadem
3387 4169 3580 4215 terrena
3607 4159 3746 4210 moru-

2243 4251 2416 4320 lisque
2459 4251 2772 4306 substantia.
2820 4251 2992 4307 liabet
3028 4252 3240 4323 quidem
3294 4249 3622 4307 differentiam
3647 4255 3748 4298 suam

2243 4343 2532 4397 similitudo
2549 4343 2726 4396 carnis
2749 4343 2968 4412 peccati,
2992 4355 3094 4414 qua
3121 4343 3441 4398 discernitur
3459 4353 3485 4396 a
3507 4351 3642 4396 carne
3663 4347 3746 4404 pec-

2243 4435 2348 4488 cati
2381 4453 2394 4488 :
2423 4434 2518 4490 sed
2557 4434 2694 4490 absit
2721 4443 2782 4489 ut
2813 4435 3056 4490 Christus
3081 4435 3157 4490 eis
3187 4451 3245 4492 se
3270 4436 3526 4506 diaparem
3551 4429 3674 4486 faciat
3693 4437 3748 4478 re-

2199 4533 2206 4540 ’
2243 4526 2510 4596 surgendo
2533 4569 2547 4593 ,
2599 4527 2791 4596 quibus
2839 4541 2900 4582 se
2935 4527 3102 4583 voluit
3142 4543 3358 4598 aequare
3385 4523 3646 4582 moriendo.
3669 4515 3744 4616 Noli

2193 4655 2198 4658 -
2242 4618 2422 4690 itaque
2439 4629 2718 4690 propterea
2737 4619 2993 4674 debemus
3011 4619 3409 4675 similitudinem
3429 4617 3586 4673 carnis
3607 4615 3745 4682 perculi

2243 4712 2392 4766 carni
2438 4725 2652 4781 mquam
2689 4710 2925 4780 peccati,
2956 4719 3210 4782 quantum
3247 4713 3431 4766 attinet
3465 4705 3524 4762 ad
3564 4701 3744 4760 differen-

2245 4803 2372 4858 tiam
2399 4801 2697 4872 pertinendi
2733 4799 2800 4858 ad
2825 4811 3102 4873 peccatum
3130 4814 3184 4859 et
3213 4819 3318 4858 non
3345 4797 3612 4874 pertinendi
3631 4836 3643 4860 ,
3664 4789 3744 4862 quia

2245 4895 2416 4950 noluit
2443 4894 2465 4928 ’⁵
2489 4911 2610 4952 esse
2635 4897 2776 4952 inter
2813 4904 3092 4968 utramque
3120 4911 3333 4952 carnem
3363 4891 3664 4952 diliercntiam
3689 4897 3742 4937 m-

2244 4988 2494 5058 surgendi
2525 4997 2580 5043 et
2609 5003 2713 5043 non
2745 4989 3054 5060 resurgendi
3073 5031 3088 5054 ,
3117 4989 3206 5060 qui
3237 4989 3402 5044 noluit
3427 5001 3535 5042 esse
3557 4997 3642 5038 nou
3665 4987 3740 5030 m0-

2245 5080 2420 5136 riendi
2435 5091 2593 5151 atque
2609 5081 2890 5136 moriendi.
2917 5081 3148 5137 lmitatio
3167 5091 3344 5138 autem
3367 5095 3529 5152 quam,
3549 5068 3736 5130 sull'nlcis,

2245 5173 2336 5228 ubi
2366 5189 2472 5228 non
2498 5189 2632 5243 opus
2658 5179 2772 5238 est,
2799 5174 2925 5245 quid
2961 5174 3028 5230 ad
3059 5175 3213 5230 istam
3249 5191 3456 5230 causam
3487 5159 3742 5225 valetiltni-

2246 5267 2378 5322 tatio
2399 5269 2594 5338 quippe
2613 5267 2666 5322 in
2693 5269 2962 5323 voluntate
2981 5277 3064 5324 est
3095 5286 3110 5335 ;
3133 5267 3228 5324 sed
3257 5283 3376 5324 cum
3401 5269 3522 5324 bona
3541 5269 3628 5326 est,
3649 5267 3737 5326 ρητ·

2249 5370 2477 5430 paratur,
2511 5360 2648 5416 sicut
2669 5361 2922 5430 scriptum
2945 5367 3058 5426 est,
3090 5341 3322 5416 vofimtas
3341 5377 3372 5414 a
3393 5357 3582 5414 Domino
3603 5348 3734 5422 (Pror-

2247 5465 2364 5518 vtu,
2391 5463 2492 5506 sec.
2525 5451 2721 5522 LXX).
2745 5449 2914 5507 Nemo
2935 5465 3065 5523 ergo
3095 5453 3350 5520 imitatur,
3381 5451 3473 5508 nisi
3501 5445 3602 5501 velit
3628 5449 3735 5496 τεηο-

2311 5587 2328 5652 ξ
2353 5587 2490 5646 Editi,
2509 5589 2812 5640 resurrectio.
2833 5589 2992 5652 Codex
3013 5599 3279 5652 Portarum,
3297 5582 3627 5652 resurrectionis:
3675 5639 3682 5648 _

2311 5651 2333 5726 ξ
2357 5652 2814 5726 ξζὶεξιῇξνὶιέελῃαιυδ
2837 5667 2900 5702 ca:
2919 5651 3119 5726 imgine.
3145 5649 3276 5716 Mss,
3299 5662 3430 5706 natus
3447 5659 3488 5703 et
3517 5661 3570 5700 et
3591 5649 3729 5706 τίτθαι·

2311 5712 2432 5779 ξ
2453 5721 2556 5779 sise.
2583 5716 2700 5779 miti
2725 5727 2872 5779 vero,
2889 5712 3130 5779 (equitate.
3261 5712 3271 5716 ⁷
3311 5743 3316 5746 -

2245 5848 2272 5888 π
2273 5773 2475 5890 “LI-"11m
2503 5811 2518 5838 ,
2571 5777 2687 5842 quia
2749 5767 2910 5831 uoluit.
2946 5767 3274 5846 'Castigantur
3327 5793 3390 5834 ex
3437 5772 3578 5830 codice
3619 5767 3730 5818 Μ·
