3958 6456
567 412 707 472 1591

568 531 692 588 anis
718 523 991 588 beatitudo
1016 529 1216 579 aeterna
1243 520 1443 590 absque
1466 516 1865 572 resurrectione
1894 527 1999 569 non
2037 518 2156 578 est,

570 595 787 677 nomine
815 618 931 689 ejus
974 615 1060 671 illa
1087 627 1297 685 quoque
1335 610 1589 674 felicitas,
1615 623 1736 679 quae
1775 605 2180 664 excitationem-

571 711 712 767 haud
741 707 1101 780 poenitendam
1142 703 1270 760 facit
1297 718 1438 768 esse,
1470 703 1735 772 signatur.
1784 698 1851 756 Ut
1893 699 1937 754 si
1967 697 2179 768 aliquis

571 801 906 865 industriam,
938 801 1098 864 vires,
1129 807 1184 852 et
1208 795 1381 851 studia
1406 794 1617 850 diversa
1650 792 1980 858 collaudans,
2006 806 2158 846 min-

536 872 540 881 l
571 892 767 963 pendio
790 906 854 946 ea
879 891 1001 945 vitae
1028 888 1158 944 velit
1181 886 1480 951 ostendere,
1513 885 1660 941 verbi
1679 885 1867 956 gratia,
1894 882 2178 939 eruditam:

573 983 714 1039 illius
741 984 925 1050 vitam,
946 983 1242 1053 elegantem
1266 979 1444 1050 hujus,
1471 979 1750 1048 impigram
1772 976 2006 1048 appellet
2027 975 2178 1031 alte--

570 1076 720 1142 rius;
750 1091 856 1131 non
897 1075 1080 1146 utique
1125 1073 1420 1129 admoverit
1461 1070 1858 1126 distinctionem
1880 1109 1896 1136 ,
1931 1077 1990 1124 ut
2016 1068 2171 1125 idem-

573 1167 678 1222 vita
732 1165 874 1236 quod
907 1163 1186 1227 industria.
1215 1163 1358 1235 quod
1389 1159 1669 1232 elegantia,
1714 1159 1859 1230 quod
1904 1157 2176 1214 fortitudo:

574 1257 818 1312 videatur
848 1275 862 1311 :
891 1255 1034 1312 aliud
1061 1264 1143 1311 est
1163 1256 1361 1326 quippe
1387 1254 1588 1316 vivere,
1616 1250 1758 1305 aliud
1785 1250 2002 1305 studere
2017 1265 2048 1317 ;~.
2067 1265 2176 1305 ve-r

577 1359 880 1404 rumtamen
905 1350 1006 1403 nisi
1031 1348 1249 1415 vixeris,
1281 1347 1458 1402 nullus
1477 1345 1735 1400 studebis.
1765 1343 1842 1400 ita
1862 1343 2024 1399 etiam
2053 1351 2173 1399 noni

573 1451 657 1498 est
683 1442 824 1499 idem
853 1442 1178 1500 resurrectio
1219 1439 1362 1512 quod
1387 1437 1698 1503 beatitudo;
1727 1447 1811 1493 est
1839 1436 2038 1507 quippe
2057 1435 2174 1490 mi-i

573 1549 694 1590 sera
735 1535 984 1590 excitatio
1013 1537 1256 1590 cinerum
1290 1551 1304 1588 :
1339 1541 1515 1587 tamen
1553 1530 1732 1586 nullus
1758 1528 2028 1600 regnabis,
2057 1526 2178 1582 nisi.

576 1635 701 1684 ante
735 1628 1122 1684 resurrexeris.
1154 1627 1296 1682 Mors
1325 1641 1454 1697 ergo
1481 1625 1725 1694 corporis
1755 1632 1811 1679 et
1837 1622 2178 1678 resurrectio-

580 1721 820 1790 corporis
849 1736 878 1774 e
908 1720 1124 1791 regione
1145 1719 1480 1775 consistunt:
1504 1717 1550 1772 si
1576 1730 1722 1771 mors
1747 1723 1893 1771 esset
1914 1714 2174 1770 universa.

576 1812 829 1881 poenalis,
875 1819 1021 1867 esset
1049 1825 1260 1882 quoque
1287 1810 1530 1865 universa
1556 1808 1878 1864 resurrectio
1914 1805 2178 1877 prtemia-v

576 1902 643 1959 lis
685 1921 699 1958 :
737 1917 880 1958 nunc
926 1911 1104 1958 autem
1154 1910 1239 1959 est
1284 1900 1607 1957 resurrectio
1639 1899 1863 1969 poenalis
1881 1898 2120 1953 omnium
2147 1923 2176 1964 ,-

574 1995 664 2067 qui
696 1996 904 2065 ignibus
947 1995 1269 2065 deputantur
1309 1995 1530 2050 :eternis
1563 2011 1576 2047 :
1609 2008 1737 2064 ergo
1767 2001 1824 2049 et
1862 2007 2009 2048 mors
2057 2005 2176 2046 non-

575 2090 902 2160 supplicialis
927 2100 1029 2155 est,
1048 2089 1143 2144 sed
1163 2088 1445 2144 naturalis.
1465 2087 1615 2143 Sicut
1639 2087 1780 2143 enim
1805 2101 1908 2142 non
1937 2085 2059 2141 facit
2074 2099 2176 2155 gen

576 2183 830 2238 neraliter
875 2198 1022 2237 mors
1059 2183 1324 2252 corporis,
1365 2190 1423 2237 ut
1476 2181 1731 2251 pmniteat
1761 2179 2064 2244 interiisse;
2089 2177 2178 2232 sic~

576 2289 680 2328 non
703 2273 826 2329 facit
854 2275 1180 2346 generaliter
1199 2276 1544 2338 resurrectio,
1572 2284 1630 2328 ut
1648 2274 1856 2343 placeat
1879 2273 2176 2328 revixisse;

575 2363 772 2419 Verum
794 2375 849 2420 et
878 2366 1029 2420 istius
1052 2367 1247 2421 bonum
1278 2367 1329 2420 in
1347 2365 1781 2421 remuneratione
1807 2363 2176 2434 surgentium,‘

574 2462 630 2509 et
655 2455 795 2510 illius
823 2457 1124 2512 amaritudo
1157 2457 1209 2512 in
1250 2456 1531 2512 adustione
1571 2458 1876 2528 punitorum
1900 2466 2015 2512 est:
2045 2471 2177 2525 quae-

573 2555 795 2618 utraque
849 2563 944 2618 pro
998 2549 1201 2605 meritis
1245 2559 1664 2621 consequuntur.
1707 2551 1944 2619 Apparet
2003 2547 2166 2619 igitur

574 2640 888 2710 Apostolum
916 2657 1022 2696 non
1045 2641 1112 2697 de
1141 2651 1314 2697 morte
1335 2643 1593 2708 naturali,
1639 2642 1730 2698 sed
1757 2641 1826 2697 de
1851 2642 2176 2697 criminoso-'

571 2746 712 2796 rmn,
746 2748 904 2801 quam
933 2732 1194 2788 infelicem
1221 2732 1346 2788 facit
1370 2748 1527 2803 pteua
1555 2743 1840 2803 perpetua;
1867 2749 1964 2789 nec
1989 2733 2058 2794 de
2080 2746 2165 2788 re-

571 2823 903 2878 surrectione
953 2825 1242 2891 communi,
1287 2825 1380 2880 sed
1408 2840 1566 2895 quam
1596 2825 1803 2880 beatam
1847 2825 1972 2880 facit
1995 2825 2180 2896 gloria?

570 2914 894 2984 sempiterna
918 2955 932 2980 ,
973 2915 1241 2971 disserere
1269 2933 1282 2968 :
1317 2931 1416 2971 nec
1459 2917 1546 2971 ubi
1573 2917 1640 2972 de
1660 2918 1906 2988 personis
1929 2916 2165 2988 disputat

569 3005 937 3075 prmjudicium
968 3006 1208 3061 ‘inferre
1256 3008 1554 3071 creaturis,
1604 3006 1699 3062 sed
1744 3008 1907 3063 salvis
1949 3024 2179 3080 semper-

572 3097 1000 3153 distinctionibus
1031 3099 1256 3170 latisque
1285 3099 1542 3154 limitibus
1563 3107 1870 3156 naturarum
1893 3109 1948 3156 et
1975 3101 2184 3156 volun»

572 3197 760 3254 tatum,
794 3190 870 3243 sic
893 3189 1120 3246 miscere
1142 3206 1522 3261 nonnunquam
1552 3192 1832 3257 vocabula,
1857 3207 1924 3248 ne
1949 3195 2184 3264 specia-v

569 3280 690 3336 litas
725 3297 903 3336 rerum
949 3282 1259 3338 confusione
1292 3283 1564 3354 depereat.
1604 3283 1710 3339 Per
1741 3285 1996 3341 hominem
2033 3296 2179 3358 ergo'

568 3387 724 3438 mors,
753 3381 799 3425 et
830 3389 919 3442 per
938 3373 1515 3450 hominem‘resurrectio
1539 3385 1851 3431 mortuorum
1878 3393 1898 3432 :
1925 3393 2040 3434 non-
2073 3378 2181 3436 hic?

567 3461 636 3517 ab
660 3461 878 3518 homine
907 3473 1134 3519 mortem
1171 3466 1472 3531 conditam;
1519 3466 1614 3522 sed
1655 3467 1706 3522 in
1740 3467 1958 3526 homine
1990 3485 2180 3541 appa--

568 3553 742 3610 ruisse
761 3553 1039 3611 denuntiat
1073 3573 1087 3610 Ξ
1117 3559 1256 3612 sicut
1279 3567 1333 3614 et
1354 3561 1800 3617 resurrectionem
1825 3573 2158 3620 mortuorum

569 3661 675 3701 non
702 3645 832 3701 dicit
856 3647 924 3702 ab
956 3648 1171 3704 homine
1201 3648 1391 3704 factam
1413 3645 1444 3718 ,'
1465 3650 1569 3707 hoc
1593 3661 1697 3718 est,
1733 3667 1764 3707 a
1788 3653 2034 3719 Christo;
2062 3655 2178 3712 sed}

567 3735 622 3790 in
647 3737 878 3804 homine,
904 3737 1042 3794 sicut
1068 3738 1134 3794 ad
1157 3739 1525 3810 Philippenses
1545 3742 1686 3797 idem
1704 3744 1956 3814 magister
1980 3763 1995 3798 :
2027 3743 2179 3801 Οὐδ-ο

567 3825 734 3891 diem,
763 3827 954 3898 inquit,
981 3831 1149 3900 [actus
1175 3838 1246 3885 est
1279 3847 1435 3902 usque
1461 3831 1531 3886 ad
1555 3841 1792 3900 mortem,
1826 3844 2038 3890 mortem
2064 3852 2178 3891 σει-η

566 3924 663 3970 tem
687 3919 885 3984 crucis;
914 3931 1123 3992 prapter
1145 3921 1282 3992 quod
1303 3931 1349 3977 et
1377 3921 1516 3978 Deus
1543 3923 1689 3978 illum
1709 3927 1969 3995 exultavit,
1993 3939 2040 3982 et
2059 3929 2175 3984 do--
2199 3972 2206 3978 .

565 4007 703 4060 navit
732 4007 809 4061 illi
837 4026 1019 4066 nomen
1035 4028 1189 4082 super
1217 4029 1366 4068 omne
1385 4030 1567 4069 nomen
1585 4017 1607 4047 ¹
1631 4015 1890 4088 (Philipp.
1910 4034 1969 4087 ιι,
1997 4019 2054 4086 8,
2073 4018 2174 4092 9).-:

565 4097 710 4153 Petri
737 4115 950 4171 quoque
986 4104 1213 4173 apostoli
1239 4104 1292 4160 in
1321 4104 1423 4160 hoc
1448 4106 1722 4161 concurrit
1745 4111 1969 4164 assertio
1993 4107 2154 4166 :,'Viri

564 4187 846 4258 Israelitaz,
877 4193 1048 4249 audite
1084 4211 1104 4250 :
1131 4195 1309 4250 Jesum
1337 4197 1501 4252 virum
1540 4197 1866 4254 Nazarenam
1893 4201 2172 4271 approba-r

565 4290 674 4336 tum
700 4300 733 4337 a
758 4282 867 4339 Deo
904 4286 958 4339 in
986 4286 1123 4342 vobis
1147 4303 1236 4358 per
1269 4305 1448 4344 manus
1474 4289 1763 4361 iniquorum
1799 4291 2144 4361 interemistis,
2167 4319 2173 4348 ε

563 4391 711 4446 quem
735 4375 874 4432 Deus
899 4380 1152 4434 suscitavit
1176 4380 1354 4435 solutis
1387 4381 1647 4438 doloribus
1668 4385 1874 4456 inferni.
1894 4385 1963 4440 Et
1982 4386 2108 4442 item
2131 4404 2147 4443 :
2171 4433 2174 4436 .

566 4466 720 4522 Hunc
739 4468 772 4523 J
778 4486 917 4524 esum
938 4469 1076 4527 Deus
1100 4473 1432 4541 resuscitavit,
1461 4474 1544 4528 cui
1569 4491 1742 4531 omnes
1778 4492 1869 4531 nos
1894 4486 2042 4536 testes
2059 4495 2173 4535 ειμι

560 4576 673 4615 mus
704 4561 839 4632 (Act.
870 4578 929 4628 ιι,
955 4562 1151 4629 22-24,
1174 4563 1289 4638 52).
1322 4566 1399 4622 lbi
1419 4581 1547 4638 ergo
1572 4566 1710 4622 sicut
1735 4569 2010 4639 proprium
2037 4578 2169 4626 erat-

560 4654 796 4712 ltominis
825 4657 940 4712 sine
978 4657 1192 4714 deitatis
1219 4657 1409 4730 injuria
1454 4659 1606 4715 obire
1644 4669 1898 4729 mortem,
1926 4662 1998 4716 ita
2025 4677 2173 4733 prum

564 4746 740 4814 prium
779 4746 1071 4804 divinitatis
1097 4747 1368 4806 hominem
1412 4751 1562 4806 illum
1583 4767 1614 4807 a
1642 4754 1867 4810 mortuis
1894 4755 2153 4814 excitaret.

560 4836 713 4905 Quod
743 4849 921 4896 autem
965 4841 1111 4898 Deus
1157 4845 1533 4914 pronuntiatur
1558 4849 1771 4918 operari
1814 4863 1881 4904 ex
1924 4863 2151 4919 persona

495 4937 522 5005 θ
562 4929 747 4999 Verbi,
775 4931 888 5002 ipse
911 4949 1122 5005 quoque
1141 4935 1387 4994 Christus
1424 4937 1572 4995 facit.
1599 4939 1689 4996 Sic
1715 4941 1857 4997 enim
1894 4941 2104 4998 dixerat
2131 4960 2170 5000 :-

482 5023 510 5098 11
559 5023 630 5078 In
667 5035 913 5096 potestate
937 5027 1097 5083 habeo
1136 5046 1322 5102 ponere
1355 5033 1580 5087 animant
1617 5049 1796 5099 meam,
1829 5042 1877 5088 et
1917 5034 1971 5088 in
2005 5043 2170 5106 poteo.

559 5123 690 5171 state
736 5117 892 5172 habeo
930 5136 1126 5176 sumere
1152 5122 1300 5177 illam
1330 5121 1512 5194 (Joan.
1543 5141 1598 5190 ι,
1626 5121 1737 5196 18).
1767 5125 1899 5179 Cum
1927 5140 2053 5197 ergo
2079 5126 2168 5182 siti

558 5208 676 5266 Filii
707 5227 810 5267 uua
855 5229 1106 5284 persona,
1139 5225 1316 5272 tamen
1365 5214 1706 5274 distinctione
1735 5219 1972 5291 legitima
1996 5221 2170 5278 aliud:

557 5302 854 5373 applicatur
867 5307 1033 5373 carni,
1054 5307 1197 5362 aliud
1213 5307 1420 5363 deitati.
1445 5305 1549 5362 Per
1572 5308 1826 5365 hominem
1841 5325 1968 5382 ergo
1987 5329 2166 5380 mors,.

559 5404 605 5448 et
632 5412 722 5466 per
749 5397 1002 5455 hominem
1044 5401 1345 5455 resurrectio
1387 5411 1736 5470 mortuorum,
1782 5403 2166 5477 manifestata,—

549 5635 1240 5760 nuin:prazjudicialilms
1262 5655 1281 5694 :
1296 5644 1531 5696 mendose
1556 5651 1609 5697 et
1624 5646 2034 5706 dissentientibus
2048 5667 2144 5706 me-

614 5759 960 5836 :ihgnierius,
973 5775 1146 5836 nomen
1179 5768 1308 5836 quod
1326 5773 1396 5820 est
1419 5784 1564 5836 super
1595 5785 1733 5826 autne
1769 5787 1958 5829 nomen.
1982 5759 2158 5835 ,ttanu-l

549 5819 983 5885 sa-ipti‘omittun't,
1007 5828 1135 5887 quod
1151 5819 1240 5879 es't.

1241 401 1483 461 OPERIS
1519 395 1929 456 IMPERFECTI
1965 343 2243 451 comas
2279 389 2642 464 tULtANuu,
2679 394 2739 452 s.
2763 394 3144 467 aucusrmt

3648 413 3742 474 ιεθι

2265 523 2372 565 non
2396 517 2575 567 creata
2605 529 2620 567 :
2651 521 2902 569 caeterum
2928 523 3212 589 utrumque
3241 516 3524 577 institutum
3539 528 3744 595 pernm

2264 609 2381 666 est;
2413 601 2510 659 sed
2554 603 2607 659 in
2636 604 2806 660 Adam
2834 608 3024 664 mortis
3067 609 3328 678 conditio,
3366 611 3418 667 in
3457 628 3748 683 personatus

2265 691 2463 748 Christi
2506 694 2755 765 primitiae
2784 699 3193 756 resurrectionis
3235 702 3547 761 claruerunt.
3573 709 3649 765 llic
3667 730 3750 787 ergo

2266 784 2355 839 ubi
2373 785 2501 842 dicit
2523 789 2834 859 Apostolus,
2862 790 2968 848 Per
2986 793 3238 850 hominem
3266 813 3401 852 mors
3421 813 3442 854 :
3464 800 3506 854 si
3527 816 3608 871 per
3627 784 3755 865 volun-

2267 884 2432 934 tatem
2461 880 2579 952 ejus
2607 881 2789 952 dicas,
2817 884 2956 942 nihil
2981 889 3211 958 pertinet
3256 890 3327 946 ad
3355 901 3604 963 naturam;
3635 901 3672 955 si
3697 919 3756 972 pa

2267 979 2532 1042 naturam,
2565 975 2698 1032 nihil
2727 987 2934 1049 spectat
2970 979 3038 1036 ad
3080 983 3317 1054 culpam.
3347 985 3583 1044 Homines
3610 987 3778 1068 item”

2266 1063 2494 1122 alterum
2540 1071 2730 1127 mortis
2753 1115 2770 1140 ,
2810 1073 3039 1130 alterum
3069 1079 3479 1137 resurrectionis
3511 1098 3572 1139 ex
3603 1063 3756 1149 adversi

2267 1157 2480 1228 locavit,
2511 1161 2671 1220 istum
2721 1167 3013 1223 secundum
3060 1170 3252 1227 nolens
3281 1171 3358 1228 illi
3395 1174 3619 1232 subdere.
3642 1179 3757 1238 Else-

2267 1252 2468 1323 quitur,
2491 1253 2637 1311 Sicut
2661 1259 2713 1313 in
2741 1261 2907 1315 Adam
2930 1278 3105 1319 omnes
3131 1266 3441 1338 moriuntur,
3471 1268 3540 1323 ita
3559 1273 3653 1327 etin
3672 1275 3761 1331 Chri-

2268 1353 2344 1399 sto
2369 1360 2540 1401 omnes
2561 1349 2967 1419 viviﬁcabuntur.
2993 1354 3108 1411 Hoc
3131 1372 3262 1428 ergo
3281 1357 3428 1429 quod
3451 1361 3538 1427 ait,
3573 1361 3716 1420 0m
3734 1369 3764 1423 it

2270 1437 2469 1494 Christo
2489 1441 2895 1514 viviﬁcabuntur,
2924 1447 3085 1503 etiam
3109 1449 3178 1505 de
3218 1451 3421 1522 impiis,
3453 1467 3519 1509 an
3543 1462 3702 1513 tantum
3725 1462 3764 1519 dt

2271 1527 2516 1586 fidelibus
2541 1532 2707 1588 dicit?
2732 1535 2788 1591 Si
2819 1536 2888 1592 de
2915 1539 3114 1608 impiis,
3140 1541 3290 1611 quod
3320 1557 3507 1599 omnes
3521 1545 3767 1608 vivificantn

2269 1621 2324 1676 in
2344 1620 2588 1690 Christo;
2617 1641 2749 1696 ergo
2778 1630 2958 1685 nullus
2988 1631 3040 1685 in
3066 1646 3223 1702 pana
3248 1645 3338 1690 est
3369 1659 3383 1688 ε
3412 1637 3454 1691 si
3479 1635 3542 1694 de
3564 1636 3764 1711 ﬁdelibus;

2270 1727 2376 1768 non
2407 1729 2534 1786 ergo
2561 1717 2796 1774 universi
2815 1721 3156 1778 vivilicautur
3176 1725 3228 1779 in
3256 1725 3365 1782 ﬁde
3389 1725 3592 1796 Christi,
3610 1733 3767 1791 saltan-
3838 1717 3839 1748 ³

2270 1816 2380 1863 tum
2410 1808 2618 1878 tideles,
2649 1814 2894 1884 quamvis
2941 1823 3132 1873 omnes
3156 1820 3386 1875 omnino
3423 1822 3602 1880 virtute
3634 1826 3766 1898 ipsius,

2269 1915 2372 1970 qua
2418 1904 2616 1959 conditi
2669 1907 2877 1963 fuerant
2898 1950 2913 1975 ,
2957 1912 3286 1968 excitentur.
3319 1913 3377 1970 Si
3407 1929 3532 1987 ergo
3564 1917 3624 1972 de
3658 1932 3770 1978 morte

2271 1995 2514 2064 corporis
2563 1997 2816 2069 loquitur,
2844 1999 2913 2056 In
2943 2002 3110 2058 Adam
3137 2020 3315 2061 omnes
3344 2008 3769 2070 moriuntur-mullo

2272 2084 2378 2142 hoc
2397 2088 2614 2145 nomine
2644 2091 2909 2148 indicatur
2928 2103 3130 2163 reatus,
3153 2097 3378 2167 quando
3404 2098 3456 2153 in
3484 2100 3648 2155 eodem
3661 2103 3770 2160 Adam

2271 2187 2326 2234 et
2367 2179 2607 2235 Christus
2651 2192 2894 2241 mortuus
2935 2187 3235 2254 invenitur;
3280 2191 3614 2261 nequeenim
3649 2205 3769 2250 secuta

2272 2279 2416 2325 esset
2456 2272 2653 2352 veritas
2679 2280 3110 2346 resurrectionis,
3139 2281 3241 2336 nisi
3274 2284 3623 2352 praecessisset
3639 2287 3771 2342 veritas

2270 2361 2478 2417 mortis.
2499 2347 2680 2432 ‘lgitur
2724 2367 2776 2421 in
2813 2368 2982 2423 Adam
3017 2347 3333 2441 pronuntiat
3360 2376 3625 2444 Apostolus
3646 2393 3770 2434 omnes

2270 2455 2426 2508 mori.
2459 2453 2514 2510 Si
2556 2456 2671 2513 haec
2717 2474 2862 2516 mors
2895 2477 3000 2517 non
3032 2463 3235 2520 indicat
3261 2465 3409 2522 aliud
3435 2483 3583 2538 quam
3606 2473 3771 2540 corporis

2268 2544 2652 2604 resolutionem
2678 2550 2716 2614 ¹;
2743 2550 2870 2606 nihil
2893 2563 3099 2623 spectat
3117 2555 3363 2625 profecto
3389 2557 3456 2613 ad
3477 2559 3770 2630 naturalem-

2279 2649 2494 2708 catum,
2543 2657 2645 2697 nec
2689 2609 2978 2716 quidquam
3029 2609 3355 2718 prtejudicat
3396 2609 3769 2716 si
3837 2609 3839 2730 Ι

2270 2730 2324 2786 in
2350 2732 2519 2788 Adam
2552 2735 2686 2789 mori
2717 2736 2983 2803 dicantur,
3017 2739 3070 2794 in
3106 2756 3213 2811 quo
3253 2752 3311 2797 et
3337 2741 3571 2799 Christus
3592 2753 3656 2799 est
3678 2761 3770 2799 mor-
3837 2753 3839 2880 Α

2270 2831 2411 2879 tuus.
2444 2827 2536 2880 Sin
2568 2836 2744 2880 autem
2787 2829 2888 2880 hoc
2922 2831 3064 2880 mind
3094 2833 3188 2880 ait-
3226 2833 3297 2880 In
3325 2833 3650 2880 Adamnanus
3668 2838 3767 2880 mari.

2269 2831 2411 2879 tuus.
2444 2827 2536 2882 Sin
2568 2836 2744 2884 autem
2787 2829 2888 2885 hoc
2922 2831 3064 2901 quod
3094 2833 3190 2898 ait,
3224 2833 3297 2888 In
3324 2833 3488 2890 Adam
3505 2853 3650 2890 omnes
3668 2838 3767 2890 mori-

2268 2918 2538 2984 untur,-ad
2573 2929 2849 2990 peccatum
2875 2923 2955 2977 vis
2975 2924 3162 2988 animi,
3197 2934 3254 2980 et
3299 2939 3408 2982 non
3433 2925 3498 2982 ad
3524 2936 3770 2982 mortemso-

2267 3008 2399 3076 lum,
2445 3011 2540 3066 sed
2583 3012 2650 3067 ad
2682 3022 2909 3070 mortem
2936 3031 3082 3072 ream
3113 3026 3168 3074 et
3193 3020 3450 3075 miseram
3480 3021 3714 3091 pertinere,
3737 3020 3767 3075 Η

2267 3108 2370 3168 est,
2400 3118 2559 3174 quam
2603 3104 2854 3176 deputata
2882 3109 3200 3168 criminibus
3223 3111 3245 3142 ³
3280 3126 3441 3182 pana
3467 3111 3766 3181 consequitur:

2267 3193 2321 3250 in
2368 3211 2430 3250 ea
2458 3205 2635 3252 autem
2661 3199 2910 3256 videlicet
2953 3202 3200 3272 gehenna
3246 3219 3354 3260 nec
3394 3201 3621 3260 Christus
3657 3204 3767 3275 potuit

2266 3299 2408 3353 esse,
2438 3303 2538 3344 nec
2564 3291 2735 3345 sancti
2761 3309 2775 3345 :
2801 3291 2961 3362 igitur
2986 3309 3088 3348 nec
3113 3282 3497 3351 innocentibus
3521 3296 3766 3367 praeiudicat,

2265 3378 2356 3447 qui
2384 3389 2442 3433 ut
2468 3378 2599 3434 nihil
2626 3381 2773 3448 boni,
2798 3383 2868 3437 ita
2890 3384 3020 3439 nihil
3045 3385 3170 3441 mali
3195 3387 3486 3443 voluntarii
3504 3387 3692 3452 habent;
3709 3387 3766 3442 sel

2267 3468 2371 3525 hoc
2394 3471 2569 3527 solum
2599 3474 2852 3541 retinent,
2885 3476 3028 3546 quod
3045 3495 3071 3530 a
3096 3478 3211 3534 Deo
3238 3478 3372 3536 facti
3393 3488 3544 3546 sunt;
3571 3480 3767 3551 quosjure

2265 3559 2609 3630 Baptismatis
2634 3579 3014 3622 consecratnus
3032 3609 3050 3637 ,
3079 3577 3139 3624 ut
3179 3571 3270 3642 qui
3303 3586 3400 3628 eos
3425 3572 3543 3628 fecit
3565 3570 3764 3627 condendo

2269 3649 2441 3708 bonos
2466 3696 2482 3721 ,
2543 3653 2702 3711 faciat
2749 3657 3053 3716 innovando
3108 3671 3165 3718 et
3217 3663 3523 3737 adoptando
3568 3666 3764 3722 meliores.

2263 3744 2416 3812 Quod
2439 3746 2617 3819 itaque
2637 3749 2762 3806 dicit
2790 3753 3100 3822 Apostolus,
3125 3755 3269 3811 Sicut
3297 3742 3354 3813 in
3375 3758 3533 3814 Adam
3549 3774 3766 3814 omnesun-

2262 3837 2485 3907 rittntur,
2515 3841 2588 3894 ita
2631 3851 2679 3897 et
2720 3843 2774 3898 in
2811 3844 3012 3901 Christo
3048 3863 3221 3905 omnes
3242 3851 3613 3922 viviﬁcabuntur
3633 3852 3765 3906 :sbest

2263 3936 2467 3986 tantum
2494 3933 2564 3986 ab
2588 3933 2689 3990 ista
2728 3938 3037 4008 suspicione
3069 3941 3308 4000 traducis
3335 3944 3765 4016 Manicham,quan~

2263 4030 2374 4076 tum
2402 4022 2645 4080 Christus
2667 4041 2698 4081 a
2725 4037 2966 4098 peccato,
3010 4031 3102 4104 qui
3146 4042 3202 4089 et
3247 4035 3572 4108 iniquitatem
3597 4051 3680 4092 non
3704 4035 3764 4089 ln-

2259 4114 2394 4184 buit,
2421 4124 2477 4172 et
2500 4119 2678 4174 minus
2703 4121 2771 4176 de
2797 4121 3033 4180 hominis
3061 4135 3250 4184 natura
3280 4130 3416 4185 nihil
3444 4129 3624 4186 habuit.

2329 4208 2468 4266 Avo.
2498 4210 2634 4278 Quid
2662 4221 2766 4280 est,
2795 4215 2941 4282 quod
2970 4215 3228 4274 adversus
3255 4235 3360 4277 nos
3385 4221 3637 4294 disputans
3655 4219 3760 4284 dicit.

2270 4317 2290 4351 t
2321 4297 2713 4358 Confodiuntur
2740 4321 2935 4377 nempe
2961 4307 3261 4380 Manichtei,
3303 4322 3360 4369 et
3386 4323 3633 4384 peccatum
3665 4319 3760 4366 nata-

2258 4390 2370 4447 rale
2397 4391 2701 4462 credentes,
2734 4405 2788 4452 et
2813 4402 3264 4458 resurrectionem
3287 4406 3465 4461 carnis
3487 4403 3755 4476 negantem
3838 4409 3839 4434 ἀ

2256 4481 2523 4556 Numquid
2547 4502 2666 4556 nos,
2700 4489 2839 4546 sicut
2864 4492 2963 4559 illi,
2992 4502 3086 4550 aut
3105 4505 3385 4566 peccatum
3414 4497 3658 4555 tribuimus
3672 4493 3758 4548 alie-

2257 4591 2342 4632 nat
2389 4587 2628 4647 naturae,
2677 4590 2770 4638 aut
2822 4585 3002 4642 carnis
3049 4591 3496 4648 resurrectionem
3539 4581 3756 4660 negamus?

2255 4665 2484 4725 Prorsus
2509 4670 2785 4728 Manichati
2831 4674 3211 4735 confodiantur
3249 4696 3281 4736 a
3330 4682 3499 4750 vobis,
3523 4682 3600 4752 qui
3629 4676 3755 4732 vobis-

2257 4774 2378 4817 cum
2425 4763 2806 4824 confodiuntur
2846 4783 2878 4824 a
2919 4770 3097 4840 nobis,
3129 4782 3185 4829 et
3225 4776 3438 4846 quando
3463 4776 3752 4846 adjuvantur:

2255 4855 2407 4912 vobis
2431 4855 2474 4910 ⁸.
2505 4857 2562 4912 1η
2607 4873 2795 4915 eorum
2816 4862 3013 4935 quippe
3040 4865 3364 4936 adiutorium
3389 4867 3666 4924 discordiam
3682 4874 3756 4916 cat-

2254 4947 2341 5003 nis
2357 4957 2414 5005 et
2440 4951 2660 5021 spiritus
2686 4964 2905 5024 peccato
2932 4957 3063 5012 Adae
3086 4961 3296 5030 negatis
3317 4978 3434 5019 esse
3462 4957 3748 5018 tribuendam;

2254 5048 2315 5095 ut
2341 5040 2418 5096 illi
2447 5041 2604 5114 hujus
2633 5047 2759 5102 mali
2788 5054 3003 5105 causam
3025 5053 3359 5121 requirentes
3386 5053 3492 5109 sive
3515 5050 3747 5112 reddent”.

2253 5133 2479 5190 alienam
2493 5137 2618 5193 mali
2631 5147 2875 5197 naturam
2889 5141 2998 5199 Deo
3012 5143 3154 5200 bono
3163 5156 3473 5203 consternant
3483 5143 3744 5202 committant

2256 5225 2412 5283 nobis
2431 5243 2553 5286 esse
2580 5231 2921 5288 concludant.
2942 5235 3182 5308 Exponis
3207 5238 3399 5296 deinde
3416 5236 3665 5310 sequentia,
3685 5228 3746 5284 ubi

2251 5317 2322 5374 de
2346 5320 2523 5376 carnis
2565 5327 2962 5382 resurrectione
2990 5329 3279 5399 Apostolus
3301 5332 3549 5405 disputat,
3577 5323 3739 5387 etdicis.

2257 5427 2279 5464 t
2311 5426 2418 5469 non
2446 5427 2572 5471 eum
2618 5418 2760 5490 loqui
2790 5418 2859 5475 de
2906 5423 3300 5482 resurrectione
3337 5422 3594 5488 communi,
3621 5419 3741 5475 bono-

2314 5657 2332 5730 ξ
2358 5658 2654 5730 gignierius,
2681 5664 3102 5730 resurrectionem.
3127 5675 3269 5730 Mss,
3294 5667 3602 5722 resolutionem-

2251 5719 2338 5832 ’,ὦ
2355 5713 2553 5770 δίἔΜεε.
2578 5713 2694 5772 Editi
2720 5737 2839 5776 vero
2856 5713 3275 5791 praesidiun;
3319 5713 3600 5787 ἒῖῐιὶξῐῆύᾶειι,
3628 5713 3734 5773 θωπί·

2314 5816 2546 5907 ἶἈΙίιιιιοι
2565 5847 2713 5898 verba
2734 5847 2829 5900 huc
2861 5865 3148 5908 revocamus
3174 5871 3236 5908 ex
3263 5867 3363 5910 .tzss.
