3958 6458
171 404 319 466 1595

167 537 295 581 rum
338 519 545 577 scilicet
592 523 647 575 et
691 513 993 583 malorum;
1043 511 1140 572 sed
1185 524 1372 570 eorum
1401 515 1628 572 tantum,
1659 502 1753 576 qui

170 611 569 672 transferentur
619 609 672 664 in
703 607 947 680 gloriam.
999 623 1020 660 ›
1053 604 1128 661 Ita
1153 611 1238 660 est
1284 599 1500 674 quidem
1531 614 1546 652 :
1577 605 1756 652 tamen

164 707 242 768 de
269 704 660 762 resurrectione
687 701 931 774 corporis
954 699 1209 771 loquitur.
1239 697 1374 752 Huic
1403 707 1532 765 ergo
1561 707 1592 747 e
1619 704 1754 746 con-

165 802 340 860 trario
369 812 514 853 mors
538 796 825 868 opponitur
861 795 1104 865 corporis
1121 835 1137 861 ,
1165 791 1373 862 eisque,
1413 787 1466 842 id
1494 793 1576 841 est
1602 783 1762 839 morti

164 890 417 962 corporis
443 898 496 944 et
516 887 919 952 resurrectioni,
948 884 1140 957 singuli
1167 881 1557 938 distribuuntur
1572 885 1760 932 aucto-

165 995 283 1046 res,
316 979 561 1036 homines
585 979 693 1035 duo
717 998 731 1033 :
760 977 1014 1046 Quoniam
1035 991 1124 1045 per
1143 973 1396 1028 hominem
1416 985 1572 1033 mors,
1603 977 1649 1021 et
1670 982 1760 1037 per

166 1075 429 1129 hominem
461 1072 758 1127 resurrectio
785 1079 1117 1125 mortuorum.
1146 1065 1214 1120 Et
1242 1061 1345 1134 ipsi
1379 1060 1626 1116 homines
1652 1056 1760 1112 duo

167 1165 408 1237 propriis
436 1165 596 1220 etiam
624 1163 930 1218 nominibus
953 1159 1348 1230 exprimuntur,
1381 1165 1440 1209 ut
1469 1153 1536 1208 de
1563 1149 1758 1222 quibus

168 1256 278 1311 hoc
305 1256 504 1311 dictum
533 1255 636 1321 sit,
665 1253 940 1309 evidenter
978 1256 1250 1322 appareat,
1289 1255 1447 1316 atque
1491 1243 1705 1298 additur
1739 1258 1754 1295 :

168 1349 325 1405 Sicut
357 1349 488 1402 enim
513 1347 566 1401 in
597 1346 760 1420 Adam
786 1360 956 1399 omnes
981 1343 1284 1405 moriuntur,
1315 1337 1388 1392 sic
1415 1346 1462 1391 et
1482 1336 1534 1389 in
1558 1334 1758 1390 Christo

167 1456 346 1495 omnes
375 1438 777 1510 vivificabuntur.
811 1436 1122 1498 Moriuntur,
1147 1432 1255 1495 ait;
1276 1445 1381 1486 non
1401 1428 1497 1494 ait,
1527 1426 1759 1482 Morien-

168 1543 296 1588 tur:
325 1548 392 1588 ex
419 1532 585 1587 altera
611 1545 738 1586 vero
763 1537 915 1600 parte
939 1543 1045 1583 non
1071 1527 1181 1591 ait,
1212 1523 1595 1586 Vivilicantur;
1636 1517 1756 1582 sed,

163 1627 556 1697 viviﬁcabuntur
578 1625 618 1681 ¹.
647 1623 800 1680 Nunc
827 1624 970 1678 enim
996 1621 1295 1677 moriuntur
1318 1633 1385 1673 ex
1413 1629 1569 1687 poena
1589 1655 1606 1682 ,
1629 1621 1757 1668 tunc

162 1719 580 1774 vivificabuntur
602 1731 670 1773 ex
706 1716 947 1788 praemio.
975 1713 1092 1770 Non
1132 1713 1309 1782 itaque
1347 1708 1414 1765 de
1462 1708 1551 1764 illa
1583 1713 1756 1761 morte

163 1825 316 1866 nunc
363 1810 614 1880 loquitur,
654 1824 774 1880 quze
801 1808 974 1862 futura
1015 1812 1100 1860 est
1122 1804 1201 1859 eis
1229 1804 1462 1875 quicum
1499 1801 1672 1854 anima
1702 1805 1758 1853 et

163 1918 398 1975 corpore
420 1905 538 1975 igne
565 1902 945 1958 cruciabuntur
979 1908 1214 1964 aeterno;
1243 1897 1478 1967 alioquin
1511 1912 1576 1950 ex
1609 1887 1760 1949 utra-

163 2013 274 2069 que
316 2007 464 2068 parte
509 1997 733 2052 verbum
759 1993 921 2050 futuri
954 1993 1210 2064 temporis
1247 1997 1498 2061 poneret,
1528 1995 1583 2044 et
1617 1987 1757 2042 sicut

163 2088 326 2155 dixit,
358 2087 762 2158 viviﬁcabuntur,
796 2087 866 2141 ita
886 2085 1109 2152 diceret,
1136 2083 1448 2139 Moriemur.
1475 2079 1610 2136 Cum
1629 2092 1756 2134 vero

163 2180 322 2248 dixit,
355 2181 658 2246 moriuntur,
689 2179 832 2250 quod
859 2178 1042 2249 utique
1069 2191 1212 2232 nunc
1252 2175 1344 2242 fit;
1374 2171 1757 2240 viviﬁcabuntur

163 2280 369 2338 autem,
397 2270 538 2342 quod
569 2280 693 2325 tunc
715 2271 804 2326 [iet
833 2287 848 2324 :
873 2270 1003 2324 satis
1025 2267 1261 2323 ostendit
1287 2281 1344 2321 se
1374 2265 1441 2320 de
1468 2265 1554 2318 illa
1581 2271 1756 2318 morte

163 2376 348 2432 agere,
381 2363 432 2415 in
459 2377 526 2416 eo
544 2361 686 2432 quod
706 2359 856 2428 dicit,
882 2359 987 2414 Per
1013 2359 1266 2414 hominem
1295 2373 1449 2422 mors,
1480 2371 1597 2426 quae
1633 2354 1750 2409 ani.

165 2469 312 2508 mam
339 2454 584 2508 dissolvit
612 2469 640 2507 a
670 2468 833 2510 carne
862 2451 1140 2523 :quamvis
1170 2461 1222 2505 et
1247 2449 1314 2503 ad
1341 2449 1484 2503 illam
1526 2456 1754 2501 mortem

165 2543 403 2600 futuram
429 2546 449 2576 ³
479 2545 802 2616 pertineant,
835 2559 953 2615 qua:
981 2541 1216 2598 secunda
1245 2555 1391 2596 mors
1421 2539 1635 2605 dicitur,
1664 2538 1755 2608 qui

167 2647 373 2692 reatum
425 2652 582 2708 quem
634 2651 732 2707 per
805 2635 974 2693 Adam
1029 2633 1375 2706 generatione
1441 2639 1752 2698 traxerunt,

167 2742 265 2797 per
322 2727 594 2783 Christum
657 2728 1062 2800 regeneratione
1128 2741 1236 2781 non
1305 2725 1541 2781 solvunt.
1601 2723 1755 2778 Nune

167 2820 392 2888 proinde
425 2821 548 2892 quia
579 2820 646 2876 de
669 2820 1061 2877 resurrectione
1085 2819 1330 2890 corporis
1359 2819 1610 2889 loquitur,
1634 2831 1754 2888 quae

167 2909 348 2966 futura
373 2922 474 2978 est,
501 2913 589 2968 cui
616 2912 839 2984 opponit
867 2927 898 2968 e
925 2912 1196 2967 contrario
1221 2922 1454 2966 mortem
1488 2924 1750 2980 corporis,

168 3019 289 3073 qua:
323 3019 465 3059 nunc
495 3009 586 3071 Iit;
612 3015 666 3060 et
691 3005 797 3062 duo
823 3005 924 3060 ista
951 3006 1216 3061 contraria
1242 3004 1481 3076 singulos
1507 3015 1754 3059 auctores

168 3093 387 3161 habent,
417 3096 586 3150 Adam
615 3110 762 3152 mors
786 3137 802 3164 ,
849 3093 1119 3152 Christum
1150 3095 1472 3151 resurrectio
1511 3103 1755 3150 mortuo-

166 3199 286 3240 rum
317 3187 494 3242 :sicut
518 3186 828 3258 intelligitur
855 3186 1181 3242 resurrectio
1215 3185 1302 3241 illa
1328 3185 1648 3258 prtemialss,
1682 3188 1754 3242 ita

167 3291 292 3334 esse
311 3278 651 3351 intelligenda
671 3289 754 3334 est
769 3293 916 3334 mors
936 3279 1039 3334 ista
1055 3279 1300 3350 poenalis.
1317 3280 1544 3336 Praemio
1557 3280 1756 3353 quippe

168 3385 200 3424 a
227 3372 494 3427 contrario
523 3388 630 3429 non
651 3373 938 3444 opponitur
966 3382 1175 3440 natura,
1209 3372 1303 3428 sed
1333 3388 1508 3444 paena.
1541 3373 1608 3429 Et
1632 3373 1753 3430 ideo

170 3465 278 3521 iSto
305 3464 444 3530 loco,
489 3466 576 3522 ubi
615 3467 938 3521 resurrectio
981 3467 1226 3536 corporis
1269 3465 1558 3536 opponitur
1593 3467 1752 3521 morti

169 3561 434 3630 corporis,
470 3574 580 3613 non
606 3558 674 3614 de
702 3559 972 3614 communi
1002 3559 1395 3615 resurrectione
1438 3558 1545 3630 agit
1599 3559 1747 3626 Apo-

170 3650 365 3718 stolus,
393 3666 512 3723 quae
543 3651 609 3707 ad
627 3650 801 3722 justos
825 3659 882 3706 et
907 3649 1135 3721 injustos
1150 3650 1414 3721 pertinet;
1447 3650 1540 3706 sed
1567 3649 1635 3706 de
1662 3650 1751 3706 ila

169 3742 376 3815 potius,
416 3743 472 3798 in
510 3757 616 3814 qua
657 3752 814 3798 erunt
851 3743 943 3814 qui
969 3742 1377 3798 viviﬁcabuntur
1417 3742 1472 3797 in
1515 3741 1753 3811 Christo,

168 3849 279 3891 non
316 3835 407 3907 qui
448 3834 840 3891 damnabantur
862 3851 894 3890 a
919 3834 1132 3891 Christo
1165 3852 1179 3890 :
1209 3835 1452 3906 quamvis
1494 3845 1756 3906 utrosque

169 3927 288 3998 ipse
307 3942 588 3999 resurgere
617 3929 794 3997 faciat,
815 3927 968 3998 cujus
994 3941 1182 3983 vocem
1211 3927 1430 3982 audient
1456 3941 1644 3982 omnes
1665 3927 1756 3998 qui

170 4019 230 4074 in
249 4019 610 4074 monumentis
632 4027 787 4085 sunt;
809 4028 865 4074 et
892 4017 1291 4089 procedentqui
1328 4017 1467 4074 bene
1486 4019 1724 4074 fecerunt
1738 4059 1754 4084 ,

173 4111 234 4166 in
257 4111 699 4166 resurrectionem
724 4111 880 4176 vitae;
910 4110 1000 4182 qui
1028 4119 1210 4166 autem
1252 4109 1390 4165 mala
1415 4117 1660 4181 egerunt,
1701 4111 1754 4165 in

174 4204 622 4260 resurrectionem
642 4204 826 4274 judicii
853 4203 1029 4275 (Joan.
1052 4219 1106 4271 v,
1144 4203 1216 4260 28
1236 4245 1251 4270 ,
1279 4203 1398 4271 29.)
1451 4204 1574 4260 Ideo
1605 4219 1756 4276 ergo,

174 4302 240 4350 ut
262 4295 390 4362 dixi,
419 4312 538 4352 eam
569 4295 710 4352 volui
733 4295 755 4327 ³
780 4296 1180 4363 commendare,
1209 4312 1328 4367 quae
1353 4295 1418 4350 ad
1442 4296 1757 4351 beneﬁcium

174 4387 372 4444 Christi
408 4389 658 4460 pertinet,
686 4403 792 4444 non
816 4390 977 4444 etiam
1011 4388 1178 4454 illam,
1206 4404 1326 4459 qua:
1352 4397 1554 4443 tantum
1580 4387 1648 4442 ad
1673 4389 1760 4457 ju-

175 4481 372 4537 dicium
399 4496 415 4547 ;
446 4490 504 4536 ut
531 4482 779 4553 quoniam
801 4481 901 4536 ista
925 4480 1213 4550 praemialis
1242 4490 1346 4547 est,
1379 4495 1522 4534 mors
1542 4495 1757 4551 quoque

176 4571 439 4642 corporis,
463 4590 580 4644 quae
604 4589 634 4628 a
657 4574 926 4628 contrario
955 4572 1079 4628 huic
1111 4572 1418 4643 opponitur,
1446 4571 1761 4627 ostendatur

175 4679 301 4721 esse
330 4666 567 4734 poenalis.
591 4666 738 4722 Sicut
767 4665 910 4721 enim
931 4665 1052 4720 vita:
1076 4679 1242 4729 mors,
1266 4664 1338 4720 ita
1359 4665 1579 4736 praemio
1603 4678 1760 4735 paena

174 4757 443 4814 contraria
465 4767 548 4813 est
570 4774 584 4810 :
610 4772 704 4828 per
725 4772 883 4829 quam
907 4771 1140 4828 poenam,
1164 4756 1216 4812 id
1235 4766 1339 4823 est,
1356 4755 1598 4826 corporis
1617 4771 1762 4811 mor-

176 4859 307 4916 tem,
337 4851 586 4922 quoniam
623 4851 790 4906 sancti
821 4860 1086 4922 martyres
1125 4857 1465 4904 certaverunt
1487 4856 1646 4920 atque
1676 4849 1761 4904 vi-

173 4951 381 5008 cerunt,
417 4957 561 4998 mors
597 4958 782 4999 eorum
823 4943 875 4997 in
904 4957 1008 5013 qua
1045 4956 1185 4998 nunc
1220 4939 1494 4996 dormiunt
1536 4942 1589 4995 in
1634 4955 1763 4996 con-

174 5045 358 5106 spectu
403 5035 631 5100 Domini,
681 5050 788 5090 non
816 5051 914 5091 suo
955 5049 1176 5106 genere,
1221 5033 1316 5089 sed
1364 5033 1509 5089 illius
1537 5047 1762 5089 munere

80 5140 85 5146 '
175 5126 410 5197 pretiosa
463 5136 546 5182 cst
577 5125 748 5199 (Psat.
789 5142 913 5191 cxv,
962 5126 1074 5199 t5).
1127 5125 1300 5181 Etiam
1346 5140 1519 5196 paena:
1568 5125 1764 5196 quippe

173 5224 515 5284 sanctorum,
549 5219 664 5274 sine
691 5217 1023 5274 dubitatione
1058 5217 1307 5288 pretiosae
1335 5225 1461 5273 sunt
1490 5234 1504 5272 :
1533 5217 1627 5273 sed
1656 5233 1760 5274 non

173 5310 299 5381 quia
339 5310 589 5383 pretiosae
634 5318 793 5378 sunt,
824 5310 946 5367 ideo
974 5325 1148 5382 pinna:
1174 5324 1284 5368 non
1313 5317 1468 5378 sunt;
1497 5310 1634 5366 sicut
1655 5325 1762 5366 non

245 5537 262 5569 ί
289 5543 385 5588 Hoc
427 5537 547 5588 item
588 5536 696 5590 loco
725 5550 877 5589 unum
910 5546 964 5590 et
1002 5537 1210 5590 alterum
1249 5551 1475 5601 versum,
1521 5541 1709 5592 scilicet
1739 5557 1768 5596 a

175 5601 365 5670 verbis,
401 5601 693 5670 tuoriimtur,
716 5603 803 5670 ait,
825 5613 985 5670 usque
1017 5617 1074 5653 au
1120 5603 1344 5665 verbum,
1383 5602 1768 5670 viviﬁcabimtur,

175 5665 469 5714 auctoritate
515 5670 618 5715 Mss.
646 5664 961 5715 restituimus.

1538 386 1739 470 unum
1772 383 2064 446 SEXTUS.

3309 401 3452 460 159‘

1869 504 1990 575 quia
2033 519 2206 577 pinna:
2247 518 2401 580 sunt,
2438 511 2559 568 ideo
2587 512 2835 584 pretiosa
2880 521 3035 584 sunt;
3066 516 3160 574 sed
3201 519 3323 589 quia
3353 531 3453 590 pro

1867 598 2093 655 veritate
2115 612 2396 674 susceptae,
2411 604 2497 660 vel
2513 620 2634 661 cum
2657 607 2852 677 pietate
2876 607 3116 664 toleratae
3134 619 3278 665 sunt.
3299 610 3452 666 Hune

1867 703 2084 746 sensum
2109 707 2296 750 sanum
2318 704 2373 751 et
2397 695 2717 754 catholicum
2741 699 2787 754 si
2825 706 3058 768 teneres,
3087 717 3192 757 non
3219 702 3270 756 in
3297 716 3450 773 para-

1866 781 2040 839 disum
2072 785 2196 853 Dei,
2229 790 2330 843 hoc
2365 799 2468 854 est,
2492 790 2544 844 in
2571 789 2747 847 locum
2775 803 3080 850 sanctarum
3105 795 3449 864 deliciarum,

1866 889 1972 931 non
1993 875 2165 932 solum
2196 879 2444 935 mortium
2488 895 2695 952 pinnas,
2723 900 2907 942 verum
2946 887 3106 942 etiam
3147 886 3451 943 mortifera-

1865 981 1983 1021 rum
2016 967 2376 1025 valetudinum
2397 972 2655 1031 mitteres.
2680 976 2867 1032 Omnis
2893 985 3072 1032 autem
3093 993 3248 1047 paena
3275 979 3448 1034 homi-

1866 1058 1951 1113 nis
1978 1058 2106 1130 quid
2145 1068 2247 1125 est,
2277 1061 2380 1118 nisi
2408 1078 2567 1134 poena
2595 1066 2837 1136 imaginis
2864 1067 2986 1122 Dei?
3009 1083 3126 1139 quae
3153 1069 3198 1124 si
3226 1070 3452 1128 infertur

1865 1148 2061 1220 injuste
2083 1192 2098 1218 ,
2155 1149 2397 1221 profecto
2438 1170 2469 1209 a
2512 1170 2618 1225 quo
2657 1155 2895 1226 infertur,
2931 1158 3160 1230 injustus
3186 1170 3290 1218 est.
3320 1162 3451 1230 Quis

1865 1257 2026 1314 porro
2067 1244 2272 1301 dubitet
2324 1247 2466 1317 quod
2508 1248 2706 1318 injuste
2734 1251 2990 1310 inferatur
3031 1269 3189 1326 poena
3233 1255 3451 1326 imagini

1864 1335 1980 1402 Dei,
2011 1336 2113 1392 nisi
2156 1336 2258 1394 hoc
2306 1338 2461 1410 culpa
2495 1343 2791 1398 meruerit?
2833 1344 2992 1400 Solus
3015 1347 3158 1402 enim
3189 1348 3452 1403 mediator

1865 1426 1961 1482 Dei
1986 1437 2042 1484 et
2064 1429 2360 1497 hominum,
2392 1434 2553 1487 homo
2571 1432 2817 1490 Christus
2837 1435 2993 1492 Jesus
3013 1438 3129 1494 sine
3152 1440 3305 1509 culpa
3330 1454 3452 1508 per-

1865 1519 2018 1573 tulit‘
2051 1537 2286 1592 poenam,
2319 1533 2376 1578 ut
2415 1536 2654 1580 nostram
2683 1527 2888 1582 scilicet
2933 1537 2988 1583 et
3013 1529 3225 1600 culpam
3254 1546 3452 1584 vacua-

1863 1621 1947 1669 ret
1968 1624 2022 1670 et
2052 1631 2298 1686 pinnam;
2333 1634 2438 1674 non
2467 1634 2584 1675 eam
2607 1635 2820 1690 pinnam
2849 1637 2969 1691 quae
2995 1622 3186 1678 luenda
3213 1626 3235 1656 ¹
3267 1625 3317 1679 in
3350 1625 3452 1682 hoc

1863 1706 2093 1778 maligno
2113 1709 2310 1764 smculo
2330 1709 2446 1776 fuit,
2474 1710 2567 1766 sed
2588 1728 2706 1782 quae
2735 1713 2889 1768 nobis
2907 1712 3204 1769 debebatur
3227 1726 3449 1773 aeterna.

1862 1798 1928 1853 Et
1955 1808 2128 1856 tamen
2161 1801 2274 1872 ipse
2301 1803 2464 1857 etiam
2495 1811 2736 1858 nostrum
2769 1805 2821 1858 in
2855 1820 2914 1860 se
2954 1804 3200 1861 affectum
3222 1849 3237 1874 ,
3278 1817 3452 1864 morte

1861 1891 2286 1963 propinquante,
2327 1894 2626 1962 suscipiens
2655 1912 2670 1947 ε
2696 1894 2873 1958 Pater,
2923 1898 3114 1968 inquit,
3139 1899 3185 1954 si
3211 1900 3325 1968 ﬁeri
3353 1917 3450 1971 po-

1861 1993 1974 2052 test,
2003 1994 2225 2042 transeat
2249 2003 2283 2041 α
2309 2004 2391 2042 me
2433 1986 2570 2042 calix
2611 1988 2706 2043 iste
2749 1987 2960 2062 (Natth.
3003 2006 3148 2056 XXVI,
3191 1991 3304 2064 39).
3349 1993 3450 2060 Qui

1861 2077 2044 2145 utique
2085 2086 2400 2148 potestatem
2431 2078 2660 2134 habebat
2688 2081 2917 2151 ponendi
2959 2089 3012 2136 et
3040 2083 3283 2138 sumendi
3332 2083 3450 2140 ani-

1862 2181 2002 2222 mam
2048 2183 2198 2224 suam
2229 2186 2243 2223 :
2275 2170 2369 2226 sed
2401 2181 2626 2225 mortem
2646 2213 2662 2239 ,
2703 2187 2862 2243 quam
2903 2173 3044 2228 nulla
3071 2176 3223 2246 culpa
3253 2191 3448 2246 praece-

1860 2259 2041 2326 dente,
2074 2275 2173 2330 pro
2199 2261 2354 2316 nobis
2378 2263 2670 2328 voluntate,
2699 2278 2805 2319 non
2847 2265 3165 2322 necessitate
3193 2268 3447 2339 suscepit,

1864 2366 2076 2421 poenam
2103 2361 2278 2408 tamen
2308 2369 2427 2408 esse
2459 2353 2542 2410 his
2566 2355 2747 2410 verbis
2772 2356 2885 2411 suis
2908 2356 3055 2412 Deus
3081 2357 3170 2412 ille
3197 2359 3450 2429 magister

1861 2444 2117 2510 ostendit,
2151 2459 2309 2515 quam
2337 2446 2485 2500 solus
2509 2460 2608 2516 pro
2635 2456 2814 2503 nostra
2845 2447 2964 2502 sine
2993 2449 3099 2502 ulla
3127 2464 3222 2505 sua
3253 2450 3451 2520 iniqui-

1862 2543 1968 2589 tate
1997 2537 2267 2592 sustinuit.
2293 2535 2349 2591 Si
2370 2552 2501 2608 ergo
2522 2538 2621 2592 ista
2642 2538 2811 2609 gloria
2825 2540 3205 2596 misericordiae
3224 2540 3448 2609 Christi,

1861 2643 1964 2698 qua
1993 2643 2088 2698 pro
2118 2629 2273 2684 nobis
2303 2644 2517 2700 pinnam
2549 2632 2666 2686 sine
2689 2632 2846 2702 culpa
2887 2635 3137 2703 pertulit,
3167 2634 3452 2705 singularis

1861 2729 1965 2785 est,
1993 2729 2054 2776 ut
2081 2737 2186 2776 non
2216 2723 2428 2792 quidem
2453 2723 2504 2778 in
2533 2738 2695 2779 carne
2721 2727 2925 2794 peccati
2948 2767 2961 2786 ,
2996 2726 3089 2781 sed
3117 2735 3337 2797 pr0pter
3374 2727 3452 2782 si-

1862 2811 2214 2868 militudinem
2252 2815 2430 2869 carnis
2467 2817 2695 2884 peccati,
2747 2815 2798 2871 in
2824 2815 2995 2872 Adam
3037 2826 3252 2884 tamen,
3284 2833 3314 2873 a
3345 2833 3452 2889 quo

1861 2904 2137 2961 descendit
2164 2922 2292 2962 caro
2320 2910 2546 2979 peccati,
2575 2909 2737 2965 etiam
2767 2911 2880 2981 ipse
2899 2922 3238 2969 moreretur:
3263 2913 3450 2984 procul

1861 2995 2024 3052 dubio
2063 3000 2242 3054 czrteri
2292 3000 2536 3056 homines
2570 3001 2622 3055 in
2653 3001 2755 3057 hoc
2799 3003 3033 3074 maligno
3057 3005 3275 3071 saeculo,
3307 3005 3451 3076 quod

1862 3098 2012 3145 extra
2041 3091 2346 3162 paradisum
2375 3101 2479 3160 est,
2513 3109 2699 3164 poenas
2724 3109 3086 3168 quascumque
3123 3099 3397 3167 patiuntur
3421 3113 3451 3154 a

1862 3179 2138 3236 nativitate
2165 3197 2332 3252 usque
2357 3183 2425 3238 ad
2471 3194 2700 3240 mortem
2720 3225 2736 3252 ,
2767 3185 2820 3241 in
2849 3187 3042 3257 quibus
3071 3189 3244 3259 pinnis
3271 3190 3454 3262 utique

1861 3270 2135 3342 patiuntur
2159 3281 2214 3328 et
2241 3282 2466 3329 mortem
2486 3316 2500 3340 ,
2531 3290 2627 3345 pro
2657 3276 2769 3332 suis
2797 3278 3032 3347 peccatis
3060 3280 3144 3334 vel
3181 3281 3456 3337 nascendo

1863 3363 2066 3430 tractis,
2096 3365 2176 3420 vel
2200 3365 2338 3421 male
2366 3367 2594 3422 vivendo
2613 3367 2828 3436 additis,
2856 3370 3051 3426 merito
3075 3370 3339 3443 digneque
3359 3387 3454 3444 pa-

1863 3455 2068 3512 tiuntur
2094 3458 2194 3514 sub
2218 3459 2365 3528 justo
2397 3470 2452 3515 et
2497 3461 2866 3532 omnipotente
2902 3462 3112 3534 judice;
3142 3467 3230 3536 qui
3269 3467 3455 3539 utique

1863 3561 1966 3603 nec
2012 3546 2244 3614 faceret,
2291 3565 2391 3605 nec
2423 3551 2626 3607 sineret
2663 3552 2846 3608 inferri
2895 3569 3083 3624 ptenas
3135 3555 3454 3627 imaginibus

1864 3642 1996 3709 suis,
2029 3643 2146 3699 sine
2174 3642 2326 3714 cujus
2351 3645 2622 3700 voluntate
2647 3660 2746 3701 nec
2775 3661 2959 3716 passer
2983 3648 3127 3704 cadit
3147 3649 3202 3705 in
3243 3659 3442 3707 terram

1869 3733 1976 3806 (Id.
2005 3752 2061 3803 χ,
2085 3735 2201 3808 29),
2239 3736 2338 3792 nisi
2366 3738 2510 3808 juste
2534 3739 2695 3794 sciret
2720 3738 2924 3794 inferri.
2955 3739 3024 3795 Et
3041 3739 3168 3812 quid
3190 3751 3272 3797 est
3286 3741 3453 3813 juste,

1864 3829 1966 3884 nisi
1997 3831 2188 3885 merito
2217 3839 2579 3902 peccatorum,
2610 3831 2696 3887 vel
2731 3832 3123 3889 examinatione
3159 3833 3453 3901 virtutum;

1865 3924 1937 3979 ita
1969 3935 2028 3980 ut
2055 3925 2295 3980 remissis
2317 3925 2477 3982 etiam
2507 3926 2759 3997 peccatis,
2789 3926 2981 3998 pignus
3006 3926 3147 3998 quod
3168 3929 3338 3984 renati
3365 3943 3455 3985 ac-

1865 4016 2069 4082 cipiunt
2095 4015 2284 4071 salutis
2311 4027 2547 4083 aeternae,
2581 4018 2635 4072 in
2667 4018 2901 4074 futurum
2933 4023 3012 4074 eis
3039 4021 3294 4076 sarculum
3330 4038 3360 4092 ι)
3425 4051 3453 4064 -

1865 4108 1956 4176 sit,
1985 4109 2072 4164 hic
2092 4119 2268 4165 autem
2300 4111 2531 4177 solvant,
2565 4110 2820 4182 quidquid
2851 4111 2904 4166 in
2938 4111 3094 4183 lujus
3117 4113 3298 4168 saeculi
3335 4125 3453 4185 pte-

1866 4202 2002 4257 nalis
2048 4202 2282 4258 vanitate
2333 4212 2389 4259 et
2437 4203 2766 4279 malignitate
2795 4204 3110 4260 solvendum
3157 4207 3279 4260 est?
3313 4206 3450 4275 Quid

1866 4301 1951 4349 est
1994 4308 2123 4365 ergo
2162 4294 2303 4366 quod
2331 4295 2500 4360 dicis,
2557 4313 2577 4349 ι
2629 4295 2754 4352 Ideo
2784 4297 3040 4368 baptizari
3078 4299 3350 4368 parvulos,
3399 4309 3457 4356 ut

1867 4399 2002 4455 quos
2027 4385 2172 4442 Deos
2204 4387 2404 4442 fecerat
2433 4385 2716 4442 condendo
2737 4387 2930 4454 bonos,
2969 4387 3123 4444 faciat
3155 4390 3458 4447 lunovando

1867 4489 1923 4534 et
1949 4479 2255 4550 adOptando
2303 4481 2590 4536 meliores?
2628 4499 2648 4532 ι
2682 4481 2859 4536 Bonos
2905 4482 3120 4551 quidem
3149 4481 3293 4548 fecit,
3333 4483 3456 4554 quia

1867 4571 2040 4625 omnis
2067 4579 2252 4626 natura
2299 4571 2350 4626 in
2377 4581 2632 4642 quantum
2661 4581 2856 4627 natura
2883 4581 2992 4639 est,
3026 4572 3162 4628 bona
3191 4582 3275 4629 est
3317 4591 3331 4630 ε
3361 4573 3455 4630 sed

1868 4679 2003 4736 quos
2032 4664 2156 4719 fecit
2181 4664 2252 4719 bo
2291 4679 2372 4730 os,
2402 4680 2509 4719 non
2534 4665 2726 4734 injuste
2757 4665 2956 4720 faceret
2982 4664 3065 4721 vel
3101 4665 3303 4721 sineret
3336 4679 3457 4724 esse

1868 4759 2114 4813 miseros.
2144 4757 2398 4826 Quamvis
2417 4767 2471 4814 et
2492 4767 2567 4823 tu,
2592 4758 2681 4830 qui
2705 4772 2803 4814 eos
2823 4757 3062 4814 innovari
3079 4758 3234 4820 dicis,
3251 4757 3386 4814 duce
3417 4773 3451 4814 e

1870 4859 2187 4907 vetustatem
2209 4853 2404 4908 veteris
2430 4852 2684 4918 hominis,
2705 4867 2827 4909 cum
2855 4852 2963 4908 sint
2989 4853 3258 4909 nascendo
3277 4853 3456 4925 utique

1869 4946 2016 5009 novi,
2048 4943 2292 5000 incautus
2312 4953 2365 5000 et
2395 4945 2642 5002 nesciens
2665 4945 2955 5001 confiteris.
2985 4943 3334 5016 Compelleris
3361 4946 3460 5016 igi-

1870 5046 1959 5094 tur
1987 5055 2148 5094 unum
2170 5054 2236 5096 ex
2267 5038 2350 5094 liis
2386 5038 2552 5094 tribus
2576 5040 2796 5110 eligere,
2817 5048 2874 5094 ut
2901 5048 2992 5093 aut
3018 5039 3318 5110 paradisum
3350 5038 3456 5092 im--

1869 5131 2019 5204 pleas
2061 5131 2234 5204 poenis
2264 5129 2580 5198 hominum;
2609 5141 2701 5187 aut
2747 5131 3001 5200 iujustum
3031 5131 3199 5186 Deum
3226 5128 3370 5182 dicas
3401 5129 3456 5185 in

1871 5223 2045 5295 poenis
2067 5222 2356 5293 imaginum
2378 5221 2514 5293 ejus,
2543 5237 2678 5294 quas
2700 5222 2899 5292 patitur
2925 5219 3226 5276 innocentia
3259 5233 3455 5287 parvu-

1870 5316 2075 5380 lorum;
2121 5323 2213 5370 aut
2253 5315 2374 5386 quia
2405 5314 2522 5370 haec
2563 5315 2668 5370 duo
2712 5311 3025 5369 detestanda
3068 5319 3124 5366 et
3156 5309 3459 5368 damnanda

1873 5418 2018 5476 sunt,
2049 5423 2310 5480 agnoscas
2344 5407 2602 5479 originale
2624 5417 2900 5479 peccatum
2933 5424 2946 5461 :
2980 5412 3036 5460 et
3058 5404 3137 5459 sic
3163 5403 3451 5474 intelligas,

1873 5517 2062 5560 omnes
2089 5502 2180 5575 qui
2202 5509 2376 5558 morte
2401 5501 2644 5574 corporis
2669 5500 2990 5567 moriuntur,
3019 5497 3073 5553 in
3104 5496 3271 5553 Adam
3298 5493 3458 5566 mori,

1942 5683 1960 5717 ι
1985 5681 2119 5744 Editi
2137 5680 2220 5732 hic
2237 5687 2289 5732 et
2310 5679 2612 5744 paulo_post,
2639 5681 2740 5731 sine
2762 5677 2905 5744 culpa
2920 5676 3119 5742 protulit
3140 5675 3465 5728 Emendantur

2697 5816 2754 5856 ac
2786 5803 3175 5866 repugnantibus
3206 5800 3471 5858 manseri-

247 5726 591 5800 ’rvlgnierius,
616 5726 682 5776 ad
698 5727 834 5800 illam
851 5733 1052 5779 mortem
1069 5727 1352 5793 pertineant.
1377 5738 1412 5780 Α
1427 5731 1666 5795 Mittimus,
1691 5733 1771 5798 fu-

174 5793 359 5854 turam,
385 5802 449 5838 ex
491 5792 843 5854 manuscriptis.

248 5850 272 5887 ³
293 5856 452 5913 Forte,
473 5849 636 5903 voluit.
