3958 6458
49 389 242 454 £599

55 513 458 580 negetnrque
494 503 816 562 resurrectio
855 511 1214 573 mortuorum,
1235 499 1364 574 quid
1403 496 1600 558 facient
1628 499 1718 570 qui

59 601 467 673 baptizantur
503 613 600 671 pro
639 597 906 654 mortuis?
946 595 1110 654 Natus
1149 597 1275 652 hinc
1319 611 1468 652 error
1509 591 1720 664 aliquo-

63 705 222 752 rum
248 701 370 760 est,
400 693 696 766 putantium
729 693 870 748 inter
891 689 1110 748 exordia
1139 690 1412 763 Evangelii
1441 703 1564 743 eum
1601 703 1719 743 meo

70 801 222 843 rem
259 783 461 851 fuisse,
481 783 618 854 quo‘
649 791 887 840 astantes
917 799 1012 855 pro
1033 783 1379 840 cadaveribus
1401 780 1721 854 proﬁteren-

71 887 213 944 tur,
244 885 312 934 et
343 891 482 948 aqua
528 875 870 948 Baptismatis
896 878 1056 932 etiam
1082 876 1451 932 defunctorum
1480 872 1721 928 membra

79 965 520 1041 perfunderent
550 985 564 1022 :
606 967 747 1040 quod
777 979 996 1040 apparet
1019 969 1088 1024 de
1116 968 1376 1038 imperitia
1409 964 1717 1038 contigisse.

80 1062 226 1117 Hoc
277 1060 434 1118 enim
477 1059 620 1132 quod
649 1061 722 1116 ait
750 1061 1060 1132 Apostolus,
1089 1059 1422 1132 Baptizattlur
1461 1075 1552 1130 pro
1583 1074 1722 1112 mor-
1803 1067 1810 1075 '

85 1155 234 1222 tuis,
257 1151 404 1208 nihil
433 1149 575 1208 aliud
601 1153 821 1220 indicat,
841 1170 997 1225 quam
1029 1153 1158 1210 illud
1185 1151 1326 1224 quod
1353 1151 1418 1206 ad
1449 1149 1722 1206 Romanos

87 1245 280 1313 dixit,
311 1243 612 1318 Consepulli
659 1244 738 1300 illi
777 1261 952 1301 sumus
993 1261 1083 1316 per
1127 1241 1390 1316 Baptisma
1429 1244 1482 1297 in
1514 1251 1725 1302 mortem

90 1336 308 1413 (Rom.
340 1351 416 1404 v1,
438 1333 494 1410 4)
519 1355 532 1390 :
564 1335 616 1392 id
647 1343 748 1406 est,
777 1335 889 1406 Qua
915 1335 1108 1408 gratia,
1142 1337 1232 1392 tali
1259 1335 1326 1390 ad
1352 1333 1726 1406 Baptismatis‘

97 1427 534 1506 susceptionem
573 1429 754 1486 animo
783 1429 1112 1498 accedimus,
1155 1437 1216 1486 ut
1261 1427 1499 1484 membra
1547 1434 1728 1482 nostra

94 1524 525 1581 mortiticemus
563 1523 619 1578 in
665 1530 962 1594 posterum,
994 1529 1050 1578 et
1095 1537 1194 1594 pro
1245 1522 1472 1578 mortuis
1511 1519 1730 1576 omnino

107 1615 420 1688 degamus,
441 1613 484 1670 si
507 1627 630 1688 spes
654 1628 764 1670 non
789 1623 894 1684 est,
913 1615 1036 1687 quia
1065 1623 1186 1686 post
1211 1621 1436 1670 mortem
1459 1611 1730 1668 vivamus?

103 1707 236 1764 Cur
281 1717 464 1764 autem
506 1715 561 1764 et
601 1705 944 1779 quotidianis,
977 1705 1168 1778 inquit,
1213 1703 1414 1762 subdor
1460 1704 1728 1776 periculis,

117 1799 181 1855 in
227 1807 470 1856 mortem
505 1799 706 1872 iugiter
743 1799 1013 1868 incidens,
1057 1815 1216 1872 quam
1263 1797 1498 1854 inferunt
1546 1812 1732 1868 perse-

107 1899 398 1962 quentes,
444 1899 505 1948 ut
553 1891 622 1946 de
677 1891 871 1947 vestris
921 1899 1044 1946 ante
1091 1891 1255 1946 Deum
1300 1889 1500 1962 possim
1554 1889 1734 1964 prole-

113 1981 314 2038 ctibus
355 1981 596 2054 gloriari,
629 1983 675 2038 si
707 1983 906 2038 mortui
933 1997 1040 2038 non
1072 1983 1396 2055 resurgunt?
1422 1981 1531 2038 Cur
1555 1990 1733 2040 autem

115 2083 182 2131 et
209 2073 513 2132 secundum
536 2075 808 2130 hominem
832 2076 1060 2146 pugnavi
1088 2073 1275 2131 bestiis
1299 2074 1518 2147 Ephesi,
1549 2073 1602 2132 id
1629 2083 1730 2140 est,

121 2179 232 2221 cur
251 2165 486 2221 sustinui
509 2165 784 2222 bestialem
807 2163 1183 2224 seditiosorum
1207 2164 1465 2232 furorem,
1484 2165 1529 2219 si
1553 2165 1731 2224 adhuc

123 2263 293 2311 nutat
319 2255 464 2326 quod
511 2255 709 2311 mortui
739 2253 1062 2330 resurgunt?
1110 2254 1289 2311 Nolite
1333 2255 1551 2310 seduci:
1578 2255 1735 2314 bonos

125 2359 306 2404 Mores
348 2358 683 2419 corrumpunt
721 2349 978 2422 colloquia
1017 2348 1175 2404 mala.
1210 2348 1566 2422 Ignorantiam
1603 2349 1736 2406 enim

132 2437 238 2494 Dei
263 2439 476 2512 quidam
501 2439 684 2494 habent
712 2455 730 2495 :
763 2439 833 2494 ad
857 2441 1203 2512 confusionem
1229 2441 1366 2496 vobis
1387 2443 1498 2496 dico
1533 2439 1585 2515 (Ι
1614 2441 1732 2498 Cor.

133 2543 240 2598 xv,
282 2529 497 2606 29-54).
531 2534 715 2600 Amor,
748 2532 920 2604 inquit
974 2543 1313 2604 peccatorum
1359 2529 1603 2590 difﬁdere
1641 2549 1737 2594 vos

134 2621 338 2678 euadat
381 2621 447 2678 de
496 2622 732 2679 futuris:
781 2631 1000 2694 putatur
1044 2641 1150 2679 non
1198 2639 1319 2680 esse
1353 2623 1634 2696 judicium,
1679 2633 1738 2680 ut

138 2711 352 2784 majore
399 2723 654 2785 peccetur
695 2715 938 2772 audacia.
969 2709 1222 2786 Omnino,
1269 2717 1456 2788 inquit,
1491 2718 1738 2788 nesciupt

141 2807 434 2864 aestimare
458 2808 648 2874 Deum,
679 2808 770 2879 qui
800 2807 1101 2865 inﬂciantur
1136 2808 1572 2866 resurrectioni'.
1619 2809 1735 2866 Non

139 2913 276 2972 ergo
323 2899 496 2955 solum
545 2901 1066 2969 remunerationem,
1099 2897 1194 2957 sed
1243 2903 1496 2966 virtutem
1543 2901 1738 2958 divini-

145 2990 274 3046 tatis
309 2991 534 3064 negatis,
563 2989 704 3048 unde
746 2989 973 3048 nimium
1015 2992 1226 3049 debetis
1269 2994 1608 3057 erubescere.
1655 2993 1739 3050 Ad

150 3082 522 3140 confusionem
549 3081 701 3140 vobis
742 3083 888 3151 dico,
919 3098 1080 3157 posse
1107 3085 1245 3142 inter
1275 3099 1370 3144 vos
1413 3087 1548 3142 tales
1571 3099 1737 3158 quos-

149 3174 294 3246 piam
321 3173 566 3248 reperiri.

221 3269 355 3325 Ave.
393 3267 457 3324 Et
503 3269 588 3324 hic
617 3265 994 3338 nihil-prorsus
1027 3265 1170 3340 quod
1201 3265 1267 3324 ad
1299 3285 1412 3325 rem
1452 3269 1738 3341 pertineat,

149 3375 272 3432 qua:
297 3362 350 3418 in
373 3371 553 3418 nostra
580 3361 971 3434 disceptatione
995 3373 1262 3434 versatur,
1293 3359 1476 3420 dicere
1504 3363 1738 3423 voluisti.

153 3454 386 3512 Proinde
409 3455 586 3511 verbis
611 3455 854 3527 Apostoii
880 3497 894 3522 ,
947 3471 1067 3526 quae
1096 3471 1192 3534 pro
1228 3466 1322 3511 tuo
1363 3466 1522 3528 captu
1551 3457 1740 3528 expla-

153 3563 287 3604 nare
328 3559 550 3605 conatus
588 3563 678 3615 es,
734 3551 856 3621 quia
899 3565 960 3604 ea
997 3565 1114 3621 quae
1155 3547 1376 3618 dixisti,
1421 3551 1662 3622 quamvis
1688 3551 1743 3617 in

155 3641 426 3698 nonnullis
452 3655 668 3698 sensum
699 3659 807 3698 non
853 3644 1088 3702 tenueris
1117 3643 1234 3716 ejus
1263 3645 1495 3702 auctoris
1519 3687 1534 3712 ,
1566 3651 1746 3716 tamen

157 3747 264 3790 non
293 3745 418 3790 sunt
452 3745 638 3791 contra
664 3729 821 3792 fidem
843 3779 857 3802 ,
897 3753 1001 3792 non
1030 3751 1165 3806 opus
1205 3735 1378 3794 habeo
1419 3737 1747 3808 rcSpoudere

159 3828 498 3901 multiloquio
527 3837 641 3886 tuo.

233 3917 470 3978 XXXIX.
519 3921 636 3978 Jun.
688 3917 797 3978 Sed
838 3919 966 3976 dicet
1010 3917 1194 3992 aliquis
1225 3937 1244 3976 :
1273 3920 1536 3990 Quomodo
1579 3939 1750 3989 resur.

161 4023 283 4088 gunt
307 4012 535 4070 mortui?
564 4029 662 4093 quo
692 4023 858 4068 autent
887 4013 941 4068 in
963 4030 1178 4086 corpore
1203 4015 1446 4072 veniunt?
1471 4013 1750 4091 Insipiens,

164 4118 218 4162 tu
245 4107 374 4179 quod
407 4100 626 4163 seminus
663 4125 764 4163 non
804 4107 1084 4178 vivi/icatur
1108 4149 1123 4176 ,
1175 4107 1275 4164 nisi
1315 4110 1457 4180 prius
1481 4112 1750 4172 moriatur.

168 4194 290 4256 Non
333 4203 493 4256 omnis
529 4214 651 4256 caro
685 4194 861 4259 eadem
904 4217 1061 4268 caro;
1108 4196 1215 4255 alia
1263 4201 1467 4272 quidem
1509 4201 1750 4270 hominis,

167 4290 272 4350 alia
295 4293 517 4366 pecoris;
551 4294 656 4350 alia
682 4312 800 4350 caro
824 4293 1107 4350 volatilium
1126 4337 1142 4364 ,
1173 4295 1277 4350 alia
1301 4305 1469 4354 autem
1495 4297 1710 4368 piscium
1729 4311 1756 4354 :.

169 4391 216 4440 et
244 4401 449 4458 corpora
467 4386 687 4442 cwlestia
717 4397 762 4442 et
792 4387 1046 4442 terrestria
1058 4403 1092 4458 ;_
1117 4383 1206 4442 sed
1227 4389 1331 4442 alia
1359 4389 1562 4460 quidem
1591 4388 1744 4462 caele;-

169 4477 312 4535 stium
335 4477 561 4546 claritas,
587 4477 692 4534 alia
715 4494 830 4534 vero
863 4480 1212 4548 terrestrium;
1241 4481 1345 4536 alia
1371 4481 1578 4560 claritas
1603 4483 1750 4550 solis,

175 4581 222 4628 et
249 4571 346 4626 alia
369 4572 573 4627 claritas
613 4575 748 4628 lunae
767 4614 783 4640 ,
833 4581 880 4628 et
906 4569 1011 4628 alia
1037 4572 1246 4630 claritas
1272 4559 1533 4628 stellarum
1563 4559 1756 4632 istella

175 4665 303 4720 enim
326 4681 358 4718 a
393 4660 542 4720 stella
571 4663 744 4733 cli/Tert
786 4663 840 4720 in
875 4664 1072 4740 gloria;
1116 4660 1186 4720 ita
1214 4674 1262 4720 et
1299 4666 1594 4725 resurrectio
1618 4683 1756 4722 more

175 4769 386 4814 tuorum.
437 4755 735 4816 Seminatur
772 4763 828 4813 in
852 4757 1205 4829 corruptione,
1251 4766 1424 4830 surget
1449 4758 1502 4814 in
1523 4758 1755 4816 incorru-

177 4851 338 4924 prela;
365 4849 643 4911 seminatur
669 4849 726 4913 in
743 4849 1054 4924 ignominia,
1081 4859 1250 4921 surget
1281 4850 1337 4906 in
1363 4849 1566 4921 gloria;
1605 4833 1758 4906 serui-3

177 4951 320 4999 natur
333 4944 389 4998 in
411 4941 726 5016 inﬁrmitate,
759 4952 930 5016 surget
955 4943 1008 4998 in
1032 4935 1244 5008 virtute;
1277 4943 1556 4998 seminatur
1575 4958 1756 5016 carpas

179 5033 419 5102 animale,
457 5039 626 5112 surget
653 5048 839 5106 corpus
873 5033 1158 5107 spirituale.
1207 5033 1296 5100 Sic
1323 5035 1479 5092 etiam
1512 5035 1758 5106 scriptum

185 5131 249 5183 est
273 5145 290 5182 :
317 5117 510 5180 Factus
529 5135 601 5180 est
627 5123 776 5180 homo
812 5123 1006 5198 primus
1045 5121 1211 5178 Adam
1248 5125 1302 5179 in
1330 5125 1554 5181 animam
1586 5127 1762 5184 viven-.

183 5229 295 5286 tem,
317 5219 611 5275 novissimus
640 5219 804 5274 Adam
827 5219 881 5273 in
911 5205 1145 5292 spiritum
1166 5219 1518 5289 viviﬁcantem.
1550 5219 1758 5276 Primus

185 5312 322 5365 homo
345 5311 408 5365 de
434 5320 570 5366 terra
588 5353 604 5380 ,
637 5311 886 5368 terrestris
908 5327 928 5378 ,'
955 5311 1206 5366 secundus
1231 5299 1382 5368 homo
1403 5312 1468 5368 de
1486 5311 1632 5380 coelo,
1657 5329 1759 5371 εα-

187 5403 312 5458 lestis
345 5419 364 5458 :
395 5403 562 5474 qualis
615 5403 862 5458 terrestris
885 5443 902 5471 ,
963 5403 1090 5461 tales
1133 5411 1182 5463 et
1224 5406 1408 5462 ten-aii
1422 5421 1442 5472 ;
1494 5415 1542 5460 et
1587 5406 1758 5478 qualis

187 5496 412 5562 celatis,
453 5497 582 5552 ωιω
617 5507 665 5552 et
695 5495 937 5552 adesus.
969 5492 1118 5552 Sicut
1144 5500 1454 5568 portavimus
1478 5495 1754 5573 imaginem

191 5589 436 5672 terrestris,
453 5585 708 5663 portemus
727 5589 878 5648 etiam
893 5587 1166 5662 imaginem
1179 5591 1318 5648 illius
1335 5594 1548 5650 calestis
1571 5593 1620 5666 (Ι
1630 5595 1731 5649 bid.
1742 5634 1758 5662 ,-

251 5725 604 5792 {CodexPort.,
625 5724 774 5792 quod»

251 5787 364 5871 ξε
399 5790 516 5841 editi
546 5785 756 5871 addunt,
803 5785 948 5840 etiam
985 5788 1338 5852 defunctorum.
1362 5791 1510 5846 Abest;
1533 5804 1561 5844 ι
1586 5801 1762 5849 m-
1819 5806 1821 5809 '

491 5920 563 5990 _A_t
585 5914 723 5989 editi,
745 5911 1024 5982 inﬁciantur
1047 5912 1464 5967 resurrectionem.

1505 381 1706 445 LIBER
1741 375 2028 446 SEXTUS.

3274 395 3410 453 £598

1829 497 2040 574 ὅδ’-49).
2091 499 2470 564 Dillioultatem
2513 505 2600 565 rei
2625 505 2885 580 exemplis
2909 507 3156 577 edomat,
3201 520 3256 568 et
3279 510 3412 568 dicit

1827 591 1957 669 nihil
1985 609 2104 652 esse
2142 597 2470 670 impossibile
2494 643 2510 672 ,
2551 617 2672 658 cum
2711 604 3098 676 omnipotentis
3131 605 3412 675 pollicetur

1827 683 2092 742 effectum.
2137 689 2242 746 Sed
2287 692 2424 748 sicut
2452 695 2898 751 resurrectionem
2923 711 3206 768 corporum
3243 711 3412 756 semt-

1825 793 1952 864 num
1983 777 2268 837 collatione
2306 785 2684 855 commendat,
2722 787 2796 843 ita
2826 787 2984 846 etiam
3020 789 3411 860 resurgentium

1827 863 2186 926 diversitatem
2213 883 2580 932 creaturarum
2603 879 2950 934 varietatibus
2977 879 3150 950 aperit
3185 897 3200 934 :
3241 888 3412 938 totum

1829 969 2004 1018 tamen
2046 962 2282 1036 loquitur
2305 965 2373 1022 de
2399 969 2794 1026 resurrectione
2828 973 3126 1026 beatorum.
3173 969 3413 1026 Semina-

1829 1061 1926 1119 tur,
1963 1053 2166 1128 inquit,
2213 1056 2264 1110 in
2295 1057 2574 1130 ignominia
2594 1101 2608 1123 ,
2635 1069 2805 1138 surget
2835 1061 2886 1114 in
2911 1061 3117 1134 gloria;
3140 1062 3417 1120 seminatur

1828 1147 1881 1202 in
1904 1147 2198 1217 inﬁrmitate
2218 1191 2235 1218 ,
2270 1161 2439 1222 surget
2472 1152 2526 1207 in
2560 1153 2779 1217 virtute;
2805 1149 3080 1210 seminatur
3105 1171 3287 1226 corpus
3305 1155 3417 1210 ani-

1831 1243 1981 1310 male,
2005 1255 2175 1318 surget
2201 1263 2386 1318 corpus
2406 1247 2691 1320 spirituale.
2727 1247 2836 1305 Hoc
2861 1259 3008 1306 certe
3026 1251 3126 1308 nisi
3149 1251 3204 1306 in
3218 1253 3419 1306 sanctis

1833 1333 2040 1407 impleri
2071 1352 2178 1392 non
2208 1347 2386 1410 potest
2416 1357 2428 1393 :
2470 1339 2617 1411 impii
2661 1344 2873 1414 quoque
2897 1343 2916 1374 ¹
2948 1357 3054 1398 non
3096 1343 3149 1400 in
3193 1342 3418 1417 gloriam

1833 1426 2164 1493 excitantur,
2205 1427 2300 1484 sed
2329 1429 2381 1484 in
2410 1431 2755 1500 opprobrium
2781 1475 2795 1502 ,
2825 1435 2964 1490 sicut
2986 1433 3245 1508 propheta
3272 1447 3414 1490 asse-

1833 1521 1922 1587 rit,
1961 1523 2345 1594 sempiternum
2379 1523 2593 1598 (Jerem.
2626 1542 2802 1594 xxiii,
2841 1528 2956 1598 40),
3007 1527 3422 1598 llicopportum

1835 1611 2138 1669 distantiam
2177 1624 2382 1672 natura:
2407 1625 2565 1688 atque
2594 1617 2780 1689 gratia:
2817 1616 2974 1686 facit;
3006 1615 3424 1686 recordaturque

1837 1702 2127 1758 testimonii
2164 1706 2365 1760 veteris
2396 1722 2502 1776 quo
2544 1707 2746 1766 dictum
2786 1715 2904 1774 est,
2947 1707 3138 1766 Factus
3169 1716 3244 1764 est
3275 1707 3425 1765 homo

1816 1795 2032 1864 primus
2062 1795 2226 1851 Adam
2249 1795 2304 1852 in
2335 1799 2557 1852 animam
2577 1799 2821 1854 viventem
2847 1815 2866 1854 :
2895 1798 3184 1869 subditque
3209 1797 3278 1854 de
3303 1811 3421 1866 ευρ,

1837 1891 2138 1946 novissimus
2161 1891 2330 1949 Adam
2357 1892 2411 1949 in
2437 1892 2672 1965 spiritum
2697 1893 3048 1964 viviﬁcantem.
3077 1889 3428 1960 Ostenditque

1839 1981 2258 2038 immortalitatis
2297 1981 2438 2040 dona
2483 1981 2548 2038 ad
2587 1981 2947 2041 viviﬁcantem
2983 1981 3226 2054 spiritum
3266 1979 3428 2050 perti-

1839 2089 1969 2132 nere
2000 2091 2014 2127 :
2041 2075 2274 2130 animam
2321 2089 2451 2131 vero
2496 2075 2669 2132 solum
2724 2074 3022 2146 viventem,
3069 2072 3137 2134 ad
3183 2080 3428 2142 naturam

1839 2163 2160 2240 quandoque
2208 2163 2550 2222 morientem.
2600 2165 2716 2226 Non
2757 2176 3032 2244 estergo,
3079 2164 3282 2235 inquit,
3326 2163 3428 2232 hoc

1838 2257 2026 2314 vivens
2065 2257 2208 2332 quod
2254 2259 2528 2314 viviﬁcans
2561 2277 2574 2314 :
2605 2257 2880 2314 viviﬁcaris
2931 2266 3054 2326 est,
3101 2255 3194 2328 qui
3219 2253 3430 2312 confert

1841 2351 2293 2409 immortalitatem
2321 2392 2334 2421 ,
2375 2367 2534 2426 quam
2573 2350 2791 2410 Christo
2831 2350 3062 2422 applicat
3093 2367 3107 2404 :
3139 2349 3324 2407 vivens
3349 2355 3432 2404 est

1840 2455 2017 2502 autem
2045 2487 2059 2514 ,
2091 2444 2184 2516 qui
2209 2445 2316 2500 vita
2349 2446 2513 2501 utitur
2537 2447 2585 2515 ’,
2617 2443 2716 2504 sed
2740 2459 2847 2500 non
2873 2441 3106 2500 excludit
3129 2439 3430 2499 mortalita-

1837 2539 1974 2593 ‘tem.
2030 2537 2171 2608 Ergo
2201 2535 2304 2592 hoc
2348 2547 2629 2608 utramque
2672 2537 2992 2601 sententiam
3020 2531 3130 2588 ﬁne
3154 2529 3429 2598 discrevit,

1843 2638 1904 2686 ut
1933 2629 2242 2685 ostenderet
2271 2627 2442 2690 Adam
2483 2630 2680 2686 factum
2705 2643 2827 2684 esse
2853 2629 3124 2682 viventem
3145 2665 3162 2692 ,
3199 2623 3294 2682 sed
3324 2637 3432 2681 non

1846 2723 2204 2779 immortalem
2231 2741 2246 2789 ;
2293 2721 2569 2780 Christum
2599 2730 2780 2782 autem
2806 2720 2859 2776 in
2895 2719 3144 2791 spiritum
3165 2758 3180 2782 .
3209 2733 3320 2774 non
3345 2731 3435 2772 soa-

1845 2817 1954 2872 lunt
1983 2817 2266 2886 viventem,
2298 2831 2484 2876 verum
2513 2815 2674 2872 etiam
2699 2813 3064 2872 conferentem
3088 2809 3436 2871 resurrectio-

1846 2923 1968 2964 nem
1985 2949 2000 2973 ,
2031 2909 2142 2963 suis
2172 2907 2458 2982 gloriosam
2483 2949 2500 2976 ,
2525 2907 2777 2965 omnibus
2800 2917 3079 2962 aeternam.
3413 2949 3418 2954 .

1917 3003 2053 3057 Anc.
2079 2999 2348 3074 Numquid
2375 2993 2498 3062 ideo
2517 3001 2806 3056 moriturus
2828 2997 3001 3056 fuerat
3017 2996 3208 3063 Adam,
3225 2993 3437 3056 etiamsi

1848 3107 1954 3146 non
1981 3099 2285 3162 peccasset,
2333 3091 2457 3162 quia
2494 3090 2552 3148 in
2580 3105 2808 3164 corpore
2836 3088 3086 3156 animali,
3131 3103 3238 3144 non
3280 3085 3440 3156 spiri-

1849 3183 2009 3250 tuaii,
2059 3191 2174 3238 crat
2201 3181 2410 3240 lactus?
2457 3179 2686 3240 Prorsus
2711 3196 2890 3250 erras,
2931 3181 2978 3238 si
3015 3187 3301 3252 propterea
3343 3191 3441 3244 no-

1849 3289 2002 3331 cessc
2038 3274 2190 3330 nobis
2219 3288 2340 3330 esse
2366 3273 2646 3330 arbitraris
2665 3315 2682 3342 ,
2722 3271 3027 3346 paradisum
3059 3271 3153 3331 Dei
3176 3269 3440 3333 mortibus

1847 3361 2131 3438 poenisque
2159 3366 2536 3434 morientium,
2564 3375 2840 3440 postremo
2866 3362 3178 3436 ignominia,
3214 3359 3444 3419 inﬁrmi-.-

1852 3459 1986 3524 late,
2019 3456 2393 3526 corruptione,
2423 3456 2477 3511 in
2509 3457 2704 3528 quibus
2729 3470 2867 3512 nunc
2891 3453 3142 3510 animalia
3168 3451 3442 3513 hominum

1851 3564 2078 3620 corpora
2123 3549 2490 3618 seminantur,
2538 3549 2780 3622 implere.
2825 3547 3055 3620 Lignum
3097 3545 3246 3604 enim
3288 3545 3436 3612 vitae.

1853 3644 2072 3714 quodin
2118 3641 2364 3716 paradiso
2399 3659 2498 3706 suo
2537 3643 2792 3716 plantavit
2819 3642 2998 3710 Deus,
3042 3639 3206 3698 etiam
3247 3651 3445 3708 corpus

1854 3737 2084 3792 animale
2137 3735 2457 3795 defendebat
2499 3751 2530 3793 a
2573 3745 2782 3802 morte,
2827 3733 3001 3790 donec
3049 3729 3446 3804 perseverantis

1854 3827 2174 3886 obedientiue
2196 3827 2390 3886 merito
2413 3868 2430 3895 ,
2458 3827 2513 3885 in
2534 3827 2758 3898 gloriam
2781 3824 3110 3898 spiritualem
3126 3863 3142 3890 ,
3173 3837 3336 3894 quam
3358 3835 3447 3886 re»

1853 3933 2136 3994 surgentes
2165 3920 2394 3978 habituri
2419 3929 2542 3976 sunt
2561 3919 2713 3990 justi,
2732 3919 2848 3976 sine
2863 3926 3036 3986 morte
3059 3913 3447 3978 intcer

1853 4015 2124 4072 transiret.
2169 4011 2379 4070 Iustum
2409 4013 2552 4070 enim
2594 4019 2710 4070 erat
2745 4019 2805 4068 ut
2847 4011 3026 4083 imago
3051 4009 3146 4066 Dei
3174 4006 3325 4066 nullo
3357 4004 3444 4064 lus

1855 4118 2000 4166 scata
2031 4117 2086 4164 ct
2123 4108 2358 4166 obsoleta
2406 4114 2660 4178 peccato,
2705 4101 2798 4162 tali
2841 4105 3173 4168 insisteretur
3209 4099 3445 4170 corpori,

1855 4182 2100 4276 quamvis
2122 4199 2190 4256 de
2211 4206 2425 4256 terrena
2453 4197 2677 4255 materie
2699 4203 2883 4254 creato
2916 4203 3080 4266 atque
3101 4193 3364 4257 formato.
3388 4196 3450 4249 ιιι

1859 4296 1908 4352 ei
1939 4295 2004 4350 (lc
2045 4295 2188 4368 ligno
2216 4294 2339 4352 vitae
2365 4291 2765 4356 subministrata
2799 4287 3012 4346 vivendi
3041 4285 3310 4348 stabilitas
3325 4297 3450 4354 pos-

1856 4395 2132 4453 maneret;
2164 4401 2228 4443 ac
2266 4385 2470 4445 viveret
2511 4382 2726 4446 interim
2754 4397 2853 4454 per
2883 4381 3118 4438 animant
3155 4378 3452 4444 viventem.

1857 4493 2016 4550 quam
2043 4478 2188 4536 nulla
2215 4479 2283 4534 ab
2321 4477 2412 4534 illo
2451 4474 2746 4534 necessum
2769 4481 3086 4545 separaret;
3115 4477 3282 4539 atque
3301 4466 3456 4535 inde.

1857 4581 2077 4642 propter
2096 4569 2457 4628 obedientiam
2480 4565 2822 4633 custoditum,
2863 4564 2932 4624 ad
2963 4561 3320 4626 vivificantem
3341 4560 3458 4630 “iis

1859 4665 2020 4720 ritum
2052 4661 2402 4735 perveniret,
2445 4662 2520 4718 ita
2545 4668 2603 4718 ut
2641 4675 2750 4725 non
2795 4657 2847 4738 ei
2893 4655 3298 4720 subtrahuntur
3335 4653 3457 4710 lima

1858 4757 1964 4814 vita
1993 4758 2168 4816 minor
2191 4798 2206 4820 ,
2251 4755 2344 4812 ubi
2365 4763 2420 4810 et
2441 4755 2580 4812 mori
2609 4759 2668 4812 et
2689 4767 2798 4810 non
2825 4750 2962 4810 mori
2999 4756 3206 4820 posset,
3240 4745 3338 4806 sed
3361 4745 3452 4810 illa

1861 4849 2090 4920 amplior
2114 4847 2404 4904 adderetur
2421 4889 2436 4916 ,
2462 4846 2554 4905 ubi
2579 4844 2789 4904 viveret
2813 4843 2934 4900 sine
2959 4841 3118 4900 ullius
3139 4839 3271 4910 ligni
3287 4837 3460 4896 bauer.

1861 4937 1985 4996 licio
2004 4981 2020 5008 ,
2053 4939 2299 5010 morique
2325 4952 2430 4994 non
2470 4945 2672 5010 possiet.
2713 4935 2847 4994 Nam
2875 4948 3058 5006 quaero
3079 4947 3111 4988 a
3138 4939 3194 4991 te
3215 4929 3276 4988 in
3310 4928 3484 5010 quali-2

1863 5005 2090 5104 corpore
2119 5005 2262 5089 nunc
2285 5044 2408 5087 esse
2445 5005 2719 5088 esistimes
2757 5005 2928 5086 Eliam
2966 5034 3020 5090 et
3061 5023 3282 5090 Enoclt;
3334 5005 3485 5127 snit!

1863 5123 1991 5182 mali
2008 5166 2022 5190 ,
2057 5140 2126 5186 an
2153 5121 2452 5196 spirituali?
2475 5121 2536 5180 Si
2563 5121 2793 5187 dixeris,
2824 5119 3052 5176 Animali
3079 5135 3094 5172 :
3117 5132 3216 5174 cur
3239 5129 3350 5172 non
3373 5113 3456 5169 vis

1865 5215 2087 5272 credere
2114 5215 2282 5272 Adam
2297 5251 2315 5284 ,
2339 5223 2394 5271 et
2425 5215 2592 5273 Evam
2612 5254 2630 5282 ,
2654 5221 2709 5269 et
2735 5221 2982 5285 posteros
3001 5223 3188 5272 eorum
3203 5243 3222 5272 ,
3243 5205 3290 5260 si
3311 5216 3454 5272 pm-

1867 5321 2076 5380 ceptum
2111 5308 2200 5371 Dei
2228 5307 2374 5364 nulla
2411 5305 2846 5380 praevaricatione
2874 5300 3170 5364 violarent,
3211 5293 3470 5366 quamvis

1869 5401 1921 5456 in
1951 5415 2178 5470 corpore
2204 5399 2417 5454 animali
2442 5441 2458 5465 ,
2489 5399 2558 5453 ita
2589 5397 2754 5452 fuisse
2778 5394 3044 5456 victuros,
3072 5397 3132 5444 ut
3159 5394 3300 5442 nunc
3327 5385 3349 5416 ³
3377 5384 3456 5439 vi-

1869 5502 2000 5556 vunt
2031 5491 2156 5549 isti?
2184 5489 2640 5564 Quandoquidem.
2657 5488 2728 5543 ibi
2755 5491 2910 5543 erant
2933 5483 3030 5548 illi.
3073 5494 3182 5552 quo
3208 5475 3453 5535 translati

1871 5593 1996 5640 sunt
2033 5583 2160 5650 isti;
2211 5593 2265 5637 et
2312 5581 2420 5651 illic
2462 5582 2645 5636 vivunt
2693 5579 2814 5646 isti,
2855 5573 2998 5632 unde
3033 5581 3092 5628 ut
3118 5573 3478 5627 morerentur"

1871 5675 2027 5748 eisuti
2070 5661 2204 5730 sunt
2234 5673 2330 5728 illi.
2383 5671 2668 5744 Corporalc
2710 5683 2936 5741 namque
2973 5663 3175 5760 lignum
3218 5661 3340 5719 vita:
3379 5661 3482 5720 sb:

1931 5787 2138 5856 ’,νων
2494 5845 2505 5855 .
2541 5844 2554 5856 .

1949 5850 2054 5898 ’διε
2079 5856 2185 5898 Mss.
2206 5854 2258 5896 in
2277 5849 2441 5908 vigu.,
2458 5849 2589 5897 vivit.

1951 5908 2276 5979 ‘Vignierius,
2297 5921 2409 5964 non.
2433 5911 2492 5964 At
2511 5915 2641 5970 uss.
2661 5917 2824 5994 mmet
