4022 6486
539 345 679 404 1599

536 449 700 518 vitam
739 464 1177 524 subministrabat
1217 470 1536 544 corporibus
1575 473 1929 542 animalibus,
1977 479 2116 535 sicut

536 557 807 622 spirituale
833 557 1031 630 lignum
1062 561 1216 626 vitat,
1244 563 1386 634 quod
1417 573 1498 620 est
1525 565 1618 620 Dei
1645 568 1926 638 sapientia,
1957 569 2119 626 vitam

533 647 818 702 salutifera:
866 649 1124 707 doctrinm
1167 655 1368 710 sanctis
1412 657 1680 714 mentibus
1724 660 2117 717 subministrat.

533 735 684 793 Unde
721 743 958 797 nonnulli
989 743 1288 802 divinorum
1316 747 1648 820 eloquiorum
1673 753 1834 808 etiam
1868 753 2118 812 catholici

455 867 461 882 ι
531 833 848 886 tractatores
879 833 1180 900 paradisum
1226 839 1552 910 spiritualcm
1596 842 1974 899 commendare
1997 860 2116 900 ma-

453 913 458 940 ‘
530 915 776 985 luerunt;
809 937 914 977 non
939 933 1116 982 tamen
1145 927 1382 986 historiae
1420 931 1730 990 resistentes
1749 976 1764 1002 ,
1794 951 1913 1006 qua:
1937 947 2121 992 osten-

527 1007 606 1064 dit
647 1011 948 1071 evidentius
988 1021 1341 1092 corporalem.
1389 1023 1446 1079 Si
1489 1040 1617 1080 vero
1666 1027 1848 1082 Enoch
1887 1035 1943 1083 et
1985 1027 2113 1085 Elite

528 1101 803 1168 spirituale
817 1105 926 1176 jam
951 1124 1146 1178 corpus
1175 1128 1295 1170 esse
1319 1117 1664 1188 responderis
1697 1137 1712 1176 :
1742 1133 1839 1175 cur
1867 1137 1972 1176 non
2003 1123 2113 1194 pri-

529 1205 736 1250 morum
775 1197 1050 1258 hominum
1074 1245 1090 1268 ,
1139 1215 1194 1262 et
1221 1223 1405 1264 eorum
1435 1212 1522 1280 qui
1561 1228 1629 1268 ex
1657 1213 1762 1269 illis
1797 1231 1893 1284 per
1917 1216 2112 1272 seriem

525 1289 880 1345 successionis
905 1305 1272 1366 nascerentur,
1301 1301 1344 1356 si
1372 1303 1574 1358 nullum
1609 1315 1882 1375 peccatum
1911 1309 2112 1364 existe-

523 1383 625 1442 ret,
653 1381 794 1447 quod
821 1382 944 1437 illos
964 1401 992 1439 a
1021 1387 1163 1458 ligno
1189 1389 1312 1445 vita:
1341 1393 1531 1449 merito
1557 1406 1850 1466 separaret,
1881 1399 2111 1456 animale

521 1477 718 1533 corpus
779 1470 829 1524 in
879 1475 1158 1543 Spirituale
1216 1481 1453 1549 potuisse
1502 1486 1727 1541 transire
1773 1487 1890 1544 sine
1935 1497 2110 1546 morte

517 1555 694 1610 media
719 1560 990 1618 conﬁteris
1017 1565 1035 1597 ¹
1055 1607 1070 1629 ,
1103 1583 1170 1623 ne
1199 1571 1498 1639 paradisum
1529 1574 1658 1644 Dei,
1700 1593 1766 1634 ne
1795 1580 1968 1635 locum
1991 1581 2108 1637 feli-

517 1645 658 1700 cium
684 1651 1018 1718 gaudiorum,
1046 1661 1220 1728 poenis
1245 1665 1494 1719 mortium
1521 1671 1717 1738 atque’
1735 1673 2098 1741 morientium,

515 1743 570 1790 et
595 1737 1070 1803 innumerabilibus
1099 1753 1494 1812 mortiferorum
1533 1761 1840 1818 morborum
1866 1767 2106 1822 cruciati-

513 1825 613 1882 bus
632 1830 852 1901 implere
875 1840 1122 1907 cogaris?

587 1917 698 1975 XL.
724 1922 842 1979 JUL.
887 1927 993 1982 Sed
1019 1947 1120 1986 non
1146 1937 1363 2004 primum
1383 1983 1398 2008 ,
1443 1941 1614 2014 inquit
1631 1987 1645 2008 ,
1673 1947 1810 2016 quod
1837 1950 2102 2019 spirituale

509 2017 616 2076 est;
663 2015 754 2068 sed
791 2020 926 2084 quod
961 2025 1184 2080 animale
1205 2045 1226 2084 :
1251 2030 1434 2086 deinde
1455 2075 1471 2101 ,
1517 2038 1654 2106 quod
1686 2015 1960 2106 spirituale
2001 2052 2093 2098 est.

507 2097 718 2160 Primus
755 2108 904 2166 homo
938 2113 1002 2169 de
1042 2129 1176 2174 terra
1197 2162 1211 2185 ,
1250 2131 1531 2193 terrestris;
1573 2135 1824 2188 secundus
1853 2135 2003 2191 homo
2032 2137 2096 2193 de

503 2195 628 2250 caelo
651 2240 666 2264 ,
716 2201 929 2258 caelestis
959 2223 980 2261 :
1005 2209 1136 2265 sicut
1167 2219 1476 2284 portavimus
1513 2221 1788 2294 imaginem
1824 2231 2089 2298 terrestris,

503 2297 758 2352 portemus
804 2305 850 2348 et
887 2298 1156 2370 imaginem
1195 2306 1336 2362 illius
1377 2311 1608 2370 ccclestis.
1663 2317 1861 2386 Aperte
1899 2337 2090 2393 nempe

501 2381 692 2436 transit
739 2386 805 2440 ad
850 2391 1023 2445 studia
1051 2435 1066 2458 ,
1119 2397 1341 2469 vultque
1391 2411 1596 2460 tantum
1643 2407 1902 2467 interesse
1949 2413 2090 2470 inter

497 2475 822 2537 praeteritam
873 2493 1106 2540 nostram
1150 2497 1206 2544 et
1237 2503 1553 2560 praesentem
1597 2505 2082 2575 conversationem,

493 2573 746 2630 quantum
788 2569 1008 2629 interest
1035 2575 1174 2633 inter
1211 2585 1588 2646 mortalitatem
1617 2600 1673 2646 et
1709 2594 2083 2654 immortalita-

493 2659 620 2706 tem.
653 2655 876 2726 Primus,
911 2665 1101 2737 inquit,
1135 2671 1285 2748 homo
1311 2675 1374 2730 de
1403 2687 1558 2749 terra,
1587 2687 1874 2752 terrestris;
1897 2705 2078 2744 secun-

487 2745 586 2799 dus
625 2749 775 2808 homo
809 2756 872 2809 de
898 2761 1023 2813 cmlo
1047 2802 1061 2823 ,
1103 2745 1316 2823 cwlestis
1347 2785 1368 2824 :
1406 2774 1620 2830 nomine
1659 2777 2076 2838 substantiarum

485 2843 742 2908 propositi
779 2845 974 2904 indicat
1001 2853 1384 2915 diversitatem.
1421 2862 1606 2935 Neque
1641 2870 1784 2924 enim
1810 2871 2072 2944 Christus,

482 2944 640 2999 quem
689 2936 954 2996 hominem
1003 2949 1274 3006 caelestem
1317 2967 1505 3026 vocat,
1552 2975 1767 3018 carnem
1812 2981 1960 3020 suam
2003 2969 2072 3024 de

384 3056 396 3066 -
479 3025 619 3079 ctelo
647 3027 928 3098 deposuit,
970 3053 1127 3107 quam
1169 3042 1237 3098 de
1269 3025 1714 3118 semiueDavid,
1760 3057 1829 3112 de
1867 3061 2071 3117 semine

479 3115 671 3183 Adam,
705 3131 758 3176 et
783 3123 920 3180 intra
951 3131 1230 3188 mulierem
1260 3137 1328 3192 de
1355 3141 1595 3198 mulieris
1624 3162 1784 3203 carne
1810 3153 2064 3222 suscepit.

479 3202 547 3222 ...-

1769 3202 1774 3203 ,
1849 3202 2064 3222 η---,,-..

475 3202 808 3265 Terresurem
856 3232 985 3286 ergo
1023 3231 1080 3276 et
1122 3227 1392 3283 cmlcstem
1441 3233 1605 3289 refert
1643 3237 1709 3292 ad
1749 3241 1969 3299 virtutes
2012 3253 2067 3301 et

469 3295 618 3351 vitia.
669 3301 906 3374 Denique
944 3314 1185 3382 sequitur
1217 3336 1230 3373 :
1265 3319 1410 3376 Sicut
1447 3331 1757 3396 portavimus
1792 3335 2062 3408 imaginem

470 3393 756 3457 terrestris:
811 3409 1066 3468 portemus
1120 3409 1268 3464 etiam
1319 3393 1590 3488 imaginem
1637 3422 1777 3478 illius
1827 3429 2057 3488 celestis.

467 3479 558 3537 Sic
582 3494 636 3538 et
660 3487 726 3540 ad
759 3489 1027 3552 Romanos
1060 3515 1074 3553 :
1109 3500 1402 3561 Humanum
1426 3479 1524 3564 Vest
1569 3517 1708 3584 quod
1749 3479 1894 3584 dico,
1935 3541 2056 3592 pro-

465 3581 577 3640 pter
601 3575 942 3644 inﬁrmitatem
970 3592 1139 3646 carnis
1169 3605 1347 3650 vestra:
1374 3616 1395 3653 :
1421 3601 1550 3656 sicut
1589 3607 1720 3660 enim
1763 3613 2058 3671 exlcibuistis

461 3667 684 3722 membra
709 3685 869 3728 vestra
901 3682 1087 3736 seruire
1117 3685 1478 3756 inmunditiae,
1517 3705 1566 3750 et
1589 3699 1844 3771 iniquitati
1861 3705 1930 3758 ad
1949 3707 2051 3762 ini-

457 3759 738 3828 quitatem;
767 3767 840 3822 ita
877 3788 1010 3828 nunc
1039 3779 1266 3836 exhibete
1291 3787 1512 3842 membra
1551 3802 1714 3846 vestra
1751 3799 1936 3853 servire
1954 3801 2050 3870 ju-

1788 3849 1813 3850 η
1840 3849 1874 3851 ,κ
1908 3849 1930 3853 -
1954 3849 2018 3870 ρ

456 3849 605 3904 stitia
630 3855 682 3907 in
701 3861 1154 3930 mortiﬁcationem
1184 3871 1358 3942 (Rom.
1383 3893 1454 3942 vt,
1489 3880 1598 3952 l9).
1624 3883 1889 3944 Tenorem
1919 3907 2048 3946 vero

453 3947 685 4010 sequﬁns
715 3949 1103 4014 exhortationis
1130 3976 1418 4035 assumptze
1441 4012 1458 4036 ,
1503 3947 1716 4043 subdit,
1761 3980 1902 4049 quod
1943 3983 2044 4040 nisi

453 4028 818 4108 intelligatur,
868 4049 1044 4104 omnia
1089 4051 1205 4123 ejus
1250 4028 1515 4118 videbitur
1558 4065 1697 4122 dicta
1739 4028 2041 4134 subruere:

451 4119 568 4178 Hoc
581 4143 702 4197 ergo
723 4133 854 4198 dico,
888 4141 1092 4209 fratres,
1117 4119 1241 4214 auia
1262 4165 1388 4205 caro
1411 4163 1456 4208 et
1475 4161 1681 4229 sanguis
1705 4179 1915 4234 regnum
1943 4168 2042 4225 Dei

445 4219 706 4284 possidere
733 4241 832 4280 non
857 4243 1098 4300 possunt,
1133 4254 1224 4292 nec
1257 4249 1640 4314 perpetuitatem
1661 4254 1891 4313 interitus
1915 4277 2035 4328 pos-

447 4307 622 4328 ..u-.,..
673 4313 718 4328 ι.
901 4323 914 4328 -
985 4325 995 4328 -
1023 4325 1035 4328 -
1090 4327 1097 4328 κ

441 4307 640 4366 sidebit.
673 4313 875 4388 Nempe
901 4323 952 4378 in
983 4325 1065 4380 bis
1087 4327 1237 4396 locis,
1257 4307 1525 4406 inquibus
1552 4343 1682 4398 nihil
1705 4307 2033 4421 animi.

441 4394 506 4421 .._
533 4399 630 4421 -.η
669 4420 690 4421 ρ
797 4409 808 4421 -
1003 4415 1013 4421 -

1227 4394 1232 4396 _
1352 4394 1364 4406 _
1706 4394 1844 4402 --η-
1873 4394 2031 4421 νυ...

439 4394 508 4452 de
531 4399 840 4464 allii-manda
867 4415 1045 4470 carnis
1069 4426 1462 4482 resurrectione
1487 4431 1842 4506 laboraverat,
1871 4457 2031 4513 quam

439 4485 642 4513 At..-__-
672 4495 684 4513 ε
887 4501 902 4513 ι
965 4504 979 4513 -
1050 4508 1062 4513 -
1181 4511 1212 4513 --

1552 4485 1562 4487 ,
1610 4485 1842 4506 -_.--_.,
1913 4485 2027 4502 .......

435 4485 645 4547 dixerat
671 4495 722 4550 in
755 4501 902 4570 regni
929 4504 1096 4572 gloria
1113 4511 1498 4586 collocandam,
1527 4536 1670 4584 nunc
1697 4485 2027 4606 prunu‘ntiat,

431 4578 554 4695 guis
579 4597 702 4639 caro
737 4597 784 4642 et
813 4594 1022 4667 sanguis
1047 4613 1256 4673 regnum
1279 4607 1374 4662 Dei
1386 4578 2024 4695 "patientis-{QQ};

431 4667 490 4727 Si
531 4685 660 4734 caro
689 4695 796 4736 non
827 4689 1064 4756 possidet
1089 4667 1122 4758 ,⁷
1153 4694 1200 4750 si
1238 4667 1609 4771 sanguisnon'

1171 352 1420 411 OPERIS
1455 353 1868 414 IMPERFECTI
1907 359 2182 422 CONTRA
2215 363 2574 441 JULIANUM,
2613 371 2671 430 S.
2716 376 3086 440 AUGUSTlNi

3679 401 3828 464 {6N

2237 480 2448 540 illudne
2465 487 2770 561 ambiguum
2793 508 3114 566 remaneret,
3133 501 3380 570 absolvit,
3411 507 3604 566 Omnes
3619 515 3828 583 quidem

2231 589 2587 648 resurgemus;
2638 597 2765 639 ecce
2800 602 2918 656 qum
2955 598 3040 646 est
3073 594 3322 652 cxcitatio
3357 604 3666 660 communis
3693 623 3708 662 :
3737 609 3832 664 sed

2230 681 2331 721 non
2373 685 2544 726 omnes
2593 673 3005 748 immutabimur;
3058 699 3184 742 ecce
3230 689 3318 746 ubi
3365 701 3450 748 est
3497 703 3824 760 resurrectio

2227 756 2527 818 beatorum.
2561 764 2864 828 lmmutatio
2887 789 3014 846 ergo
3036 777 3086 832 in
3104 779 3324 850 gloriam
3357 785 3462 841 illis
3489 797 3696 846 tantum
3725 793 3816 849 de-

2226 845 2417 918 betur,
2456 854 2545 926 qui
2575 873 2682 912 non
2707 860 2836 916 iram
2869 845 2994 932 Dei,
3033 867 3128 922 sed
3157 887 3394 929 amorem
3425 891 3722 936 merentur.
3753 884 3822 941 In

2225 953 2492 1008 momento,
2523 947 2709 1018 inquit,
2732 951 2785 1006 in
2811 954 2916 1008 ictu
2939 959 3199 1016 oculorum
3231 963 3274 1032 ¹,
3303 965 3358 1018 in
3377 971 3656 1026 novissima
3675 977 3820 1044 tuba,

2221 1040 2270 1084 et
2311 1036 2499 1089 mortui
2535 1053 2796 1112 resurgant
2831 1044 3148 1120 incorrupti,
3190 1063 3240 1108 et
3279 1073 3372 1112 nos
3413 1060 3820 1124 immutabimur.

2222 1123 2406 1180 Denuo
2431 1127 2518 1184 hic
2563 1136 2753 1189 transit
2780 1137 2846 1191 ad
2885 1155 2980 1196 eos
3022 1154 3276 1216 sonetos,
3317 1165 3454 1220 quos
3475 1153 3601 1210 dies
3645 1157 3738 1214 ille
3765 1161 3816 1214 in

2219 1229 2382 1272 carne
2429 1223 2692 1292 reperiet;
2735 1236 2790 1284 et
2833 1231 2962 1286 dicit
2997 1239 3248 1306 quoniam
3295 1243 3347 1297 in
3389 1258 3666 1304 momento
3707 1261 3816 1310 ta

2219 1305 2407 1378 brevi,
2439 1327 2598 1383 quam
2629 1327 2802 1387 potest
2833 1338 2953 1380 ease
2993 1305 3266 1388 extremus
3297 1334 3416 1390 linis
3441 1352 3732 1408 sonorum,
3757 1353 3812 1402 et

2221 1402 2310 1472 qui
2341 1408 2532 1461 mortui
2561 1409 2796 1480 fuerant,
2838 1420 3140 1478 excitentur
3169 1427 3485 1500 incorrupti,
3521 1433 3576 1488 id
3603 1446 3707 1502 est,
3733 1439 3812 1494 in-

2221 1495 2388 1563 tegri;
2420 1507 2474 1552 et
2502 1500 2590 1570 qui
2624 1503 2820 1560 inventi
2853 1507 3070 1578 fuerint,
3101 1515 3454 1576 immutentur
3483 1525 3533 1578 in
3557 1527 3810 1595 gloriam.

2217 1583 2427 1655 Oportet
2462 1593 2594 1646 enim
2635 1595 2730 1650 hoc
2775 1606 3105 1671 corruptibile
3137 1609 3348 1665 induere
3371 1614 3810 1688 incorruptelam;

2211 1684 2259 1728 et
2285 1681 2496 1734 mortale
2519 1679 2614 1738 hoc
2633 1687 2841 1746 induere
2857 1693 3306 1756 immortalitatem.
3338 1703 3465 1760 Cum
3485 1721 3656 1764 autem
3675 1730 3808 1767 mor-

2210 1765 2311 1819 tale
2354 1769 2448 1823 lwc
2479 1772 2699 1830 induerit
2738 1779 3210 1856 immortalitatem,
3257 1802 3378 1848 tunc
3405 1797 3495 1864 [iet
3525 1817 3694 1856 sermo
3721 1805 3810 1872 qui

2207 1857 2424 1928 scriptus
2463 1874 2569 1930 est,
2613 1869 2862 1942 Absorpta
2901 1885 2974 1930 est
3008 1895 3144 1934 mors
3183 1884 3236 1936 in
3284 1887 3544 1942 uictoriam
3592 1902 3735 1946 luant
3755 1897 3806 1952 ί.

2211 1945 2310 2001 Ubi
2349 1962 2421 2005 est
2443 1993 2458 2020 ,
2500 1973 2663 2026 mors,
2718 1971 2832 2017 tuus
2871 1968 3116 2026 aculeus?
3169 1976 3256 2028 ubi
3297 1989 3370 2032 est
3419 1982 3632 2038 uictoria
3673 1988 3804 2042 tua!

2203 2039 2422 2096 Aculeus
2445 2057 2609 2102 autem
2648 2056 2851 2121 mortis,
2893 2073 3193 2131 peccatum;
3218 2068 3376 2124 virtus
3395 2083 3562 2128 autem
3585 2081 3798 2146 peccati,

2201 2131 2302 2188 lex.
2351 2136 2628 2210 Ostendit,
2657 2155 2713 2200 ut
2741 2161 2914 2218 saepe,
2945 2157 3195 2222 quoniam
3227 2161 3294 2215 de
3319 2175 3632 2223 sanctorum
3677 2180 3798 2226 tunc

2202 2229 2309 2278 tum
2356 2233 2750 2292 resurrectione
2799 2239 3107 2312 loqueretur
3150 2267 3166 2304 :
3211 2251 3332 2307 ideo
3380 2262 3796 2324 pra-termittens

2198 2313 2339 2371 illam
2387 2319 2669 2388 impiorum
2707 2331 3078 2391 excitationem
3099 2379 3116 2404 ,
3157 2339 3374 2411 dignum
3401 2361 3524 2404 esse
3551 2367 3794 2421 pronun-

2196 2405 2292 2461 tiat
2321 2418 2377 2463 ut
2421 2411 2471 2466 in
2503 2419 2820 2488 corporibus
2849 2436 3152 2484 sanctorum
3181 2405 3602 2507 corruptibilitas
3629 2454 3790 2500 aiter-

2193 2497 2359 2555 nitate
2405 2503 2590 2573 gloria:
2634 2508 2942 2570 devoretur.
2997 2516 3133 2575 Cum
3181 2497 3360 2580 autem
3409 2529 3546 2596 hoc,
3593 2534 3786 2607 inquit,

2190 2587 2348 2646 fuerit
2397 2595 2705 2669 impletum,
2751 2613 2876 2662 tunc
2917 2609 3094 2667 licebit
3145 2615 3400 2676 insultare
3429 2587 3686 2696 diabolo:
3729 2639 3787 2687 et

2185 2771 2385 2831 fecerat
2429 2783 2622 2838 malam
2665 2787 2870 2860 videri;
2919 2801 3045 2852 tunc
3089 2771 3436 2873 increpabant
3469 2823 3784 2874 sanctorum

2181 2866 2370 2932 gaudia
2397 2910 2411 2932 ,
2453 2883 2734 2934 contusum
2774 2897 2804 2936 a
2843 2898 2903 2940 se
2946 2890 3188 2948 aculeum
3233 2899 3422 2955 mortis
3457 2903 3778 2978 videntium,

2182 2954 2354 2978 λμη,
2525 2964 2621 2978 ....

3407 2954 3410 2955 ν
3495 2954 3778 2978 ---_----_.-,

2179 2954 2485 3029 dicentque,
2521 2964 2621 3021 Ubi
2647 2981 2720 3024 est
2739 3013 2758 3040 ,
2787 2991 2954 3046 mors,
2986 2984 3194 3040 aculeus
3225 2990 3386 3044 tuus?
3407 2992 3493 3046 ubi
3515 3007 3594 3050 est
3619 3000 3778 3054 uicto-

2177 3049 2254 3101 ria
2276 3059 2361 3104 tua
2378 3053 2404 3105 .’
2429 3055 2648 3115 Aculeus
2667 3073 2836 3120 autem
2863 3073 3060 3140 mortis,
3088 3089 3386 3149 peccatum;
3424 3085 3592 3144 virtus
3607 3100 3776 3148 autem

2174 3143 2385 3210 peccati,
2408 3146 2509 3201 lex.
2539 3149 2592 3205 ld
2623 3165 2723 3218 est,
2753 3155 2799 3212 Ο
2829 3168 2882 3214 tu
2911 3177 3058 3219 mors
3086 3143 3308 3234 aeterna,
3338 3143 3592 3234 aculeum
3611 3143 3776 3239 habe:

2173 3233 2266 3288 bas
2296 3248 2572 3306 peccatum
2591 3287 2608 3312 ,
2653 3263 2760 3318 quo
2801 3251 3106 3316 desertores
3145 3261 3368 3332 justitiae
3409 3271 3720 3331 vulnerares
3749 3295 3768 3331 :

2169 3330 2418 3394 quoniam
2473 3335 2517 3388 si
2569 3337 2672 3395 hoc
2711 3344 2900 3401 aculeo
2941 3362 3142 3408 armata
3189 3371 3294 3412 non
3336 3375 3522 3429 esses,
3567 3367 3621 3421 id
3661 3377 3766 3434 est,

2168 3429 2388 3484 peccato
2431 3425 2772 3500 voluntario,
2818 3437 2946 3494 nulli
2973 3444 3192 3500 omnino
3219 3451 3517 3510 nocuisses.
3565 3457 3766 3514 Pecca-

2166 3516 2277 3564 tum
2321 3512 2421 3570 boc
2447 3527 2502 3572 et
2541 3521 2684 3578 hunc
2723 3530 2966 3587 aculeum
3011 3535 3212 3594 viribus
3261 3541 3383 3600 ﬁdei
3425 3547 3764 3608 confractum

2161 3604 2344 3676 vides,
2393 3619 2824 3677 remuneratione
2858 3635 3038 3683 nostra
3069 3638 3206 3688 teste
3225 3676 3240 3699 ,
3283 3649 3314 3690 a
3339 3652 3444 3706 qua
3470 3655 3572 3696 nos
3599 3658 3764 3700 cona-

2160 3691 2304 3750 baris
2351 3699 2618 3762 abducere
2649 3725 2664 3762 :
2695 3713 2912 3770 aculeus
2941 3719 3136 3791 quippe
3167 3691 3288 3780 tuus
3327 3691 3610 3796 peccatum
3641 3735 3758 3805 fuit,

2155 3796 2211 3840 ot
2235 3788 2405 3844 virtus
2447 3800 2648 3864 peccati
2697 3803 2770 3857 tui
2811 3804 2894 3861 lex
2935 3788 3084 3877 erat;
3130 3788 3382 3886 quoniam
3427 3823 3512 3878 ubi
3557 3843 3660 3882 non
3685 3839 3759 3884 est

2155 3875 2238 3931 (ex
2255 3920 2270 3944 ,
2303 3897 2394 3935 nec
2421 3890 2774 3954 pravaricatio
2801 3895 2977 3966 (Rom.
3002 3875 3088 3968 Iv,
3117 3875 3230 3980 l5).
3257 3907 3352 3965 Vel
3383 3875 3756 3988 certe

2153 3969 2233 4024 vis
2279 3975 2498 4033 aculeus
2555 3989 2674 4037 tuus
2715 3985 2735 4016 ³
2771 4000 3050 4058 peccatum
3098 3969 3276 4065 esset;
3331 4014 3510 4066 tamen
3563 4009 3756 4073 [crtior

2149 4059 2322 4120 factus
2367 4080 2450 4124 est
2495 4075 2634 4142 apud
2687 4083 3155 4148 prmvaricatorum
3205 4092 3464 4156 duntaxat
3511 4107 3748 4176 animos,

2145 4165 2426 4228 postquam
2459 4179 2603 4219 mors
2627 4168 2674 4222 ei
2702 4169 2834 4240 legis
2847 4174 3060 4236 admota
3089 4195 3173 4241 est
3199 4185 3251 4255 ‘;
3282 4207 3401 4261 qua:
3426 4203 3606 4254 tamen
3637 4217 3746 4258 non

2144 4245 2212 4301 ad
2240 4249 2342 4305 hoc
2365 4251 2488 4310 data
2515 4254 2705 4331 fuerat,
2735 4276 2792 4321 ut
2817 4283 3036 4330 acueret
3063 4276 3105 4332 '.
3136 4276 3247 4336 Lex
3268 4285 3410 4339 enim
3449 4303 3666 4360 sancta,
3695 4305 3748 4349 et

2144 4339 2385 4360 *ηιμ

2141 4339 2438 4401 mandatum
2463 4361 2712 4422 sanctum,
2742 4368 2790 4412 et
2802 4361 3027 4433 justum,
3051 4377 3102 4422 et
3125 4370 3343 4441 bonum;
3366 4379 3458 4432 sed
3477 4394 3744 4448 peccatum

2141 4435 2202 4484 ut
2225 4447 2472 4504 appareat
2496 4455 2779 4516 peccatum,
2811 4469 2901 4524 per
2931 4457 3114 4514 bonum
3151 4463 3278 4520 mihi
3311 4435 3526 4526 mortem
3553 4493 3742 4547 opera-

2145 4521 2290 4547 ι-.----
2361 4545 2370 4547 -
2399 4540 2413 4547 -
2449 4535 2476 4547 ι·
2569 4545 2578 4547 -
2901 4546 2908 4547 '

2141 4521 2292 4580 betur
2314 4569 2329 4593 ,
2357 4540 2413 4585 ut
2438 4535 2580 4601 ﬁeret
2602 4555 2758 4610 supra
2789 4521 2994 4601 modum
3017 4550 3181 4621 ipsum
3219 4521 3738 4635 peccatum-peccans

2135 4633 2225 4686 per
2245 4622 2538 4679 mandatum
2559 4627 2670 4698 (Id.
2689 4649 2780 4699 νη,
2802 4635 2930 4692 ﬁet
2947 4639 3055 4714 l3).
3075 4644 3200 4700 Haec
3217 4622 3346 4720 ergo
3363 4622 3556 4723 virtus,
3573 4622 3734 4729 quam

2131 4713 2349 4770 aculeus
2377 4724 2499 4774 tuus
2525 4733 2834 4791 spontaneae
2857 4731 2907 4784 in
2938 4713 3092 4790 nobis
3127 4737 3423 4812 iniquitatis
3443 4761 3734 4823 conseque-

2131 4800 2282 4823 ι.....Δ
2317 4821 2326 4823 -
2359 4807 2395 4823 ι·
2439 4817 2451 4823 -
2551 4814 2578 4823 -
2603 4813 2616 4823 -
2657 4817 2688 4823 --
2851 4821 2862 4823 -

2269 4769 2273 4770 ν
2337 4769 2340 4770 ν
2381 4769 2496 4774 -ννκ-τ
2525 4769 2834 4791 -γ-ιηι--ινυιε
2857 4769 2907 4784 ιιι
2938 4769 3092 4790 ιιυιηδ
3127 4769 3199 4794 IIII
3243 4769 3423 4802 υΙῑδῑΙδ

428 4771 532 4832 es"
563 4769 715 4838 cuius
743 4787 902 4843 ⁸¹¹Ι¹¹⁵²
935 4793 1182 4852 Immin"!l
1211 4769 1492 4861 reseuerat
1521 4769 2025 4865 resurrectiovmor-
2127 4800 2284 4858 batur
2309 4807 2512 4878 adiuta,
2547 4813 2781 4872 ﬁdelium
2813 4821 3096 4882 virtutibus
3116 4869 3131 4894 ,
3160 4769 3396 4891 ﬁdelium
3427 4839 3544 4908 jam
3570 4769 3730 4898 egro-

428 4861 673 4908 tuontm‘t
720 4864 914 4908 Vni-nm
946 4871 1236 4908 geminam...
1263 4899 1409 4908 ...μη
1472 4903 1519 4908 μ
1547 4907 1555 4908 ,
1611 4907 1614 4908 ,
1750 4905 1757 4908 _
1974 4905 1985 4908 _
2130 4907 2136 4908 ,
2166 4893 2178 4904 -
2280 4896 2293 4908 .
2338 4907 2344 4908 ,
2650 4906 2660 4908 _

427 4861 673 4914 tuorum?
720 4864 914 4924 Verum
946 4871 1236 4945 Scriptura:
1263 4899 1433 4952 more,
1465 4903 1681 4949 carnem
1709 4905 1764 4952 et
1797 4905 2034 4973 sangui-‘

424 4961 580 5016 nem,
611 4953 756 5019 vitia,
791 4973 897 5015 non
927 4965 1276 5029 substantiam
1307 4981 1620 5041 nominavit.
1653 4953 2015 5064 Deniquejioc

424 5036 559 5064 μμ,
593 5057 717 5064 μμ
759 5049 792 5064 .,
884 5051 924 5064 ..

421 5036 560 5094 idem
591 5049 798 5113 aperuit
829 5068 843 5104 :
872 5051 1008 5110 Ecce
1040 5065 1333 5130 mysterium
1350 5036 1487 5130 vobis
1511 5078 1624 5133 dico
1652 5097 1673 5136 :
1700 5036 1872 5142 omnes
1895 5091 2011 5160 qui-

421 5129 535 5160 l,_
571 5149 858 5160 “unum
1045 5151 1058 5160 .

419 5129 536 5184 dem
571 5149 890 5209 resurgemus
911 5185 934 5210 ,μ
967 5151 1058 5204 sed
1081 5168 1182 5210 non
1208 5173 1384 5216 omnes
1410 5166 1810 5234 immutabimur.
1843 5129 2008 5238 luliel-

418 5220 546 5332 lexit
569 5239 630 5282 se
661 5234 914 5303 magister
938 5245 1183 5315 egregius
1205 5291 1220 5316 ,
1259 5268 1421 5324 supra

413 5313 604 5376 futurae
623 5331 1028 5391 resurrectionis
1057 5313 1369 5403 vocabulum
1399 5349 1699 5414 vindicasse
1719 5358 1774 5428 ³;
1808 5371 1862 5419 et
1883 5364 2006 5422 ideo

457 5623 490 5721 ii
513 5626 630 5679 Editi
667 5633 921 5702 omittunt,
962 5641 1189 5696 mortium
1207 5655 1370 5715 atque.
1403 5657 1497 5708 Sed
1520 5659 1707 5715 habent
1727 5670 1994 5721 manuscri-

2105 5547 2390 5661 legendum,
2416 5557 2560 5610 [uasis
2581 5547 3264 5633 téiduW’éEZ'ﬁii'J'Z’E‘}

2105 5625 2161 5661 su
2199 5615 2391 5661 iunmt:
2419 5627 2664 5661 I1»!an
2701 5637 2865 5661 επεν-οη
2906 5643 2986 5661 η...
3044 5639 3102 5661 ...ι
3129 5645 3264 5661 ..-με

2104 5623 2358 5698 summisit;
2378 5625 2666 5698 :ltiexienim
2687 5637 2883 5698 sancta,
2906 5623 3412 5698 διάη-εἶΓΜῶξῖἇ-εῆἶῖ

2107 5681 2245 5772 sm:
2275 5683 2327 5727 ει
2347 5677 2487 5772 ειμτςε.
2511 5697 2618 5749 cap.
2647 5677 3111 5762 ίμζὺὲῑέῑυῖῖρὲἒ

2121 5748 2179 5772 ’LI
2200 5749 2348 5772 ΜΡΡΙΙ
2367 5753 2383 5772 ﬁ
2436 5756 2500 5772 nv-
2543 5759 2789 5772 ι...η,..-ιδ...
2822 5757 2846 5772 ,ι
2862 5771 2870 5772 ,

2103 5739 2386 5848 αωῶεεεαιὶ
2417 5739 2516 5806 lex,
2542 5739 2798 5810 speciatim
2814 5739 3687 5832 aifﬁiaéiiéﬁéi'tié'ﬁﬁiﬂi'iﬁiéiuu

2101 5809 2181 5860 gs,
2246 5835 2260 5848 .

2127 4893 2209 4946 nis
2241 4896 2380 4953 victa
2423 4906 2840 4980 comprobatur,
2869 4923 2923 4968 et
2961 4893 3146 4975 fracta.
3195 4893 3521 4985 lnsuitanius
3567 4934 3733 5005 igitur

2123 4983 2238 5050 tibi,
2274 4989 2383 5046 Deo
2405 5005 2577 5050 nostro
2606 5001 2798 5068 gratias
2825 5009 3118 5078 referentes,
3145 5015 3233 5085 qui
3259 5015 3398 5072 dedit
3422 4983 3730 5082 nobisin-truc

2119 5078 2380 5137 victoriam
2405 5101 2495 5155 per
2513 5087 2789 5150 Dominum
2809 5105 3039 5156 nostrum
3055 5078 3234 5160 Jesum
3255 5107 3514 5168 Christum
3536 5078 3726 5188 (ι

2117 5185 2188 5224 xv
2204 5212 2219 5238 ,
2250 5173 2320 5227 46
2337 5205 2361 5215 -
2380 5177 2495 5251 57).

2179 5305 2196 5378 ξ
2218 5307 2423 5378 melius.
2449 5317 2500 5362 tn
2525 5314 2680 5378 vign.,
2703 5319 2848 5373 oculi.

2175 5367 2197 5440 ξ
2218 5369 2355 5440 ξεξᾳίιίἶ
2379 5385 2546 5440 suarm
2638 5367 2940 5440 timuiita-con.

2173 5429 2318 5496 ﬁnio,
2337 5437 2465 5495 tuus,
2488 5437 2680 5490 additur
2702 5429 2766 5492 ei

2171 5487 2372 5582 tua;
2387 5487 2678 5582 esse
2693 5487 2909 5582 ἔᾷἓφῖά
2933 5507 3052 5577 tegas
3071 5516 3266 5569 αειηωια
3401 5525 3708 5582 mum

2683 5565 2880 5646 admota
3029 5565 3704 5646 μιῆίῖᾱῆὺῶἱῶἔῖἱῶ

3417 5661 3568 5714 essm
3588 5665 3705 5714 sne-

2163 5859 2186 5892 ⁸
2208 5861 2370 5915 Codex
2393 5873 2540 5932 Port.,
2563 5879 2614 5923 ut
2631 5878 2680 5925 te
2701 5887 2912 5934 acueret.
