3958 6528
100 391 226 470 nm

165 529 287 585 Auc.
324 525 397 581 De
431 519 660 594 imagine
697 516 1003 584 terrestris,
1031 523 1086 571 et
1120 513 1186 570 de
1227 511 1458 583 imagine
1481 509 1651 565 coele-

99 624 192 680 stis
217 617 435 677 hominis
464 615 594 671 satis
616 614 725 686 jam
755 611 998 683 superius
1036 609 1362 680 disputatum
1381 614 1501 669 est;
1528 602 1652 660 tibi-

99 728 195 786 que
213 707 571 780 respondimus
605 703 749 776 quod
798 703 972 774 imago
1007 700 1242 756 cmlestis
1287 711 1428 752 nunc
1462 695 1565 750 fide
1593 707 1658 749 ac

98 820 189 876 spe
216 799 401 874 portari
430 807 640 869 potest;
667 795 968 869 portabitur
993 803 1173 848 autem
1200 805 1258 845 re
1285 789 1396 859 ipsa
1425 801 1660 858 praesen-

97 907 196 956 tata
215 905 363 967 atque
389 892 605 955 donata,
624 905 745 946 cum
771 885 1125 944 resurrexerit
1147 897 1341 953 corpus
1361 879 1655 952 spirituale,

95 989 228 1063 quod
252 1000 384 1043 nunc
401 983 630 1039 animale
651 981 965 1037 seminatur.
995 977 1136 1032 Duas
1157 975 1352 1045 quippe
1373 973 1503 1026 istas
1528 970 1658 1026 ima-

96 1083 258 1155 gines,
284 1075 548 1135 terrestris
573 1073 820 1129 videlicet
845 1069 1077 1126 hominis
1103 1081 1282 1132 unam,
1315 1064 1551 1121 caelestis
1574 1078 1662 1117 au-

95 1153 201 1230 tem
238 1171 450 1226 alteram
470 1206 488 1234 ,
521 1165 745 1235 singulis
774 1162 936 1219 rebus
963 1158 1237 1221 attribuit;
1282 1156 1424 1210 illam
1455 1153 1662 1209 scilicet

95 1260 300 1320 animali
335 1257 568 1327 corpori,
604 1254 744 1310 hanc
762 1250 1044 1324 spirituali.
1067 1248 1324 1318 Superius
1339 1245 1481 1301 enim
1507 1244 1659 1307 dixit,

92 1353 200 1413 Sed
223 1369 316 1407 non
333 1349 552 1422 primunt
575 1346 712 1419 quod
733 1343 1000 1415 spirituale
1023 1351 1114 1407 est,
1139 1339 1228 1395 sed
1247 1337 1382 1410 quod
1405 1335 1662 1400 animale;

98 1454 283 1517 postea,
315 1440 448 1514 quod
484 1436 751 1517 spirituale
784 1443 856 1490 est
897 1449 918 1488 :
963 1431 1309 1502 protinusque
1355 1427 1660 1498 subjunxit,

95 1514 297 1594 Primus
332 1514 494 1589 homo.
521 1531 585 1586 de
622 1538 777 1598 terra,
809 1527 1089 1592 terrestris;
1125 1523 1374 1580 secundus
1411 1523 1562 1576 homo
1604 1520 1668 1576 de

95 1631 235 1696 caelo,
279 1625 485 1682 celestis
505 1639 525 1679 :
570 1623 699 1678 sicut
739 1620 1051 1692 portavimus
1083 1616 1357 1688 imaginem
1390 1613 1658 1680 terrestris,

95 1732 338 1794 portemus
361 1717 510 1772 etiant
540 1714 814 1786 imaginem
835 1712 976 1767 illius
1003 1708 1236 1766 caelatis.
1267 1705 1397 1776 Quis
1434 1716 1517 1760 est
1555 1705 1664 1772 ille,

95 1813 196 1869 nisi
227 1810 427 1874 Adam,
467 1823 562 1878 per
599 1821 760 1877 quem
800 1804 982 1858 mors?
1013 1801 1081 1856 Et
1108 1802 1228 1872 quis
1270 1806 1355 1855 est
1400 1797 1532 1862 iste,
1568 1795 1668 1850 nisi

93 1905 346 1969 Christus,
375 1915 474 1973 per
490 1913 652 1971 quem
678 1895 1000 1953 resurrectio
1025 1889 1390 1948 mortuorum?
1418 1888 1672 1954 Quoniam

94 2013 184 2068 per
203 1994 448 2048 hominem
474 2007 632 2057 ntors,
658 1998 705 2044 et
731 2004 820 2058 per
846 1987 1101 2041 hominem
1119 1982 1420 2039 resurrectio
1447 1991 1672 2036 mortuo-

91 2102 222 2140 runt.
261 2083 402 2141 Sicut
444 2081 579 2138 enim
621 2081 677 2134 in
704 2078 869 2133 Adam
907 2093 1078 2132 omnes
1115 2075 1427 2138 moriuntur,
1451 2073 1525 2128 sic
1549 2080 1595 2128 et
1620 2075 1672 2125 in

91 2176 290 2234 Clu-isto
308 2189 476 2230 omnes
501 2170 889 2241 viviﬁcabuntur
913 2183 933 2224 :
956 2167 1008 2222 id
1045 2176 1149 2229 est.
1178 2167 1498 2237 quicumque
1541 2163 1676 2217 vivi-

91 2271 404 2336 ficabuntur,
451 2265 662 2322 nonnisi
709 2265 763 2319 in
814 2262 1028 2319 Christo
1055 2258 1500 2322 vivificabuntur;
1530 2255 1674 2311 unde

88 2363 198 2436 jam
237 2374 392 2433 supra
431 2373 617 2416 sumus
656 2356 843 2412 locuti.
888 2353 1040 2410 Nulla
1080 2359 1165 2408 est
1211 2350 1396 2420 utique
1434 2349 1452 2382 ¹
1501 2347 1674 2403 ambi-

93 2457 284 2528 guitas,
307 2453 373 2509 ad
417 2465 550 2524 quas
585 2448 722 2505 duas
759 2461 848 2503 res
887 2445 1006 2501 dna:
1050 2444 1166 2499 ista:
1204 2441 1506 2498 referantur
1540 2439 1675 2493 ima-

92 2548 291 2619 gines;
343 2543 429 2599 illa
482 2555 712 2612 namque
757 2537 992 2595 refertur
1024 2535 1090 2590 ad
1133 2544 1392 2602 mortem,
1445 2531 1562 2588 hate
1610 2530 1679 2586 ad

93 2637 563 2695 resurrectionem.
601 2631 692 2687 illa
733 2644 864 2702 ergo
889 2629 958 2684 ad
983 2637 1212 2684 mortem
1251 2625 1526 2696 corporis;
1557 2623 1681 2695 quia

94 2731 215 2788 haec
260 2728 325 2785 ad
370 2723 818 2783 resurrectionem
867 2719 1108 2790 corporis
1160 2735 1174 2772 :
1224 2718 1315 2774 illa
1363 2716 1430 2772 ad
1485 2730 1681 2786 corpus

95 2821 365 2888 animale,
410 2815 554 2889 quod
610 2814 906 2871 seminatur
957 2811 1012 2866 in
1062 2807 1390 2880 ignominia;
1445 2805 1562 2862 haec
1612 2805 1680 2862 ad

95 2913 389 2990 spirituale,
427 2908 572 2981 quod
615 2913 860 2976 resurget
897 2903 951 2959 in
994 2901 1163 2974 gloria
1209 2919 1224 2957 :
1266 2899 1355 2954 illa
1390 2897 1680 2966 nascendo,

95 3009 202 3067 hac
230 3003 496 3062 induimur
519 2997 872 3056 renascentia.
903 2993 1012 3053 Sed
1036 2993 1288 3065 quoniam
1323 2990 1424 3048 sub
1465 2996 1685 3062 peccato

95 3099 370 3158 nascimur
388 3137 405 3162 ,
435 3095 488 3150 in
519 3076 860 3164 peccatorum
889 3097 1069 3143 autem
1100 3083 1420 3143 remissione
1443 3079 1682 3138 renasci-

92 3209 218 3250 mur
262 3208 276 3245 :
320 3189 467 3246 Sicut
496 3185 837 3257 portavimus,
865 3180 1040 3248 inquit
1059 3219 1074 3244 ,
1105 3178 1379 3250 imaginem
1413 3174 1683 3241 terrestris,

95 3293 354 3356 portemus
393 3279 546 3334 etiam
586 3274 859 3346 imaginem
884 3273 1024 3326 illius
1048 3270 1281 3326 celestis.
1319 3267 1458 3325 Illud
1487 3266 1687 3322 factum

94 3391 220 3434 esse
257 3377 667 3435 commemorat,
711 3366 814 3422 hoc
847 3365 1161 3420 exhortatur
1203 3370 1260 3416 ut
1311 3360 1410 3415 flat
1435 3361 1479 3414 ³.
1519 3357 1687 3414 Nemo

95 3468 246 3526 enim
279 3472 457 3537 potest
483 3461 698 3518 eflicere
725 3466 782 3513 ut
807 3471 916 3514 non
943 3455 1106 3510 fuerit
1130 3463 1284 3509 natus
1301 3452 1355 3506 in
1385 3465 1566 3521 pana,
1585 3464 1689 3520 qua

92 3574 300 3630 corpus
327 3555 444 3626 ejus
467 3553 759 3610 seminctur
788 3549 842 3605 in
865 3545 1156 3620 ignominia
1188 3561 1202 3597 :
1243 3542 1340 3600 sed
1384 3541 1484 3596 nisi
1529 3539 1692 3595 fuerit

93 3659 340 3714 renatus,
370 3659 426 3702 et
451 3641 872 3716 perseveraverit
893 3639 947 3694 in
981 3651 1049 3694 eo
1077 3634 1222 3707 quod
1252 3640 1339 3690 est
1374 3641 1590 3688 renatus
1636 3631 1690 3685 in

91 3740 268 3812 gratia
287 3779 306 3807 ,
339 3753 446 3792 non
475 3733 747 3805 perveniet
785 3731 853 3786 ad
881 3726 1174 3799 spiritualis
1203 3723 1447 3795 corporis
1475 3721 1690 3777 habitu-

92 3833 281 3888 dinem
305 3871 322 3896 ,
351 3827 494 3900 quod
534 3833 775 3895 resurget
797 3824 850 3877 in
878 3820 1068 3892 gloria.
1098 3816 1236 3885 Quid
1281 3825 1366 3872 est
1397 3829 1526 3885 ergo
1549 3813 1694 3884 quod

93 3921 238 3978 dicis
267 3938 282 3976 :
312 3922 497 3991 Aperte
525 3930 702 3985 nempe
727 3911 926 3968 transiit
949 3910 1017 3963 ad
1043 3907 1233 3973 studia,
1263 3905 1467 3976 vultque
1493 3914 1696 3959 tantum

91 4016 340 4069 interesse
361 4013 490 4065 inter
517 4007 823 4079 praeteritam
842 4013 1068 4059 nostram
1089 4011 1135 4058 et
1165 4008 1465 4073 praesentem
1483 4013 1694 4052 conver-

91 4105 372 4169 sationem,
395 4109 640 4168 quantunt
659 4099 861 4152 interest
878 4096 1008 4150 inter
1030 4093 1394 4149 mortalitatem
1411 4101 1460 4146 et
1483 4092 1695 4145 immor-

91 4193 398 4270 talitatem?
427 4190 560 4246 Cum
588 4190 764 4261 potius
779 4188 1064 4258 Apostolus
1085 4201 1189 4242 non
1220 4184 1286 4240 ad
1313 4183 1455 4239 aliud
1477 4182 1499 4214 ⁸
1521 4192 1698 4238 trans-

93 4296 221 4352 eat;
256 4285 356 4340 sed
415 4282 468 4339 id
491 4281 634 4353 quod
666 4281 734 4336 de
759 4278 1153 4335 resurrectione
1177 4276 1354 4332 carnis
1377 4273 1399 4306 ’⁵
1427 4282 1695 4345 coeperat,

90 4383 452 4448 exsequatur,
481 4374 569 4430 cui
595 4389 626 4429 e
648 4372 922 4428 contrario
965 4377 1195 4424 mortem
1231 4367 1409 4423 carnis
1452 4366 1692 4436 Opponit.

88 4471 217 4530 Non
249 4471 436 4541 itaque
479 4467 615 4524 duas
652 4463 1090 4539 conversationes
1111 4502 1126 4528 ,
1158 4460 1354 4516 malam
1390 4459 1614 4526 scilicet,
1644 4466 1696 4516 et

87 4562 334 4626 bonum,
362 4558 474 4616 vult
501 4558 605 4614 hoc
642 4557 762 4612 loco
800 4552 1024 4627 intelligi
1056 4569 1070 4608 :
1107 4550 1203 4608 sed
1247 4551 1700 4607 resurrectionem

86 4652 291 4710 carnis
324 4651 400 4705 ita
444 4664 537 4720 per
575 4647 851 4704 Christum
903 4643 1169 4708 futuram,
1217 4641 1359 4697 sicut
1396 4655 1493 4711 per
1527 4638 1700 4695 Adam

83 4756 346 4807 mortem
397 4742 574 4798 carnis
620 4741 813 4797 asserit
856 4737 1074 4794 factam.
1117 4735 1247 4794 Sine
1290 4733 1564 4790 hominem
1608 4732 1703 4789 Dei

83 4853 269 4911 agere
298 4834 447 4908 quod
471 4833 613 4904 agit:
637 4843 694 4888 tu
719 4847 844 4888 eum
869 4843 1117 4901 sequere,
1146 4826 1255 4882 noli
1284 4834 1342 4881 ut
1370 4833 1423 4881 te
1450 4831 1704 4894 sequatur

84 4933 219 4994 ipse
251 4928 469 4985 conari.
498 4925 615 4981 Non
645 4923 790 4980 enim
818 4920 1080 4992 sequitur,
1106 4925 1596 4991 quantumcumque
1611 4928 1705 4970 co-

83 5025 275 5081 neris.
307 5031 513 5093 Aperte
539 5017 920 5075 resurrectioni
940 5015 1116 5071 carnis
1144 5021 1374 5070 mortem
1398 5011 1578 5066 carnis
1606 5025 1704 5082 op-

75 5116 257 5191 ponit
283 5130 302 5170 :
334 5121 523 5186 aperte
559 5110 644 5166 his
681 5108 908 5180 singulis
942 5107 1102 5164 rebus
1129 5103 1371 5175 singulos
1393 5100 1705 5172 dispertitur

74 5216 387 5273 auctores,
418 5204 578 5260 morti
616 5202 860 5273 corporis
884 5198 1079 5264 Adam,
1107 5194 1494 5253 resurrectioni
1513 5205 1704 5263 corpo-

73 5303 169 5361 ris
196 5299 527 5358 Christum:
557 5305 745 5368 aperte
769 5296 902 5353 duas
931 5291 1210 5364 imagines,
1242 5304 1405 5345 unam
1437 5284 1707 5343 terrestris

74 5393 379 5459 hominis,
399 5389 561 5446 aliam
586 5388 822 5448 cmlcstis
841 5428 858 5456 ,
887 5401 918 5440 a
957 5383 1230 5442 contrario
1258 5381 1401 5437 inter
1429 5393 1492 5435 se
1522 5375 1706 5434 confe-

69 5499 254 5554 rens,
293 5483 449 5541 illam
475 5482 689 5555 corpori
715 5477 957 5538 attribuit
982 5475 1197 5533 animali
1215 5515 1230 5542 ,
1251 5470 1396 5546 quod
1421 5485 1518 5544 per
1535 5468 1705 5528 Adam

158 5671 182 5703 ³
209 5667 394 5720 Codex
410 5672 558 5726 Part.,

152 5734 182 5764 θ
209 5732 298 5780 sic
313 5736 426 5778 llas.
441 5734 503 5789 tn
518 5721 676 5789 v'ign;
700 5721 866 5789 faciat.

154 5793 186 5855 ξ
213 5783 711 5855 “autumnae;
733 5783 889 5855 aliud:

153 5854 185 5886 δ
209 5831 533 5916 vexistis;
540 5831 967 5916 arcesnam
978 5844 1206 5909 carpem-
1219 5835 1508 5900 Addidit!!!»
1523 5831 1712 5912 οιιηιὶιι¹

78 5929 166 5974 ex
198 5908 658 5979 minusu'iptorum
673 5908 787 5962 fide.

1434 388 1634 448 LIBER
1669 379 1963 446 SEXTUS.
2611 381 2620 408 ’

3208 395 3346 454 i602

1766 505 1964 561 meruit
1989 513 2045 560 ttt
2078 509 2373 565 scminetur
2410 509 2462 565 in
2501 509 2826 582 ignominia;
2859 511 3017 569 istam
3060 513 3346 586 spirituali,

1768 595 1912 667 quod
1950 611 2044 666 per
2086 597 2354 656 Christum
2399 603 2693 659 merebitur
2729 619 3010 676 resurgere
3055 606 3107 660 in
3155 604 3347 676 gloria.

1765 687 1866 756 Qui
1893 687 2052 744 etiam
2092 691 2381 747 secundum
2421 708 2637 749 carnem
2677 694 2839 751 homo
2868 696 3101 753 caelestis
3139 706 3221 752 est
3264 695 3348 751 di-

1763 790 1900 850 ctus,
1918 799 2022 839 non
2044 784 2165 854 quia
2191 801 2310 841 eam
2340 789 2564 858 sumpsit
2584 805 2617 844 e
2641 790 2800 859 caelo,
2825 791 2918 846 sed
2949 791 3072 862 quia
3093 799 3148 846 ct
3176 791 3346 857 ipsam

1764 873 1958 932 levavit
1979 875 2030 930 in
2057 877 2273 932 caelum.
2295 877 2350 934 Si
2379 879 2611 934 studium
2641 880 2836 938 bonum
2858 893 2909 937 et
2943 883 3080 937 bona
3113 895 3342 935 conver-

1764 969 1901 1026 satio
1948 969 2094 1036 facit,
2126 979 2184 1026 ut
2225 971 2292 1026 ad
2337 971 2622 1042 gloriosam
2667 975 3112 1030 resurrectionem
3160 986 3347 1041 perve-

1767 1063 1918 1118 niant
1939 1061 1958 1095 ⁸
1983 1078 1999 1128 ;
2040 1062 2298 1133 numquid
2326 1063 2501 1118 studio
2530 1063 2671 1118 malo
2699 1075 2750 1119 et
2779 1064 2913 1118 mala
2940 1062 3347 1118 conversatione

1765 1153 1888 1208 vitae
1918 1152 2094 1223 hujus,
2126 1169 2284 1224 quam
2305 1156 2436 1219 nati,
2467 1166 2523 1212 et
2546 1169 2764 1211 accessu
2783 1155 2955 1210 anatis
2973 1155 3109 1210 aucti
3132 1156 3152 1186 ³
3184 1154 3342 1208 duxi-

1766 1260 1907 1307 mus.
1941 1246 2133 1301 factum
2159 1254 2327 1302 estut
2369 1246 2421 1301 in
2461 1261 2687 1316 corpore
2731 1247 2948 1303 animali
2991 1263 3111 1302 cum
3159 1247 3347 1300 mortis

1766 1338 2060 1409 propagine
2101 1338 2487 1393 nascerentur?
2512 1338 2644 1407 Quis
2682 1340 2826 1395 enim
2865 1338 3005 1393 malo
3051 1337 3226 1392 studio
3266 1335 3352 1391 vel

1749 1418 1879 1484 'ullo
1900 1429 2077 1484 studio
2106 1429 2206 1485 sibi
2233 1430 2566 1500 comparavit
2592 1445 2905 1486 aerumnosa:
2931 1429 3221 1484 nativitatis
3267 1427 3351 1482 in-

1769 1521 1961 1581 itium?
1986 1522 2115 1592 Quis
2137 1523 2273 1578 mala
2299 1523 2706 1579 conversatione
2731 1523 2783 1578 id
2811 1524 2938 1593 egit,
2965 1531 3022 1576 ut
3044 1537 3189 1587 eum,
3209 1534 3351 1590 quo-

1769 1615 2062 1672 modol'thet
2077 1616 2286 1683 vixerit,
2309 1617 2446 1672 mori
2466 1632 2687 1673 necesse
2709 1616 2817 1671 sit?
2837 1616 3001 1672 Plane
3019 1615 3065 1669 si
3091 1613 3206 1668 hanc
3226 1611 3353 1681 duo,

1771 1709 1823 1764 id
1853 1719 1954 1777 est,
1987 1711 2269 1781 imaginem
2301 1712 2576 1768 terrestris
2605 1711 2861 1777 hominis,
2892 1726 3011 1783 quas
3049 1709 3117 1766 ad
3161 1723 3356 1782 corpus

1771 1803 2002 1874 pertinet
2029 1803 2282 1870 animale,
2311 1812 2366 1859 et
2391 1804 2677 1874 imaginem
2705 1803 2963 1869 caelestis,
2990 1817 3109 1872 quae
3133 1799 3200 1856 ad
3226 1814 3352 1856 cor-

1774 1912 1875 1967 pus
1920 1897 2151 1968 pertinet
2190 1897 2488 1967 spirituale,
2517 1896 2677 1951 etiam
2717 1895 2784 1951 ad
2811 1894 3249 1952 conversationes
3275 1907 3361 1947 re-

1775 1987 1914 2044 ferre
1942 1989 2217 2054 volumus;
2261 1989 2398 2044 sicut
2429 1989 2877 2044 resurrectionem
2918 1986 3207 2057 spiritualis
3235 1999 3358 2040 cor-

1777 2081 1921 2151 poris
1944 2081 1994 2135 in
2029 2090 2178 2150 parte
2200 2080 2419 2151 justitim
2450 2081 2720 2152 ponimus,
2753 2079 2823 2134 ita
2855 2091 3081 2135 mortem
3110 2077 3354 2148 corporis

1777 2171 2022 2226 animalis
2044 2186 2243 2242 ponere
2268 2171 2320 2227 in
2349 2172 2550 2242 peccati
2572 2183 2720 2242 parte
2744 2171 3004 2226 debemus
3034 2189 3048 2227 :
3077 2171 3199 2241 quia
3221 2169 3361 2225 sicut

1778 2262 1832 2318 in
1861 2263 2056 2318 Christi
2079 2263 2280 2332 justitia
2306 2263 2397 2319 fiet
2421 2263 2521 2318 ista
2552 2261 2894 2328 resurrectio,
2930 2263 3000 2316 ita
3026 2261 3078 2316 in
3100 2259 3230 2315 Adae
3254 2259 3362 2315 ini-

1779 2355 1982 2425 quitate
2011 2353 2148 2411 facta
2174 2365 2255 2411 est
2282 2371 2426 2411 mors
2455 2356 2563 2410 illa.
2591 2355 2743 2424 Quod
2770 2355 2816 2410 si
2843 2353 3127 2425 intelligas,
3157 2360 3212 2408 et
3236 2350 3360 2407 huic

1780 2449 2131 2518 apertissima:
2155 2448 2462 2505 consentias
2492 2449 2740 2514 veritati;
2767 2445 3006 2502 concedo
3040 2445 3181 2516 quod
3210 2443 3367 2509 dicis,

1783 2549 2091 2597 terrestrem
2132 2551 2187 2598 et
2228 2543 2502 2598 caelestem
2544 2539 2732 2597 referri
2760 2539 2827 2595 ad
2857 2538 2982 2594 vitia
3009 2547 3063 2594 et
3089 2537 3319 2592 virtutes
3351 2551 3366 2590 :

1782 2632 1920 2689 sicut
1939 2633 2082 2688 enim
2107 2633 2277 2690 virtus
2291 2631 2491 2689 Christi
2515 2631 2676 2688 faciet
2695 2639 2755 2687 ut
2773 2639 3015 2703 resurgat
3040 2644 3236 2700 corpus
3260 2629 3370 2699 spi-

1783 2725 1993 2792 rituale,
2041 2725 2112 2782 ita
2159 2725 2344 2781 vitium
2391 2724 2523 2780 Adae
2569 2724 2696 2781 fecit
2733 2733 2791 2780 ut
2833 2730 3134 2779 moreretur
3171 2733 3368 2790 corpus

1785 2819 2034 2875 animale.
2063 2819 2179 2875 Non
2210 2821 2389 2890 itaque
2426 2818 2552 2874 huic
2574 2818 2840 2890 congruit,
2867 2815 3112 2888 ejusdem
3141 2811 3371 2886 apostoli

1785 2909 1854 2966 ad
1904 2911 2174 2966 Romanos
2203 2909 2305 2988 illa
2349 2909 2613 2966 sententia
2657 2926 2671 2962 :
2716 2907 2864 2965 Sicut
2902 2909 3037 2963 enim
3078 2904 3371 2962 exitibuistis

1786 3003 2010 3058 membra
2036 3012 2199 3056 vestra
2219 3002 2405 3056 servire
2426 3001 2782 3068 immunditite,
2809 3011 2858 3056 et
2885 2999 3139 3072 iniquitati
3173 2999 3243 3053 ad
3268 2998 3373 3052 ini-

1785 3094 2062 3167 quitatem;
2086 3093 2160 3147 ita
2174 3109 2310 3147 nunc
2334 3092 2558 3148 exhibete
2584 3101 2746 3147 vestra
2763 3094 2986 3146 membra
3012 3090 3197 3144 servire
3214 3089 3375 3160 justi-

1790 3188 1875 3242 tite
1897 3187 1950 3241 in
1977 3185 2428 3256 sanctiﬁcationem
2448 3184 2623 3258 (Rom.
2654 3200 2730 3250 vn,
2761 3183 2875 3256 i9).
2900 3183 2974 3238 lbi
2996 3182 3138 3238 enim
3169 3181 3236 3237 de
3261 3195 3376 3236 ma-

1789 3279 1856 3336 lis
1881 3289 1934 3335 et
1968 3279 2124 3334 bonis
2162 3278 2398 3335 moribus
2424 3277 2446 3310 ³
2472 3276 2817 3349 loquebatur;
2845 3274 2931 3332 hic
2959 3284 3138 3330 autem
3177 3273 3245 3330 de
3282 3289 3376 3330 re-

1790 3371 2123 3428 surrectione
2150 3369 2394 3439 corporis
2420 3377 2475 3424 et
2505 3375 2677 3424 morte
2715 3367 2955 3438 corporis
2984 3365 3234 3437 loquitur.
3270 3363 3378 3421 Sed

1791 3463 2045 3534 quoniam
2068 3461 2154 3532 qui
2191 3461 2398 3516 ratione
2420 3459 2532 3531 jam
2562 3469 2804 3524 utuntur,
2835 3459 2903 3514 ad
2931 3458 3374 3514 resurrectionem

1793 3553 2101 3623 gloriosam,
2138 3567 2259 3623 quae
2303 3560 2430 3606 tunc
2464 3551 2574 3618 fiet,
2617 3549 2830 3621 quando
2869 3548 3143 3619 spiritu-ale
3184 3560 3379 3618 corpus

1793 3652 2057 3715 resurget,
2084 3642 2268 3699 venire
2297 3658 2404 3698 non
2433 3650 2702 3712 poterunt,
2733 3641 2838 3696 nisi
2865 3641 2967 3696 hoc
2995 3647 3052 3696 et
3074 3640 3296 3697 credant
3323 3647 3378 3696 et

1795 3746 2014 3808 sperent
2043 3753 2058 3791 :
2090 3736 2212 3792 ideo
2235 3735 2378 3808 quod
2400 3734 2670 3790 terrestris
2688 3734 2919 3790 hominis
2942 3733 3225 3804 imaginem
3251 3747 3381 3803 por-

1799 3829 2085 3885 taverimus
2127 3841 2574 3894 commemorans,
2619 3825 2676 3882 in
2715 3841 2820 3897 qua
2853 3835 2936 3882 est
2971 3840 3065 3896 per
3108 3824 3380 3880 hominem

1799 3935 1976 3980 mors:
2001 3929 2056 3976 ut
2084 3919 2363 3990 imaginem
2384 3916 2618 3974 ctelestis
2649 3917 2880 3972 hominis
2907 3927 3181 3987 portemus
3203 3915 3382 3972 horta-

1800 4021 1904 4078 tur,
1935 4013 1988 4067 in
2013 4028 2112 4083 qua
2134 4022 2218 4068 est
2249 4028 2344 4082 per
2367 4011 2638 4067 hominem
2662 4010 2984 4066 resurrectio
3013 4018 3381 4064 mortuorum:

1802 4113 1862 4162 ut
1883 4103 2152 4176 quomodo
2183 4119 2276 4175 per
2303 4103 2431 4158 Adzc
2469 4111 2745 4173 peccatum
2784 4101 3027 4155 venimus
3071 4101 3124 4155 in
3149 4108 3378 4154 mortem

1800 4197 2044 4268 corporis
2082 4196 2346 4260 animalis,
2376 4195 2446 4250 ita
2477 4210 2571 4266 per
2593 4191 2793 4249 Christi
2816 4191 3080 4260 justitiam
3105 4190 3382 4246 veniamus

1801 4290 1858 4348 in
1884 4287 2329 4344 resurrectionem
2353 4284 2593 4356 corporis
2607 4283 2916 4356 spiritualis.
2945 4281 3144 4338 Deinde
3166 4280 3389 4351 subjuuo

1801 4381 1915 4453 git:
1945 4378 2060 4434 Hoc
2088 4389 2254 4433 autem
2277 4378 2407 4444 dico,
2434 4380 2636 4450 fratres,
2663 4376 2784 4447 quia
2823 4390 2943 4430 caro
2979 4382 3026 4428 et
3061 4373 3270 4445 sanguis
3305 4388 3390 4426 re-

1802 4488 1958 4545 gnum
1977 4469 2075 4527 Dei
2102 4470 2357 4541 possidere
2379 4485 2482 4524 non
2501 4475 2732 4539 possunt.
2762 4466 2865 4524 Ubi
2896 4475 2948 4522 te
2972 4480 3078 4521 non
3099 4463 3394 4535 reprehen-

1803 4564 1979 4622 dimus
2013 4565 2228 4619 nomine
2254 4563 2433 4619 carnis
2470 4569 2526 4617 at
2567 4559 2842 4632 sanguinis
2881 4558 3230 4630 significatam
3267 4572 3392 4615 car-

1805 4657 1979 4712 nalem
2006 4653 2342 4726 prudentiam
2370 4651 2682 4718 credidisse,
2701 4665 2809 4706 non
2835 4651 3004 4722 ipsam
3033 4649 3390 4707 substantiam

1805 4748 2047 4818 corporis
2070 4745 2333 4809 animalis,
2363 4759 2483 4814 qua:
2508 4743 2804 4799 seminatur
2829 4741 3045 4813 quidem
3076 4742 3130 4798 in
3157 4741 3390 4812 ignomi-

1806 4843 1913 4910 nia,
1954 4840 2049 4896 sed
2090 4848 2272 4895 tamen
2313 4847 2558 4908 resurget
2599 4837 2653 4893 in
2696 4837 2899 4908 gloria,
2931 4847 2986 4892 et
3027 4852 3253 4907 regnum
3298 4837 3394 4894 Dei

1807 4934 1990 5006 procul
2015 4932 2176 4988 dubio
2209 4929 2517 5002 possidebit.
2553 4929 2806 4996 Quamvis
2835 4939 2888 4985 et
2913 4929 3073 4985 aliter
3093 4930 3196 4985 hoc
3222 4930 3396 5000 possit

1808 5025 2051 5096 intelligi,
2069 5033 2124 5078 ut
2150 5024 2250 5079 isto
2276 5023 2416 5090 loco,
2443 5020 2658 5077 nomine
2681 5021 2858 5076 carnis
2883 5029 2940 5077 et
2955 5022 3247 5092 sanguinis,
3269 5037 3394 5078 cor-

1807 5119 1986 5190 ruptio
2012 5116 2306 5189 signiﬁcata
2334 5115 2423 5182 sit,
2454 5129 2612 5186 quam
2635 5129 2776 5169 nunc
2798 5114 2850 5169 in
2878 5128 3042 5171 carne
3067 5115 3310 5172 videmus
3336 5122 3394 5170 ct

1809 5210 2101 5282 sanguine;
2129 5224 2246 5280 qua:
2267 5207 2450 5278 utique
2476 5206 2748 5277 corruptio
2775 5220 2996 5276 regnum
3019 5205 3112 5261 Dei
3143 5220 3248 5260 non
3273 5218 3397 5274 pos-

1810 5303 2023 5372 sidebit,
2049 5302 2174 5374 quia
2202 5297 2544 5370 corruptibile
2560 5297 2664 5354 hoc
2686 5297 2937 5354 induetur
2966 5294 3389 5365 incorruptione.

1812 5395 1967 5456 Unde
1993 5409 2118 5452 cum
2146 5392 2384 5460 dixisset,
2407 5389 2540 5448 Caro
2568 5399 2615 5446 et
2643 5389 2850 5462 sanguis
2867 5402 3078 5460 regnum
3103 5383 3203 5441 Dei
3225 5385 3395 5456 possi-

1877 5647 1896 5679 ί
1917 5651 2076 5704 Forte,
2097 5638 2401 5707 perveniatur
2429 5648 2447 5688 :
2470 5634 2555 5687 vel
2576 5631 2850 5686 addendum
2869 5627 2966 5688 hic,
2984 5630 3040 5676 ut
3062 5635 3115 5675 tn
3141 5628 3223 5672 us.
3247 5626 3396 5681 Port.,

1814 5710 2262 5878 cq’iigﬁi‘ié‘e
2277 5773 2473 5812 accessu
2506 5756 2663 5832 muttis
2706 5752 2960 5829 duarum
3239 5741 3399 5808 audi.

1815 5831 1943 5878 nuod
2079 5835 2191 5878 etur
2212 5828 2262 5875 in
2283 5827 2634 5878 manuscriptts.

1815 5831 1943 5910 quod
1957 5893 1967 5903 _
1981 5827 2191 5878 habetur
2212 5828 2262 5875 in
2283 5827 2634 5883 manuscriptis.

1845 5914 1856 5924 ι
1885 5895 2000 5953 !Stc
2021 5897 2128 5941 Mss.
2146 5887 2281 5955 Apud
2304 5892 2466 5952 Ἥκω,
2487 5878 2730 5955 operibus.
