3958 6454
118 351 292 440 suos

113 494 324 559 eodem
353 505 407 577 et
427 490 518 571 qui
556 492 658 568 legi
687 492 781 551 Dei
806 496 1064 565 congruat
1079 490 1264 564 vigore
1285 489 1629 547 damnamus‘

202 594 343 649 Anc.
385 590 500 662 Ego
525 599 795 659 nunquam
821 585 930 642 dixi
953 596 1071 641 eam
1106 584 1304 656 legem,
1333 597 1452 654 quae
1486 581 1540 637 in
1565 593 1724 652 para-

117 685 253 741 diso
290 676 413 739 data
458 689 561 749 est,
590 678 904 751 Apostolum
933 675 1279 750 signiﬁcasse,
1312 676 1401 732 ubi
1442 674 1535 739 ait,
1566 675 1724 727 uirtus

120 777 331 850 peccati
355 774 455 830 (es.
483 771 702 828 Frustra
748 784 875 844 ergo
906 769 1164 826 adversus
1192 782 1299 836 me,
1332 775 1580 835 tanquam
1621 763 1725 818 hoc

119 870 393 935 dixerim,
420 872 478 921 tu
516 858 682 920 multa
718 852 920 918 dixisti.
947 859 1213 917 Virtutem
1240 868 1470 928 namque
1495 852 1720 925 peccati,

116 959 243 1031 jam
286 956 502 1030 quidem
532 954 826 1022 existentis,
875 950 971 1009 sed
1012 951 1189 1008 minus
1230 946 1556 1022 operantis',
1606 954 1724 1001 eam

125 1054 314 1124 legem
347 1062 562 1120 semper
589 1045 851 1114 intellexi,
876 1043 943 1101 de
969 1056 1070 1116 qua
1101 1038 1242 1099 idem
1268 1040 1559 1112 apostolus,
1588 1036 1733 1119 Quid

125 1160 259 1217 ergo
307 1141 551 1207 dicemus,
594 1138 802 1210 inquit?
844 1136 953 1193 Lex
994 1138 1252 1207 peccatum
1289 1130 1406 1188 est?
1429 1130 1572 1185 Absit
1597 1146 1615 1184 :
1641 1129 1729 1184 sed

128 1241 402 1306 peccatum
441 1247 545 1287 non
589 1231 801 1303 cognovi
843 1228 941 1283 nisi
968 1240 1058 1299 pur
1094 1226 1273 1298 legem.
1310 1220 1449 1277 Nam
1489 1222 1730 1291 concupi-

128 1326 383 1382 scentiam
409 1322 707 1389 nesciebam,
743 1320 842 1376 nisi
874 1317 962 1374 ica:
983 1318 1188 1383 diceret,
1225 1308 1350 1370 Non
1387 1312 1726 1383 concupisces.

136 1412 424 1473 Occasione
441 1424 606 1471 autem
634 1420 859 1484 accepta,
885 1419 1143 1483 peccatum
1170 1424 1259 1482 per
1286 1404 1581 1461 mandatum
1606 1420 1729 1476 ope.

132 1516 313 1565 ratum
335 1516 407 1564 est
435 1509 489 1562 In
515 1518 594 1562 me
619 1514 818 1561 onmem
859 1502 1315 1572 concupiscentiam
1342 1497 1516 1572 (Rom.
1550 1512 1643 1562 vn,
1675 1496 1729 1567 'I,

134 1598 220 1677 8).
246 1603 388 1659 Ecce
407 1598 676 1673 quomodo
700 1607 782 1654 est
804 1596 971 1653 virtus
988 1596 1194 1668 peccati
1222 1594 1316 1650 lex
1340 1610 1354 1648 :
1380 1591 1560 1647 minus
1589 1592 1731 1647 enim

133 1697 464 1768 operabatur
499 1701 798 1766 peccatum,
828 1684 1042 1763 quando
1058 1687 1556 1760 invaricationom
1596 1698 1733 1739 non-

137 1780 272 1845 dum
310 1786 649 1858 cperabatur,
696 1784 817 1854 quia
856 1778 949 1837 lett
988 1778 1228 1835 nondum
1276 1778 1397 1833 data
1436 1787 1553 1833 erat
1587 1793 1600 1830 :
1634 1770 1733 1832 Ubi

134 1878 280 1935 enim
305 1878 389 1934 lea:
421 1886 523 1932 nan
564 1883 656 1942 est,
687 1889 778 1929 nec
810 1871 1161 1939 prwvmicatio
1191 1869 1305 1938 (id.
1334 1884 1412 1937 tv,
1440 1866 1555 1939 15).
1592 1868 1736 1924 Non-

132 1959 271 2027 dum
280 1952 413 2042 ergo
436 1974 553 2026 erat
571 1967 744 2022 omnis
760 1962 1211 2034 concupiscentia,
1244 1968 1526 2029 antequam
1545 1958 1733 2030 prohi-

130 2054 347 2129 bitioue
390 2060 469 2117 sic
506 2064 794 2124 cresceret,
837 2064 1052 2128 tamque
1086 2052 1245 2111 fortis
1274 2054 1446 2120 fieret,
1480 2063 1542 2109 ut
1568 2053 1735 2124 ipsius

136 2148 543 2226 'prohibitiouis,
581 2164 684 2223 qua
711 2158 974 2216 creverat,
994 2148 1265 2204 vincuium
1297 2155 1591 2218 rumperet.
1626 2146 1738 2202 ηας

134 2255 202 2303 ‘et
242 2250 302 2303 ‘te
342 2246 523 2316 ipsum
566 2243 707 2299 scire
748 2239 1083 2307 monstrasti,
1135 2238 1302 2294 inuita
1336 2240 1396 2293 in
1433 2236 1575 2293 hanc
1608 2252 1734 2293 sens-

136 2330 749 2394 ‘tentiam'disserendo:
778 2331 1021 2404 quatinus
1055 2338 1117 2386 ut
1141 2330 1244 2385 huc
1271 2329 1601 2396 emendares,
1634 2328 1735 2383 alia

136 2430 326 2502 potius
350 2424 641 2484 adhibuisti
669 2425 972 2483 testimonia
1000 2424 1312 2495 apostolica,
1356 2430 1463 2479 non
1506 2424 1609 2478 hoc
1633 2432 1739 2495 quo

148 2534 253 2597 ego
278 2538 416 2579 nunc
439 2532 572 2579 usus
597 2530 751 2588 sum;
778 2520 1012 2576 fortasse
1047 2515 1189 2586 ideo,
1226 2534 1293 2575 ne
1320 2523 1598 2590 peccatum
1620 2530 1740 2575 esse

138 2616 638 2691 concupiscentiam
676 2606 940 2671 fatereris.
975 2608 1327 2685 itpc‘rtissime
1357 2613 1551 2683 quippe
1594 2611 1740 2666 illam

149 2706 535 2767 demonstravit
572 2720 692 2763 esse
716 2714 1015 2778 peccatum,
1044 2702 1133 2775 qui
1160 2704 1311 2768 dixit,
1336 2701 1475 2775 quod
1502 2712 1740 2757 comme-

140 2802 355 2857 ‘moravi
385 2818 399 2853 :
428 2799 703 2856 Peccatum
745 2812 848 2851 non
896 2795 1102 2867 cognovi
1123 2836 1137 2860 ,
1178 2793 1284 2849 nisi
1320 2808 1416 2865 per
1458 2794 1636 2865 tegent.
1673 2790 1742 2847 Et

146 2896 301 2951 velut
354 2902 716 2964 quaereremus
771 2882 912 2960 quod
952 2896 1235 2959 peccatum
1266 2904 1279 2939 :
1308 2884 1449 2939 Nam
1502 2882 1743 2957 concupi-

132 2988 413 3054 scentiam,
436 2976 634 3056 “inquit,
662 2978 963 3047 nesciebam,
990 2979 1089 3034 nisi
1118 2981 1202 3033 lea:
1226 2978 1430 3043 diceret,
1466 2976 1591 3032 Non
1619 2992 1741 3031 ron-

52 3079 57 3085 ’
152 3079 394 3149 cupisces.
424 3074 548 3130 time
568 3073 728 3145 igitur
752 3070 1202 3141 concupiScentia,
1232 3070 1414 3140 utique
1444 3067 1604 3134 mala,
1639 3080 1746 3137 qua

139 3178 285 3226 caro
328 3165 658 3237 concupiscit
710 3163 967 3220 adversus
1021 3160 1286 3233 spiritum,
1339 3158 1575 3215 nondum
1628 3167 1745 3215 erat

154 3272 280 3320 ante
314 3261 473 3334 primi
496 3253 887 3315 honﬁnisiilud
914 3254 1121 3327 grande
1152 3260 1430 3325 peccatum
1455 3271 1470 3308 :
1496 3251 1594 3309 sed
1623 3266 1744 3309 esse

146 3358 285 3412 'tunc
310 3352 492 3424 coepit,
530 3352 883 3421 naturamque
912 3348 1198 3402 humanam
1230 3354 1488 3417 tanquam
1535 3344 1588 3399 in
1630 3342 1747 3399 tra-

150 3442 335 3504 ‘duce‘
364 3445 587 3509 vitiavit,
628 3436 771 3499 unde
810 3440 973 3496 trahit
992 3440 1260 3511 originale
1282 3434 1748 3511 peccatum.Cutu

154 3540 252 3598 iiia
274 3538 470 3611 qnippe
493 3535 668 3593 omnis
688 3535 861 3592 'ltumo
890 3528 1129 3590 nascitur
1153 3550 1167 3588 :
1190 3548 1295 3588 nec
1316 3531 1474 3603 hujus
1498 3530 1750 3602 concupi-

156 3633 379 3690 scentia:
420 3638 647 3696 reatus,
680 3626 787 3683 nisi
827 3627 881 3682 in
924 3622 1333 3682 renascentibus
1379 3622 1605 3678 solvitur
1629 3665 1643 3690 ,
1691 3631 1751 3677 ut

159 3732 229 3781 eo
274 3716 578 3793 patinam
638 3716 1033 3774 absolutionem
1084 3728 1193 3769 non
1247 3713 1589 3784 inquinetur,
1642 3711 1751 3767 nisi

158 3817 255 3888 qui
279 3814 330 3872 ei
358 3813 425 3870 ad
448 3808 869 3885 perpetrandum
894 3822 1030 3880 opus
1056 3807 1281 3874 malum,
1310 3806 1500 3883 spiritu
1549 3805 1749 3861 adver-

156 3926 255 3969 sus
291 3918 413 3968 eam
437 3908 522 3965 vel
548 3917 655 3964 non
680 3906 1111 3976 concupiscen‘te,
1148 3901 1234 3958 vel
1264 3914 1368 3957 non
1418 3898 1607 3961 fortius
1632 3914 1752 3956 con-

155 4004 492 4074 cupissento,
512 4000 806 4057 comatis.
846 3997 1069 4054 Addunt
1098 4009 1232 4066 ergo
1262 3993 1404 4050 vines
1429 3992 1604 4048 eidem
1622 4005 1754 4048 em-

140 4095 504 4165 cupiscentitc
531 4100 769 4165 pecunia,
792 4100 911 4161 quae
949 4086 1210 4151 accadunt
1235 4086 1449 4158 propria
1475 4082 1753 4139 voluntate

165 4189 523 4260 peccantium,
567 4194 624 4242 et
660 4186 775 4256 ipsa
803 4180 1135 4239 consuetudo
1158 4178 1438 4251 peccandi,
1481 4190 1602 4248 qua:
1634 4190 1754 4231 .non

165 4279 365 4336 frustra
410 4278 512 4334 dici
542 4277 682 4335 solet
727 4274 955 4333 secunda
987 4282 1215 4328 natura:
1241 4270 1335 4326 sed
1368 4285 1437 4325 ne
1478 4277 1606 4324 tunc
1647 4269 1757 4338 qui-

164 4371 291 4428 dem
325 4371 499 4427 omnis
537 4377 620 4426 est
659 4365 1112 4439 concupiscentia.
1164 4362 1357 4419 Adhuc
1402 4362 1545 4417 enim
1597 4360 1758 4417 habet

165 4478 276 4536 quo
311 4472 552 4529 crescat;
590 4462 838 4534 quoniam
880 4458 1057 4514 minor
1102 4465 1205 4524 est,
1264 4455 1516 4527 quamdiu
1558 4470 1662 4509 non
1724 4469 1755 4510 a

166 4557 409 4623 sciente,
453 4555 548 4612 sed
585 4555 652 4610 ab
696 4554 974 4625 ignorante
1016 4557 1286 4621 peccatur.
1335 4547 1462 4603 ldeo
1513 4561 1619 4602 non
1659 4547 1753 4610 ait,

165 4647 295 4705 Non
324 4646 617 4712 habebam;
645 4644 762 4714 scd,
810 4641 1111 4698 Nesciebam
1152 4638 1625 4711 concupiscentiam,
1656 4638 1758 4692 nisi

164 4740 261 4796 lea:
300 4738 503 4805 diceret,
549 4736 671 4792 Non
731 4734 1072 4806 concupisces.
1142 4730 1420 4787 Occasione
1478 4740 1644 4785 autem
1670 4744 1759 4785 πν-

159 4839 336 4903 cepta,
386 4839 643 4899 peccatum
685 4843 775 4899 per
815 4825 1111 4879 mandatum
1147 4823 1426 4894 'Operalum
1467 4830 1540 4876 est
1586 4821 1642 4875 in
1679 4832 1760 4875 me

158 4938 371 4980 onmem
417 4918 894 4989 concupiscentiam.
943 4914 1130 4971 Omnis
1185 4922 1269 4970 est
1309 4913 1451 4969 enim
1500 4912 1757 4981 concupi-

159 5011 396 5081 scentia,
436 5009 646 5082 quando
663 5006 931 5080 prohibita
968 5006 1421 5075 concupiscuntur
1459 5002 1757 5071 ardentius,

158 5114 222 5162 et
252 5113 466 5176 peccata
497 5103 607 5175 jam
653 5101 886 5172 cognita,
927 5098 1241 5171 ignorantia:
1286 5096 1490 5152 sublata
1532 5110 1760 5151 excusa-

164 5198 337 5262 tione,
364 5204 419 5252 et
444 5193 731 5251 accedente
755 5193 888 5263 legis
913 5189 1375 5263 praevaricatione,
1409 5188 1758 5243 committun-

162 5297 260 5346 tur
280 5287 583 5345 immanius.
611 5284 768 5343 Unde
788 5285 877 5341 lex
907 5283 1026 5350 Dei,
1058 5279 1198 5354 apud
1226 5294 1321 5337 eos
1358 5294 1493 5352 quos
1523 5295 1628 5335 non
1657 5279 1754 5335 ad—

192 5630 205 5642 .
233 5569 255 5603 ι
280 5574 379 5640 βοα
408 5565 519 5619 loco
549 5568 601 5618 in
620 5566 959 5631 manmcrtptis
976 5565 1251 5631 subjicitur:
1277 5563 1487 5631 explica
1525 5563 1647 5617 liber
1666 5573 1756 5618 ,ηι-

372 5693 711 5756 manuscriptis
730 5690 825 5742 hoc
844 5689 952 5741 loco
984 5689 1201 5740 addimus
1216 5724 1231 5749 ,
1271 5691 1357 5741 sed
1378 5690 1538 5743 minus
1559 5704 1759 5757 operan-

167 5762 261 5888 ‘_”3
279 5816 429 5877 Editi,
769 5813 1040 5888 traducem:
1096 5820 1150 5863 At
1194 5822 1301 5884 Mss,
1337 5814 1456 5888 utar.
1479 5825 1557 5888 net
1608 5824 1754 5879 tum,

174 5875 421 5941 umquam
452 5876 505 5929 in
549 5875 770 5930 traduce.
817 5882 977 5934 Port..
1024 5882 1250 5941 tanquam
1283 5875 1334 5927 in
1377 5876 1648 5931 traducem.

1474 366 1677 430 mea
1708 354 2011 429 SEXTUS.

1826 484 1975 556 juvat
2002 485 2169 557 gratia
2204 486 2297 544 Dei
2323 503 2419 560 per
2456 489 2665 562 Agnum
2694 488 2791 546 Dei
2812 490 2905 562 qui
2933 491 3072 547 tollit
3098 495 3414 564 peeoatum‘

1830 579 2032 644 mundi,
2059 595 2166 635 non
2191 582 2455 638 correctio
2484 584 2772 653 peccantis,
2806 584 2899 639 sed
2930 585 3096 640 vitans
3125 586 3302 655 potius
3335 592 3419 642 est

1829 670 1968 727 dicta
2004 676 2225 741 peccati.
2266 675 2338 730 Et
2375 676 2496 731 ideo
2544 691 2664 732 cum
2715 677 2958 744 dixisset,
3010 677 3178 735 Virtus
3222 680 3419 750 peccati

1832 762 1945 828 (est,
1966 770 2213 833 tanquam
2241 766 2677 836 responderetur,
2724 767 2863 836 Quid
2888 780 3022 839 ergo
3052 769 3335 837 iaciemus,
3367 770 3419 831 al

1831 861 2108 925 peccatum
2157 870 2257 913 nec
2300 858 2417 928 lege
2460 858 2684 927 tollitur,
2721 861 2817 917 sed
2861 862 3123 932 augetur?
3163 864 3420 921 continuo

1831 946 2121 1017 subiiciens
2152 950 2241 1004 ubi
2284 964 2409 1020 spes
2433 951 2768 1009 debeatesse
2794 955 3161 1011 certantibus:
3185 954 3414 1021 Gratias,

1831 1039 2021 1111 inquit,
2058 1037 2167 1094 Deo
2193 1040 2282 1111 qui
2319 1041 2456 1096 dedit
2492 1042 2635 1098 nobis
2672 1043 2980 1109 victoriam;
3004 1044 3110 1109 vel,
3151 1045 3291 1100 sicut
3329 1045 3420 1102 alii

1831 1131 2042 1189 codices
2071 1132 2287 1199 habent,
2327 1137 2468 1204 quod
2502 1143 2561 1189 ct
2586 1135 2746 1205 graeci
2782 1136 3001 1201 habent,
3034 1139 3122 1208 qui
3159 1139 3248 1193 dot
3272 1139 3421 1194 nobis

1831 1225 2092 1281 victoriam
2127 1238 2214 1295 per
2238 1225 2514 1282 Dominam
2551 1235 2777 1283 nostrum
2804 1228 2982 1285 Jesum
3004 1232 3280 1287 Christum.
3312 1231 3421 1288 Ve-

1831 1317 2043 1373 rissime
2084 1326 2305 1388 prorsus
2335 1336 2348 1372 :
2384 1317 2448 1374 Si
2484 1318 2617 1373 enim
2647 1319 2770 1377 data
2806 1330 2936 1375 esset
2960 1320 3065 1389 cies,
3106 1336 3218 1393 om
3254 1331 3423 1393 posset

1832 1411 2107 1481 viviﬁcare,
2141 1410 2348 1467 omnino
2391 1426 2453 1465 ea:
2487 1411 2595 1482 lege
2632 1420 2761 1466 esset
2792 1413 2995 1484 justitia
3021 1426 3040 1467 :
3065 1414 3154 1469 sed
3178 1415 3423 1469 conciam

1835 1501 2105 1573 Scriptura
2134 1502 2303 1556 onmia
2326 1501 2417 1557 sub
2444 1512 2669 1574 peccato,
2696 1513 2752 1557 ut
2778 1504 3050 1573 promissio
3076 1519 3145 1558 es:
3172 1505 3274 1573 με
3295 1505 3425 1558 Iesu

1835 1590 2021 1649 Christi
2066 1593 2276 1647 daretur
2330 1593 2644 1649 credentibus
2689 1593 2886 1665 (Calai.
2930 1608 3008 1661 tu,
3049 1594 3115 1649 αι
3139 1595 3325 1665 e122).
3359 1595 3426 1650 Hi

1834 1686 1976 1741 enim
2018 1695 2145 1742 sunt
2193 1685 2284 1741 ﬁlii
2330 1687 2701 1757 promissionis
2742 1696 2799 1742 et
2840 1694 2965 1742 rasa
3014 1688 3423 1757 misericordiae,

1834 1780 2027 1851 quibus
2060 1780 2186 1836 ideo
2221 1780 2341 1835 data
2371 1789 2455 1836 est
2494 1780 2779 1851 promissio
2816 1792 2885 1837 ex
2908 1781 3016 1839 fide
3047 1781 3173 1837 Iesu
3192 1781 3422 1850 Christi,

1835 1875 1955 1945 quia
1984 1873 2400 1929 misericordiam
2430 1875 2704 1929 consecuti
2738 1881 2883 1941 sunt,
2915 1883 2973 1929 ut
3002 1873 3186 1930 ﬂuetus
3220 1882 3424 1942 essem

1837 1964 1978 2037 quod
2009 1965 2171 2021 etiam
2190 1964 2260 2020 de
2279 1976 2337 2020 se
2352 1966 2470 2036 ipso
2484 1963 2618 2019 dicit
2642 1965 2931 2035 Apostolus
2954 1964 3000 2034 (i
3021 1964 3142 2019 Cor.
3173 1978 3266 2030 νη,
3287 1960 3389 2035 I5)
3405 1981 3425 2020 ε

1837 2062 1908 2113 ne
1934 2057 2017 2113 vel
2046 2057 2156 2126 ipsa
2184 2055 2338 2119 ﬁdes,
2368 2070 2435 2112 ex
2452 2070 2560 2128 qua
2584 2057 2788 2127 incipit,
2813 2064 2868 2113 et
2892 2056 2960 2113 ad
2987 2071 3146 2128 quam
3166 2059 3426 2127 reicitur,

1837 2147 2095 2221 quidun
2146 2156 2505 2220 temperanter
2552 2157 2607 2204 et
2626 2149 2771 2220 iuste
2816 2154 2871 2205 et
2919 2147 3004 2220 pie
3045 2151 3302 2222 gemitus,
3352 2151 3429 2207 ita

1838 2236 2105 2296 tribuatur
2148 2249 2346 2297 nostra:
2386 2240 2678 2297 voluntatis
2726 2240 2968 2308 arbitrio,
3017 2246 3268 2313 tanquam
3316 2254 3429 2299 non

1838 2332 1997 2388 nobis
2026 2332 2137 2387 Deo
2181 2330 2470 2388 miserante
2499 2331 2765 2399 donetur;
2794 2346 2828 2388 a
2856 2344 2963 2402 quo
2984 2334 3145 2389 etiam
3183 2334 3433 2390 voluntas

1834 2425 1978 2496 ipsa,
2031 2424 2172 2479 sicut
2214 2425 2470 2495 scriptum
2526 2431 2630 2491 est,
2671 2432 3019 2495 praeparatur
3067 2421 3261 2494 (Prov.
3313 2434 3429 2491 vni,

1836 2510 1943 2572 sec.
1962 2515 2160 2590 LXX).
2193 2515 2350 2573 Unde
2382 2525 2568 2573 sancta
2594 2517 2833 2573 Ecclesia
2864 2528 2960 2587 per
2999 2530 3093 2572 ora
3120 2518 3431 2589 supplicam-

1837 2610 1977 2666 tium
2018 2610 2353 2665 sacerdotum
2402 2624 2508 2664 non
2544 2610 2720 2664 solum
2759 2624 2858 2679 pro
2878 2608 3146 2677 ﬁdelibus,
3186 2618 3249 2665 ut
3274 2610 3329 2664 in
3360 2622 3435 2665 eo

1837 2704 1987 2775 quod
2010 2704 2260 2771 credunt,
2285 2711 2664 2774 perseverante
2684 2703 2881 2774 pietate
2900 2716 3011 2759 non
3038 2703 3308 2769 deliciam,
3337 2713 3433 2759 ve-

1836 2804 1966 2851 rum
2008 2796 2170 2851 etiam
2204 2808 2303 2866 pro
2332 2792 2635 2850 i’niidciibus
2674 2801 2811 2861 orat,
2857 2803 2912 2850 ut
2935 2794 3179 2850 credant.
3220 2793 3436 2865 Exquo

1836 2891 1991 2946 enim
2020 2905 2118 2960 per
2142 2885 2439 2944 humanum
2456 2886 2685 2944 liberum
2706 2886 2987 2943 arbitrium
3012 2887 3182 2942 Adam
3211 2888 3438 2943 commi-

1838 2983 1918 3039 sit
1952 2978 2082 3039 illud
2108 2982 2308 3054 grande
2338 2991 2637 3052 peccatum,
2667 2988 2724 3036 et
2752 2992 2911 3036 omne
2947 2992 3118 3050 genus
3144 2980 3436 3034 immanem

1838 3074 1903 3129 in
1925 3086 2214 3129 commune
2240 3070 2511 3128 clamavit
2534 3070 2817 3144 (Utrysost.
2861 3068 3029 3141 Epist.
3069 3069 3141 3123 ad
3170 3068 3441 3141 Oiy'mpiu-

1838 3164 2012 3238 δήσω),
2038 3160 2112 3222 ab
2130 3163 2236 3220 hac
2254 3162 2527 3220 communi
2553 3161 2892 3217 damnatione
2905 3159 3165 3216 munies
3190 3161 3439 3232 quicum-

1842 3270 1953 3331 ’que
1982 3259 2296 3324 liberantur,
2328 3256 2541 3312 nonnisi
2568 3254 2745 3311 divina
2786 3254 2955 3327 gratia
2986 3263 3041 3311 et
3070 3254 3444 3313 misericordia

1840 3348 2179 3418 iiberantur;
2209 3358 2265 3406 et
2298 3347 2553 3422 quidquid
2578 3347 2664 3404 lex
2696 3346 2790 3404 Dei
2808 3346 2982 3418 jubet,
3016 3340 3229 3404 nunnisi
3252 3360 3323 3404 eo
3344 3348 3443 3420 qui

1847 3440 2001 3515 jubet
2040 3442 2344 3514 adiuvante.
2370 3441 2691 3511 inspirante,
2722 3439 2956 3495 donante
2980 3439 3282 3512 completur
3308 3439 3442 3510 :‘qui

1846 3544 2071 3608 rogatur
2108 3536 2166 3590 ut
2194 3542 2561 3606 permaneant,
2604 3542 2661 3589 ut
2690 3533 2989 3603 proficiant,
3018 3541 3076 3588 ut
3099 3533 3444 3603 perﬁciantur

1844 3628 2071 3692 'ﬂdelos;
2102 3626 2187 3697 qui
2206 3634 2427 3696 rogatur
2454 3626 2614 3681 etiam
2645 3628 2703 3680 u’t
2729 3622 2949 3681 credere
2964 3624 3223 3697 incipiant
3242 3623 3441 3681 inﬁde-

1856 3718 1955 3775 les.
1984 3721 2131 3788 Quas
2154 3719 2411 3775 Ecclesia:
2436 3726 2633 3775 sanetae
2653 3730 2850 3791 preces
2870 3727 2988 3775 toto
3006 3728 3273 3776 terrarum
3311 3720 3446 3778 orbe

1852 3816 2160 3867 crescentes
2208 3820 2261 3867 et
2298 3810 2585 3879 ferventes,
2635 3813 2941 3883 opprimere
2994 3824 3056 3870 ac
3101 3817 3444 3887 exstinguere

1857 3903 2096 3974 cupiunt,
2141 3904 2230 3975 qui
2268 3913 2458 3967 contra
2496 3903 2653 3965 istam
2682 3903 2785 3967 Dei
2823 3905 3047 3978 gratiam
3073 3904 3320 3967 humanae
3347 3922 3446 3964 vo-

1850 3998 2074 4052 tutnatis
2105 3997 2414 4065 arbitrium,
2462 4003 2523 4053 ut
2569 3998 2784 4069 gravius
2830 3997 2903 4054 de
2934 3998 3047 4053 alto
3080 3999 3444 4074 praecipitent,

1854 4090 2123 4156 extollunt
2158 4090 2354 4161 potius,
2383 4104 2545 4161 Quam
2571 4088 2885 4153 defendunt.
2916 4088 2980 4146 in
2999 4089 3192 4161 quibus
3212 4102 3445 4151 celaen-

1859 4184 2054 4241 tiosum
2084 4185 2258 4240 locum
2287 4184 2371 4240 vel
2403 4184 2523 4249 soli,
2548 4185 2632 4239 vel
2664 4185 2931 4255 praecipue
2950 4198 3048 4239 vos
3072 4185 3328 4254 ωηανὶεῆ
3352 4185 3449 4256 Qui

1859 4276 2128 4332 Christum
2153 4275 2336 4333 Jesum
2358 4276 2593 4347 parvulis
2618 4291 2722 4331 non
2753 4276 2915 4331 vultis
2940 4291 3060 4333 esse
3083 4276 3287 4341 Iesum,
3313 4291 3449 4348 quos

1861 4370 2008 4424 nullo
2034 4378 2252 4439 peccato
2281 4368 2527 4439 originali
2552 4367 2894 4423 attaminatos
2930 4383 3052 4424 esse
3084 4369 3446 4425 contenditis:

1860 4476 1981 4515 cum
2011 4461 2100 4515 ille
2125 4468 2407 4532 propterea
2432 4459 2588 4516 Jesus
2633 4459 2930 4530 appellatus
2970 4460 3059 4525 sit,
3090 4460 3213 4530 quia
3240 4461 3447 4516 salvum

1860 4553 1987 4610 fecit
2008 4555 2259 4625 populum
2286 4569 2465 4621 suum,
2492 4567 2597 4607 non
2623 4568 2654 4607 a
2675 4552 3042 4623 corporalibus
3065 4553 3286 4622 morbis,
3315 4567 3451 4625 quos

1856 4653 1918 4703 et
1950 4645 2003 4701 in
2024 4644 2227 4716 populo
2253 4661 2360 4699 non
2399 4659 2498 4699 suo
2534 4658 2725 4699 sanare
2750 4644 3051 4710 consuevit,
3080 4644 3175 4700 sed
3203 4659 3233 4698 a
3262 4659 3450 4715 peccas

1863 4739 1932 4794 tis
1954 4750 2137 4793 eorum
2162 4731 2388 4807 (Matth.
2418 4750 2457 4803 ι,
2477 4733 2593 4805 2|).
2634 4736 2886 4803 Quamvis
2921 4749 3051 4805 ergo
3078 4736 3364 4805 Apostolus
3395 4736 3448 4792 in

1866 4829 2086 4900 ecquod
2113 4829 2205 4891 ait,
2243 4826 2461 4883 Aculeus
2484 4836 2652 4881 autem
2687 4827 2863 4881 mortis
2891 4837 2963 4882 est
2989 4838 3264 4898 peccatum,
3299 4830 3449 4888 illam

1864 4922 1982 4979 sine
2014 4921 2361 4991 ambiguitate
2394 4921 2720 4991 expresserit
2759 4930 3008 4985 mortem,
3050 4936 3171 4993 qua:
3210 4904 3451 4981 resurre-

1864 5014 2030 5071 ctioni
2056 5013 2316 5083 corporis.
2359 5012 2427 5068 de
2451 5027 2554 5084 qua
2594 5012 2926 5083 loquebatur,
2973 5015 3215 5083 opposita
3251 5025 3354 5082 cst,
3398 5015 3450 5071 id

1864 5120 1964 5175 est,
1995 5109 2236 5179 corporis
2265 5116 2522 5173 mortem;
2556 5107 2669 5177 ipsa
2708 5106 2850 5161 enim
2875 5105 3251 5161 absorbebitur
3287 5108 3339 5161 in
3370 5108 3451 5161 vi-

1866 5202 2110 5267 ctoriam,
2155 5198 2371 5271 quando
2417 5213 2645 5268 corpore
2688 5198 2951 5269 spirituali
2998 5206 3315 5266 resurgente
3335 5198 3448 5265 jam

1868 5310 1972 5350 non
2000 5293 2119 5358 erit,
2148 5292 2271 5363 quia
2314 5290 2686 5345 immortalitas
2715 5290 2876 5344 etiam
2902 5289 3147 5357 corporis
3172 5288 3297 5352 erit,
3331 5302 3450 5356 quae

1868 5387 2013 5442 nullo
2054 5392 2275 5456 peccato
2308 5383 2475 5453 possit
2510 5381 2719 5436 amitti:
2749 5388 2923 5434 tamen
2970 5380 3022 5433 in
3065 5391 3134 5433 eo
3169 5376 3310 5447 quod
3359 5392 3452 5433 se-

1866 5487 2021 5535 cutus
2059 5474 2320 5547 adjunxit,
2376 5471 2551 5528 Virtus
2579 5487 2694 5527 vero
2732 5469 2947 5542 peccati,
2976 5468 3079 5533 lex,
3125 5482 3233 5523 non
3277 5467 3452 5538 legem

1865 5568 2203 5641 signiﬁcavit,
2230 5581 2350 5637 quae
2378 5564 2500 5621 data
2531 5572 2613 5619 cst
2640 5564 2691 5617 in
2722 5560 3006 5633 paradiso;
3034 5559 3125 5614 illa
3153 5558 3296 5614 enim
3321 5572 3451 5629 pec-

1867 5663 1994 5730 cati,
2014 5659 2156 5731 quod
2178 5658 2383 5714 nullum
2413 5656 2589 5711 adhuc
2614 5663 2748 5721 erat,
2768 5654 2937 5710 virtus
2958 5664 3077 5708 esse
3104 5664 3208 5708 non
3233 5658 3454 5723 posset;

1933 5817 1951 5849 ί
1975 5822 2048 5865 διο
2069 5820 2174 5863 Mss.
2200 5818 2252 5862 In
2274 5814 2433 5875 Vign.,
2456 5814 2667 5871 peccata.

1932 5880 1954 5910 ³
1977 5884 2050 5951 Sto
2070 5883 2177 5927 Mss.
2202 5889 2254 5924 tu
2276 5876 2432 5937 vign.,
2452 5879 2676 5933 tenentes.
