4022 6460
505 323 645 382 ίωῖ

503 437 601 495 sed
632 451 750 493 eam
774 435 947 506 legem
969 433 1221 487 virtutem
1250 426 1382 481 dixit
1409 439 1530 480 esse
1558 422 1784 494 peccati,
1813 435 1932 490 qua:
1959 419 2088 474 sub-

504 529 721 587 Intravit
747 537 803 582 ut
826 522 1122 581 abundaret
1149 527 1446 590 peccatum,
1465 529 1519 570 et
1538 523 1851 586 operaretur
1874 525 2090 566 omnem

503 615 990 690 concupiscentiam
1028 630 1043 668 :
1073 612 1124 667 id
1171 621 1274 675 est,
1308 625 1416 664 non
1464 622 1583 663 eam
1627 613 1856 672 tantum,
1885 619 2005 675 qua:
2036 602 2092 657 in

505 709 752 782 paradiso
805 715 992 762 exorta
1040 700 1379 759 mortilicavit
1423 708 1479 755 et
1523 713 1754 768 corpus,
1806 710 1930 752 cum
1987 708 2093 766 qua

505 803 680 859 omnis
702 800 864 856 homo
886 797 1156 862 nascitur;
1185 811 1286 850 nec
1310 809 1430 850 eam
1458 801 1685 858 tantum,
1708 807 1831 862 quae
1860 788 2093 860 peccatis

508 907 601 963 per
628 891 887 962 cujusque
924 887 1094 943 malos
1131 900 1310 941 mores
1341 882 1722 940 accedentibus
1764 881 1966 946 crevit;
1997 894 2093 934 ve-

507 999 624 1038 rum
660 982 822 1038 etiam
845 980 1012 1045 illam,
1041 995 1160 1050 qua:
1187 975 1439 1032 mandato
1467 973 1784 1046 prohibente
1817 971 2096 1027 ardentius

506 1075 756 1141 excitata,
798 1073 866 1127 ad
889 1071 1379 1143 prievaricatinnem
1415 1084 1582 1138 usque
1616 1067 1896 1138 pervenit:
1931 1074 1988 1121 ut
2010 1065 2096 1120 vi-

507 1164 696 1227 ctoria,
723 1179 826 1235 qua
848 1179 954 1218 non
981 1163 1154 1218 solum
1184 1161 1390 1232 peccati
1413 1157 1700 1230 cupiditas,
1721 1172 1908 1212 verum
1934 1156 2098 1212 etiam

511 1255 700 1313 mortis
742 1255 1038 1325 corporalis
1062 1255 1365 1309 vinceretur
1407 1253 1583 1315 timor,
1616 1260 1890 1320 postremo
1931 1249 2099 1319 ipsius

508 1349 847 1405 mortalitatis
899 1348 1277 1404 absorberetur
1322 1345 1636 1407 inﬁrmitas,
1683 1358 1788 1398 non
1838 1343 1956 1414 lege
2004 1356 2100 1411 per

513 1439 752 1512 Moysen:
774 1439 918 1505 data,
955 1439 1050 1494 sed
1081 1455 1176 1508 per
1199 1437 1472 1494 Christum
1513 1434 1651 1490 facta
1673 1435 1844 1506 gratia
1875 1441 2100 1505 praesta-

513 1542 680 1588 retur.
730 1530 961 1588 Proinde
1011 1531 1084 1585 ita
1137 1528 1278 1585 dixit
1318 1527 1628 1598 Apostolus,
1677 1523 1894 1580 Aculeus
1934 1532 2102 1578 auum

513 1624 690 1680 mortis
721 1633 794 1679 est
839 1631 1128 1694 peccatum;
1166 1621 1331 1700 uirtus
1364 1635 1480 1675 vero
1519 1619 1729 1689 peccati.
1759 1616 1882 1672 lex:
1911 1615 2102 1687 gratias

517 1726 685 1771 autem
705 1714 834 1769 'Dco
861 1715 943 1785 qui
971 1714 1058 1768 dat
1093 1713 1234 1767 nobis
1269 1710 1527 1766 victoriam
1569 1726 1658 1781 per
1694 1707 1969 1763 Dominum
2009 1722 2103 1761 tta-

513 1821 678 1866 strum
724 1807 905 1864 Jcsum
945 1807 1201 1864 Christum
1241 1821 1261 1862 :
1298 1816 1548 1876 tanquam
1591 1804 1814 1870 diceret,
1870 1802 2104 1858 Aculeus

515 1903 733 1974 quidem
779 1903 966 1957 mortis
1023 1909 1106 1956 est
1155 1908 1455 1972 peccatum,
1499 1897 1621 1968 quia
1669 1905 1888 1968 peccato
1938 1895 2100 1950 etiam

514 2009 664 2051 mors
706 1993 808 2047 ista
847 1991 1088 2062 corporis
1131 1989 1266 2046 facta
1294 1999 1405 2056 est;
1436 1991 1590 2060 cujus
1638 1987 1842 2043 auctori
1869 1986 1953 2042 vel
2001 1985 2103 2057 ipsi

515 2085 675 2141 etiam
720 2084 880 2140 morti
909 2083 1117 2138 dicetur
1146 2083 1199 2138 in
1229 2082 1332 2150 line
1371 2082 1439 2136 ab
1477 2083 1576 2149 eis,
1619 2081 1812 2152 quibus
1849 2080 1902 2134 in
1931 2079 2102 2150 gloria

512 2175 918 2247 resurgentibus
959 2174 1356 2240 absorbebitur,
1405 2171 1502 2228 Ubi
1545 2182 1640 2236 est,
1685 2188 1843 2238 mors,
1893 2171 2104 2225 victoria

514 2268 641 2323 tua?
665 2267 749 2322 ubi
772 2277 868 2333 est,
901 2283 1057 2330 mars,
1089 2266 1298 2320 aculeus
1324 2266 1480 2320 tuus?
1505 2263 1600 2321 sed
1636 2264 1740 2320 iste
1766 2265 2006 2328 aculeus,
2049 2262 2102 2318 id

515 2370 600 2417 est
629 2366 924 2429 peccatum,
955 2373 1050 2429 per
1082 2373 1244 2413 unum
1277 2357 1601 2427 ingrediens,
1627 2364 1684 2411 et
1709 2356 1760 2410 in
1787 2369 1975 2410 omnes
2008 2354 2108 2410 ho-

517 2451 695 2508 mines
729 2465 851 2506 cuin
893 2460 1066 2506 morte
1092 2450 1477 2521 pertransiens,
1509 2449 1630 2503 aliis
1667 2463 1881 2519 quoque
1909 2447 2105 2504 additis

518 2545 952 2615 multiplicatum,
990 2559 1090 2600 nec
1119 2542 1202 2599 lex
1227 2551 1413 2598 sancta
1442 2552 1499 2598 et
1512 2541 1656 2613 justa
1683 2551 1738 2596 et
1768 2541 1906 2597 bona
1937 2540 2106 2612 quivit

517 2639 731 2696 auferre
753 2639 770 2671 ⁸
810 2655 824 2692 :
864 2637 1036 2693 virtus
1078 2636 1220 2692 enim
1251 2636 1428 2707 potius
1464 2634 1582 2705 ejus
1617 2631 1804 2689 ell‘ecta
1844 2643 1948 2699 est,
1980 2647 2105 2689 cum

516 2729 782 2803 prohibita
801 2728 1233 2800 concupiscentia
1259 2727 1428 2798 magis
1448 2726 1771 2792 ardesceret,
1798 2736 1853 2782 et
1878 2725 1945 2782 ad
1968 2741 2108 2798 pras-

512 2820 857 2877 varicatiunis
875 2819 1148 2876 cumulum
1179 2819 1504 2889 perveniret.
1525 2817 1662 2886 Quid
1687 2833 1815 2890 ergo
1845 2817 2103 2888 restabat,

515 2912 620 2970 nisi
652 2921 709 2967 ut
733 2912 904 2984 gratia
933 2910 1283 2968 subveniret?
1325 2908 1530 2966 Gratias
1557 2910 1736 2979 itaque
1763 2907 1874 2964 Deo
1901 2910 1988 2981 qui
2015 2909 2106 2965 dat

516 3003 663 3060 nobis
687 3003 945 3058 victoriam
968 3019 1060 3073 per
1079 3001 1357 3058 Domitium
1371 3010 1597 3056 nostrum
1614 3000 1793 3056 Jesum
1810 2999 2067 3056 Christum
2084 3018 2108 3069 ,-

509 3095 611 3166 qui
650 3103 832 3148 nostra
861 3092 1039 3149 debita
1062 3091 1402 3157 dimittenda,
1446 3101 1500 3148 et
1527 3107 1627 3147 nos
1671 3092 1725 3146 in
1757 3092 2106 3150 tentationem

520 3201 629 3242 non
667 3183 966 3252 inferendo,
1010 3184 1078 3239 ad
1109 3183 1454 3240 novissimam
1492 3183 1790 3252 victoriam,
1822 3200 1924 3254 qua
1958 3200 2107 3242 mors

515 3276 680 3334 etiam
718 3274 960 3345 corporis
1005 3274 1377 3342 absorbeatur,
1425 3272 1675 3340 adducit;
1706 3274 1879 3346 utqui
1906 3275 2109 3346 gloria-

517 3375 622 3432 tur,
655 3381 762 3422 non
791 3365 1028 3422 conﬁdat
1059 3365 1115 3420 in
1139 3366 1338 3422 virtute
1377 3382 1495 3434 sua,
1521 3366 1616 3422 sed
1656 3367 1708 3423 in
1739 3367 1967 3423 Domino
1994 3368 2112 3440 glo-

513 3461 684 3518 rietur
703 3459 770 3533 (ll
791 3457 910 3517 Cor.
941 3476 996 3526 ι.
1029 3460 1145 3530 l7).
1175 3460 1300 3516 ilice
1325 3470 1471 3516 recta
1495 3459 1843 3517 et'catbolica
1871 3460 2024 3527 lides,
2054 3461 2110 3518 in

517 3567 623 3623 qua
674 3553 837 3608 etiam
880 3551 1164 3608 didicimus
1205 3561 1262 3607 et
1305 3561 1570 3622 tenemus,
1621 3562 1852 3609 mortem
1895 3568 2112 3625 quoque

520 3644 764 3716 corporis
800 3658 869 3701 eo
895 3644 1081 3700 aculeo
1109 3643 1323 3714 factam,
1354 3644 1497 3716 quod
1534 3653 1619 3702 est
1640 3654 1916 3716 peccatum
1937 3687 1953 3712 ,
1987 3653 2108 3702 tan-

521 3743 632 3792 tum
665 3751 696 3790 a
722 3735 1136 3793 Manicbzeorum
1175 3738 1396 3793 errore'
1424 3736 1634 3792 diversa
1679 3745 1785 3806 est,
1826 3736 1984 3808 eique
2012 3752 2113 3809 po-

581 3879 602 3911 ι
635 3879 710 3929 sic
740 3891 916 3952 milites
937 3879 1088 3941 editi;
1110 3887 1162 3931 at
1195 3893 1375 3932 sensus
1394 3882 1604 3991 requrit
1620 3889 1676 3933 ut
1695 3883 1767 3934 sic
1798 3882 1995 3948 legatur
2017 3889 2114 3940 iste

581 3951 693 3990 ws:
725 3957 751 3988 ι
771 3939 879 3990 aliis
898 3954 1096 3991 auooue
1117 3943 1292 3991 additis
1313 3941 1482 3991 multin
1505 3945 1674 3991 lentus.
1698 3944 1929 3991 [1661823
1950 3957 2114 3991 suum

522 3937 693 4011 locus;
725 3957 751 3988 ι
771 3939 879 4011 aliis
898 3937 1096 4011 quoque
1117 3943 1292 4011 additis
1311 3937 1674 4011 multiplicatus,
1698 3958 1792 3997 nec
1809 3937 1929 4011 le‘ée

527 4002 727 4097 et
751 4009 803 4073 et
821 4002 946 4074 bona
969 4002 1123 4076 quivit
1143 4003 1341 4055 auferri.
1367 4021 1391 4051 ι
1451 4002 1468 4006 “
1492 4011 1552 4054 ll.

632 4066 904 4097 vinnsonnc
921 4078 952 4097 η
982 4065 1346 4097 "nonI-[Imm
1371 4066 1552 4097 diem“

632 4065 906 4127 Vtgnierius
921 4078 952 4114 a
975 4063 1349 4138 itade
1370 4066 1562 4120 diversa
1581 4073 1670 4121 est.
1708 4069 1981 4136 Adjecimus
1999 4107 2014 4137 ,
2037 4085 2116 4126 er-

521 4135 654 4190 ras,
697 4139 764 4178 ex
795 4134 1148 4191 manuscriptis.
1600 4156 1605 4160 ~

925 313 1176 375 OPEBIS
1213 309 1628 370 IMPERFECTI
1664 307 1941 365 CONTRA
1975 303 2338 374 JULIANUII,
2377 303 2436 362 S.
2457 303 2833 363 AUGUSTINI
2871 303 3073 362 LIBER
3110 303 3402 366 SEXTUS.

3643 308 3777 370 ιθω

2203 418 2310 472 tius
2338 417 2641 474 declaratur
2683 405 3023 484 adversa,'ut
3055 418 3328 474 vobiscum
3369 418 3444 475 illi
3473 418 3656 476 dicant
3687 435 3778 492 po-

2203 511 2332 579 tius,
2355 527 2514 580 quatn
2546 511 2847 578 nobiscum,
2875 511 2953 566 sic
2975 512 3256 567 mortalem
3283 512 3451 568 Adam
3483 515 3700 581 factum,
3723 525 3781 572 ut

2203 603 2320 660 sive
2361 611 2627 674 peccaret,
2676 604 2789 658 sive
2832 618 2938 656 non
2985 614 3250 673 peccaret,
3295 605 3589 660 moriturus
3632 618 3780 662 esset.

2203 694 2314 751 Nec
2337 695 2548 750 tamen‘
2580 694 2700 750 ideo
2723 709 2820 750 vos
2845 694 3168 751 Manichieos
3193 695 3442 761 dicimus,
3473 697 3602 767 quia
3629 707 3683 753 et
3702 713 3785 754 vos

2205 784 2311 842 hoc
2337 785 2514 842 dicitis
2539 803 2551 838 :
2573 801 2672 842 nec
2691 785 2885 842 videtis
2905 794 3104 853 tamen,
3128 801 3303 858 neque
3325 801 3423 842 nos
3448 803 3478 842 a
3503 788 3654 844 vobis
3678 789 3786 844 ideo

2205 877 2311 934 dici
2337 877 2536 934 debere
2578 878 2921 942 Manichaeos,
2965 879 3089 949 quia
3139 879 3339 935 malum
3380 894 3501 936 esse
3546 881 3785 953 Concupi-

2206 970 2486 1034 scentiam,
2516 985 2619 1041 qua
2648 984 2775 1024 caro
2800 970 3131 1040 concupiscit
3156 969 3414 1026 adversus
3443 971 3709 1041 spiritum,
3739 982 3788 1027 et

2207 1060 2285 1116 illi
2325 1069 2381 1114 et
2407 1075 2505 1115 nos
2527 1059 2774 1116 dicimus.
2799 1061 2905 1115 Sed
2927 1074 3024 1116 vos
3051 1059 3120 1115 ab
3145 1061 3245 1128 eis,
3287 1061 3342 1115 in
3377 1075 3444 1117 eo
3472 1062 3618 1132 quod
3646 1063 3788 1117 simul

2207 1152 2404 1219 dicitis,
2435 1153 2679 1208 dissimili
2707 1154 2944 1225 quidem,
2976 1163 3344 1210 verumtamen
3375 1155 3481 1210 alio
3509 1170 3696 1211 errore
3716 1155 3788 1210 di-

2207 1245 2380 1312 statis,
2410 1246 2499 1316 qui
2539 1255 2766 1302 mortem
2803 1247 2984 1302 carnis
3023 1262 3130 1303 non
3171 1247 3311 1303 sicut
3338 1247 3414 1302 illi
3459 1257 3667 1304 natura:
3706 1249 3790 1303 tri-

2208 1337 2372 1394 buitis
2397 1337 2608 1404 alienas,
2639 1338 2900 1410 nobisque
2944 1339 3254 1411 permixte,
3304 1339 3400 1396 sed
3439 1356 3560 1395 eam
3601 1351 3788 1397 natura

2211 1429 2356 1484 nullo
2389 1428 2585 1484 vitiata:
2615 1440 2834 1501 peccato
2862 1433 3153 1503 impingitis
3180 1441 3380 1488 nostris
3404 1451 3420 1487 :
3447 1448 3512 1488 ac
3537 1434 3618 1488 sic
3644 1449 3790 1504 para-

2209 1522 2385 1579 disum
2412 1521 2805 1579 honestissimae
2847 1539 2913 1580 ac
2941 1523 3267 1580 felicissima:
3293 1524 3606 1596 voluptatis,
3647 1525 3788 1582 fune-

2210 1613 2360 1670 ribus
2383 1624 2712 1670 mortuorum
2732 1623 2787 1670 ct
2807 1614 3131 1672 cruciatibus
3156 1616 3500 1672 morientium
3527 1617 3795 1675 infeliciter

2212 1714 2373 1778 atque
2419 1706 2727 1762 indecenter
2756 1707 2988 1778 impletis
3013 1705 3113 1780 (a).
3161 1707 3271 1764 Nos
3298 1723 3446 1773 vero,
3480 1708 3533 1763 in
3573 1724 3642 1765 eo
3665 1710 3795 1781 quod

2212 1813 2334 1854 cum
2364 1799 2670 1856 Manicliaais
2695 1800 2923 1858 dicimus
2947 1802 3436 1871 concupiscentiam
3465 1803 3669 1871 carnis,
3703 1821 3796 1876 qua

2213 1903 2399 1950 contra
2447 1893 2689 1964 spiritum
2739 1895 3090 1965 concupiscit,
3143 1895 3341 1950 malum
3391 1910 3534 1963 esse,
3581 1906 3738 1967 atque
3770 1913 3798 1954 ι

2211 1986 2372 2043 Patre
2392 2001 2498 2043 non
2521 2002 2642 2042 esse
2671 1986 2714 2057 (l
2739 1986 2896 2042 Joan.
2925 2003 2980 2052 ιι,
3007 1987 3121 2061 l6),
3148 2003 3256 2043 non
3276 1988 3344 2044 ab
3368 1989 3448 2044 eis
3471 1989 3600 2056 alio,
3628 2005 3800 2061 quam-

2215 2079 2299 2133 vis
2326 2078 2592 2146 dissimili,
2627 2088 2806 2134 tamen
2838 2079 2955 2150 ipso
2985 2079 3241 2136 bteretico
3266 2095 3476 2142 errore.
3507 2081 3608 2138 sed
3630 2082 3800 2138 catho-

2212 2169 2314 2226 lica
2339 2170 2568 2227 veritate
2593 2170 2882 2238 distamus;
2911 2171 3036 2242 quia
3057 2173 3214 2228 istam
3235 2172 3559 2229 discordiam
3589 2173 3801 2229 duarum

2213 2263 2767 2332 concupiscentiarum
2804 2265 2982 2321 carnis
3019 2275 3076 2321 et
3114 2265 3353 2336 spiritus,
3393 2281 3506 2321 non
3546 2282 3674 2322 cum
3713 2269 3802 2324 illis

2213 2370 2312 2427 per
2357 2356 2546 2411 aliena:
2592 2355 2702 2411 Deo
2748 2365 3031 2412 comterua:
3080 2358 3344 2429 malisque
3395 2368 3608 2414 natura:
3659 2374 3801 2414 coin-

2213 2449 2529 2506 mixtionem
2570 2449 2725 2506 nobis
2761 2449 3040 2516 accidisse,
3076 2449 3174 2506 sed
3214 2466 3339 2507 cum
3377 2451 3654 2506 catholico
3687 2455 3803 2506 Am-

2214 2541 2398 2598 brosio
2449 2541 2674 2613 ejusque
2727 2542 3100 2612 consortibus,
3165 2558 3263 2614 per
3311 2545 3798 2615 praevaricationem

2216 2633 2375 2704 primi
2403 2631 2636 2690 hominis
2681 2632 2736 2688 in
2765 2643 3010 2689 naturam
3047 2643 3287 2690 nostram
3310 2635 3539 2692 vertisse
3577 2620 3807 2708 (Ambra-

2216 2726 2342 2791 sius,
2383 2726 2472 2782 lib.
2518 2727 2551 2781 7
2589 2727 2643 2781 in
2687 2725 2818 2783 Luc.
2863 2743 2964 2792 xu,
3003 2726 3095 2800 53)
3141 2727 3477 2798 disserimus,
3519 2739 3579 2786 et
3623 2741 3802 2787 contra

2217 2827 2474 2888 utrosque
2532 2827 2768 2874 vestrum
2826 2818 3054 2876 ﬁdenter
3120 2821 3411 2878 asserimus
3442 2840 3458 2876 :
3488 2838 3808 2896 carnemque

2217 2906 2440 2976 Christi,
2485 2923 2592 2964 non
2637 2909 2778 2965 sicut
2807 2909 2883 2967 illi
2917 2910 3139 2976 nullam,
3178 2926 3280 2967 nec
3319 2914 3462 2968 sicut
3483 2928 3583 2969 vos
3607 2915 3806 2971 calum-

2219 2999 2462 3067 niamini,
2493 3014 2526 3054 a
2547 3009 2737 3056 natura
2761 3009 2958 3058 nostra:
2986 3003 3164 3058 carnis
3192 3002 3460 3072 alienam;
3491 3004 3590 3061 sed
3615 3006 3685 3061 ab
3711 3007 3807 3064 hoc

2219 3098 2405 3148 nostro
2444 3092 2592 3159 vitio,
2636 3108 2744 3164 quo
2780 3107 2907 3149 caro
2939 3103 3126 3150 contra
3170 3095 3417 3165 spiritum
3462 3099 3809 3168 concupiscit,

2219 3183 2509 3242 immunem
2546 3194 2708 3258 atque
2745 3185 2966 3243 omnino
3009 3186 3269 3259 integram
3299 3187 3679 3259 praedicamus.
3711 3189 3814 3247 Vos

2219 3285 2398 3333 autem
2436 3277 2577 3333 mala
2615 3279 2860 3350 negando
2887 3294 3010 3336 esse
3036 3296 3156 3352 qua:
3181 3281 3318 3336 mala
3347 3290 3491 3346 sunt,
3521 3297 3814 3354 eorumque

2221 3368 2483 3440 originem
2509 3383 2616 3426 non
2641 3370 2708 3426 ad
2739 3371 2899 3442 primi
2931 3372 3167 3428 hominis
3194 3373 3478 3430 referendo
3514 3388 3812 3446 peccatum,

2221 3477 2330 3518 non
2362 3471 2503 3517 utea
2531 3462 2671 3518 mala
2697 3477 2803 3518 non
2829 3464 2937 3520 sint
2961 3464 3210 3532 efﬁcitis;
3241 3464 3336 3522 sed
3364 3472 3424 3521 ut
3451 3479 3524 3522 ex
3557 3467 3699 3522 mala
3727 3483 3818 3524 na-

2224 3563 2342 3610 tura
2384 3555 2526 3611 bono
2569 3564 2776 3613 aeterno
2826 3568 3095 3615 cozeterna
3139 3574 3262 3616 esse
3306 3559 3616 3627 credantur,
3675 3560 3820 3618 dete-

2222 3645 2399 3702 stabili
2435 3645 2676 3703 ctecitate
2707 3646 3072 3720 sull‘ragamini
3111 3649 3439 3719 Manichazis,
3483 3666 3702 3726 eosque
3736 3668 3818 3710 ac-

2223 3736 2422 3794 cusatis
2445 3737 2696 3806 inaniter,
2720 3740 2846 3810 quia
2868 3740 3252 3798 miserabiliter
3279 3725 3608 3812 adjuvatis'i.

2289 3829 2307 3895 ξ
2347 3830 2431 3881 Hic
2452 3842 2517 3880 ex
2541 3832 2975 3895 manuscriptorum
2998 3831 3095 3883 ﬁde
3117 3835 3438 3895 restituimus,
3463 3848 3557 3886 nec
3578 3841 3766 3888 tamen.

2288 3892 2310 3924 ⁸
2344 3897 2393 3940 tu
2425 3898 2532 3962 Mss.
2577 3892 2798 3962 Μαι-,αα
2826 3893 2946 3962 Clar_.
2980 3901 3036 3962 et
3056 3897 3110 3962 in_
3129 3897 3266 3962 vign.
3293 3892 3591 3962 subjicitur:
3621 3897 3825 3962 επινϋώ

2223 3950 2344 4024 liber
2356 3961 2523 4004 sextus
2542 3953 2722 4024 Aurelii
2745 3954 2994 4066 Λιξεᾶωήιό
3262 3950 3512 4017 catholici.
3545 3950 3728 4012 castra
3748 3970 3826 4009 ιι-

2223 4013 2409 4065 ltattum
2429 4015 2712 4066 licercttcum
2734 4025 2774 4066 P
2849 4015 3064 4066 adustum.
3089 4017 3313 4066 feliciter.
3342 4028 3392 4066 In
3417 4028 3546 4066 Pori.
3576 4036 3590 4066 :
3616 4022 3824 4066 mentiri

2429 4013 2712 4090 licercticttgt
3086 4013 3318 4090 feliciter:
3342 4028 3392 4070 In
3417 4013 3546 4073 Fort.
3576 4036 3590 4073 :

2223 4074 2344 4128 liber
2367 4083 2532 4128 sextus
2565 4076 2691 4131 beati
2740 4074 2984 4134 Λαζιῆαῦιὶ
3026 4074 3194 4130 contra
3214 4079 3485 4134 ΛΕΜ

2288 4139 2362 4202 (a)
2385 4139 2502 4190 vide
2523 4153 2686 4204 supra,
2713 4137 2866 4204 lib.'5,
2891 4154 3000 4206 cap.
3023 4142 3133 4193 154.

1712 4605 1857 4699 E‘?’
1898 4608 2532 4755 ‘saesiiaiibw’z
