3958 6474
171 427 315 487 16ίῖ

171 543 377 597 tructus
407 538 458 604 ις
503 538 770 596 silentium
791 578 807 606 ,
836 537 985 594 vocis
1019 537 1294 603 absentia;
1324 537 1501 608 inopia
1522 578 1537 603 ,
1579 537 1757 608 priva-

170 614 251 668 tio
280 609 623 676 facultatum;
652 619 708 666 et
736 610 781 665 si
824 624 928 680 qua
951 619 1076 664 sunt
1099 610 1203 664 alia
1229 624 1350 679 quze
1375 624 1553 680 rerum
1585 609 1731 677 priva
1756 644 1763 651 -

170 684 321 737 tione
351 698 381 735 n
407 680 480 736 hil
510 695 628 736 esse
654 681 757 737 nisi
776 678 970 736 nomen
996 678 1357 736 inveniuntur.
1385 678 1589 749 Opinor
1616 693 1766 732 nam-

170 768 281 823 que
306 750 450 823 quod
478 751 599 823 ideo
640 766 787 823 mors
809 750 914 807 hoc
936 751 1249 807 vocabulum
1278 750 1503 823 accepit,
1532 764 1598 803 eo
1623 750 1766 823 quod

171 820 360 878 morsu
391 821 785 893 quodammodo
830 823 1087 893 venenosi
1116 821 1379 893 serpentis
1402 862 1416 886 ,
1446 820 1497 893 id
1538 828 1620 873 est
1648 820 1764 893 dia-

174 894 307 958 boli,
333 894 386 949 in
410 890 658 963 paradiso
682 892 847 949 Adam
873 892 1033 949 fuerit
1061 890 1428 963 interemptus.
1455 890 1604 944 Tune
1622 891 1767 945 enim

170 962 613 1033 serpens’morsu
651 963 856 1035 decepit
887 965 1081 1031 Adam,
1114 962 1327 1035 quando
1352 976 1478 1035 eum
1505 976 1603 1035 per
1634 976 1766 1035 con-

173 1030 560 1106 cupiscentiam
585 1030 856 1101 mordere,
890 1036 995 1091 hoc
1017 1030 1311 1106 est.'edere
1337 1030 1715 1086 suasit’illicita
1751 1048 1765 1085 :

174 1104 259 1171 et,
284 1113 345 1161 ut
368 1104 497 1167 dixi.
528 1114 808 1174 propterea
838 1120 985 1161 tuors
1012 1104 1164 1174 quasi
1191 1121 1222 1158 a
1250 1117 1431 1174 morsu
1458 1116 1655 1174 nomen
1682 1117 1771 1174 ac-

174 1121 255 1171 et,
284 1121 345 1161 ut
368 1121 497 1167 om.
528 1121 808 1174 propterea
838 1121 985 1161 mors
1050 1121 1164 1159 uast
1191 1121 1222 1158 a
1250 1121 1431 1157 morsu
1459 1121 1655 1156 nomen
1682 1121 1768 1157 ac-

172 1177 339 1245 cepit.
371 1174 524 1230 Unde
567 1184 621 1229 et
660 1175 913 1231 Dominus
940 1176 991 1230 in
1012 1121 1157 1231 (iisee
1183 1173 1444 1244 propheta
1472 1172 1634 1226 morti
1664 1173 1768 1227 mi-

175 1247 365 1302 nitans
383 1245 512 1301 dicit
539 1262 553 1298 :
582 1245 684 1299 Ero
727 1262 863 1301 mors
891 1256 998 1311 tua,
1030 1263 1060 1299 ο
1096 1261 1264 1308 mors;
1290 1260 1374 1297 ero
1413 1259 1612 1297 morsus
1629 1253 1766 1308 tuus,

174 1319 380 1390 inferne
416 1314 590 1390 (Qsee
608 1332 721 1390 χιιι,
756 1318 823 1390 i4
848 1315 887 1387 ).
920 1316 1061 1371 Mors
1103 1325 1167 1390 et_
1202 1313 1445 1390 infernus
1488 1315 1541 1367 in
1573 1314 1771 1390 diaboli

176 1384 434 1459 persona
457 1386 597 1459 dicta
648 1384 1038 1459 intelliguntur,
1064 1386 1202 1459 quia
1239 1400 1348 1459 per
1380 1385 1572 1459 ipsum
1596 1384 1771 1440 delin-

176 1453 363 1528 quenti
391 1458 592 1512 homini
621 1453 992 1515 accidit'mors
1014 1499 1030 1524 ,
1060 1453 1117 1512 id
1138 1453 1261 1525 est,’
1273 1453 1498 1528 privatio
1525 1453 1685 1520 vitae;
1718 1463 1774 1510 et

175 1525 281 1599 per
309 1529 480 1599 ipsum
510 1536 818 1597 peceatores
841 1535 1227 1585 convertuntur
1254 1525 1308 1582 in
1337 1525 1625 1599 infernum,
1648 1534 1769 1580 tan-

174 1597 344 1670 quam
362 1599 420 1670 in
445 1599 562 1670 ejus
587 1613 878 1670 carcerem,
901 1600 991 1655 ubi
1020 1599 1303 1670 damnatus
1330 1608 1413 1670 est
1440 1597 1575 1670 ipse.

256 1670 310 1725 6.
354 1666 996 1740 Sed‘rpwerendum'est,
1046 1667 1489 1740 quemadmodum
1531 1666 1775 1740 Christus

176 1739 329 1795 Deus
371 1740 466 1794 Dei
520 1738 687 1794 Filius
717 1755 861 1796 mors
884 1738 1089 1796 exstitit
1119 1740 1305 1795 mortis
1326 1781 1341 1807 ,
1373 1747 1427 1793 et
1451 1753 1663 1794 morsus
1689 1738 1774 1792 in-

176 1810 341 1866 ferni.
374 1810 503 1866 Sine
551 1809 715 1881 dubio
757 1811 901 1881 quod
946 1812 997 1865 in
1061 1820 1308 1880 suscepta
1350 1824 1542 1881 centre,
1578 1809 1629 1863 in
1672 1824 1775 1878 qua

177 1895 340 1953 suum
366 1894 512 1936 mors
534 1880 665 1953 nihil
697 1877 925 1938 habebat
955 1882 1050 1953 (ut
1068 1883 1189 1953 ipse
1212 1877 1286 1953 ait
1304 1923 1319 1947 ,
1356 1877 1507 1953 Veni;
1543 1877 1777 1950 princeps

178 1952 339 2023 hujus
382 1951 581 2017 mundi,
604 1960 652 2006 et
672 1953 723 2006 in
750 1969 830 2023 nte
856 1949 1134 2007 non-habet
1157 1952 1431 2023 quidquam
1453 1949 1631 2023 [Ιοᾳη.
1660 1966 1773 2016 xlv,

178 1970 255 2005 nu
279 1970 339 2006 us
382 1970 581 2017 manat,
604 1970 652 2006 et
672 1970 723 2006 ιη
750 1970 830 2006 me
856 1970 958 2007 non
986 1970 1134 2007 navet
1157 1970 1431 2022 qumquam
1454 1970 1631 2023 laoan.
1660 1970 1773 2016 xiv,

175 1970 339 2095 ὅςῆ),
367 2030 599 2095 tentatus
631 2030 750 2095 post
777 2022 1115 2095 baptismum
1139 2023 1190 2077 in
1207 2021 1497 2095 _deserto_,_
1524 2021 1639 2095 ejus
1666 2035 1775 2095 non

176 2090 421 2148 obédivit
456 2090 924 2163 concupiscentiis.
957 2095 1045 2149 ubi
1073 2094 1166 2157 ait,
1195 2092 1292 2146 Dic
1317 2090 1573 2163 lapidibus
1593 2092 1704 2145 istis
1723 2100 1778 2144 ut

177 2164 316 2233 ﬁant
352 2179 508 2235 panes
535 2162 746 2235 (Matth.
787 2179 857 2231 tv,
887 2164 966 2235 3),
990 2173 1095 2219 etc.
1128 2163 1222 2219 Vel
1250 2163 1390 2234 quod
1420 2175 1479 2217 se
1503 2162 1776 2235 clavorum

176 2232 369 2306 morsu
411 2232 583 2303 justus
611 2242 666 2289 et
694 2232 948 2306 innocens
976 2234 1118 2306 affigi
1147 2232 1334 2306 passus
1361 2241 1457 2306 est
1498 2232 1640 2306 cruci
1665 2274 1680 2298 ,
1725 2241 1780 2287 et

180 2319 284 2377 pre
312 2304 847 2377 lanceartransforari
873 2303 1204 2377 (Joanfxn,
1238 2304 1325 2368 18,
1358 2303 1475 2377 54).
1502 2303 1575 2359 0s
1598 2310 1779 2358 autem

187 2376 395 2447 lanceae
414 2375 552 2447 dixi,
584 2375 890 2447 secundum
907 2376 1048 2447 quod
1077 2376 1287 2447 dieium
1304 2384 1386 2428 est
1412 2375 1479 2428 de
1524 2383 1777 2447 peccate-

181 2446 357 2521 ribus,
403 2444 472 2521 Ei
518 2446 698 2521 cadent
732 2448 791 2521 in
828 2442 1099 2521 ore-gledii
1125 2444 1310 2521 (Eccli.
1344 2442 1541 2521 xxviii,
1568 2442 1781 2521 ἥλιξι

182 2516 374 2588 iancea
398 2517 575 2585 utique
628 2516 835 2588 gladius
862 2514 963 2573 est'.
993 2518 1060 2573 Et
1086 2514 1228 2588 quod
1253 2515 1582 2588 descendens
1608 2514 1779 2588 in_in-

180 2585 398 2642 fernum
420 2582 564 2642 velut
591 2582 656 2642 in
669 2603 731 2644 os
750 2589 972 2654 mortis;
1002 2582 1142 2643 unde
1161 2586 1288 2641 dicit
1314 2586 1365 2640 in
1396 2585 1625 2651 Psalmo,
1655 2582 1781 2638 Non

181 2658 448 2713 absorbent
478 2675 556 2731 me
583 2660 917 2731 profundum,
942 2675 1097 2731 neque
1124 2666 1301 2731 urgeat
1318 2672 1480 2731 super
1499 2672 1582 2731 me
1603 2663 1781 2731 puteus

182 2745 247 2783 os
292 2745 435 2812 stium
474 2725 653 2812 (escit.
678 2725 864 2812 ἰχγιιι,
896 2725 1095 2812 ιδλέξᾱ
1120 2725 1223 2812 est,
1246 2726 1494 2812 inf-emus
1514 2742 1528 2791 ;
1552 2725 1783 2812 detineri

179 2815 312 2854 eum
343 2799 440 2853 fuit
467 2797 494 2851 :i
522 2799 737 2854 diabolo
763 2797 1113 2870 impossibile.
1143 2798 1297 2854 Unde
1321 2797 1594 2852 hominem
1620 2811 1782 2865 quem

182 2878 500 2938 susceperat
545 2885 639 2940 pro
681 2871 895 2927 homine
917 2911 932 2937 ,
983 2870 1036 2925 id
1065 2879 1166 2931 est,
1198 2883 1416 2924 carnem
1458 2882 1633 2932 suam,
1661 2881 1781 2936 qua:

181 2956 297 2994 non
324 2940 453 2994 vidit
478 2942 892 3010 corruptionem,
924 2941 1012 2997 die
1040 2942 1195 2996 tertia
1221 2940 1502 3010 suscitans,
1529 2946 1779 3010 tanquam

181 3010 379 3081 Jonam
410 3027 473 3066 ex
503 3027 595 3065 ore
632 3006 735 3081 ceti
776 3006 1042 3081 produxit.
1083 3011 1217 3077 Quia
1259 3008 1506 3081 hocet‘uii
1538 3006 1780 3081 infernus

182 3080 426 3143 Christo,
452 3081 589 3149 quod
617 3076 961 3143 Jonce'cetus,
983 3076 1195 3137 dicente
1220 3081 1338 3148 ipso
1358 3078 1605 3143 Domino,
1633 3076 1781 3132 Sicut

181 3155 325 3207 enim
351 3148 515 3207 Jonas
538 3154 635 3223 fuit
660 3152 711 3207 in
732 3162 899 3223 uentre
923 3154 1018 3208 ceti
1044 3152 1201 3206 tribus
1223 3151 1395 3223 diebus
1421 3157 1469 3203 et
1498 3148 1656 3202 tribus
1678 3164 1780 3223 no-

181 3223 382 3288 ctibus;
418 3227 487 3277 ita
514 3217 604 3276 erit
631 3232 678 3277 ct
718 3222 885 3278 Filius
911 3223 1127 3278 hominis
1162 3223 1217 3275 in
1244 3221 1396 3275 corde
1433 3228 1578 3273 terra:
1623 3217 1782 3272 tribus

181 3293 365 3370 diebus
386 3305 435 3347 ct
459 3293 615 3370 tribes
641 3294 868 3370 nectibus
898 3293 1111 3370 (Mattjt.
1138 3308 1236 3357 xu,
1273 3290 1388 3361 40).
1417 3291 1625 3345 Mersus
1651 3302 1782 3370 (περ

92 3384 95 3387 δ
181 3364 364 3418 factus
392 3375 473 3418 est
506 3362 693 3419 inferni
719 3407 734 3431 ,
764 3359 983 3440 cutn_'s_e
1011 3365 1078 3419 ab
1106 3378 1172 3418 eo
1201 3359 1450 3431 tanquam
1475 3375 1654 3414 eseam
1676 3359 1778 3440 ,ια

184 3442 297 3499 cst,
331 3450 541 3489 carnem
572 3450 723 3489 suam
767 3435 961 3505 suscipi
993 3449 1180 3505 passus
1210 3442 1313 3505 est,
1343 3447 1445 3505 qua
1476 3446 1581 3484 non
1617 3435 1782 3483 satia-
1846 3442 1847 3445 ‘

180 3514 359 3570 retur,
391 3505 523 3571 sicut
552 3506 617 3559 de
650 3502 1049 3576 peccatoribus;
1085 3504 1179 3560 sed
1225 3502 1622 3576 absorberetnr,
1654 3515 1782 3576 pro-

184 3584 313 3648 pter
335 3576 475 3648 quod
504 3571 702 3648 dictum
732 3584 834 3641 est,
880 3575 1130 3648 Absorpta
1158 3584 1235 3648 est_
1256 3589 1388 3648 mors
1416 3573 1473 3626 in
1497 3571 1779 3648 victoiiam.

182 3641 299 3701 Sed
326 3641 379 3699 et
405 3647 533 3701 illud
559 3647 916 3702 testimonium
944 3641 1087 3717 quod
1116 3645 1275 3701 estin
1307 3647 1471 3717 Amos
1500 3641 1779 3717 propheta,

180 3725 320 3787 puto
341 3727 619 3786 propterea
642 3717 841 3773 dictum
862 3711 1005 3779 esse,
1027 3732 1148 3772 cum
1177 3711 1642 3787 peccantipopnlo
1670 3712 1779 3787 D_o-

183 3781 368 3842 ininus
403 3781 718 3856 promittens
749 3788 921 3843 futura
950 3786 1089 3841 mala
1128 3781 1257 3841 dicit
1284 3804 1297 3839 :
1329 3781 1473 3856 Et‘ii
1516 3781 1785 3856 celaverint

183 3874 244 3912 se
270 3857 331 3910 ab
353 3853 511 3931 oeulis
534 3860 654 3912 meis
672 3860 733 3931 in
761 3860 920 3931 fundo
946 3858 1121 3931 maris,
1158 3857 1226 3931 ibi
1252 3853 1502 3931 mandabo
1526 3853 1744 3931 serpenti
1768 3892 1784 3917 ,

188 3938 242 4001 et
263 3928 512 4001 mordebit
550 3946 632 4001 eos
661 3922 837 4001 (Amos
864 3946 939 3995 ιχ,
964 3928 1046 4001 5).
1087 3926 1224 4001 Quid
1249 3934 1332 3981 est
1353 3926 1518 4001 enim,
1543 3922 1610 3977 Et
1638 3923 1682 3977 si
1706 3938 1789 4001 ce:

194 3998 414 4052 laverint
437 4016 489 4053 se
516 3999 578 4052 ab
607 3994 767 4053 oculis
808 3994 933 4054 meis
956 3994 1016 4053 in'
1046 3994 1205 4066 fundo
1237 3995 1428 4049 maris?
1466 3994 1523 4049 Id
1552 4002 1657 4066 est,
1686 3994 1787 4047 etsi

189 4071 584 4138 permanserint
609 4070 660 4123 iu
688 4070 938 4139 operibus
960 4064 1134 4135 malis,
1160 4074 1463 4139 avertentes
1488 4079 1546 4119 se
1570 4064 1637 4139 ab
1657 4078 1786 4139 ocu_-_

188 4133 262 4194 iis
291 4141 441 4201 meis,
468 4157 499 4195 a
529 4133 812 4210 praeceptis
840 4140 1045 4195 scilicet
1073 4133 1454 4210 spiritualibus,
1495 4136 1618 4205 quia
1647 4133 1788 4210 oeuli

191 4210 295 4281 Dei
321 4220 442 4264 sunt
471 4204 688 4281 Spiritus
712 4204 832 4276 'Dei,
865 4211 957 4281 qui
977 4204 1169 4281 legem,
1200 4208 1254 4263 id
1278 4204 1668 4281 estLprzecepta
1694 4204 1789 4259 de-

188 4279 274 4334 dit
302 4297 316 4334 :
347 4282 402 4334 in
436 4275 594 4345 fundo
636 4275 897 4345 maris,in
942 4275 1221 4335 altitudine
1249 4277 1499 4333 videlicet
1529 4275 1787 4344 despera-

188 4351 375 4422 tionis.
422 4346 504 4406 Ibi
543 4352 794 4407 mandabo
821 4352 1073 4422 serpenti,
1106 4360 1154 4405 et
1192 4349 1435 4422 mordebit
1475 4363 1558 4401 eos
1587 4364 1600 4400 :
1634 4346 1702 4400 ibi
1736 4347 1788 4401 in

189 4420 382 4476 eadem
418 4423 792 4492 desperatione
815 4420 1189 4492 contemptus,
1222 4420 1522 4492 mandabo,
1554 4425 1791 4492 potesta-

191 4500 304 4547 tem
346 4492 485 4548 dabo
509 4487 745 4565 serpenti
770 4533 785 4561 ,
834 4492 936 4550 hoc
961 4487 1079 4557 est,
1123 4491 1336 4547 diabolo
1360 4531 1376 4555 ,
1416 4490 1507 4560 qui
1532 4490 1599 4543 ab
1636 4487 1787 4543 initio

262 4606 653 4672 imussqfem.

1238 420 1803 481 HYPOGNOSTICON
1840 422 2051 482 LIBER
2078 425 2455 491 SECUNDUS.

1865 556 2091 624 serpens
2118 553 2201 599 est
2224 547 2556 624 nominatus;
2584 554 2633 624 et
2658 549 2901 606 mordebit
2919 565 3026 618 eos,
3055 564 3238 608 morsu
3266 553 3452 624 utique

1869 614 2199 697 diversarum
2225 618 2778 697 concupiscentiarum
2804 637 2910 692 quo
2928 614 3457 697 peccantespecidit,

1869 685 2211 741 mortifieabit
2239 703 2352 744 eos.
2399 685 2506 744 Sed
2538 705 2718 747 morsu
2762 685 2990 748 mortem
3021 693 3163 748 facit.
3207 692 3324 750 Non
3365 685 3464 750 au;

1873 762 1977 838 tem
2023 771 2166 838 mers
2209 765 2292 838 est
2336 760 2490 838 sicuti
2545 761 2671 818 fera:
2713 763 2919 828 bestiae,
2956 763 3042 818 vel
3087 779 3247 821 omne
3294 780 3466 837 genus

1870 825 2178 880 animalium
2225 828 2633 909 iracundorum,
2674 848 2794 904 qua:
2820 825 3002 890 morsu
3057 851 3154 889 suo
3211 825 3466 891 nonnun-

1872 912 2032 965 quam
2101 898 2446 976 mortifieant‘
2490 898 2797 976 homines,
2820 915 2876 976 et
2939 913 3119 960 tamen
3177 920 3283 976 non
3348 908 3465 976 ipsa

1872 976 1995 1049 sunt
2021 982 2187 1049 mors,
2218 968 2313 1049 sed
2342 986 2523 1049 mersu
2552 968 2831 1049 insanabili
2857 985 3106 1049 mortem,
3139 975 3321 1049 idest,
3352 968 3468 1049 pri-

1870 1038 2138 1120 vationem
2162 1038 2358 1120 faciunt
2381 1042 2520 1120 vit_:_e,
2538 1044 2987 1120 quemadmodum
3012 1038 3171 1098 etiam
3188 1038 3335 1120 ictus
3352 1038 3466 1117 ﬁla-

1873 1107 1947 1162 dii
1972 1151 1986 1185 ,
2009 1110 2290 1185 percussio
2320 1107 2669 1185 lapidis'fvel
2696 1112 2952 1184 quidquid
2984 1125 3158 1185 potest
3187 1107 3464 1173 hominem

1873 1179 2167 1235 occidendo
2194 1182 2297 1234 vita
2326 1182 2556 1250 privare.
2715 1179 2728 1182 ’
2844 1179 2860 1184 ’
2984 1179 3000 1185 ⁷
3212 1240 3214 1242 ,

1944 1250 2170 1326 CAPUT
2200 1251 2274 1326 _V.
2300 1283 2373 1292 —
2395 1253 2447 1326 _7_.
2479 1253 2611 1326 Illud
2637 1262 2897 1326 praeterea
2923 1255 3328 1326 praetermittere
3354 1271 3465 1312 non

1873 1320 2067 1397 debeo,
2096 1337 2165 1377 ne
2194 1321 2331 1378 forte
2363 1323 2555 1393 aliquis
2580 1320 3206 1395 inimicorum'veritatis,
3238 1328 3328 1397 qui
3354 1343 3465 1382 non

1852 1392 1942 1468 sit
1971 1394 2239 1468 rationum
2263 1392 2528 1468 certarum
2555 1399 2824 1468 quaesitor,
2848 1397 2941 1468 sed
2960 1392 3312 1468 qumstionum
3343 1412 3469 1466 per-

1876 1464 2149 1536 plexarum
2175 1464 2242 1519 ad
2263 1464 2670 1536 subversionem
2685 1464 3014 1521 audientium
3041 1467 3287 1520 inventor
3306 1464 3469 1536 atque

1875 1535 2210 1603 propositor,
2245 1535 2387 1590 dicat
2419 1553 2433 1589 :
2463 1536 2519 1591 Si
2565 1535 2698 1590 nihil
2750 1544 2832 1591 est
2880 1551 3024 1591 mors
3068 1537 3172 1591 nisi
3220 1535 3415 1591 nomen
3445 1577 3463 1603 ,

1876 1604 2322 1729 Euemadmodum
2370 1607 2618 1676 superius
2660 1605 2975 1676 disputasti,
3025 1621 3092 1662 eo
3138 1606 3279 1676 quod
3322 1620 3470 1660 mors

1922 1676 2145 1729 hristum
2165 1677 2360 1729 iustum
2387 1677 2440 1729 in
2462 1676 2670 1729 inferno
2687 1692 2807 1729 eum
2826 1677 3019 1729 iniauis
3040 1676 3252 1729 viderit.
3276 1684 3331 1729 et
3345 1677 3469 1729 auia

1922 1676 2145 1730 hristum
2160 1677 2360 1745 justum
2387 1677 2440 1731 in
2462 1676 2670 1732 inferno
2687 1692 2807 1733 cum
2826 1677 3019 1747 iniquis
3040 1676 3252 1740 viderit,
3276 1684 3331 1731 et
3345 1677 3469 1746 quia

1877 1746 2035 1818 ineo
2068 1757 2362 1818 peccatum
2395 1763 2499 1802 non
2548 1748 2683 1813 fuit,
2732 1746 3101 1818 resurgentem
3134 1756 3321 1803 tenere
3362 1762 3471 1818 non

1878 1817 2103 1873 valuerit
2121 1827 2235 1888 ,ίιιι
2257 1818 2431 1872 eidem
2458 1823 2596 1874 sicut
2620 1818 2830 1873 caeteris
2860 1817 3204 1888 peccantibus
3242 1817 3472 1888 insultag

1879 1897 1996 1953 ret,
2035 1896 2090 1944 et
2116 1887 2237 1944 ideo
2277 1890 2447 1959 victa,
2481 1896 2746 1959 prostrata
2791 1886 2951 1958 atque
2979 1890 3227 1943 damnata
3248 1898 3342 1959 est
3374 1904 3389 1940 :
3416 1886 3471 1959 isi

1880 1974 2008 2029 ergo
2051 1959 2183 2013 nihil
2211 1968 2327 2025 est;
2354 1957 2567 2025 videre,
2600 1968 2810 2023 tenere,
2853 1957 3133 2024 insultare,
3160 1957 3263 2029 vel
3290 1958 3469 2029 vinci,

1881 2026 2145 2100 prosterni
2169 2039 2222 2085 et
2245 2030 2485 2100 damnari
2511 2030 2778 2100 quomodo
2803 2037 2997 2098 potest,
3029 2028 3170 2100 quod
3197 2027 3329 2100 nihil
3351 2026 3475 2100 est?

1882 2099 2287 2171 Respondemus
2313 2119 2325 2155 :
2347 2097 2715 2172 Ipsumfnihil,
2728 2097 2862 2172 quid
2889 2100 3009 2172 est?
3038 2097 3170 2165 Quia
3199 2097 3471 2172 interdum

1880 2167 2007 2225 curn
2033 2167 2388 2227 nominamus'
2412 2170 2584 2237 nihil,
2617 2167 2864 2225 addimus
2894 2171 3024 2236 Est;
3055 2172 3193 2226 sicut
3221 2179 3303 2223 est
3345 2167 3476 2224 illud

1880 2242 1950 2313 de
1978 2242 2266 2312 Evangelia
2288 2283 2304 2308 ,
2335 2240 2405 2295 Et
2430 2242 2539 2296 sine
2579 2243 2688 2312 ipso
2726 2245 2915 2313 factum
2949 2251 3021 2296 est
3047 2241 3176 2295 nihil
3201 2237 3408 2313 (latin;
3430 2255 3471 2306 ι,

1880 2310 1955 2386 ξι)
1986 2330 1999 2366 :
2032 2309 2324 2386 substantia
2354 2322 2455 2375 est,
2483 2329 2549 2386 an
2580 2309 2773 2368 nomen
2804 2311 3097 2386 substantia
3121 2309 3350 2386 carens?
3375 2309 3478 2386 S9-

1881 2379 1957 2438 let
1984 2383 2125 2438 enim
2155 2383 2258 2438 diei
2281 2425 2294 2448 ,
2320 2391 2380 2438 ut
2409 2382 2660 2453 praefatus
2684 2397 2827 2448 sum,
2854 2397 2883 2435 a
2922 2383 3187 2453 plurimis,
3215 2380 3341 2453 dum
3367 2379 3471 2434 ali-

1882 2453 2008 2524 quid
2033 2453 2323 2524 despicitur
2341 2494 2355 2517 ,
2387 2452 2481 2507 aut
2526 2470 2622 2523 pro
2651 2467 2815 2519 parvo
2852 2452 3148 2524 aestimatur
3170 2493 3186 2517 ,
3214 2452 3298 2524 vei
3325 2456 3476 2524 certe

1883 2520 2025 2595 quod
2070 2520 2279 2595 penitus
2305 2540 2411 2580 non
2440 2520 2546 2595 sit,
2591 2524 2736 2579 Nihil
2777 2532 2880 2577 est.
2907 2521 3042 2595 Cum
3075 2536 3203 2593 ergo
3244 2520 3476 2575 dicimus

1883 2594 2063 2659 Nihil,
2097 2611 2291 2651 nomen
2335 2594 2737 2650 insubstantiale
2774 2594 3112 2648 nominamus
3142 2610 3154 2645 :
3196 2606 3317 2648 cum
3346 2604 3478 2646 vero

1884 2665 2131 2721 addimus
2155 2667 2272 2733 Est,
2304 2681 2419 2721 rem
2462 2664 2842 2734 signiﬁcamus.
2877 2664 2987 2719 Cur
3005 2679 3133 2734 ergo
3160 2677 3370 2734 nomen
3387 2661 3475 2734 in-

1885 2731 2270 2801 substantiale,
2304 2737 2355 2791 id
2386 2747 2489 2801 est,
2513 2731 2700 2802 Nihil,
2732 2745 2981 2805 tanquam
3022 2731 3148 2789 vere
3175 2731 3393 2805 aliquid
3404 2732 3476 2788 sit

1885 2806 2132 2871 dicimus,
2156 2807 2399 2863 addendo
2418 2807 2539 2861 Est?
2558 2806 2728 2862 Omne
2752 2803 2896 2861 enim
2917 2805 3058 2876 quod
3085 2804 3330 2876 dicimus,
3356 2803 3473 2876 Esi,

1885 2892 2007 2933 esse
2036 2879 2236 2947 aliquid
2264 2879 2627 2933 aestimamus:
2662 2886 2841 2932 tamen
2872 2872 2991 2932 cuin
3027 2875 3309 2947 aliquoties
3332 2872 3480 2947 edici-

1886 2963 2025 3016 mus,
2043 2942 2184 3004 Nihil
2200 2960 2302 3015 est,
2323 2963 2419 3017 pro
2438 2947 2823 3003 consuetudine
2840 2942 3130 3002 locutionis
3141 2945 3206 2999 ad
3223 2943 3365 2998 Nihil
3384 2942 3479 3017 tid-

1886 3012 2061 3075 dimus
2078 3021 2199 3074 Est:
2217 3012 2338 3075 cum
2357 3033 2549 3073 nomen
2567 3026 2772 3072 tantum
2790 3019 2860 3073 sit
2878 3017 3039 3082 Nihil,
3063 3025 3117 3071 et
3132 3030 3237 3070 nou
3263 3030 3373 3070 res.
3389 3012 3482 3068 Sic

1886 3099 1942 3144 et
1962 3090 2030 3145 de
2058 3099 2231 3145 morte
2263 3104 2359 3159 pro
2384 3089 2769 3159 consuetudine
2793 3088 2964 3151 verbi,
2995 3087 3085 3159 vel_
3105 3086 3479 3159 ad‘eomparat

1888 3160 2085 3216 tionem
2113 3154 2318 3230 agent—is
2346 3159 2593 3221 dicimus,
2636 3158 2792 3230 Videt
2819 3172 2983 3221 mors,
3008 3157 3116 3230 agit
3145 3154 3377 3230 aiiquid,_
3398 3154 3485 3208 in-

1885 3231 2079 3295 sultat;
2095 3223 2202 3299 vei,
2226 3231 2470 3286 damnata
2495 3238 2598 3292 est,
2622 3229 2882 3299 victaest,
2903 3237 2957 3283 et
2975 3223 3387 3299 quidquid’illud
3400 3232 3484 3280 est

1887 3301 2028 3371 quod
2048 3291 2152 3357 dici
2187 3291 2380 3371 possit,
2420 3301 2543 3371 quia
2583 3291 2730 3354 mors
2758 3291 2918 3371 faciat
2942 3291 3033 3371 aut
3072 3291 3319 3368 pa‘tiatur.
3346 3291 3482 3350 Cum

1887 3369 2016 3444 ergo
2038 3374 2152 3428 [nec
2190 3369 2257 3425 de
2274 3369 2452 3426 morte
2465 3372 2730 3444 dicantur,
2748 3370 2931 3444 pmnia
2954 3369 3019 3423 ad
3041 3375 3314 3444 auctorem
3336 3380 3483 3444 mer-

1889 3435 1990 3510 tis',
2021 3457 2300 3514 perquem
2329 3443 2564 3514 privatio
2593 3441 2715 3514 vita:
2742 3438 2879 3494 facta
2907 3437 3307 3514 est,Adiabolum
3334 3435 3482 3514 refe-

1887 3505 2095 3569 runtur.
2121 3505 2239 3582 ipse
2255 3505 2396 3571 enim
2413 3528 2531 3582 qua:
2552 3511 2618 3566 ad
2643 3520 2875 3582 mortem,
2897 3509 3193 3582 pertinent,
3207 3515 3309 3582 aut
3330 3505 3478 3574 facit,

1887 3585 2016 3640 dum
2042 3577 2274 3654 captivat
2302 3595 2354 3638 et
2389 3577 2634 3654 perimit;
2657 3589 2748 3635 aut
2773 3577 2990 3649 patitur,
3021 3580 3144 3634 dum
3172 3577 3402 3654 vincitur
3428 3586 3485 3654 εξ

1888 3645 2190 3711 damnatur.
2241 3645 2492 3709 Diabolus
2536 3645 2677 3706 enim
2727 3645 2913 3706 natura
2957 3658 3039 3705 est
3077 3648 3339 3719 angelus:
3375 3645 3482 3719 sed

1891 3726 2032 3796 quod
2077 3736 2264 3781 natura
2294 3734 2377 3780 est
2398 3764 2412 3787 ,
2444 3738 2577 3796 opus
2604 3722 2699 3796 Dei
2729 3732 2810 3777 est
2838 3739 2851 3775 :
2885 3720 3026 3790 quod
3057 3717 3185 3796 vero
3211 3717 3480 3783 diabolus,

1892 3790 2019 3852 vitio
2057 3813 2155 3852 suo
2183 3804 2283 3860 est,
2321 3790 2518 3849 utendo
2547 3794 2684 3847 male
2714 3801 2917 3846 naturae
2956 3805 3066 3844 sua:
3098 3790 3239 3844 bono
3268 3806 3281 3841 :
3314 3802 3480 3857 opera

1888 3883 2019 3922 vero
2048 3868 2164 3938 ejus
2191 3865 2328 3922 mala
2359 3880 2479 3935 quae
2517 3865 2642 3918 vitia
2682 3862 2965 3938 dicuntur,
2996 3868 3327 3938 actus__sunt_,
3372 3872 3482 3913 non

1890 3954 2013 4004 res;
2044 3929 2161 4009 quae
2185 3929 2431 4007 tanquam
2459 3950 2555 4004 per
2576 3948 2816 4009 se_a_gere
2840 3933 3089 4009 dicuntur
3114 3929 3483 4009 aliquidlcum
3518 3987 3535 3997 ,

1892 4025 1954 4064 ea
1982 3999 2036 4064 et
2057 3999 2152 4079 per
2172 4024 2233 4064 ea
2263 3999 2427 4062 tntum
2451 3999 2839 4079 agatdiabolus
2865 4021 2879 4065 ;
2909 4002 2993 4056 vel
3025 3999 3486 4079 damnatadicun-

1895 4091 2000 4147 tur,
2029 4070 2152 4136 cum
2181 4079 2297 4149 ipse
2328 4092 2423 4146 pro
2453 4070 2535 4130 his
2559 4076 2863 4149 damnatur,
2900 4087 2994 4149 pro
3020 4072 3214 4149 quibus
3255 4070 3483 4149 damna-

1896 4140 1997 4204 tur.
2020 4161 2077 4208 et
2115 4140 2293 4212 ltonto,
2327 4140 2448 4203 eum
2477 4162 2572 4216 per
2600 4146 2822 4199 liberum
2853 4140 3134 4216 arbitrium
3166 4141 3248 4195 his
3277 4140 3486 4216 illectus

1896 4221 2054 4278 tradit
2080 4210 2379 4276 assensum.
2422 4210 2494 4272 Et
2520 4217 2639 4271 ideo
2687 4216 2802 4270 hazc
2831 4216 2882 4269 in
2914 4214 3092 4268 futuro
3135 4211 3333 4269 saeculo
3371 4210 3484 4281 jam

1894 4309 1999 4348 non
2031 4302 2206 4358 erunt,
2249 4291 2372 4361 quia
2408 4289 2461 4361 in
2497 4297 2715 4361 auctore
2754 4301 2852 4342 suo
2877 4284 3105 4361 Διιίςιιιᾳιο
3149 4281 3487 4361 damnabun-

1895 4372 1984 4419 tur
2004 4406 2019 4431 ,
2047 4379 2169 4420 eum
2193 4355 2302 4417 ille
2331 4360 2536 4416 scilicet
2562 4360 2846 4413 damnatus
2876 4356 2928 4409 in
2960 4355 3202 4431 gehenna
3222 4392 3238 4418 ,
3268 4359 3329 4405 ut
3354 4365 3484 4421 pee-

1895 4428 2019 4491 cent
2059 4434 2341 4499 homines,
2372 4431 2602 4500 amplius
2650 4434 2964 4498 petestatem
3016 4428 3130 4480 lucc
3168 4437 3325 4494 agere
3378 4435 3489 4479 non

1898 4506 2130 4563 habebit.

194 4689 3483 4729 ___________________________________._____________..____.__

1119 4784 1595 4899 LIBER
1677 4774 2554 4890 SECUNDUS.

1268 4970 1515 5022 Befellitur
1535 4965 1804 5020 secundum
1823 4965 1999 5030 dogma
2035 4963 2415 5030 Pelagianorum.

1658 5084 2030 5143 «εφη»

267 5204 496 5274 CAPUT
536 5211 823 5270 PRIMUM.
853 5242 927 5254 —
960 5212 1014 5267 i.
1057 5210 1188 5266 item
1218 5226 1235 5258 ι
1268 5207 1550 5263 Peccatum
1576 5203 1728 5271 Adae,
1765 5222 1785 5258 ι

189 5289 365 5354 aiunt,
395 5305 414 5339 ι
443 5285 713 5361 neminem
736 5283 936 5361 nocuit,
959 5281 1064 5337 nisi
1082 5281 1256 5361 solum
1280 5278 1477 5361 ipsum.
1508 5275 1793 5361 rliies‘peni-

194 5345 387 5415 demus
411 5376 424 5412 :
453 5357 513 5413 Si
544 5364 821 5425 peccatum
847 5345 1140 5424 primorum
1171 5345 1447 5425 hominum
1474 5347 1602 5425 solis
1623 5345 1794 5425 ob_f_uit

196 5430 324 5493 illis,
352 5440 406 5484 et
430 5417 632 5499 nemini
659 5417 933 5499 nostrain;
960 5420 1407 5499 quemadmodum
1440 5433 1559 5499 quae
1588 5417 1793 5499 inillos

147 5550 151 5555 .
200 5517 296 5570 pro
326 5507 546 5570 peccato
577 5496 682 5570 lata
708 5505 817 5570 est,
845 5494 899 5549 in
919 5493 1032 5570 nos
1055 5493 1320 5570 sententia
1350 5493 1714 5570 pertran_sivit,
1738 5493 1793 5542 in

193 5558 345 5641 quos.
365 5586 470 5625 non
499 5567 748 5641 transivit
772 5558 827 5621 et
848 5566 1036 5635 culpa?
1061 5564 1169 5618 Nisi
1208 5558 1671 5641 forte:seeundum
1698 5572 1796 5641 vos

197 5632 433 5711 iniustus
465 5641 626 5703 Deus,
659 5639 750 5709 qui
780 5632 1236 5712 experies‘eorum
1264 5632 1468 5712 delicti,
1500 5644 1687 5712 passus
1715 5638 1799 5711 est

198 5701 303 5768 n68
327 5727 514 5769 eorum
544 5701 717 5782 pinna:
747 5701 971 5782 astringi
1000 5704 1239 5782 vinculo:
1270 5701 1395 5757 ihec
1434 5710 1516 5782 est
1554 5701 1798 5782 en‘imuin

199 5782 314 5839 Illis
340 5791 465 5855 post
488 5769 769 5855 peccatum
800 5769 983 5855 divina
1013 5774 1297 5855 sententia,
1329 5780 1611 5855 postqeam
1646 5769 1797 5855 scili-

202 5860 296 5913 cet
319 5843 511 5911 suasor:
532 5851 601 5907 ad
623 5847 1079 5921 prtevaricandum
1107 5843 1418 5902 maledictus
1438 5848 1520 5895 est
1541 5854 1796 5910 serpens:

1898 5202 2105 5257 Muiieri
2144 5209 2319 5254 autem
2365 5197 2493 5252 dixit
2535 5194 2670 5249 Deus
2696 5210 2715 5249 :
2741 5191 3109 5263 Multiplicans
3140 5187 3487 5263 muttiplicabo

1896 5289 2133 5329 maerores
2179 5282 2324 5333 tuos,
2370 5278 2418 5323 et
2461 5268 2699 5337 gemitum
2742 5258 2908 5339 tuum:
2936 5261 3003 5315 In
3043 5259 3259 5339 tristitiis
3283 5258 3299 5289 ⁸
3323 5258 3489 5339 paries

1898 5327 2052 5416 nubs.
2084 5353 2129 5397 ει
2151 5344 2226 5416 ad
2254 5327 2862 5416 ι’ίὲαηυῖξιιηιηοοηυξτδίο
2887 5342 2993 5416 ιαεέν
3011 5340 3060 5416 ξ’
3079 5327 3484 5416 ερεεέοτῖῑξῑξιξὲἑῖ

2013 5397 2107 5469 tui.
2140 5413 2207 5466 Et
2231 5412 2357 5466 Ades
2384 5410 2511 5464 dixit
2534 5428 2552 5462 .'
2577 5407 2826 5479 Quoniam
2853 5401 3041 5456 audisti
3067 5397 3234 5452 verem
3258 5397 3486 5479 mulieris

1900 5467 2028 5552 die;
2042 5467 2441 5552 etmandueasti
2457 5480 2521 5535 de
2549 5467 2707 5550 ligno,
2734 5475 2799 5552 de
2825 5487 2923 5552 qna
2947 5484 3287 5552 pra’ceperam
3317 5467 3411 5552 tibi
3424 5467 3488 5520 de

1901 5536 2143 5612 ὶὶὸῗέὸιὸ
2188 5571 2250 5608 ne
2288 5536 2641 5611 manducare},
2683 5536 2958 5600 maledicta
2986 5536 3123 5612 terra
3163 5540 3215 5612 in
3254 5536 3488 5612 operibus

1902 5606 2131 5694 ὶὶὶίὶξέἱί
2158 5606 2452 5679 niteret-ibus
2486 5606 2814 5675 manducabis
2845 5628 2910 5668 ea:
2934 5610 3028 5665 illa
3058 5607 3286 5663 omnibus
3313 5606 3487 5660 diebus
3542 5690 3550 5706 ι
3638 5624 3651 5631 ν

1903 5776 2237 5896 minimis:
2280 5773 2488 5830 tristitia.
2535 5779 2688 5835 Mss,
2723 5768 2777 5821 in
2816 5749 3058 5827 tanta?”
3096 5762 3240 5827 juxta
3275 5769 3493 5824 meum
