3958 6480
219 254 352 314 1311

213 369 511 432 libidinem,
545 366 695 438 cujus
724 363 1102 438 impudentiam
1145 361 1404 438 pudentes
1445 363 1584 418 loliis
1611 361 1695 438 [lci
1726 373 1802 438 te-

213 449 424 495 xerunt.
453 435 675 505 Quodisi
702 435 878 492 dicere
917 435 1125 504 nequis,
1166 445 1347 506 aperte
1379 435 1540 490 Deum
1585 435 1804 506 pudoris

215 511 374 576 hujus
399 519 672 564 auctorem
719 521 839 561 esse
878 506 1178 576 criminaris
1209 522 1222 557 :
1250 505 1373 575 quia
1414 521 1534 559 cum
1564 505 1626 560 cx
1664 507 1804 558 malo

215 575 449 636 libidinis
495 594 524 632 a
565 577 715 632 vobis
755 585 1000 646 negatur,
1020 575 1268 646 confusio
1310 577 1614 645 contigisse,
1662 577 1803 629 Deus

213 649 550 720 apertissime
603 644 878 720 hominum
919 644 1094 720 opifex
1142 658 1437 720 accusatur.
1462 644 1573 720 Sed
1602 647 1800 720 utinam

211 717 291 776 sic
318 737 410 774 vos
441 722 594 774 istam
639 719 910 773 libidinem
938 717 1154 772 laudare
1210 717 1617 783 erubesceretis,
1647 717 1800 770 sicuti

213 805 342 846 tunc
396 791 492 852 illi,
533 805 654 844 cum
693 803 751 843 se
798 803 1052 858 peccasse
1095 787 1212 856 ejus
1257 787 1607 858 convincentc
1648 796 1797 858 motu

210 861 702 932 deprehenderent,
729 856 1076 932 erubueruut.
1134 857 1271 932 Quid
1301 873 1426 911 vero
1454 857 1688 932 indicant
1717 856 1799 932 iri-

211 927 422 996 lia'lici,
460 931 674 1002 quibus,
723 938 782 984 ut
810 930 940 993 dixi,
994 944 1098 1002 nan
1144 930 1251 983 Deo
1296 927 1800 1002 auetorepudenda

211 997 584 1066 membrafsed
611 1015 706 1070 per
735 1010 1009 1070 peccatum
1040 998 1183 1070 facta
1200 1005 1471 1070 texerunt,
1493 997 1591 1051 nisi
1614 1013 1800 1067 quem-

211 1073 340 1127 dam
360 1069 866 1140 pruritumlibidinis
892 1070 1137 1139 turpem?
1166 1069 1276 1123 lmo
1295 1083 1390 1121 cur
1418 1069 1537 1140 illas
1561 1069 1800 1140 corporis

213 1139 398 1210 partes
420 1149 686 1206 texerunt,
713 1151 767 1195 et
809 1157 913 1196 non
965 1142 1136 1208 potius
1166 1154 1352 1210 manus
1381 1139 1570 1210 quibus
1604 1139 1798 1210 prohi-

210 1208 325 1268 bita
372 1221 809 1278 attrectavcrunt,
851 1220 941 1264 aut
965 1224 1056 1263 ora
1084 1209 1276 1278 quibus
1325 1209 1464 1263 tnale
1502 1208 1797 1263 desiderata

209 1283 487 1339 ederunt?
516 1281 619 1338 Sed
648 1283 733 1337 illa
751 1281 985 1336 membra
1003 1287 1246 1333 texerunt
1265 1321 1278 1342 ,
1301 1279 1352 1333 in
1377 1279 1570 1348 quibus
1598 1281 1797 1348 peccati

209 1355 476 1424 cupiditas
503 1353 857 1424 exardesccns
897 1351 1400 1424 concupiscentiam
1416 1351 1796 1424 incontinentis

208 1419 444 1496 gutturis
470 1425 770 1496 accusabat.
801 1421 902 1477 Ista
921 1429 1004 1475 est
1032 1431 1213 1496 vestra
1231 1419 1508 1496 laudabilis
1537 1430 1694 1490 atque
1717 1421 1802 1478 di-

211 1490 354 1550 lecta
401 1495 562 1550 libido
587 1496 627 1561 ⁸,
661 1509 756 1562 per
781 1507 960 1561 quam,
992 1498 1051 1562 ut,
1074 1492 1148 1562 ait
1176 1490 1504 1562 Apostolus,
1527 1506 1646 1545 caro
1675 1507 1798 1545 con-

207 1567 426 1636 cupiscit
481 1560 720 1619 adversus
768 1560 1000 1636 spiritum
1033 1560 1255 1636 (Galat.
1300 1577 1356 1636 v_,
1383 1561 1468 1636 l7
1497 1560 1560 1636 )_:
1613 1572 1798 1616 contra

207 1631 373 1706 quam
400 1636 614 1708 spiritus
641 1649 790 1704 spem
819 1633 1020 1687 habens
1047 1633 1105 1708 in
1139 1632 1394 1708 Deo._nisi
1427 1631 1632 1708 fortiter
1671 1646 1799 1708 con-

207 1702 470 1777 cupiscai,
520 1721 618 1777 nec
655 1702 784 1777 caro
833 1719 933 1777 nec
981 1703 1197 1777 spiritus
1242 1702 1404 1777 vitam
1455 1702 1800 1777 possidebunt

207 1771 494 1834 :ctérnam.
524 1775 614 1832 Sic
641 1775 787 1830 stulti
817 1774 966 1836 estis,
997 1781 1055 1827 ut
1081 1775 1233 1826 istam
1262 1771 1580 1827 discordiam
1622 1774 1800 1828 carnis

208 1858 269 1918 et
325 1847 560 1918 spiritus,
605 1845 1240 1918 diabolumcrtcusantcs,
1277 1843 1444 1918 Deum
1487 1853 1800 1918 accusantes

207 1913 407 1973 fecisse
435 1918 682 1972 credatis.
705 1915 810 1971 Sed
849 1913 1158 1977 absit,ab.~it
1192 1913 1292 1968 hoc
1333 1913 1529 1966 malum
1551 1928 1582 1966 a
1611 1913 1800 1968 catho-

208 1989 332 2042 licis
355 1988 620 2051 sensibus,
663 1993 1013 2040 utauctorcm
1040 1983 1274 2039 libidinis
1315 1983 1481 2040 Deum
1527 1997 1670 2052 esse,
1700 1999 1796 2039 au-

209 2058 376 2114 deant
399 2059 630 2126 cogitare
649 2057 731 2111 vel
752 2057 948 2111 dicere.

286 2123 513 2184 CAPUT
554 2127 639 2182 IV.
669 2157 741 2168 —-—
766 2127 819 2182 4.
855 2126 1050 2180 Contra
1085 2125 1186 2180 hoc
1222 2141 1486 2180 venenum
1519 2123 1586 2180 de
1611 2125 1795 2196 gratia:

215 2200 458 2254 antidoto
485 2199 812 2253 conﬁdentes
841 2212 1026 2251 omnes
1048 2195 1236 2259 sancti,
1260 2197 1582 2266 castigantes
1602 2195 1799 2266 corpus

215 2285 410 2335 suum,
451 2279 507 2325 et
545 2271 594 2322 in
635 2269 942 2323 servitutem
981 2266 1318 2336 redigentes,
1359 2265 1426 2320 ne
1463 2265 1599 2321 forte
1635 2282 1665 2321 a
1696 2265 1798 2322 ﬁde

216 2339 414 2395 Christi
463 2339 674 2408 reprobi
715 2339 1083 2398 ellicercntur,
1117 2337 1326 2408 fortiter
1354 2346 1720 2406 pugnaverunt
1745 2347 1796 2394 et

219 2419 474 2480 pugnant.
513 2407 586 2464 De
624 2411 723 2464 bac
746 2411 895 2480 enim
924 2407 1305 2480 congressione
1336 2407 1647 2480 loquebatur
1673 2423 1800 2479 apo-

215 2477 385 2535 stoltts
421 2481 615 2535 Paulus
640 2520 654 2544 ,
685 2496 805 2534 cum
846 2479 982 2534 dixit
1013 2495 1025 2530 :
1059 2477 1172 2549 Ego
1201 2478 1354 2549 igitur
1379 2479 1452 2530 sic
1479 2495 1627 2532 curro
1652 2520 1667 2545 ,
1699 2477 1800 2534 non

211 2553 362 2619 quasi
386 2553 437 2604 in
466 2555 712 2604 incertum
737 2567 754 2615 ;
792 2551 865 2604 sic
898 2565 1068 2620 pugno
1091 2591 1105 2615 ,
1141 2566 1242 2602 non
1267 2549 1413 2620 quasi
1437 2565 1602 2604 aerem
1627 2552 1798 2605 verbe-

210 2639 337 2675 rans
359 2637 378 2675 :
404 2629 458 2676 et
487 2631 733 2691 tauquam
762 2636 792 2675 e
817 2619 1086 2674 contrario
1117 2619 1527 2688 rcSponderetur
1556 2621 1604 2675 ei
1624 2661 1639 2684 ,
1671 2621 1800 2688 Quis

212 2699 320 2757 est,
340 2692 422 2746 vel
447 2692 532 2746 tibi
555 2699 638 2746 est
654 2691 992 2745 adversarius
1016 2699 1156 2756 tuus,
1181 2700 1366 2744 eontra
1388 2705 1544 2760 quem
1569 2692 1796 2761 pugnas?

210 2763 546 2831 respondens
569 2763 673 2825 ait,
706 2761 906 2831 Castigo
935 2777 1117 2830 corpus
1140 2777 1303 2813 meum
1325 2801 1339 2827 ,
1367 2770 1414 2814 et
1439 2761 1490 2814 in
1514 2764 1801 2816 servitutem

209 2830 389 2904 redigo
417 2834 434 2903 (
459 2833 474 2885 l
502 2830 620 2888 Cor.
652 2847 732 2897 ix,
755 2830 856 2895 26,
873 2831 967 2900 27)
998 2849 1011 2884 :
1038 2831 1088 2884 id
1110 2840 1209 2896 est,
1233 2831 1284 2904 in
1306 2845 1534 2904 corpore.
1553 2842 1796 2904 meoest,

213 2900 567 2958 non'in'aere
591 2943 606 2970 ,
635 2911 818 2958 contra
844 2916 1001 2972 quem
1033 2916 1239 2972 pugno;
1272 2900 1434 2956 libido
1475 2912 1557 2956 est
1595 2903 1800 2958 scilicet

213 2974 430 3028 inimica
469 2975 592 3027 vita:
635 2989 767 3026 mea:
791 3015 806 3038 ,
843 2988 962 3042 qua:
999 2986 1085 3042 me
1119 2979 1420 3026 currentem
1448 2973 1661 3042 placere
1689 2973 1800 3028 Deo

213 3059 314 3114 per
340 3045 586 3099 ducatum
616 3045 800 3114 gratia:
829 3041 969 3114 ejus,
991 3041 1322 3114 diversorum
1356 3041 1598 3096 libiiuum
1629 3045 1795 3097 malo-

211 3113 337 3169 rum
357 3117 379 3146 ²
402 3131 494 3184 per
514 3113 781 3168 momenta
807 3113 1005 3184 aculeis
1027 3113 1298 3182 impugnat
1325 3121 1376 3165 et
1399 3121 1670 3180 provocat,
1692 3128 1799 3184 quo

211 3183 536 3255 agonis’mei
567 3198 778 3239 cursum
813 3183 1106 3252 impediens
1133 3190 1477 3255 ,_a_uctorcm_
1501 3196 1654 3236 suum
1687 3183 1800 3238 dia-

212 3252 396 3310 bolum
450 3255 606 3310 faciat
655 3269 774 3309 esse
824 3255 1104 3308 victorem.
1165 3253 1288 3308 Ideo
1349 3252 1550 3321 castigo
1603 3267 1798 3322 corpus

214 3341 418 3390 meum,
445 3326 532 3380 ubi
561 3334 713 3393 porto
735 3325 940 3378 hostem
969 3339 1142 3378 meum
1175 3341 1187 3377 :
1212 3323 1261 3376 in
1286 3338 1370 3378 me
1391 3325 1641 3392 pugnanti
1664 3339 1795 3378 eon-

216 3404 319 3466 trag
345 3412 432 3450 me
471 3398 671 3466 virtute?
701 3397 886 3466 gratia:
929 3394 1257 3466 confortatus
1286 3408 1523 3463 repugno
1563 3407 1661 3466 pro
1687 3409 1794 3449 me.

215 3465 326 3520 Sed
377 3475 498 3522 tunc
541 3464 722 3520 hostis
757 3465 1045 3536 potentiam
1085 3464 1325 3536 d_eslrno,ﬁ
1367 3479 1491 3536 cum
1535 3465 1798 3535 castigans

214 3550 414 3604 corpus
434 3552 608 3590 meum
631 3532 870 3589 inlirinor
886 3535 940 3589 in
962 3551 1066 3589 me.
1093 3532 1220 3588 Cum
1248 3535 1378 3588 enim
1399 3534 1650 3604 inﬁrmor,
1677 3532 1798 3588 tunc

214 3603 393 3678 potens
407 3623 517 3660 sum
533 3607 596 3678 (ll
615 3606 731 3660 Cor.
755 3622 848 3678 xu,
871 3606 976 3678 l0).
1001 3604 1202 3658 Gratias
1225 3613 1390 3678 autem
1414 3603 1538 3666 Deo,
1554 3605 1798 3678 quidedit

213 3673 360 3730 nobis
383 3673 640 3730 victoriam
670 3692 757 3743 per
787 3673 1057 3730 Dominum
1083 3684 1306 3728 nostram
1333 3673 1510 3726 Iesum
1541 3673 1796 3728 Christum

215 3747 272 3818 (1
299 3746 420 3803 Cor.
461 3762 568 3812 xv,
605 3745 718 3819 57).
763 3747 912 3819 Quod
955 3746 997 3798 si
1040 3761 1144 3799 non
1185 3753 1463 3819 propterea
1503 3744 1796 3814 castigabat

216 3816 416 3888 corpus
445 3833 619 3880 suum,
647 3816 752 3887 quo
779 3817 1032 3888 malarum
1057 3816 1605 3888 concup‘isccntiarum
1631 3829 1793 3888 appe-

215 3885 347 3943 titus
375 3888 458 3944 vel
488 3885 730 3942 stimulos
755 3887 1030 3956 superaret
1067 3885 1302 3940 libidinis
1325 3926 1340 3951 ,
1360 3900 1464 3956 cur
1492 3885 1592 3939 hoc
1628 3895 1686 3940 se
1717 3885 1794 3939 la-

214 3972 342 4014 cere
368 3958 600 4024 dicebat,
634 3958 722 4012 illo
748 3955 938 4012 melius
967 3957 1233 4024 sapientes
1256 3963 1312 4010 et
1339 3955 1595 4010 docentes
1625 3970 1793 4024 expo-

216 4029 348 4083 nitc.
370 4028 486 4083 Non
514 4029 654 4084 enim
684 4028 922 4082 naturale
947 4041 1066 4082 esse
1093 4027 1288 4080 bonum
1313 4026 1582 4079 libidinem
1605 4025 1798 4094 prmdi-

215 4099 413 4154 caretis
436 4141 452 4165 ,
481 4099 524 4153 si
553 4098 847 4154 castitatem
880 4097 901 4129 ⁸
929 4097 1196 4152 intuentes
1219 4137 1234 4161 ,
1267 4104 1324 4150 ut
1349 4095 1542 4149 Paulus
1570 4109 1794 4164 corpora

218 4179 394 4224 vestra
416 4170 772 4240 castigaretis;
798 4169 903 4222 imo
925 4167 1214 4240 impudenti
1239 4166 1412 4240 fronte
1433 4166 1791 4240 lascivientes,

218 4241 336 4310 ejus
363 4237 574 4295 mownf
593 4239 616 4270 ⁵
642 4241 716 4294 sic
744 4239 954 4310 procaci
982 4238 1156 4310 lingua
1197 4237 1420 4310 laudatis
1459 4237 1509 4290 in
1541 4237 1750 4306 publico
1776 4281 1791 4310 ,

216 4308 279 4366 ut
305 4311 511 4366 cunctis
539 4319 712 4380 pateat
741 4308 863 4379 quid
895 4324 923 4380 a
950 4309 1102 4363 vobis
1125 4308 1328 4380 geritur
1354 4309 1650 4380 in‘sccreto
1675 4325 1707 4380 _:
1747 4309 1792 4362 si

217 4392 396 4436 tamen
424 4377 557 4451 quos
584 4377 799 4434 laudare
827 4379 1033 4451 publice
1055 4377 1158 4432 non
1183 4379 1361 4447 pudet,
1386 4377 1584 4451 eligant
1607 4377 1796 4451 velse-

215 4447 459 4506 cretum:
482 4451 629 4521 Rogo
649 4492 662 4515 ,
699 4447 997 4505 erubescite
1018 4491 1031 4513 ,
1059 4451 1198 4503 unde
1227 4447 1532 4519 prot0plasti
1559 4490 1573 4513 ,
1602 4456 1660 4502 ut
1681 4448 1791 4521 jam

218 4523 419 4578 dictum
443 4531 544 4582 est,
568 4519 687 4590 post
709 4530 981 4590 peccatum
1005 4521 1349 4582 cruliucrunt,
1373 4534 1597 4590 quorum
1619 4527 1673 4590 et
1692 4519 1792 4590 ipsi

219 4599 527 4663 peccatores
551 4588 734 4663 sumus
760 4593 887 4657 lilii;
918 4600 972 4644 et
991 4591 1192 4663 credite
1217 4590 1414 4663 malum
1443 4605 1508 4643 ex
1536 4588 1750 4663 diabolo
1775 4631 1790 4655 ,

222 4659 327 4717 non
369 4663 559 4721 bonum
586 4677 649 4717 ex
682 4662 788 4716 Deo
809 4676 930 4716 esse
970 4661 1258 4715 libidinem.
1297 4661 1467 4727 Quam
1507 4659 1794 4728 Apostolus

217 4735 388 4804 legem
413 4773 428 4797 ,
460 4734 559 4788 hoc
583 4741 666 4786 est
688 4773 702 4796 ,
732 4733 927 4804 malam
966 4730 1400 4804 consuetudinem
1434 4730 1670 4804 nominat
1693 4771 1714 4804 ,_
1740 4738 1794 4784 et

215 4799 336 4860 esse
357 4804 482 4859 dicit
505 4804 555 4858 in
586 4801 838 4858 membris
862 4804 1179 4858 contrariam
1207 4802 1308 4871 lcgi
1339 4801 1552 4866 mentis,
1579 4814 1646 4855 ne
1665 4799 1793 4856 obe-

213 4874 512 4944 diaturlegi
544 4875 656 4928 Dei.
925 4942 954 4944 μ
1464 4940 1475 4944 _
1541 4939 1608 4944 ﬂ
1692 4941 1702 4944 _
1783 4917 1794 4932 .

285 4939 508 5000 CAPUT
553 4944 614 4997 V.
644 4974 714 4984 —
737 4944 791 4999 5.
826 4942 1016 4999 Audite
1044 4957 1171 5013 ergo
1201 4950 1393 5010 quanta
1429 4940 1503 5013 sit
1540 4939 1791 5010 iniquitas

214 5013 373 5085 hujus
397 5016 540 5078 mali,
564 5014 758 5084 quidve
783 5015 906 5068 hinc
931 5014 1092 5085 homo
1113 5011 1341 5082 patiatur
1361 5011 1620 5085 inﬁrmus,
1650 5013 1794 5080 Apo-

212 5079 351 5140 stole
378 5079 666 5140 diceiite'et
689 5085 990 5155 disputante
1015 5079 1154 5138 inter
1177 5093 1369 5155 caetera
1401 5101 1418 5136 :
1434 5079 1585 5155 illam
1605 5079 1792 5155 concu-

215 5157 506 5212 viscentiam
529 5196 542 5219 ,
571 5157 740 5224 inquit
763 5149 789 5221 ,’
808 5155 1084 5210 nesciebam
1107 5195 1123 5220 ,
1156 5153 1253 5207 nisi
1293 5153 1382 5224 lex?
1410 5149 1594 5224 diceret
1618 5193 1632 5216 ,
1667 5151 1790 5205 Non

213 5227 551 5296 concupisces.
601 5222 715 5280 Non
763 5225 928 5291 dixit,
978 5223 1498 5296 Concupisccntianr
1521 5222 1631 5292 jam
1682 5236 1787 5276 non

213 5292 511 5361 habebam;
541 5297 657 5363 sed,
679 5297 977 5363 nesciebam,
1005 5294 1130 5366 quid
1146 5292 1180 5348 ?’
1198 5303 1375 5350 utrum
1400 5292 1594 5347 malum
1621 5303 1784 5348 esset.

271 5436 290 5465 ¹
325 5442 376 5483 tn
405 5441 567 5495 contis,
590 5428 766 5495 dilecta
783 5429 991 5495 cupido.

273 5497 294 5526 '
327 5498 400 5546 sic
437 5488 640 5545 veteres
685 5493 811 5544 libri.
860 5488 916 5542 At
960 5491 1111 5550 editi,
1147 5497 1448 5548 currentem,
1496 5495 1542 5540 et
1597 5488 1789 5553 placere

214 5562 312 5619 Deo
349 5569 434 5619 per
467 5558 697 5619 ducatum
733 5553 908 5619 gratim
941 5553 1045 5619 ejus
1082 5554 1311 5604 volentem
1355 5554 1476 5616 (Ain.
1504 5561 1557 5603 et
1581 5558 1676 5612 En,
1708 5565 1792 5602 no-

213 5613 898 5686 lartetn),_diversorum:libitu
917 5613 1171 5686 malorum,
1198 5623 1292 5666 etc.

273 5679 295 5712 ⁸
327 5680 462 5737 Editi,
486 5691 531 5728 ss
550 5679 1032 5737 castitatisvs'rtutem.

274 5741 295 5772 ⁸
329 5750 429 5791 Iun.
451 5736 524 5790 Er.
550 5747 602 5788 et
623 5746 751 5798 Mss,
773 5736 826 5788 in
845 5737 951 5800 ejus
967 5744 1156 5786 motum.

490 5825 717 5886 Ssa'cr.
763 5824 1040 5884 Auousr.
1079 5821 1158 5881 X.

1267 245 1824 305 llYPOGNOSTlCON
1864 247 2068 303 LIBER
2106 248 2453 316 QUARTUS.

3355 259 3500 319 16η

1915 362 2183 438 Habebam
2222 364 2380 438 igitur
2404 407 2419 432 ,
2458 363 2552 419 sed
2591 371 2839 438 tanquam
2868 371 3107 426 naturale
3143 371 3340 428 bonum
3367 390 3489 431 esse

1911 432 2194 516 credebam
2223 431 2384 516 {cum
2408 431 2590 516 autem
2619 431 2948 516 lex'dicerct,
2980 439 3102 495 Non
3126 446 3488 516 concupisces;

1911 507 2132 580 cognovi
2164 520 2268 558 non
2300 507 2540 580 naturale
2566 507 2782 569 bonum,
2812 509 2905 564 sed
2931 527 3025 580 per
3051 507 3320 580 peccatum
3343 507 3488 570 acci-

1910 573 2042 628 dens
2075 588 2194 628 csse
2232 578 2428 630 malum
2459 573 2962 648 concupiscentiam.
3005 573 3283 638 Occasione
3323 595 3491 640 autem

1909 655 2114 712 accepta
2134 685 2149 710 ,
2179 656 2438 723 peccatum
2467 665 2554 723 per
2581 651 2876 723 maadatum
2915 665 3176 723 operatum
3213 665 3284 709 est
3317 657 3371 710 in
3409 673 3488 709 me

1909 730 2106 796 onmem
2139 718 2615 796 concupiscentiam.
2655 721 2788 796 (dum
2824 718 2957 790 ergo
2989 739 3261 792 sperarem
3288 767 3302 789 ,
3343 727 3491 796 quod

1886 784 2110 874 viribus
2136 787 2365 856 propriis
2403 789 2624 874 Jubcnte
2669 791 2782 872 lege
2837 784 3046 874 possem
3102 784 3488 874 concupiscen-

1909 855 2304 937 tiainnvin’cere;
2333 858 2622 937 majoribus
2649 855 2816 932 magis
2840 855 2958 937 ejus
2986 867 3212 934 urgebar
3237 855 3486 933 stimulis,

1907 935 1960 979 et
1981 925 2282 1008 inlirmante
2305 925 2429 1008 me,
2445 931 2704 1008 cupiditas
2733 925 3200 1008 angebaturfsnie
3227 938 3334 1008 lege
3357 925 3490 992 enim

1908 1006 2166 1064 peccatum
2197 1007 2450 1050 mortuum
2477 1012 2603 1072 erat.
2632 1003 2782 1068 Quod
2817 1010 3128 1072 peccatum?
3167 1003 3353 1061 Libido
3380 1011 3488 1062 uti-

1905 1083 2030 1144 que,
2063 1083 2180 1137 qua:
2207 1076 2262 1121 et
2297 1071 2720 1144 concupiscentia
2753 1075 2887 1144 mala
2923 1075 3136 1130 dicitur.
3167 1077 3284 1132 Non
3315 1078 3485 1144 dixit,

1905 1137 2021 1220 Non
2050 1147 2195 1202 erat;
2227 1137 2355 1220 sed,
2372 1137 2620 1220 mortuum
2643 1152 2746 1220 erat
2771 1162 2784 1197 :
2812 1143 2861 1197 id
2885 1153 2988 1220 est,
3013 1159 3134 1200 cum
3161 1137 3487 1220 prmceptum

1909 1209 2040 1277 legis
2062 1250 2076 1270 .
2104 1207 2242 1285 quod
2281 1217 2362 1285 est
2387 1207 2435 1263 ei
2477 1214 2802 1285 contrarium
2827 1257 2842 1278 ,
2887 1207 3061 1272 adhuc
3087 1207 3190 1272 non
3221 1207 3365 1274 esset
3385 1261 3400 1285 ,
3432 1221 3486 1274 in

1909 1289 2185 1355 peccatore
2213 1279 2408 1355 latebat
2428 1321 2442 1345 ,
2485 1282 2608 1355 quia
2646 1283 2777 1355 legis
2804 1286 3028 1355 imperio
3062 1279 3486 1344 demonstratum

1911 1358 2012 1430 est.
2042 1349 2150 1420 Ego
2175 1359 2341 1430 autem
2363 1351 2474 1430 sine_
2490 1351 2596 1430 lege
2618 1349 2834 1430 vivebam
2856 1349 3150 1430 aliquando.
3175 1360 3486 1430 Priusquam

1906 1421 2098 1497 scirem
2129 1421 2430 1497 mandatum
2462 1421 2591 1497 legis
2617 1465 2630 1483 ,
2666 1423 2715 1475 in
2746 1421 2994 1492 operibus
3024 1429 3038 1459 ¹
3068 1421 3372 1497 cupiditatis
3399 1446 3488 1486 me

1906 1491 2083 1545 vivere
2112 1491 2425 1570 arbitrabar.
2461 1493 2566 1546 Sed
2585 1509 2697 1545 cum
2725 1491 2933 1548 venisset
2963 1491 3276 1570 mandatum,
3301 1517 3486 1570 pecca-

1907 1569 2012 1614 tum
2040 1563 2255 1628 revixit;
2282 1579 2371 1630 ego
2401 1573 2569 1616 autem
2598 1573 2822 1618 mortuus
2861 1582 2990 1618 smn.
3029 1567 3173 1622 Vixit
3211 1563 3352 1623 enim
3399 1570 3486 1624 in-

1907 1632 2140 1708 tentionc
2163 1633 2434 1708 mortifera
2462 1633 2625 1700 prima
2655 1634 2788 1708 lege,
2816 1634 2864 1688 id
2892 1645 2990 1708 est,
3015 1639 3229 1708 quando
3251 1640 3301 1694 in
3329 1655 3486 1708 para-

1908 1653 2140 1686 ιθιιιιοῐιε
2163 1653 2432 1687 ιιιοτιιιειτζι
2462 1653 2625 1700 ιηΊηιςι
2656 1653 2788 1702 li‘gf‘,
2816 1653 2864 1688 Ill
2893 1653 2990 1697 CSI,
3055 1653 3229 1693 ttanuo
3251 1657 3301 1694 Ill
3329 1655 3484 1708 para-

1861 1733 1866 1740 -
1905 1702 2022 1756 diso
2049 1703 2332 1771 captivavit
2359 1705 2524 1756 Adam
2551 1721 2563 1757 :
2595 1706 2790 1758 revixit
2809 1705 2994 1760 cadent
3015 1653 3222 1763 l‘lallacia
3251 1712 3484 1766 secunda

1906 1771 2038 1843 lege,
2072 1783 2126 1828 et
2151 1773 2345 1828 occidit
2370 1790 2454 1827 me
2477 1815 2491 1840 ,
2524 1781 2772 1842 tanquam
2800 1791 2951 1832 suum
2979 1779 3245 1844 captivum
3273 1822 3285 1841 ,
3316 1781 3486 1836 lilium

1908 1844 2348 1916 transgressoris;
2377 1846 2497 1913 quia
2526 1861 2622 1916 per
2648 1846 2815 1912 legem
2844 1848 3076 1916 cognitio
3107 1851 3305 1916 peccati
3331 1893 3346 1914 ,
3379 1867 3484 1906 non

1905 1914 2125 1968 victoria
2146 1915 2212 1968 de
2240 1923 2474 1980 peccato.
2519 1913 2585 1967 Et
2627 1916 2880 1969 inventum
2915 1913 2994 1970 cst
3034 1913 3158 1972 mihi
3193 1913 3488 1977 mandatum

1903 1984 2040 2106 quod
2059 1995 2166 2038 erat
2190 1985 2258 2038 ad
2282 1985 2456 2047 vitam,
2479 1985 2573 2039 hoc
2599 2003 2705 2040 esse
2734 1988 2802 2039 ad
2832 1999 3060 2042 mortem.
3090 1993 3300 2059 Optime
3328 1993 3484 2059 dixit,

1941 2065 2172 2106 nventum
2209 2065 2282 2106 est
2322 2056 2445 2106 milii
2475 2072 2494 2106 :
2522 2057 2571 2106 id
2598 2067 2680 2106 est
2703 2097 2718 2106 .
2752 2069 2856 2106 non
2898 2059 3206 2106 mnmlalnm
3251 2063 3388 2106 limis
3414 2063 3484 2106 ml

1941 2065 2172 2109 nventum
2209 2065 2282 2108 est
2322 2056 2445 2108 milii
2475 2072 2494 2109 :
2522 2057 2571 2110 id
2598 2067 2680 2111 est
2703 2097 2718 2120 ,
2752 2069 2856 2110 non
2898 2056 3206 2114 mandatum
3251 2063 3388 2116 Deus
3414 2056 3486 2118 ad

1909 2135 2137 2180 mortem
2167 2126 2334 2200 dedit,
2351 2126 2658 2200 sedvisutn
2687 2137 2769 2183 est
2803 2127 2932 2182 mihi
2967 2137 3216 2200 tanquam
3247 2133 3490 2188 mortife-

1905 2209 2024 2250 rum
2045 2237 2060 2262 ,
2089 2211 2155 2252 eo
2179 2196 2320 2267 quod
2349 2197 2477 2251 illud
2500 2199 2694 2272 virtute
2723 2200 2936 2272 propria
2965 2196 3187 2272 implere
3220 2218 3325 2257 non
3355 2219 3486 2272 pos-

1905 2281 2057 2333 sum;
2089 2283 2206 2322 cum
2241 2283 2342 2337 ego
2369 2283 2471 2321 non
2508 2267 2741 2322 mandati
2772 2267 2934 2333 vitio,
2963 2271 3055 2324 sed
3102 2273 3320 2329 stimulo
3355 2267 3490 2329 con-

1905 2338 2244 2408 cupisccntiae
2274 2338 2773 2408 mortispcrcussus
2802 2341 3018 2394 moriar.
3047 2341 3306 2398 Stimulus
3340 2347 3483 2398 enim

1903 2407 2091 2485 Inertis
2112 2417 2404 2485 peccatum.
2433 2407 2572 2462 Nam
2600 2417 2856 2485 peccatum
2875 2412 3374 2485 occasioneaccepta
3399 2431 3488 2485 per

1905 2480 2199 2532 mandatum
2224 2479 2423 2554 seduxit
2453 2497 2548 2543 me,
2572 2489 2618 2534 et
2643 2481 2885 2554 perillud
2907 2483 3111 2534 occidit.
3142 2479 3338 2538 Videtis
3365 2479 3488 2554 pce-

1904 2560 2102 2620 catum,
2131 2553 2271 2620 quod
2297 2559 2379 2605 est
2399 2592 2414 2615 ,
2447 2558 2506 2604 ut
2533 2564 2675 2620 smpe
2702 2550 2899 2604 dictum
2927 2561 3030 2617 est,
3061 2553 3322 2619 cupiditas
3349 2550 3488 2610 [inde

1907 2619 2068 2676 libido
2095 2619 2277 2676 exorta
2296 2628 2406 2692 est,
2431 2620 2510 2692 de
2530 2619 2661 2692 legis
2689 2621 3006 2692 auctoritate
3037 2623 3169 2676 nihil
3199 2625 3375 2680 valere
3403 2643 3488 2681 me

1903 2700 2088 2764 contra
2133 2706 2230 2764 se;
2263 2691 2399 2764 sicut
2434 2691 2637 2764 Adam,
2671 2691 2949 2764 interjeeto
2976 2694 3226 2747 mandato
3255 2696 3319 2749 ad
3349 2711 3486 2764 pra:-

1904 2761 2350 2826 varicandum,de
2371 2777 2478 2832 quo
2502 2763 2683 2816 vitium
2714 2763 2963 2831 peccandi
2993 2766 3256 2830 contraxi,
3277 2761 3488 2821 seduxit

1903 2839 1959 2886 et
1985 2848 2092 2896 me,
2127 2842 2372 2900 tanquam
2403 2832 2578 2888 denuo
2605 2832 2823 2898 dicens,
2855 2833 2969 2887 Non
3000 2845 3174 2888 morte
3201 2837 3445 2890 morieris
3467 2879 3483 2900 ,

1903 2903 1947 2955 si
1979 2903 2045 2974 de
2085 2903 2225 2972 ligno
2259 2902 3010 2974 manducaverisinterdicto;
3039 2906 3148 2958 imo
3181 2907 3490 2974 aperientur

1903 2972 2044 3027 oculi
2083 2975 2156 3027 tui
2182 3014 2196 3037 ,
2237 2981 2290 3027 et
2329 2973 2438 3028 eris
2477 2974 2614 3028 sicut
2653 2973 2758 3036 dii,
2787 2974 2961 3028 sciens
2987 2975 3183 3029 bonum
3209 2972 3265 3030 et
3289 2979 3485 3032 malum

1904 3041 2055 3112 (Gen.
2073 3059 2163 3113 Alli,
2195 3044 2249 3109 4,
2279 3042 2359 3112 5).
2386 3043 2510 3098 ldco
2535 3053 2589 3099 et
2612 3058 2709 3113 per
2729 3043 2856 3098 illud
2884 3046 3098 3099 occidit.

1973 3113 2028 3168 6.
2059 3111 2243 3180 Itaque
2267 3111 2352 3166 (ea:
2393 3115 2593 3182 quidem
2614 3111 2794 3168 sancta
2819 3154 2833 3176 ,
2865 3116 3233 3172 et'mandatum
3258 3131 3487 3174 sanctum

1903 3189 1950 3260 et
1968 3184 2164 3260 justum
2193 3183 2472 3260 et_bonun_i.
2493 3183 2616 3260 _Non
2648 3184 2807 3254 igitur
2833 3184 3034 3254 imputo
3067 3187 3164 3260 legi
3191 3190 3316 3254 Dei,
3343 3191 3484 3260 quod

1901 3253 2030 3307 vitio
2071 3269 2191 3308 meo
2233 3253 2703 3329 factus_inli.rmu_s,
2737 3253 3060 3329 przeceptum
3108 3259 3223 3326 ejus
3264 3253 3488 3329 implere

1903 3337 2110 3393 nequeo
2141 3341 2154 3376 :
2184 3339 2304 3394 quae
2328 3323 2429 3378 etsi
2449 3324 2687 3394 jubendo
2713 3339 2817 3378 non
2846 3323 3014 3392 juvat,
3040 3323 3215 3382 tanien
3238 3323 3485 3385 sua'san.

1901 3395 2096 3470 ctita_te_
2111 3404 2164 3449 et
2184 3395 2384 3460 justitia
2416 3396 2623 3470 malum
2644 3409 2763 3449 esse
2789 3398 3272 3470 concupiscentiam
3295 3441 3310 3463 ,
3341 3403 3483 3470 quod

1901 3465 2225 3539 nesciebam,
2249 3464 2508 3539 ostendit;
2536 3465 2657 3539 quia
2685 3464 3094 3539 peccatuinpait,
3121 3485 3221 3539 non
3249 3464 3479 3539 cognovi,

1902 3534 2000 3588 nisi
2027 3551 2116 3605 per
2135 3528 2291 3606 legem
2316 3549 2333 3587 :
2357 3542 2412 3607 et
2434 3528 2617 3607 docuit
2635 3528 2700 3607 ad
2722 3537 3060 3607 superandos
3081 3528 3204 3607 'ejus
3227 3528 3437 3594 illicitos
3463 3528 3484 3574 ί

1903 3605 2205 3674 appetitus,
2235 3619 2356 3658 cum
2385 3605 2438 3674 in
2466 3621 2552 3660 me
2579 3605 2770 3659 delicio
2790 3646 2806 3672 ,
2839 3605 3039 3660 debere
3067 3605 3302 3663 divinum
3331 3612 3483 3666 auxi-

1902 3673 2028 3728 lium
2055 3675 2357 3750 implorare.
2388 3673 2682 3750 Quoderga
2705 3675 2889 3729 bonum
2906 3687 3011 3750 _est,
3037 3679 3162 3732 milii
3191 3683 3382 3750 factum
3409 3693 3484 3737 est

1901 3744 2077 3800 mors?
2102 3745 2262 3800 Absit.
2294 3743 2561 3818 Numquid
2594 3743 2736 3818 enim
2763 3745 3069 3801 mandatum
3100 3743 3316 3818 bonum,
3349 3766 3484 3806 cou-

1902 3823 1980 3869 tra
2008 3818 2194 3871 mortis
2219 3830 2382 3884 opera
2409 3815 2612 3880 datum,
2643 3815 2695 3870 in
2717 3827 2943 3870 mortem
2976 3818 3103 3872 mihi
3139 3829 3218 3874 est
3245 3815 3487 3878 commu-

1903 3887 2105 3957 tatum?
2127 3886 2297 3942 Absit.
2322 3886 2435 3957 Ego
2453 3885 2699 3957 videlicet
2720 3886 2862 3957 quod
2884 3888 3102 3954 morior,
3120 3905 3224 3943 non
3249 3892 3482 3946 mandati

1900 3954 2024 4009 boni
2052 3957 2180 4010 vitio
2211 3954 2431 4022 morior,
2457 3956 2552 4011 sed
2573 3954 2826 4012 mandato
2850 3955 2989 4012 bono
3011 3959 3136 4012 vitio
3161 3975 3282 4015 meo
3310 3971 3482 4016 trans-

1898 4040 2101 4100 gresso.
2127 4026 2233 4082 Sed
2257 4037 2516 4092 peccatum
2537 4035 2594 4081 ut
2617 4036 2863 4100 appareat
2883 4039 3160 4096 peccatur»,
3187 4046 3276 4100 per
3295 4033 3480 4087 bonum

1898 4097 2024 4150 mihi
2052 4108 2314 4168 operatum
2333 4107 2405 4150 est
2425 4097 2732 4169 mortem,_gtt
2753 4098 2842 4166 ﬁat
2865 4114 3021 4167 supra
3041 4097 3244 4154 modum
3267 4119 3480 4169 peccans

1899 4178 2158 4290 peccatum
2185 4184 2274 4238 per
2301 4168 2617 4221 mandatum.
2651 4167 2720 4223 Ut
2743 4183 2870 4238 ergo
2889 4167 3334 4240 concupiscentia
3358 4187 3479 4227 ma-

1918 4252 2007 4290 um
2032 4279 2046 4290 .
2077 4254 2195 4290 oua:
2229 4238 2380 4290 radix
2405 4248 2487 4290 est
2519 4238 2754 4290 omnium
2784 4238 3042 4290 malorum
3068 4281 3083 4290 .
3125 4252 3479 4290 οοςιιιοςοηιιιι·

1918 4252 2007 4312 um
2032 4279 2046 4304 ,
2077 4254 2195 4308 qua:
2229 4238 2380 4292 radix
2404 4248 2487 4312 est
2519 4238 2754 4312 omnium
2784 4238 3083 4312 malorum,
3109 4252 3480 4312 cognoscatur

1900 4309 2131 4384 malum,
2144 4324 2240 4384 per
2260 4308 2564 4384 man-datum
2591 4309 2788 4384 bonum
2812 4310 3084 4384 prrcvaluit
3105 4311 3158 4365 in
3180 4308 3264 4384 me
3286 4314 3476 4384 magis,

1899 4392 2004 4434 non
2039 4379 2234 4434 defecit
2261 4396 2274 4433 :
2303 4380 2424 4449 quia
2461 4379 2546 4435 lex
2581 4379 2897 4434 subintravit
2924 4387 2984 4433 ut
3017 4381 3314 4438 abundaret
3339 4379 3476 4438 (ΙέΙὶ-

1899 4457 2063 4506 ctum.
2087 4449 2308 4504 Mortem
2335 4463 2462 4520 ergo
2490 4449 2622 4503 milii
2652 4458 2926 4518 operatum
2948 4460 3029 4505 est
3053 4452 3328 4520 delictum,
3352 4469 3475 4508 cum

1897 4533 1964 4575 ex
1991 4521 2206 4586 delicto,
2235 4519 2287 4574 id
2307 4519 2412 4584 eSI,
2437 4535 2500 4574 es
2536 4521 2965 4588 concupiscentia
2993 4523 3150 4588 mala,
3175 4523 3478 4579 inllrmante

1899 4607 1984 4647 me
2013 4591 2207 4646 virtute
2237 4591 2444 4660 propria
2469 4589 2532 4643 ad
2561 4589 2911 4644 obedicndum
2939 4591 3056 4660 legi,
3082 4593 3272 4649 delicta
3294 4609 3480 4650 creve-

1898 4671 2043 4716 runt.
2081 4661 2371 4733 Etl’actum
2398 4669 2481 4715 est
2506 4675 2666 4733 supra
2699 4660 2912 4714 modum
2945 4677 3172 4733 peccans
3197 4672 3474 4733 peccatum

1899 4747 1996 4802 per
2023 4731 2352 4796 mandatum,
2382 4745 2502 4802 cum
2533 4747 2626 4800 per
2651 4731 2822 4802 legem
2844 4773 2858 4797 ,
2876 4740 2944 4802 ut
2969 4731 3100 4797 dixi,
3132 4731 3234 4788 non
3261 4734 3476 4800 deiecit,

1899 4801 1993 4856 sed
2023 4803 2190 4872 tnagis
2205 4801 2573 4875 immoderatis
2593 4801 2966 4875 cupiditatibus
2990 4804 3162 4856 crevit
3185 4823 3196 4857 :
3223 4805 3345 4875 quia
3365 4806 3480 4860 vir-

1900 4883 1984 4927 tus
2017 4871 2218 4942 peccati
2258 4871 2342 4926 lex
2383 4881 2464 4942 est
2487 4913 2501 4934 ,
2531 4871 2860 4940 prohibendo
2888 4880 2944 4926 et
2969 4888 3074 4927 non
3113 4871 3476 4931 auferendo-'.

1900 4941 2105 4998 Scimus
2125 4943 2258 4996 enim
2277 4941 2413 5013 quod
2435 4941 2516 4996 lea:
2537 4941 2815 5012 spiritualis
2837 4951 2938 5006 est;
2960 4959 3050 5013 ego
3071 4954 3236 5000 autem
3257 4947 3480 5001 carnalis

1897 5030 2010 5086 sum
2035 5053 2049 5078 ,
2091 5012 2421 5086 venumdatus
2445 5013 2538 5066 sub
2567 5021 2792 5086 peccato.
2824 5012 3025 5086 Spiritu
3057 5014 3216 5086 igitur
3243 5016 3336 5070 Dei
3371 5026 3477 5071 tam

1899 5085 2125 5140 docente
2149 5097 2308 5154 quam
2324 5083 2562 5154 juvante,
2585 5097 2690 5150 quo
2717 5082 2802 5136 lex
2826 5083 2947 5138 data
2978 5082 3097 5149 cst,‘
3113 5101 3215 5139 non
3243 5087 3357 5139 sola
3386 5101 3479 5140 vo-

1898 5155 2099 5209 luntate
2123 5151 2477 5224 carnalilcgis
2494 5151 2533 5218 ⁸⁸,
2553 5162 2775 5221 possunt
2802 5153 3006 5222 impleri
3031 5164 3290 5224 prater-put
3318 5172 3332 5207 :
3355 5157 3481 5223 quia

1899 5240 1994 5296 per
2037 5225 2207 5295 legem
2247 5223 2372 5276 vitia
2413 5239 2530 5278 mea
2577 5233 2780 5276 tantum
2824 5239 3092 5293 agnosco,
3125 5223 3226 5276 non
3269 5224 3478 5277 aufero.

1961 5426 1976 5457 ¹
2014 5427 2096 5476 Hic
2135 5424 2249 5474 editi
2285 5423 2480 5482 addunt,
2523 5420 2678 5472 (otius.

1963 5490 1984 5518 ⁸
2018 5487 2322 5548 Antiquiores
2343 5477 2480 5538 libri,
2514 5483 2679 5548 iuncea
2703 5477 2952 5548 appetitus.

1961 5551 1982 5581 ³
2013 5550 2087 5598 sic
2238 5555 2293 5596 At
2315 5554 2435 5606 Ain,
2458 5552 2616 5596 etnon
2651 5539 2933 5591 hauriendo.
2975 5546 3104 5598 t,ov.,
3147 5545 3190 5586 et
3221 5548 3312 5586 non
3335 5549 3483 5589 atat“:-

1897 5611 2147 5728 hardtglitl,
2173 5683 2264 5720 non
2282 5668 2432 5719 solum
2453 5668 2683 5717 voluntate
2703 5659 2910 5713 carnalia
2935 5658 3071 5723 legis.
3097 5663 3394 5723 Castiganlttr
3415 5667 3484 5706 ex

1900 5735 2252 5796 manuscriptis.

2558 5807 3201 5892 (Cinquantc-dczw.)
