3958 6486
153 406 182 458 1
195 405 302 460 645

144 517 301 572 enim
331 532 436 572 non
467 517 661 586 poterit
688 515 864 587 proles
890 515 1140 587 existere.
1174 534 1192 567 ι
1218 513 1297 569 Ex
1325 513 1428 574 hoc
1457 514 1733 587 advertant

147 588 369 643 dilecte
397 584 588 641 vestrm
622 584 903 642 castissimi
932 595 1324 655 expugnatores
1343 625 1358 648 ,
1389 594 1644 655 quantum
1673 585 1738 638 li-

144 658 268 721 bet,
301 657 443 728 quod
471 665 672 728 tantum
692 655 921 728 laudare
951 654 1182 711 delectat
1206 673 1221 710 :
1243 664 1334 710 aut
1360 655 1406 710 si
1437 669 1540 728 non
1557 654 1699 728 libet
1720 696 1734 718 ,

142 744 281 782 cum
317 724 507 782 suadet
549 736 606 782 ut
645 727 837 790 libeat,
863 735 918 782 et
955 735 1287 796 expugnatur
1314 741 1343 779 a
1371 724 1522 779 vobis
1554 725 1570 756 ι
1595 766 1610 790 ,
1641 739 1738 780 cur

141 799 358 853 ι›ο·ιιιιιι
387 797 704 868 prtedicatis,
736 796 956 868 quodin
981 795 1132 852 vobis
1161 795 1441 851 adversum
1471 809 1590 868 esse
1614 809 1740 868 sen-

144 869 308 924 titis?
337 863 466 939 ro‘go
487 911 501 932 ,
529 863 845 939 erubescite.
891 866 1058 939 Nemo
1103 882 1331 939 unquam
1358 863 1498 939 quod
1529 864 1626 919 sibi
1657 872 1739 920 est

142 935 452 1002 inimicum,
473 939 669 993 bonum
696 937 877 994 dicere
905 935 1209 993 delectatur
1221 945 1273 990 et
1298 935 1508 990 laudum
1536 950 1740 1004 prteco-

141 1011 260 1065 niis
285 1009 567 1064 adornare.
598 1007 859 1079 Fallimini
891 1023 1108 1079 prorsus
1133 1017 1188 1060 et
1209 1006 1412 1079 fallitis.
1446 1005 1552 1058 imo
1577 1004 1738 1061 dece-

141 1081 230 1149 pti
256 1081 386 1135 estis
410 1089 462 1135 et
481 1079 744 1149 deeipitis.
768 1076 995 1133 Non—est
1016 1079 1114 1133 iste
1142 1076 1290 1149 calor
1313 1077 1620 1149 bonuslnec
1644 1091 1737 1149 ge-

141 1143 336 1205 iiitalis
383 1150 436 1204 in
483 1143 637 1203 bonis
686 1149 1002 1218 genitalibus
1049 1147 1322 1212 membris,
1345 1161 1464 1214 qua:
1492 1143 1737 1218 formavit

141 1220 321 1286 Deus,
347 1220 440 1275 sed
471 1220 660 1283 malus,
686 1215 743 1273 ut
765 1234 907 1287 szepe
927 1219 1127 1273 dictum
1152 1226 1253 1280 est,
1278 1224 1498 1270 auctore
1524 1215 1738 1270 diabolo

143 1289 493 1360 przecedente
524 1297 760 1357 peccato.
811 1289 915 1360 isto
943 1289 1123 1360 calore
1161 1288 1206 1342 si
1240 1288 1389 1356 vigor
1419 1287 1612 1360 mentis
1641 1303 1736 1340 ve-

141 1356 286 1416 stra:
323 1361 389 1416 ad
433 1356 611 1414 illicita
650 1374 755 1413 non
795 1358 1199 1424 dissolveretur,
1245 1373 1350 1412 non
1387 1371 1416 1410 a
1447 1356 1598 1410 vobis
1628 1365 1736 1412 tam

145 1431 304 1486 licito
347 1432 680 1494 laudaretur,
720 1429 850 1498 quin
889 1429 1064 1500 potius
1093 1429 1228 1484 sicut
1255 1443 1286 1482 a
1314 1426 1604 1484 Catholicis
1639 1427 1738 1483 da-

143 1511 452 1556 mnaretur.
1657 1505 1667 1512 ’

230 1574 320 1628 ll.
347 1572 451 1627 Sed
481 1571 671 1625 iterum
699 1569 1064 1639 respondetis,
1097 1575 1156 1624 ut
1183 1567 1429 1638 superius
1453 1567 1589 1634 dixi,
1617 1575 1739 1623 tan-

141 1657 318 1714 quam
349 1643 592 1714 clypeum
623 1649 801 1694 vestro
829 1640 1064 1714 dogmati
1093 1646 1424 1714 Opponentes
1443 1679 1459 1704 ,
1494 1639 1740 1714 nevobis

145 1708 372 1767 {'aleant
400 1708 669 1780 simplices
695 1723 829 1781 quos
853 1708 1098 1780 decipitis
1127 1708 1407 1781 resistere,
1437 1719 1492 1763 et
1521 1708 1698 1781 dicitis
1722 1727 1735 1764 :

154 1802 181 1836 ‹
217 1783 446 1854 Nuptize
471 1779 868 1854 damnabantur
889 1821 904 1845 ,
925 1779 989 1854 _si
1014 1779 1203 1854 ‘libido
1227 1779 1572 1854 Adamnetur,
1597 1780 1737 1854 quia

143 1849 367 1924 absque
397 1853 482 1906 illa
512 1851 726 1924 soboles
754 1864 860 1905 non
889 1849 1138 1924 gignitur.
1171 1869 1200 1924 )_
1217 1849 1352 1917 Quid
1382 1850 1740 1920 prtestigiosis-

147 1920 316 1978 simis
359 1922 740 1977 assertionibus
770 1920 963 1975 vestris
1001 1921 1143 1975 diem
1188 1921 1242 1974 in
1281 1929 1491 1974 noctem
1535 1929 1741 1974 mutare

149 1993 427 2052 nitimini?
461 1993 587 2062 quid
630 1990 839 2062 nebulis
877 2005 1067 2062 serena
1105 1990 1453 2062 convolvitis?
1483 1991 1609 2060 quid
1656 1990 1735 2062 in}

148 2065 434 2120 tuentibus
459 2060 650 2128 lucem,
680 2060 941 2116 ferventes
967 2061 1018 2115 in
1039 2060 1217 2115 calore
1240 2061 1402 2130 turpi,
1420 2075 1576 2130 quem
1605 2061 1741 2129 opti-

151 2149 311 2188 mum
345 2133 664 2204 prtcdicatis,
689 2139 748 2186 ut
773 2130 951 2186 cordis
979 2147 1170 2204 eorum
1189 2131 1372 2204 oculos
1397 2130 1736 2204 perturbetis,

151 2204 296 2262 fumi
345 2199 753 2258 amaritudinem
799 2201 1088 2256 eructatis?
1126 2199 1332 2270 Nuptiae
1375 2199 1592 2254 auctore
1633 2202 1740 2255 Deo

151 2275 318 2330 valde
341 2283 464 2330 sunt
485 2276 661 2338 bonae,
690 2286 790 2327 nec
815 2271 1135 2326 damnantur
1165 2286 1380 2339 prorsus
1401 2310 1415 2333 ,
1437 2285 1560 2326 cum
1586 2271 1739 2325 volu-

151 2356 355 2416 ptuosa
379 2344 540 2400 libido
563 2343 864 2416 damnatur.
891 2340 1098 2416 Nuptia:
1128 2341 1354 2416 filiorum
1382 2341 1742 2416 proci-cando-

155 2411 289 2470 ium
311 2429 467 2469 causa
489 2422 612 2470 sunt
640 2413 912 2475 institutae,
941 2413 1078 2467 sicut
1101 2412 1356 2482 scriptum
1379 2419 1479 2482 est,
1503 2411 1738 2478 Crescite,

157 2497 213 2540 et
243 2483 670 2554 multiplicamini,
699 2491 747 2536 et
772 2482 960 2554 replete
986 2491 1184 2554 terram
1201 2480 1361 2554 (Gen,
1379 2497 1416 2543 ι,
1444 2481 1536 2554 28)
1568 2497 1741 2552 :qua-

157 2571 286 2610 rum
313 2552 484 2610 licitus
508 2569 634 2610 usus
656 2568 763 2608 non
791 2554 844 2607 in
872 2552 1079 2608 luxuria
1100 2552 1331 2606 libidinis
1351 2553 1618 2606 institutus
1637 2562 1738 2617 est,

160 2626 264 2681 sed
293 2625 408 2680 sine
435 2625 522 2680 illa
552 2623 776 2693 imperio
797 2625 818 2654 ²
851 2623 1240 2693 honestissima:
1266 2622 1550 2677 voluntatis
1568 2663 1585 2688 ,
1620 2633 1740 2678 tan-

159 2703 308 2760 tum,
337 2704 394 2750 ut
415 2697 546 2763 dixi,
575 2691 734 2749 causa
762 2702 1026 2748 natorum.
1067 2691 1200 2758 Quia
1229 2693 1442 2763 Ad.1:_ct
1474 2694 1596 2748 Eva:
1621 2702 1744 2748 ante

163 2775 468 2834 peccatum,
493 2761 616 2821 cum
644 2763 820 2834 adhuc
843 2764 1048 2818 scilicet
1070 2763 1124 2817 in
1153 2763 1232 2818 eis
1257 2761 1474 2818 morbus
1504 2765 1604 2819 iste
1637 2778 1742 2834 non

160 2832 331 2902 esset,
360 2837 490 2890 dixit
517 2836 675 2901 Deus,
703 2832 939 2897 Crescite,
964 2843 1014 2888 et
1039 2833 1466 2903 multiplicamini,
1493 2843 1542 2888 et
1560 2833 1745 2902 replete

163 2915 376 2965 terram.
403 2906 530 2962 Post
551 2913 822 2974 peccatum
850 2919 996 2971 vero,
1027 2912 1084 2958 ut
1102 2905 1213 2973 iam
1237 2903 1486 2974 superius
1501 2904 1746 2972 disputa-

165 2985 283 3030 tum
311 2987 412 3038 est,
443 2973 602 3032 sibilo
629 2975 880 3030 venenosi
905 2975 1186 3042 serpentis,
1205 2973 1356 3043 cuius
1378 2974 1584 3028 callidis
1605 2974 1626 3005 ³
1651 2975 1745 3030 de-

161 3047 310 3115 cepti
329 3055 452 3102 sunt
467 3044 862 3110 blandimentis,
883 3045 1018 3099 hanc
1039 3045 1324 3114 inquietam
1345 3054 1396 3100 et
1419 3043 1742 3099 mortiferam

163 3125 374 3186 pestem
419 3131 604 3172 eorum
645 3129 866 3186 corpora
910 3124 1300 3186 conceperant;
1331 3124 1385 3186 et
1420 3129 1514 3183 per
1543 3115 1742 3186 licitum

167 3184 326 3268 usum
345 3227 358 3252 ,
390 3197 732 3268 posteaquam
757 3184 825 3268 de
849 3184 1094 3268 paradiso
1121 3184 1342 3268 proiecti
1371 3193 1526 3268 sunt,
1562 3185 1622 3268 in.
1645 3200 1740 3254 po-

165 3267 344 3312 steros
387 3254 818 3322 transmiserunt,
849 3265 1096 3323 tanquam
1123 3254 1337 3324 ‘peccati
1384 3255 1465 3309 sui
1505 3254 1745 3324 testimo-

163 3327 318 3396 nium
341 3326 678 3382 haereditario
693 3328 812 3396 jure
831 3323 1158 3396 dimittentes
1177 3325 1228 3380 in
1259 3324 1447 3379 nobis:
1473 3333 1530 3379 ut
1551 3340 1614 3380 ex
1641 3323 1745 3380 hoc

165 3393 635 3467 prmvaricatoruin
677 3393 776 3467 nos
817 3410 935 3467 esse
987 3395 1126 3467 ﬁlios
1171 3403 1555 3465 cognoscentes
1578 3437 1592 3457 ,
1635 3410 1741 3450 non

163 3466 463 3536 gloriemur
496 3467 562 3522 de
605 3466 756 3521 nobis
775 3508 791 3532 ,
823 3466 873 3520 id
901 3475 985 3520 est
1012 3466 1079 3519 de
1105 3474 1292 3520 natura
1323 3473 1506 3536 nostra
1550 3480 1742 3534 pecca-

168 3535 328 3602 trice,
358 3539 411 3592 in
438 3547 719 3606 conspectu
742 3536 1083 3606 justiindicis
1115 3535 1205 3591 Dei
1229 3551 1246 3600 ;
1268 3535 1361 3589 sed
1391 3535 1505 3604 eius
1532 3536 1742 3606 miseri-

165 3607 391 3673 cordiac,
417 3623 534 3677 qua:
561 3604 663 3661 non
691 3604 972 3677 inmeritis
999 3615 1227 3677 constat,
1251 3619 1465 3674 semper
1495 3606 1628 3660 colla
1651 3604 1746 3677 lle.

161 3685 407 3742 ctamus;
436 3675 542 3746 quo
566 3677 812 3748 dignetur
837 3675 854 3707 ⁴
885 3677 936 3731 in
970 3676 1270 3748 paradisum
1301 3690 1572 3744 revocare,
1605 3676 1745 3732 unde

167 3749 363 3803 merito
392 3748 604 3803 exsules
629 3747 772 3804 fecit.

242 3817 332 3872 12.
353 3818 422 3872 Ει
447 3817 499 3871 in
525 3817 820 3887 coniugatis
839 3816 995 3888 igitur
1013 3826 1068 3871 et
1094 3814 1146 3888 in
1169 3815 1314 3888 omni
1343 3815 1558 3888 homine
1583 3816 1745 3872 libido

165 3888 310 3942 mala
337 3896 420 3943 est
451 3905 465 3942 :
494 3886 876 3956 nonnunquam
901 3888 1041 3942 enim
1071 3886 1138 3942 ad
1167 3887 1350 3941 illicita
1383 3887 1576 3952 trahit,
1619 3888 1743 3956 quia

166 3957 430 4029 voluntati
458 3958 759 4028 peccatrici,
785 3973 888 4029 qua
919 3958 1112 4013 factum
1140 3966 1223 4012 est
1251 3966 1306 4011 ut
1331 3965 1474 4012 esset
1498 3957 1550 4029 in
1574 3973 1744 4011 mem-

168 4028 303 4095 bris,
329 4027 596 4084 contraria
622 4038 704 4084 est
733 4031 784 4082 in
806 4027 1015 4083 tantum
1038 4070 1051 4092 ,
1084 4035 1143 4082 ut
1168 4029 1402 4096 ipsorum
1430 4027 1744 4098 coniugato-

169 4113 290 4153 rum
315 4099 381 4154 ad
407 4100 607 4154 licitum
637 4114 789 4154 usum
820 4097 1010 4152 ardore
1034 4098 1114 4153 sui
1140 4099 1218 4152 sic
1237 4097 1547 4152 anhelantes
1571 4099 1748 4168 przuci-

171 4169 305 4238 pitct
343 4178 578 4236 mentes,
611 4185 718 4238 quo
744 4169 929 4224 eadem
957 4169 1168 4224 licentia
1197 4169 1218 4200 ⁸
1245 4168 1349 4224 acti
1389 4168 1562 4235 potius
1587 4183 1745 4238 quam

168 4229 390 4309 agentes
421 4229 597 4309 agant.
630 4229 719 4294 'Fit
747 4240 889 4294 enim
921 4241 1161 4309 voluntas
1201 4229 1534 4293 incontinens
1559 4279 1573 4304 ,
1603 4229 1744 4294 'dnm

172 4308 345 4366 illecla
367 4309 388 4340 °
414 4308 641 4364 vincitur
667 4310 964 4378 voluptate;
997 4308 1090 4364 sed
1118 4310 1337 4364 venialis
1362 4318 1445 4363 est
1477 4311 1526 4362 in
1555 4309 1744 4378 conin-

165 4380 326 4450 gatis,
353 4381 492 4436 malo
519 4381 660 4436 bene
686 4381 970 4434 utentibus.
993 4379 1144 4447 Quod
1171 4379 1401 4450 ostendit
1432 4380 1741 4450 Apostolus,

169 4449 291 4519 cum
319 4465 476 4504 causa
500 4451 839 4505 continentia:
864 4450 1119 4504 orationis
1143 4459 1352 4519 tempus
1391 4449 1572 4505 indicit
1613 4464 1744 4505 con-

166 4518 393 4588 iugatis,
421 4530 475 4576 et
499 4520 564 4575 ad
587 4521 758 4590 ipsum
786 4521 975 4574 iterum
1007 4518 1381 4574 revertendum
1413 4531 1631 4589 propter
1657 4521 1743 4574 in-

168 4590 546 4660 continentiam
595 4591 902 4645 tentationis
953 4601 1153 4645 satana:
1201 4591 1473 4660 praecipit,
1519 4591 1740 4645 dicens:

171 4657 348 4713 Nolite
386 4663 623 4743 [randare
647 4662 899 4743 invicem,
931 4661 1028 4714 nisi
1054 4677 1118 4714 ea:
1143 4657 1389 4743 consensit
1513 4671 1708 4729 tempus
1726 4702 1742 4726 ,

166 4739 224 4782 ut
244 4731 426 4786 vacetis
445 4731 658 4785 orationi
683 4747 700 4785 :
723 4740 768 4785 et
793 4732 975 4785 iterum
1000 4731 1300 4786 revertimini
1330 4731 1380 4783 in
1411 4731 1652 4800 idipsttm,
1683 4748 1746 4785 ne

165 4809 319 4854 tentet
345 4817 430 4873 vos
454 4811 682 4873 satanas
702 4811 903 4873 propter
927 4801 1336 4873 incontinentiam
1365 4811 1600 4855 vestram.
1635 4800 1746 4856 lloc

165 4883 334 4924 autent
358 4869 471 4924 dico
497 4869 770 4926 secundum
798 4869 1186 4935 indulgentiam,
1214 4887 1314 4925 non
1344 4875 1618 4924 secundum
1644 4873 1743 4925 int-

165 4942 360 5014 periam
387 4941 441 5012 (Ι
466 4940 583 5014 Cor.
607 4959 714 5014 vn,
747 4941 802 5014 5,
828 4939 904 5014 6).
939 4939 1261 5014 Damnabilis
1289 4949 1372 4996 est
1400 4956 1528 5014 vero
1563 4942 1613 4995 in
1630 4942 1741 5014 _ad-

164 5011 351 5066 ulteris
387 5022 440 5066 et
485 5011 910 5078 loriiicatoribus,
944 5011 1086 5066 male
1115 5012 1254 5067 male
1285 5011 1578 5066 utentibus.
1623 5011 1742 5066 Jam

160 5097 292 5151 ergo
311 5083 618 5152 cognoscite
641 5091 812 5137 utrum
835 5083 1120 5148 Apostolus
1141 5081 1208 5152 de
1229 5082 1371 5136 malo
1397 5083 1602 5138 veniam
1630 5097 1745 5151 pro-

159 5152 366 5206 miserit
392 5151 702 5222 coniugatis
720 5195 735 5218 ,
763 5169 828 5206 an
865 5153 932 5207 de
973 5153 1112 5207 bono
1139 5171 1152 5207 :
1175 5151 1243 5206 de
1269 5153 1412 5207 malo
1439 5152 1504 5222 ad
1536 5161 1744 5222 tempus

156 5223 388 5293 grationi
413 5221 707 5278 vacandum
734 5224 1001 5278 abstinere
1030 5222 1366 5293 praeceperit,
1386 5238 1452 5276 an
1474 5221 1541 5276 de
1563 5221 1744 5277 bono?

159 5290 364 5347 Erratis
390 5309 626 5364 prorsus,
648 5295 769 5364 quia
799 5290 1226 5364 Dcusquiiussif
1243 5294 1354 5348 lieri
1383 5295 1601 5358 bonum,
1624 5308 1744 5348 nus-

219 5453 236 5484 ι
273 5452 347 5515 sic
362 5459 468 5502 Mss.
488 5459 540 5501 At
559 5451 697 5512 editi,
721 5456 802 5501 ant
823 5453 866 5504 si
887 5465 978 5515 non
1003 5451 1133 5515 libet,
1157 5465 1245 5503 cur
1266 5451 1480 5505 suadetis
1503 5457 1553 5502 ut
1576 5450 1738 5514 libeat,

148 5517 197 5562 et
221 5513 424 5578 castitas
445 5519 784 5578 expugnatura
805 5514 930 5578 vobis
950 5514 975 5564 ?

215 5577 236 5638 ξ
271 5576 400 5638 Apud
425 5573 531 5624 Lov.
558 5573 644 5638 sed
667 5587 718 5624 tn
728 5575 966 5638 imperio;
991 5577 1183 5636 omisso,
1207 5573 1308 5627 sine
1330 5573 1434 5627 illa.

217 5590 236 5606 ι
271 5590 400 5638 Aput)
425 5590 531 5624 LOV.
558 5590 642 5625 sca
667 5590 718 5624 ιη
734 5590 800 5624 tm
817 5590 846 5625 κ

215 5637 238 5669 ⁸
269 5643 318 5684 ιιι
498 5637 638 5698 cujus
659 5590 846 5688 callidi.

213 5697 235 5729 ι
269 5699 405 5758 Editi,
425 5697 650 5762 dignetur
682 5711 800 5762 nos;
839 5706 892 5748 et
913 5697 1062 5758 infra,
1100 5699 1229 5750 unde
1265 5697 1373 5752 illos
1394 5697 1583 5751 merito.
1626 5705 1732 5749 Mss.

145 5771 260 5817 nec,
279 5771 381 5818 nos,
394 5757 516 5818 nec,
541 5757 667 5817 illos,
691 5757 891 5808 habent.

209 5821 234 5854 ³
265 5829 444 5870 Omnes
465 5828 594 5881 Mss,
617 5823 835 5871 eamdem
857 5820 1116 5881 licentiam.

210 5882 232 5914 ⁸
267 5892 367 5932 tun.
392 5887 468 5932 Er.
497 5889 547 5934 et
569 5879 932 5944 nonnulliuss.,
950 5879 1143 5933 illicita.

1179 389 1738 450 llYPOGNOSTlCON
1776 392 1975 450 LIBER
2013 397 2356 466 QUARTUS.

3295 413 3427 470 lii-’96

1847 529 2004 638 mnam
2026 531 2054 569 a
2077 517 2216 571 bono
2239 519 2528 587 prohibuit,
2555 518 2646 574 sed
2672 535 2701 574 a
2725 522 2884 586 malo,
2909 520 3090 577 dicens
3117 538 3208 592 per
3231 523 3416 590 David,

1898 587 2059 638 eclma
2083 603 2116 638 a
2142 590 2294 638 ntalo.
2326 599 2372 638 et
2399 593 2479 638 fac
2509 591 2690 638 bonum
2723 590 2890 638 (Paul-
2916 608 3096 638 μανι-
3127 593 3240 638 97L

1898 586 2059 666 ecl_int_t
2083 603 2116 640 a
2142 586 2295 652 malo,
2326 599 2372 642 et
2395 593 2479 661 fac
2509 586 3240 666 bonum_(_l’sal._xxxv1.27).

1920 656 2007 709 l5.
2035 655 2406 714 Incunctanter
2424 661 2642 714 omnino
2663 661 2872 724 dicitur,
2895 662 3028 718 bene
3055 665 3126 718 uti
3158 655 3257 717 hoc
3281 667 3419 721 malo

1847 726 2040 780 veniali
2089 728 2432 802 coniugatus,
2478 729 2704 802 ﬁliorum
2749 732 3132 802 gignendorum
3179 735 3421 792 videlicet

1847 810 2006 872 causa
2027 838 2048 872 ,_
2070 798 2160 866 qui
2192 799 2634 872 _nascunt_uriDeo
2657 798 2878 872 opilic'e,
2907 818 3011 858 non
3039 805 3105 859 de
3130 805 3419 862 accidentis

1847 866 2082 944 libidinis
2103 869 2263 934 malo,
2287 869 2387 944 sed
2409 869 2476 924 de
2503 869 2642 944 bono
2664 866 2890 928 licentia:
2915 875 3235 944 nuptiarum.
3257 875 3391 932 Num
3407 907 3422 916 -

1845 935 1982 1015 quid
1991 937 2132 1015 enim
2156 953 2276 991 cum
2299 941 2420 994 vitis
2442 940 2673 1012 undique
2696 935 3236 1015 deserente'agrieola
3265 947 3419 1000 luerit

1846 1007 2086 1082 sentibus
2117 1017 2406 1082 occupata,
2431 1020 2485 1082 et
2525 1007 2760 1082 tempore
2798 1029 2896 1067 suo
2931 1007 3113 1082 iacens
3152 1016 3204 1069 in
3246 1016 3420 1072 dumis

1849 1077 2154 1158 produxerit
2183 1079 2362 1134 botros
2386 1081 2426 1145 ί,
2454 1080 2521 1158 de
2549 1077 2830 1158 contrariis
2856 1077 2962 1158 sibi
2993 1084 3194 1158 spinis,
3225 1087 3420 1156 quibus

1846 1151 2124 1218 premitur,
2153 1165 2308 1204 uvam
2343 1151 2624 1218 produxit?
2651 1155 2820 1209 Absit.
2851 1153 2957 1210 Sed
2982 1151 3049 1210 de
3077 1151 3279 1211 natura:
3308 1172 3419 1212 sua:

1846 1217 2015 1294 bono,
2050 1219 2172 1294 liget
2197 1217 2466 1294 spinarum
2497 1222 2697 1294 aculeis
2725 1233 3008 1294 corrupto,
3040 1226 3208 1282 bonos
3245 1229 3422 1283 attulit

1847 1287 2068 1371 tinctus.
2093 1289 2350 1371 Similiter
2375 1300 2427 1371 et
2458 1291 2710 1358 triticum,
2733 1297 2777 1348 si
2803 1287 3420 1371 natum—circumquaque

1845 1361 2060 1414 zizaniis
2086 1361 2372 1434 aperiatur,
2395 1362 2446 1416 in
2475 1373 2729 1434 quantum
2757 1365 2956 1432 spicam
2986 1361 3294 1434 produxerit
3313 1361 3420 1434 [de

1845 1439 2047 1506 natura}
2091 1445 2200 1506 sua:
2239 1431 2639 1506 bono,‘non_de
2681 1431 3003 1506 zizaniorum
3039 1436 3188 1506 malo
3227 1431 3420 1506 quibus

1844 1499 2148 1572 impeditur,
2175 1501 2370 1556 bonum
2399 1501 2575 1557 intulit
2603 1518 2820 1572 germen
2847 1521 2858 1556 :
2892 1505 2970 1559 sic
3001 1505 3090 1559 lilii
3119 1505 3186 1561 de
3215 1499 3418 1561 natura:

1845 1571 1986 1624 bono
2006 1571 2129 1626 boni
2154 1579 2276 1626 sunt
2298 1572 2522 1636 fructus,‘
2541 1571 2644 1627 non
2665 1572 2733 1628 de
2757 1573 2900 1627 malo
2927 1573 3156 1630 libidinis
3181 1590 3423 1630 corrum-

1845 1640 2018 1713 pentis
2057 1650 2110 1696 et
2151 1641 2418 1706 vitiantis,
2452 1658 2574 1698 cum
2617 1658 2723 1713 quo
2767 1643 3004 1698 nascitur
3029 1648 3204 1699 omnis
3233 1647 3418 1702 homo.

1843 1709 2183 1784 Unaquaeque
2208 1727 2337 1784 ergo
2363 1727 2450 1784 res
2479 1709 2699 1768 manens
2745 1714 2795 1768 in
2840 1725 3046 1770 natura:
3091 1729 3202 1769 sua:
3244 1715 3418 1784 bono,

1844 1781 2204 1856 aet-ideniibus
2231 1781 2334 1838 sibi
2359 1783 2767 1856 adversitatibus
2796 1785 3032 1856 arescit}
3054 1794 3214 1856 atque
3244 1781 3424 1856 torpe-

1845 1851 1961 1915 scit,
1993 1853 2211 1908 cultoris
2235 1867 2450 1925 semper
2475 1852 2716 1925 indigens
2742 1871 2902 1909 manu
2928 1855 3011 1910 vel
3039 1851 3344 1925 diligentia;
3363 1866 3423 1912 nt

1843 1931 2048 1976 naturae
2073 1938 2213 1987 sum,
2242 1923 2328 1978 cui
2358 1924 2488 1978 nihil
2515 1923 2606 1979 esti
2620 1926 2944 1980 contrarium
2981 1927 3048 1980 ab
3071 1923 3289 1981 auctore
3315 1943 3420 1983 suo

1847 1992 1956 2048 Deo
1982 1994 2341 2066 congenitum,
2369 1994 2546 2049 valeat
2569 1995 2910 2064 respondere.
2946 1995 3056 2066 Hoc
3079 1998 3252 2066 agitur
3278 2007 3332 2052 et
3363 1999 3416 2052 in

1845 2072 2024 2135 nostra
2057 2065 2348 2134 peccatrice
2377 2073 2564 2120 natura
2593 2081 2840 2134 :semper
2876 2065 3073 2135 indiget
3110 2065 3327 2122 auctore
3365 2075 3422 2123 et

1844 2133 2178 2189 cultore’suo
2201 2143 2360 2204 atque
2383 2133 2762 2192 conservatore
2800 2137 2906 2191 Deo
2924 2179 2940 2201 ,
2965 2133 3020 2190 ut
3044 2137 3215 2203 spinis
3240 2147 3295 2192 et
3320 2139 3418 2192 tri-

1846 2203 1984 2260 bulis
2013 2203 2334 2274 zizaniisque
2363 2205 2594 2260 libidinis
2622 2207 2704 2261 vel
2733 2207 2968 2260 omnium
2999 2206 3253 2261 malarmn
3282 2223 3417 2262 con-

1844 2275 2320 2346 gupiscentiarnm,
2353 2291 2502 2346 qum,
2532 2284 2588 2330 ut
2611 2291 2754 2346 saepe
2777 2275 3038 2340 diximus,
3065 2291 3172 2332 non
3201 2286 3420 2334 auctore

1847 2343 1957 2417 Deo
1977 2385 1992 2408 ,
2018 2343 2115 2417 sed
2153 2343 2423 2417 peccando
2459 2343 2759 2412 contraxit,
2783 2361 2942 2401 manu
2977 2348 3160 2416 gratia:
3185 2364 3296 2402 sua:
3326 2364 3420 2417 per

1845 2414 2028 2486 Jesum
2059 2413 2327 2470 Christum
2358 2415 2636 2470 Dominum
2670 2425 2929 2480 nostrum,
2957 2413 3209 2486 quamdiu
3233 2418 3285 2472 in
3309 2413 3420 2474 ter-

1845 2499 1959 2540 ram
1987 2484 2053 2557 de
2080 2500 2183 2554 qua
2210 2493 2418 2554 sumpta
2440 2495 2523 2540 est
2547 2486 2750 2546 redeat.
2779 2484 3042 2557 expietur,
3065 2487 3133 2542 de
3159 2497 3296 2541 terra
3317 2489 3420 2543 ite-

1847 2571 1965 2610 rum
1993 2555 2051 2626 in
2075 2557 2543 2626 novum‘sazculum
2575 2555 2861 2625 purissima
2886 2556 3138 2620 reditura,
3165 2571 3260 2626 per
3279 2571 3422 2612 eum-

1845 2628 1966 2680 dem
2005 2625 2186 2681 .lesum
2230 2624 2498 2680 Christum
2542 2624 2822 2681 Dominum
2864 2636 3102 2681 nostrum
3144 2624 3416 2683 suscitata.

1847 2697 2042 2767 lterum
2063 2695 2516 2767 ergoiterumque
2541 2708 2726 2767 repeto
2750 2715 2765 2751 :
2790 2695 2977 2750 Libido
3003 2696 3297 2767 malanihil
3322 2697 3419 2754 bo-

1849 2766 1930 2837 nis
1958 2765 2178 2836 impedit
2197 2766 2218 2798 ³
2240 2765 2454 2836 nuptiis,
2482 2765 2736 2837 quianon
2757 2767 2823 2822 ab
2851 2767 3001 2821 initio
3030 2767 3082 2820 in
3110 2766 3227 2836 eius
3255 2769 3421 2824 Sordi-

1847 2836 1945 2890 bus
1967 2845 2124 2902 sunt,
2152 2837 2305 2892 sicuti
2331 2839 2442 2905 iam
2469 2836 2630 2906 supra
2655 2837 2886 2906 diximus
2905 2877 2922 2902 ,
2954 2838 3230 2892 ordinatim.
3275 2838 3418 2894 Deus

1847 2907 1990 2962 enim
2013 2907 2104 2978 qui
2133 2907 2248 2962 sine
2272 2905 2556 2979 concubitu
2585 2905 2908 2979 apesietare
2937 2908 3158 2979 creavit,
3187 2916 3242 2979 et
3266 2923 3423 2979 agro-

1847 2993 1964 3032 rum
1988 2975 2178 3032 cuncta
2203 2976 2407 3032 semina
2427 2975 2865 3046 absque’libidine
2889 2978 3142 3032 seminari
3163 2978 3244 3032 vel
3267 2975 3418 3034 nasci

1845 3046 2103 3113 decrevit,
2130 3045 2399 3118 hominem
2425 3045 2636 3118 quoque
2661 3063 2724 3101 ex
2753 3045 2991 3118 homine,
3015 3048 3058 3101 si
3083 3063 3426 3118 uonpeccas-

1847 3127 1949 3183 set,
1979 3131 2077 3186 per
2117 3116 2456 3172 concubitum
2500 3116 2881 3180 voluntarium,
2907 3131 3011 3172 non
3055 3132 3150 3186 per
3193 3117 3426 3172 libidinis

1845 3196 2081 3242 scortum
2109 3187 2302 3242 exoriri
2335 3187 2386 3240 in
2419 3186 2664 3256 paradiso
2690 3187 3038 3256 permisisset.
3069 3187 3168 3242 Cui
3197 3187 3424 3256 qualiter

1847 3256 1900 3328 id
1919 3257 2220 3328 contigerit,
2249 3257 2300 3311 in
2324 3255 2480 3328 huius
2497 3255 2867 3328 disputationis
2887 3257 3140 3328 capitulo,
3162 3255 3424 3328 quantum

1847 3325 2104 3382 Dominus
2125 3325 2407 3390 revelavit.‘
2423 3325 2532 3396 iam
2559 3342 2645 3382 me
2671 3326 2902 3380 arbitror
2931 3325 3250 3382 ostendisse.
3275 3327 3426 3384 ldeo‘

1847 3412 1950 3468 que
1991 3398 2292 3468 nuptiarum
2337 3397 2602 3468 licentiam
2643 3396 2838 3468 bonam
2877 3397 3031 3468 valde
3076 3399 3332 3468 fatemur,
3371 3408 3426 3453 et

1848 3467 2042 3522 malam
2069 3467 2555 3537 Concupiscentiam
2581 3467 2634 3520 in
2661 3467 2960 3537 coniugatis
2989 3467 3343 3522 damnabilem
3369 3480 3425 3522 et

1848 3539 2214 3608 voluptuosam
2240 3552 2361 3608 esse
2389 3537 2652 3608 catholico
2676 3552 2770 3608 ore
2799 3537 3092 3608 clamamus
3111 3580 3124 3602 ,
3153 3548 3423 3592 vestrum-

1847 3623 1950 3678 que
1971 3606 2161 3678 dogma
2189 3608 2240 3662 in
2265 3606 2380 3677 eius
2402 3607 2724 3678 turpitudine
2755 3606 3096 3672 horrendum,
3120 3616 3423 3662 sanctarum

1847 3677 2256 3750 Scripttigm-um_
2267 3677 2598 3750 auctoritats
2609 3677 2939 3750 damnamus.

1917 3745 2145 3805 CAPUT
2174 3746 2307 3803 Vlll.
2327 3777 2399 3788 -—
2440 3748 2526 3802 14.
2569 3747 2764 3801 Paulus
2785 3755 2867 3802 est
2893 3746 3164 3815 apostolus
3187 3745 3422 3815 Christi,

1849 3833 1954 3874 non
1986 3819 2227 3888 Pelagius
2251 3817 2544 3887 discipulus
2567 3816 2900 3882 Antichristi,
2926 3816 3312 3888 hceretice,iqui
3337 3817 3420 3872 di-

1847 3891 1923 3945 cit
1947 3887 2430 3959 concupiscentiam
2457 3888 2510 3942 in
2539 3902 2700 3942 carne
2720 3903 2820 3959 sua
2851 3902 2956 3942 non
2985 3887 3180 3941 bonum
3205 3887 3415 3941 habita-

1848 3975 1908 4015 re
1933 3978 1948 4015 :
1978 3961 2085 4014 imo
2112 3956 2448 4028 apertissime
2477 3959 2672 4012 malum
2702 3956 2859 4022 dicit,
2893 3965 3164 4026 peccatum
3193 3971 3312 4028 esse
3339 3966 3422 4012 te-

1849 4039 2040 4091 statur,
2061 4027 2332 4085 stimulum
2350 4028 2524 4082 carnis
2539 4043 2653 4082 sua:
2673 4029 2930 4091 nominat,
2951 4042 2980 4081 a
3001 4043 3106 4096 quo
3121 4041 3180 4082 se
3197 4027 3428 4096 colaphi-

1849 4100 1958 4154 zari
1985 4101 2210 4164 clamat,
2244 4114 2310 4153 ne
2335 4097 2698 4167 magnitudine
2722 4098 3108 4167 revelationum
3141 4098 3425 4152 extollatur

1851 4170 1926 4238 (ll
1951 4169 2068 4226 Cor.
2097 4185 2202 4237 xu,
2225 4169 2278 4240 7)
2307 4187 2320 4224 :
2343 4165 2494 4240 cuius
2519 4167 3050 4240 malisiconsideratis
3071 4165 3094 4198 ⁸
3121 4167 3426 4240 incorpore

1851 4237 2037 4296 mortis
2072 4257 2181 4296 sua:
2201 4282 2214 4303 ,
2245 4237 2296 4294 in
2323 4253 2429 4308 quo
2457 4237 2654 4308 bellum
2681 4237 2988 4293 intestinum
3017 4253 3141 4292 cum
3173 4237 3427 4291 inviSibili

1851 4311 2004 4366 hoste
2029 4311 2280 4379 gerebat,
2310 4307 2603 4364 remedium
2631 4308 2816 4379 salutis
2844 4323 2952 4379 suze
2984 4308 3185 4379 nullum
3217 4309 3429 4374 penitus

1851 4382 1952 4436 nisi
1978 4377 2145 4436 solam
2173 4382 2394 4451 gratiam
2409 4379 2518 4451 _Dei
2549 4379 2600 4451 in
2631 4377 2846 4451 Christo
2871 4377 3343 4451 Jesu_li_l)e{rantetn
3366 4393 3427 4432 se

1850 4453 2116 4508 invenisse
2138 4446 2382 4506 testatur.
2409 4449 2526 4519 Ipse
2547 4449 2674 4502 dicit
2697 4448 2935 4503 scribens
2961 4449 3027 4502 ad
3047 4446 3424 4519 Colossenses:

1852 4523 2158 4590 Mortiﬁcate
2183 4520 2404 4575 membra
2429 4518 2591 4573 uestra
2613 4528 2860 4590 quazrsunt
2888 4534 3039 4588 super
3069 4528 3286 4590 terram;
3313 4518 3427 4590 [ar-

1851 4587 2150 4647 nicationcm
2172 4633 2186 4655 ,
2218 4587 2631 4652 immunditiam,
2650 4587 2907 4642 libidinem
2925 4629 2940 4654 ,
2954 4587 3425 4657 concupiscentiam

1848 4665 2057 4729 malam,
2089 4662 2307 4731 (Coloss.
2331 4677 2407 4724 ιιι,
2433 4659 2486 4728 5)
2517 4669 2619 4731 etc.
2659 4658 2994 4731 lieSpondete
3023 4658 3146 4712 huic
3167 4667 3312 4731 tanto
3331 4659 3430 4713 do.

1849 4735 2002 4794 ctori.
2035 4728 2130 4788 cur
2154 4748 2216 4788 ea
2243 4730 2607 4785 mortiticanda
2637 4728 2895 4798 praecipit,
2923 4729 2967 4782 si
2996 4728 3254 4782 naturalia
3286 4729 3426 4784 bona

1849 4805 2004 4880 sunt?
2029 4803 2131 4859 Sed
2158 4803 2353 4880 melius
2373 4801 2425 4855 in
2449 4800 2596 4880 v-obis
2625 4798 2836 4880 Pelagio
2854 4809 2908 4853 et
2925 4798 3178 4880 Calestio
3203 4799 3429 4880 loquen-

1849 4876 1990 4930 tibus
2009 4916 2024 4940 ,
2047 4889 2203 4944 quam
2232 4872 2441 4944 Christo
2471 4868 2804 4944 in__Paulo,e
2827 4869 3096 4944 contrario
3125 4868 3426 4944 prmdicatis

1849 4958 1969 5000 cum
2001 4939 2249 5000 laudabili
2276 4943 2481 5012 plausu,
2508 4941 2746 4995 dicentes
2779 4957 2792 4993 :
2823 4959 2853 5012 ι-
2881 4939 3152 5012 Vivilicate
3183 4941 3426 4994 membra

1851 5024 2026 5070 vestra
2066 5029 2184 5083 quze
2223 5009 2348 5069 sunt
2380 5027 2541 5081 super
2575 5021 2799 5083 terram;
2829 5009 3236 5083 fornicationem
3263 5026 3423 5064 mun-

1849 5084 1993 5153 dam,
2022 5081 2294 5139 libidinem
2323 5083 2514 5153 bonam
2533 5125 2548 5143 ,
2576 5081 3065 5153 concupiscentiam
3090 5082 3365 5153 optimam.
3398 5100 3418 5132 ι

1853 5150 2098 5220 Demens,
2125 5163 2178 5209 et
2207 5152 2496 5209 secundum
2523 5150 2846 5206 voluntatem
2877 5161 3022 5205 tuam
3055 5151 3104 5204 in
3126 5150 3423 5220 ireprobum

1848 5241 2062 5281 sensum
2091 5224 2312 5280 dimisse
2340 5223 2590 5277 lmretice
2622 5239 2635 5274 :
2669 5221 2738 5277 de
2766 5221 2983 5275 istarum
3014 5219 3251 5273 sordium
3284 5219 3426 5272 malo

1849 5296 2040 5351 iterum
2079 5295 2206 5350 dicit
2243 5295 2383 5349 idem
2423 5291 2695 5362 apostolus
2723 5290 2965 5362 scribens
3005 5289 3072 5342 ad
3113 5289 3422 5362 Romanos,

1848 5366 1971 5421 Non
1999 5377 2167 5437 regnet
2198 5359 2530 5437 peccatum'in
2561 5371 2721 5437 vestio
2745 5359 2950 5437 mortali
2961 5374 3204 5437 carpere,
3226 5366 3280 5410 ut
3305 5359 3425 5437 obe-

1845 5438 2000 5492 diatis
2029 5427 2448 5507 concupiscentiis
2475 5431 2786 5507 ej_tt_s‘(_Rom.
2814 5444 2894 5507 vi,
2915 5427 3162 5507 32).][19
3193 5429 3244 5480 in
3274 5428 3422 5507 veri-

1846 5516 1954 5563 tate
1978 5497 2219 5561 decendo
2247 5497 2601 5573 prohibet'his
2622 5497 2978 5573 immunditiis
3006 5497 3258 5573 obedire:
3285 5507 3337 5551 tu
3366 5499 3420 5573 in

1843 5593 2028 5633 errore
2057 5568 2341 5646 Pelagiauo
2367 5573 2578 5628 suades.
2630 5571 2722 5627 Ille
2744 5568 3227 5638 concupiscentiam
3257 5569 3420 5624 menti

1907 5697 1922 5760 ε
1959 5693 2262 5756 Autiquiores
2283 5690 2506 5760 codices,
2530 5688 2735 5760 botrnos.

1905 5759 1926 5821 ξ
1963 5765 2063 5821 Atri.
2089 5761 2162 5803 Er.
2184 5762 2235 5804 et
2257 5761 2384 5821 Lissi,
2408 5757 2687 5821 miserescit.

1908 5818 1929 5849 ³
1959 5819 2030 5880 sic
2047 5823 2152 5865 Mss.
2180 5823 2232 5864 Al.
2253 5816 2388 5880 editi,
2408 5812 2680 5880 impendit.-
2914 5869 2924 5880 .

1909 5880 1931 5911 ι
1961 5879 2033 5928 sic
2052 5885 2156 5928 Mss.
2184 5883 2237 5926 At
2259 5870 2400 5937 editi,
2425 5870 2563 5938 cujus
2584 5872 2764 5924 malum
2795 5870 3120 5925 considerans.
