3958 6478
1065 602 1183 676 ΙΝ
1242 600 2139 688 SUBSEQUENTEM
2201 601 2690 673 LIBRUM.

1670 737 2090 804 mm

313 877 641 954 Opusculum
669 879 738 935 de
761 878 1230 936 Prtedestinatione
1255 885 1305 934 et
1323 877 1502 934 Gratia
1523 917 1538 942 ,
1568 873 1718 944 cujus
1745 873 1950 929 initium
1971 882 2052 928 est
2069 915 2084 938 ,
2121 891 2140 925 ι
2167 873 2300 931 Cum
2333 875 2388 929 in
2415 890 2685 932 sacrarum
2712 878 3070 940 voluminibus
3097 879 3420 938 Litterarum
3441 924 3458 948 ,
3483 899 3505 936 ι

235 984 386 1030 mter
414 972 800 1042 Augustiniana
820 986 983 1042 opera
1011 970 1184 1025 locum
1211 967 1506 1024 obtinuitin
1536 966 1766 1034 antiquis
1789 965 2130 1020 editionibus.
2162 965 2231 1020 At
2257 967 2306 1020 in
2340 967 2426 1022 illa
2458 968 2688 1024 editione
2721 987 2877 1041 quam
2923 982 3107 1042 postea
3153 973 3518 1030 Lovanienses

236 1065 500 1136 Theologi
524 1065 869 1130 adornarunt,
902 1071 1046 1117 tomo
1065 1059 1292 1130 septimo
1316 1058 1544 1127 rejectus
1569 1065 1666 1111 est,
1688 1057 1739 1110 in
1763 1055 2120 1124 Appendicem
2143 1098 2158 1124 ,
2192 1057 2331 1110 inter
2365 1057 2636 1113 subdititia
2675 1063 2924 1130 opuscula
2949 1105 2962 1126 ,
2995 1070 3244 1132 tanquam
3275 1066 3512 1133 suspecti

237 1156 479 1213 auctoris
505 1155 659 1210 liber.
685 1152 802 1208 Non
821 1167 942 1208 esse
961 1149 1240 1222 Augustini
1268 1149 1350 1203 vel
1380 1149 1492 1218 ipsa
1517 1145 1728 1202 dicendi
1755 1146 1892 1200 ratio
1921 1146 2110 1215 arguit,
2139 1152 2192 1200 et
2213 1146 2426 1200 evincit.
2477 1147 2730 1203 Mittimus
2759 1150 2982 1220 proinde
3029 1161 3340 1220 argumenta
3378 1154 3478 1207 alia
3497 1193 3513 1218 ,

235 1249 436 1321 quibus
457 1246 648 1302 eruditi
675 1245 826 1300 facile
849 1244 1174 1300 constituunt
1196 1256 1302 1296 non
1327 1239 1707 1310 assignandum
1736 1247 1920 1293 sancto
1945 1238 2180 1294 Doctori.
2211 1237 2314 1293 Sed
2347 1241 2622 1308 prmterire
2648 1257 2752 1296 non
2777 1243 2919 1310 licet,
2941 1243 3081 1313 quod
3120 1244 3406 1300 observatu
3435 1244 3521 1298 di-

236 1355 406 1414 gnum
431 1337 802 1403 Bellarmiuus,
827 1335 1167 1402 Possevinns,
1198 1333 1394 1403 aliique
1418 1331 1814 1398 existimarunt,
1841 1331 2092 1386 nimirum
2120 1331 2172 1385 in
2192 1346 2258 1386 eo
2288 1331 2422 1386 libro
2441 1331 2682 1402 qumdam
2705 1337 2929 1404 reperiri
2956 1337 3213 1392 doctrinae
3236 1335 3520 1409 Augustini

239 1431 512 1490 contraria
533 1471 548 1495 ,
571 1443 690 1500 qua:
707 1426 947 1484 Cassiani
964 1439 1154 1481 sensus
1179 1423 1424 1480 redolere
1453 1421 1752 1478 videantur.
1779 1421 1912 1477 Nam
1944 1421 2030 1478 ubi
2053 1431 2240 1476 auctor
2269 1421 2538 1492 explicare
2555 1422 2753 1490 studet,
2772 1425 2901 1493 quid
2917 1426 2984 1480 ad
3010 1427 3147 1482 bona
3163 1442 3322 1498 Opera
3349 1429 3516 1499 gratia

236 1521 341 1578 Dei
367 1520 658 1587 conducat,
680 1517 808 1589 quid
831 1532 960 1572 vero
987 1531 1086 1587 pro
1109 1530 1204 1571 sua
1226 1522 1375 1585 parte
1401 1513 1640 1569 conferat
1669 1513 1894 1568 liberum
1921 1511 2154 1567 hominis
2175 1511 2454 1568 arbitrium
2473 1553 2489 1579 ,
2538 1511 2592 1567 in
2631 1513 2804 1582 capite
2851 1529 2994 1570 nono
3043 1517 3120 1572 sic
3165 1526 3332 1571 t0tum
3377 1518 3518 1572 inter

237 1613 412 1670 Deum
437 1620 493 1668 et
521 1609 790 1666 hominem
819 1608 1064 1679 partitur,
1089 1614 1146 1661 ut
1174 1605 1284 1661 Deo
1304 1603 1535 1676 primum
1559 1602 1755 1659 tribuat
1776 1617 1969 1658 vocare
1989 1617 2052 1657 ac
2076 1602 2396 1669 illuminare,
2430 1601 2634 1658 homini
2654 1600 2848 1658 deinde
2876 1601 3154 1673 liberoque
3180 1605 3344 1674 ipsius
3369 1604 3518 1658 arbi-

236 1707 349 1763 trio
375 1707 574 1778 eligere
594 1705 710 1760 vias
733 1702 1103 1758 mandatorum
1127 1700 1244 1767 Dei,
1274 1706 1384 1754 tum
1415 1699 1524 1752 Deo
1549 1709 1733 1752 rursus
1760 1696 1813 1751 in
1845 1697 1949 1751 ﬁne
1972 1695 2328 1750 obedientiam
2355 1707 2634 1750 coronare.
2664 1693 2720 1748 In
2747 1693 2922 1765 capite
2940 1693 3224 1749 undecimo
3249 1695 3378 1751 dicit
3397 1695 3520 1751 ideo

235 1813 346 1854 nos
371 1797 569 1852 habere
593 1810 623 1849 a
648 1795 760 1850 Deo
779 1793 941 1860 velle,
965 1793 1089 1864 quia
1113 1799 1268 1848 vocat
1294 1799 1350 1846 et
1369 1790 1664 1856 illuminat;
1696 1787 1814 1844 ideo
1847 1788 1916 1844 ab
1941 1787 2058 1859 ipso
2084 1796 2138 1842 et
2165 1787 2422 1858 perﬁcere
2443 1827 2458 1852 ,
2503 1787 2754 1858 quoniam
2798 1787 2865 1843 ad
2907 1802 3007 1843 nos
3052 1788 3286 1858 pertinet
3333 1789 3517 1846 conari

236 1887 382 1944 bona
400 1930 416 1956 ,
446 1903 565 1958 quae
605 1893 661 1942 et
683 1885 823 1941 velle
846 1883 1079 1940 donavit.
1116 1883 1248 1939 Item
1271 1882 1414 1954 quod
1456 1882 1550 1938 Dei
1572 1882 1644 1936 sit
1672 1895 1864 1936 vocare
1891 1895 1983 1935 seu
2001 1879 2212 1950 jubere,
2241 1877 2472 1934 hominis
2496 1889 2674 1936 autem
2701 1881 2912 1952 aperire
2939 1889 2995 1936 et
3027 1879 3251 1937 dilatare
3292 1895 3388 1952 os,
3422 1881 3518 1938 Dei

236 1990 516 2050 postremo
531 1977 665 2032 illud
689 1976 914 2046 implere
932 2016 948 2043 ,
981 1990 1077 2030 seu
1101 1975 1423 2045 promissum
1451 1972 1697 2040 effectum
1727 1971 2033 2042 adiungere.
2066 1970 2123 2025 In
2151 1971 2326 2041 capite
2349 1969 2699 2038 duodecimo,
2724 1972 3000 2042 proposito
3017 1973 3246 2044 quodam
3274 1991 3370 2045 pro
3413 1975 3517 2030 Pe-

235 2069 465 2140 lagianis
489 2075 803 2138 argumento
820 2105 836 2134 ,
866 2079 972 2120 non
996 2065 1154 2120 aliam
1179 2062 1510 2135 (Bellarmini
1527 2060 1751 2132 judicio)
1779 2061 2181 2131 responsionem
2209 2059 2366 2116 aﬁ'ert
2387 2102 2402 2127 ,
2429 2076 2586 2132 quam
2613 2077 2733 2132 qua:
2759 2061 2828 2117 ab
2848 2063 2962 2132 ipso
2984 2063 3238 2120 Cassiano
3257 2064 3516 2121 reddere-

235 2169 351 2217 tur.
387 2159 572 2230 Capite
595 2157 805 2214 decimo
826 2157 1040 2227 quinto,
1066 2155 1412 2226 qumstionem
1443 2162 1676 2209 tractans
1703 2167 1798 2207 cur
1823 2152 1916 2207 Dei
1937 2151 2158 2223 ﬂagellis
2179 2153 2387 2208 Pharao
2407 2152 2592 2208 durior
2615 2153 2850 2219 eﬂ'ectus,
2873 2153 3362 2212 Nabuchodonosor
3389 2173 3518 2214 vero

235 2252 310 2308 ad
341 2250 708 2324 paenitentiam
733 2249 992 2304 adductus
1015 2255 1119 2314 est,
1152 2247 1294 2302 hunc
1319 2260 1513 2316 nempe
1540 2245 1664 2316 quia
1692 2259 1908 2299 manum
1941 2243 2036 2299 Dei
2066 2244 2303 2300 sentiens
2324 2285 2338 2309 ,
2371 2245 2425 2298 in
2463 2244 2834 2300 recordatione
2854 2247 3086 2317 propria:
3115 2247 3412 2318 iniquitatis
3435 2249 3518 2304 in-

233 2345 462 2416 gemuit,
491 2343 651 2398 ﬁnem
676 2341 944 2396 diversum
965 2341 1212 2395 sortitum
1239 2352 1360 2393 esse
1383 2337 1549 2403 dicit;
1581 2336 1736 2407 quasi
1765 2335 2044 2406 ptenitenti
2072 2335 2226 2390 bonze
2250 2335 2540 2390 voluntatis
2566 2335 2813 2403 initium,
2838 2337 2947 2392 Deo
2990 2337 3376 2408 perfectionem
3400 2348 3520 2395 tan-

233 2447 357 2493 tum
381 2436 638 2506 assignari
664 2434 810 2490 velit.
837 2429 1022 2503 Capite
1041 2431 1252 2487 decimo
1274 2438 1449 2496 sexto,
1477 2429 1642 2484 sentit
1665 2427 1909 2482 homines
1929 2426 2135 2496 aliquos
2155 2467 2171 2494 ,
2203 2425 2411 2481 etiamsi
2436 2441 2542 2481 non
2563 2435 2742 2482 essent
2759 2437 2980 2498 peccato
3005 2428 3242 2496 obnoxii,
3272 2431 3512 2500 potuisse

235 2544 270 2584 ει
308 2529 417 2584 Deo
445 2527 687 2584 damnari
707 2545 720 2581 :
739 2534 923 2581 contra
953 2523 1234 2595 Augustini
1257 2521 1580 2578 sententiam
1609 2521 1663 2575 in
1690 2519 1828 2575 libro
1852 2518 2011 2573 tertio
2030 2518 2288 2573 adversus
2315 2517 2582 2573 lulianum
2609 2519 2780 2590 capite
2801 2518 3010 2574 decimo
3035 2529 3226 2576 octavo
3251 2537 3266 2574 :
3289 2541 3308 2574 ‹
3331 2522 3514 2577 Bonus

235 2629 328 2678 est
355 2621 523 2685 Deus,
551 2639 570 2672 ι
601 2619 800 2689 inquit,
841 2637 859 2670 ‹
882 2617 1056 2688 justus
1085 2623 1168 2670 est
1191 2615 1334 2670 Deus
1359 2631 1371 2668 :
1400 2620 1576 2684 potest
1602 2611 1808 2682 aliquos
1838 2610 1955 2665 sine
1997 2609 2152 2664 bonis
2173 2609 2378 2665 meritis
2407 2609 2633 2664 liberare
2654 2653 2667 2674 ,
2696 2611 2820 2680 quia
2851 2611 3022 2666 bonus
3061 2621 3176 2678 est;
3204 2630 3306 2670 non
3335 2621 3519 2684 potest

233 2728 560 2786 quemquam
591 2713 705 2767 sine
733 2711 887 2766 malis
910 2709 1117 2765 meritis
1145 2707 1418 2769 damnare,
1447 2705 1568 2776 quia
1585 2705 1762 2776 justus
1817 2709 1951 2758 est.)
1982 2702 2048 2757 Et
2094 2702 2148 2756 in
2198 2701 2420 2772 epistola
2465 2700 2587 2768 186,
2619 2701 2685 2756 ad
2727 2702 3024 2770 Paulinum,
3057 2720 3113 2758 n.
3137 2705 3242 2760 20:
3274 2724 3293 2756 ι
3313 2705 3517 2774 Quem-

234 2820 400 2875 quam
419 2819 548 2859 vero
571 2801 898 2857 immeritum
927 2807 983 2855 et
1007 2797 1139 2853 nulli
1165 2796 1455 2853 obnoxium
1485 2801 1704 2866 peccato
1732 2793 1777 2848 si
1800 2793 1942 2849 Deus
1965 2793 2222 2848 damnare
2247 2793 2498 2858 creditur,
2544 2793 2750 2848 alienus
2777 2793 2844 2848 ab
2876 2794 3152 2864 iniquitate
3195 2812 3305 2851 non
3341 2797 3516 2853 credi-

235 2905 383 2952 tur.»
416 2893 694 2963 Fulgentio
721 2905 933 2961 quoque
961 2889 1213 2959 episeopo
1240 2887 1504 2957 Ruspensi
1533 2885 1866 2956 suppositum
1888 2892 2005 2940 erat
2034 2883 2134 2938 hoc
2157 2884 2327 2953 ipsum
2355 2883 2668 2952 opusculum
2697 2901 2710 2938 :
2739 2883 2929 2952 injuria
2965 2885 3179 2955 quidem
3197 2927 3213 2954 ,
3247 2902 3366 2942 cum
3390 2887 3520 2942 Ful-

237 2985 450 3058 gentius
471 2982 764 3054 Augustino
779 2981 1002 3050 ejusque
1031 2979 1238 3049 placitis
1256 2987 1504 3048 tauquam
1529 2975 1822 3046 discipulus
1850 2989 2062 3044 semper
2099 2973 2340 3030 addictus
2365 2973 2540 3029 fuerit.
2561 2975 2609 3030 Is
2637 2984 2895 3046 prmterca
2926 2975 3028 3030 hoc
3058 2977 3198 3032 idem
3227 2993 3514 3050 argumen-

235 3085 355 3132 tum
384 3073 797 3129 luculentissime
815 3085 879 3126 ac
907 3069 1198 3126 secundum
1227 3067 1502 3138 Augustini
1526 3076 1758 3120 mentem
1783 3072 2006 3131 tractat,
2037 3073 2149 3119 tum
2181 3066 2234 3119 in
2255 3065 2428 3135 primo
2454 3065 2522 3120 ad
2552 3066 2843 3120 Monimum
2873 3065 2938 3122 de
2980 3067 3178 3138 duplici
3223 3071 3516 3127 Pracdesti-

234 3167 458 3222 natione
484 3165 639 3228 libro,
670 3172 780 3220 tum
809 3164 862 3219 in
889 3164 1058 3218 tribus
1099 3161 1248 3216 libris
1287 3174 1424 3231 quos
1451 3159 1518 3214 ad
1545 3158 1806 3214 Joannem
1837 3166 1892 3212 et
1927 3156 2217 3211 Venerium
2248 3157 2316 3210 de
2356 3155 2590 3211 Veritate
2630 3156 3108 3226 praedestinationis
3131 3166 3184 3214 et
3207 3161 3391 3230 gratia:
3421 3159 3517 3216 Dei

234 3257 528 3327 inscripsit.
579 3255 814 3326 Denique
838 3255 974 3310 solet
1002 3253 1312 3324 Fulgentius
1337 3252 1502 3306 libros
1544 3263 1670 3306 suos
1697 3248 1854 3304 alicui
1885 3263 2224 3318 nuncupare,
2262 3247 2510 3318 exemplo
2561 3256 2617 3303 et
2657 3263 2806 3303 more
2837 3249 3115 3319 Augustini
3140 3268 3153 3304 :
3177 3261 3231 3305 at
3258 3252 3358 3307 iste
3383 3251 3520 3307 liber
3619 3281 3623 3285 -

235 3348 442 3404 nullius
467 3347 667 3402 nomini
697 3347 981 3416 inscriptus
999 3354 1110 3411 est,
1141 3352 1202 3399 ut
1230 3343 1422 3399 merito
1447 3344 1566 3412 jure
1592 3356 1700 3397 non
1730 3339 1892 3398 modo
1911 3340 2188 3396 catholicis
2218 3340 2323 3395 illis
2345 3339 2654 3396 doctoribus
2695 3339 3078 3410 abjudicandus
3099 3383 3115 3410 ,
3149 3342 3242 3398 sed
3269 3344 3519 3414 scriptori

239 3440 472 3510 cuipiam
503 3448 763 3510 suspecta:
793 3439 916 3494 ﬁdei
943 3436 1255 3492 tribuendus
1283 3435 1637 3490 existimetur.

239 3671 480 3792 DE
545 3664 1873 3782 PBEDESTINA'I

1942 3661 2338 3774 {ON}:
2390 3664 2627 3774 ET
2699 3596 3504 3812 ann—ﬁl:

1473 3815 1841 3918 SUSPECTl
1901 3853 2292 3916 AUCTORIS
2879 3889 2894 3902 ι

1685 3985 2058 4068 LIBER.

1573 4155 2200 4229 meam

247 3557 631 3568 —____.

248 3565 270 3568 τ
474 3565 519 3566 η
724 3565 763 3566 7
818 3565 872 3568 κη
3496 3565 3499 3566 ν

313 4281 542 4338 CAPUT
582 4281 864 4338 PRIMUM.
904 4311 973 4323 —
1012 4281 1063 4335 1.
1102 4283 1235 4337 Cum
1268 4282 1318 4336 in
1363 4298 1635 4340 sacrarum
1672 4281 1826 4338 volu-

243 4353 479 4425 minibus
505 4352 856 4425 Litterarum,
898 4367 992 4406 seu
1024 4351 1315 4408 futurorum
1347 4355 1481 4425 quid
1518 4355 1829 4425 prophetico

243 4423 434 4490 Spiritu
464 4422 970 4492 praenuntiantibus,
1011 4437 1101 4476 seu
1147 4422 1534 4491 pra-ternorum
1578 4422 1829 4480 historica

245 4496 475 4547 veritate
511 4493 864 4564 narrantibus,
905 4507 999 4564 seu
1037 4493 1158 4546 vita:
1187 4493 1383 4564 monita
1414 4495 1702 4564 apostolica
1731 4509 1828 4548 au-

245 4565 496 4617 ctoritate
529 4562 890 4625 tradentibus.
925 4562 1096 4630 aliqua
1125 4563 1284 4617 veluti
1309 4562 1576 4618 diversum
1607 4573 1832 4620 sonante

246 4633 512 4687 sententia
541 4633 622 4686 vel
649 4641 891 4686 movetur
923 4631 1110 4695 lector,
1141 4633 1223 4686 vel
1265 4634 1576 4688 sollicitatur
1599 4635 1829 4700 auditor,

245 4711 398 4757 certa
424 4711 477 4756 et
496 4703 810 4772 inconcussa
841 4701 943 4756 ﬁde
967 4702 1235 4772 cognitum
1260 4713 1442 4758 tenere
1467 4704 1644 4770 debet,
1677 4706 1832 4759 tutius

245 4781 411 4842 atque
439 4771 676 4842 ejusdem
706 4771 940 4843 spiritus.
970 4783 1024 4826 et
1042 4771 1166 4843 ejus
1191 4783 1386 4842 praeter
1413 4790 1568 4843 quem
1597 4775 1723 4828 nihil
1751 4784 1833 4830 cst

244 4843 490 4896 veritatis
511 4885 526 4908 ,
555 4843 790 4913 apertius
816 4842 974 4913 alibi,
1008 4842 1163 4913 paulo
1199 4842 1456 4898 occultius
1488 4846 1611 4900 alibi
1641 4860 1833 4900 sonare

245 4915 546 4984 mysteria:
577 4911 642 4968 ac
681 4911 902 4982 proinde
943 4913 987 4966 si
1012 4911 1156 4984 quid
1196 4913 1402 4984 occulta
1449 4915 1834 4984 signiﬁcatimie

246 4996 596 5050 suspensum,
626 4991 718 5037 aut
759 4998 790 5036 a
829 4983 1200 5037 conscribente
1243 4983 1470 5038 breviter
1508 4983 1832 5049 indicatum,

247 5052 533 5122 minusque
559 5068 716 5122 quam
739 5052 952 5106 humani
976 5053 1152 5107 cordis
1173 5053 1420 5108 obtunsio
1448 5056 1716 5123 poscebat,
1738 5072 1832 5110 cx-

247 5123 485 5192 positum
514 5132 614 5184 est,
641 5123 728 5178 hic
765 5123 990 5177 lucidius
1013 5137 1270 5192 apparere
1290 5163 1305 5188 ,
1337 5124 1407 5178 ibi
1443 5126 1600 5179 altius
1628 5126 1792 5181 latere
1813 5167 1829 5190 ,

247 5207 514 5260 nusquam
542 5193 728 5248 deesse
758 5194 965 5248 noverit
984 5195 1280 5248 veritatem.
1301 5194 1452 5262 Quod
1483 5196 1524 5248 si
1557 5197 1714 5250 etiam
1741 5211 1836 5262 pro

248 5263 618 5332 magnitudine
649 5265 745 5326 rei,
775 5263 841 5317 de
879 5279 978 5332 qua
1005 5265 1278 5334 quaaritur,
1309 5280 1412 5318 non
1449 5264 1600 5321 facile
1626 5267 1835 5321 intelle-

247 5341 374 5386 ctus
403 5334 644 5387 sensibus
681 5335 967 5402 qumrentis
1003 5335 1262 5399 occurrit,
1305 5336 1534 5390 maxime
1575 5337 1617 5391 si
1649 5337 1715 5390 de
1751 5337 1834 5390 in-

250 5403 618 5457 commutabili
642 5404 916 5458 voluntate
935 5405 1312 5474 omnipotentis
1341 5406 1432 5460 Dei
1462 5405 1728 5461 diversmn
1751 5421 1840 5461 so-

251 5481 350 5526 net
373 5474 640 5544 canonice
666 5474 996 5528 auctoritatis
1025 5484 1245 5544 utraque
1281 5477 1542 5530 sententia
1571 5495 1583 5530 :
1614 5479 1682 5530 ita
1714 5485 1840 5532 sunt

253 5543 435 5617 gmnia
464 5544 531 5598 ad
559 5544 769 5614 pietatis
793 5544 1024 5617 regulam
1055 5543 1344 5617 dirigenda,
1375 5557 1432 5601 ut
1459 5562 1555 5602 nec
1586 5548 1837 5617 injustum

256 5611 427 5668 Deum
453 5611 590 5678 esse,
625 5627 724 5668 nec
761 5611 946 5668 merita
977 5611 1300 5684 singulorum
1327 5619 1581 5673 confusa‘
1612 5611 1838 5690 quadam

325 5746 346 5778 ⁸
382 5747 602 5798 viam-tul
629 5746 824 5799 codices
840 5748 1082 5810 omittunt,
1102 5749 1317 5812 mima.

1934 4273 2620 4346 personarumacceptione
2659 4281 2950 4346 laxantem,
2981 4289 3080 4330 nec
3110 4273 3405 4346 inﬁrmum.
3425 4276 3518 4346 qui

1933 4342 2074 4415 quod
2101 4342 2328 4398 voluerit
2355 4357 2458 4396 non
2488 4343 2713 4398 valuerit
2739 4345 3022 4414 explicare,
3047 4347 3358 4401 inconcussa
3378 4342 3517 4402 deﬁ-

1934 4415 2138 4470 uitione
2165 4421 2424 4467 teneatur.

2005 4482 2332 4556 CAPUTV‘II.
2356 4512 2428 4523 -—
2444 4482 2502 4539 2.
2534 4482 2644 4556 Sub
2663 4484 2820 4552 hujus
2848 4485 3006 4556 igitur
3024 4485 3350 4556 deﬁnitionis
3365 4485 3516 4556 iugo,

1937 4570 2005 4608 ne
2027 4554 2078 4608 in
2107 4554 2420 4622 sacrilegam
2446 4553 2797 4610 temeritatem
2825 4553 2964 4609 male
3001 4555 3164 4610 libera
3193 4556 3328 4610 colla
3359 4553 3516 4611 Iniu-

1937 4627 2097 4690 rient,
2119 4623 2428 4695 qtuestionis
2459 4623 2632 4694 hujus,
2657 4634 2909 4692 quantum
2939 4625 3047 4678 Deo
3073 4625 3306 4680 donante
3327 4640 3520 4695 possu-

1936 4709 2092 4757 mus,
2144 4693 2349 4764 occulta
2391 4709 2769 4764 memoremus,
2821 4710 2976 4762 quam
3017 4695 3203 4750 beatus
3247 4693 3519 4764 apostolus

1937 4764 2137 4819 Paulus
2161 4763 2386 4817 diversis
2415 4764 2467 4817 in
2499 4763 2652 4834 locis,
2687 4780 2791 4816 non
2821 4779 3004 4833 parum
3026 4767 3183 4820 etiam
3205 4763 3521 4834 discrepan-

1937 4833 2085 4906 tibus
2108 4833 2284 4906 verbis
2310 4833 2561 4906 studiosis
2602 4836 2846 4906 proponit
2891 4835 3302 4906 scrutatoribus,
3334 4833 3520 4906 eisque

1939 4919 2047 4976 peri
2075 4903 2240 4976 ipsam
2275 4903 2504 4976 loquitur
2545 4905 2842 4976 veritatem.
2888 4905 3216 4960 Sententiam
3257 4903 3519 4976 siquidem

1939 4972 1992 5028 in
2025 4974 2118 5028 Dei
2157 4972 2354 5042 gratia,
2388 4973 2720 5041 praecedente
2758 4975 3013 5030 latissima
3054 4987 3110 5031 et
3151 4972 3522 5032 robustissima

1939 5043 2297 5117 disputatione
2321 5043 2644 5105 confectam,
2677 5045 2746 5098 ita
2777 5046 3238 5117 concludens._ait,
3266 5046 3407 5117 Ergo
3432 5063 3524 5117 cu-

1931 5115 2020 5185 jus
2045 5114 2148 5187 vult
2173 5114 2446 5187 angeretur,
2475 5123 2523 5187 et
2549 5130 2692 5187 quem
2720 5117 2825 5187 uult
2849 5116 3053 5187 indurat
3081 5115 3254 5185 (Rom.
3285 5114 3359 5180 Ix,
3391 5116 3480 5187 18)
3505 5133 3520 5170 :

1941 5199 2060 5239 cum
2105 5185 2156 5238 in
2195 5184 2295 5237 alia
2326 5184 2568 5252 Epistula
2602 5184 2670 5238 de
2707 5184 2882 5240 divina
2912 5184 3276 5240 benevOlentia
3306 5187 3418 5254 ipse
3445 5184 3523 5241 sic

1939 5254 2100 5318 dicat,
2133 5254 2233 5322 Qui
2253 5255 2356 5308 vult
2385 5271 2558 5325 omnes
2575 5254 2800 5325 [Lamina
2816 5255 2911 5310 sctit
2927 5272 2986 5325 οξ
3005 5255 3138 5322 ﬁeri,
3161 5255 3280 5308 etin
3300 5256 3526 5325 agnitio-

1939 5341 2055 5379 nem
2080 5325 2300 5378 veritatis
2329 5325 2495 5378 venire
2519 5323 2560 5389 (l
2589 5323 2723 5378 Tim.
2754 5341 2790 5378 tt
2811 5367 2825 5389 ,
2853 5326 2930 5393 4).
2957 5323 3196 5379 Occurrit
3224 5323 3398 5390 enim,
3428 5339 3528 5380 cur

1940 5403 2162 5464 pereant
2181 5411 2249 5449 ex
2279 5395 2362 5448 his
2385 5395 2582 5462 aliqui,
2625 5409 2746 5449 cum
2775 5395 3116 5462 omnipotens
3155 5395 3296 5448 Deus
3337 5410 3524 5450 omnes

1942 5465 2186 5520 homines
2212 5465 2386 5519 salvos
2417 5465 2542 5519 ﬁeri
2573 5465 2736 5527 velit,
2777 5473 2830 5520 et
2856 5465 2910 5519 in
2937 5465 3260 5534 agnitionem
3285 5466 3526 5519 veritatis

1941 5535 2126 5590 venire
2172 5551 2184 5587 :
2231 5534 2425 5589 deinde
2469 5549 2564 5588 cur
2605 5549 2790 5590 rursus
2835 5535 3050 5588 induret
3091 5536 3247 5601 alios,
3279 5535 3529 5588 misertus

1943 5605 2166 5660 aliorum
2189 5620 2204 5668 ;
2227 5613 2318 5658 aut
2341 5603 2609 5674 quomodo
2637 5619 2825 5660 omnes
2845 5605 3022 5660 salvos
3054 5603 3170 5658 ﬁeri
3197 5604 3326 5674 velit
3350 5603 3529 5674 hanni-

1947 5690 2077 5738 nes,
2115 5690 2235 5728 cum
2274 5672 2388 5744 ipse
2430 5674 2710 5744 nonnullos
2730 5689 2818 5744 ne
2845 5675 3131 5744 salventur
3158 5673 3387 5744 induret.
3416 5672 3531 5744 [loc

1946 5751 2198 5816 quantum
2225 5741 2596 5801 ad‘humanam
2614 5743 2871 5814 justitiam
2892 5741 3103 5799 videtur
3124 5743 3398 5814 injustam.
3420 5741 3530 5798 Sed
