4168 6586
1305 513 2024 610 TRADITIO
2111 519 2964 612 CATHOLICA.

1539 685 1872 750 SECULA
1918 687 2040 748 ιγ-
2057 687 2122 748 ν.
2165 686 2376 749 ΑΝΝΙ
2421 685 2708 748 387430.

1743 959 2568 1086 ELENCHUS

668 1269 1176 1334 AUGTORUM
1212 1273 1333 1336 ET
1373 1271 1762 1338 OPERUM
1802 1273 1962 1352 QUI
2013 1277 2115 1342 IN
2153 1275 2340 1342 H00
2377 1279 2638 1342 τοωο
2676 1273 2898 1342 κων
2939 1277 3622 1345 CONTINEN'I'UR.

1937 1539 2372 1568 #—

1319 1771 1381 1832 s.
1427 1725 1936 1841 AUGUSTINUS,
1985 1723 2968 1832 mrroumsrsimscorus.

683 1935 771 1998 De
809 1940 1210 2016 peccatorum
1241 1932 1484 1996 Meritis
1514 1939 1575 1994 et
1607 1931 2004 1996 Remissioue
2045 1931 2186 1995 libri
2214 1933 2321 1994 IlI.
3281 1937 3407 2001 col.
3497 1937 3607 2002 109

685 2039 772 2099 Dc
810 2039 1042 2118 Spiritu
1074 2043 1135 2099 et
1159 2037 1390 2098 Littera
1423 2035 1583 2098 liber
1611 2053 1797 2098 unus.
2761 2029 2800 2048 ⁸⁸
3493 2039 3604 2102 199

683 2140 769 2200 De
807 2140 1032 2200 Natura
1063 2142 1124 2199 et
1156 2136 1360 2198 Gratia
1401 2137 1560 2198 lber
1585 2151 1774 2196 unus.
3491 2137 3606 2205 247

681 2241 767 2302 De
803 2241 1196 2304 Perfectione
1222 2239 1478 2319 justitim
1515 2237 1790 2302 hominis
1821 2237 2000 2302 liber.
3494 2241 3603 2305 291

683 2344 770 2405 De
807 2343 1008 2406 Gestis
1043 2341 1275 2420 Pelagii
1310 2342 1466 2403 liber
1501 2359 1687 2403 unus.
3491 2345 3627 2406 319'

559 2481 562 2486 -
681 2445 768 2506 Dc
806 2447 1008 2508 Gratia
1037 2444 1256 2506 Christi
1296 2451 1356 2508 et
1385 2444 1463 2506 de
1495 2446 1759 2508 Peccato
1791 2444 2086 2523 Originali
2119 2445 2260 2510 libri
2291 2445 2366 2510 if.
2927 2505 2932 2508 _
3495 2445 3607 2506 359

681 2548 766 2608 De
803 2547 1048 2626 Nuptiis
1080 2552 1141 2609 et
1173 2548 1693 2627 Concupiscentia
1725 2547 1861 2608 libri
1893 2548 1974 2608 Il.
3490 2547 3607 2608 415

681 2651 766 2712 Dc
800 2651 1018 2714 Anima
1049 2658 1110 2712 et
1141 2651 1272 2730 ejus
1305 2649 1564 2728 Origine
1600 2649 1740 2712 libri
1781 2650 1879 2712 Ν.
3491 2649 3606 2711 475

682 2756 908 2815 Contra
941 2755 1096 2816 duas
1123 2754 1434 2832 Epistolas
1465 2754 1966 2832 Pelagianorum,
2007 2752 2082 2816 ad
2117 2751 2537 2830 Bonitacium,
2566 2753 2704 2816 libri
2739 2755 2848 2814 ιν.
3491 2754 3603 2816 549

681 2859 904 2919 Contra
936 2855 1249 2918 Iulianum
1283 2855 1424 2916 libri
1456 2857 1560 2917 VI.
3489 2854 3594 2916 641

679 2964 764 3025 De
803 2963 1008 3025 Gratia
1038 2968 1100 3023 et
1135 2961 1334 3023 libero
1367 2959 1640 3022 Arbitrio
1671 2959 1831 3020 liber
1857 2977 2042 3022 unus.
3489 2958 3598 3022 881

677 3065 764 3126 De
800 3063 1214 3145 Correptione
1243 3071 1304 3125 et
1331 3063 1538 3126 Gratia
1571 3063 1730 3126 liber
1759 3079 1940 3124 unus.
3489 3059 3604 3122 915

680 3167 766 3232 De
799 3167 1350 3238 Pmdestinatione
1383 3168 1754 3230 Sanctorum
1786 3165 1966 3226 liber.
3489 3157 3604 3222 959

1741 4322 2518 4366 W

2580 6001 2822 6058 Parisiis.
2855 6029 2922 6042 --
2951 6001 3029 6057 Ex
3063 5993 3204 6074 typis
3241 5997 3302 6054 L.
3345 5993 3577 6054 MIGNE.
