4176 6598
587 414 692 470 ms
2024 405 2409 464 PREFATIO.
3765 407 3872 469 tot

659 526 964 587 Virorum
993 526 1123 584 tam
1152 520 1522 602 illustrium,
1554 525 1816 602 tamque
1844 534 1911 580 in
1938 519 2224 602 Ecclesia
2254 527 2315 602 et
2343 519 2668 602 pietateet
2695 521 3002 600 dignitate
3033 527 3476 602 praestantium
3501 528 3866 592 auctoritas

580 621 806 667 eorum
833 620 1118 665 errorem
1149 619 1295 662 cum
1319 599 1757 677 sibimetipsis,
1787 605 1921 659 tum
1948 599 2094 660 aliis
2121 600 2324 678 magis
2353 599 2786 678 periculosum
2813 599 3152 664 reddebat:
3177 603 3387 667 debita
3419 606 3592 668 enim
3618 608 3868 668 eisdem

582 684 912 745 veneratio
941 687 1004 742 et
1039 681 1230 741 rudes
1259 681 1333 761 in
1363 678 1785 761 imitationem
1817 677 2252 761 pertrahebat,
2281 677 2570 761 etsimui
2615 679 2993 757 peritiorum
3037 682 3293 761 linguas
3335 683 3548 745 inutili
3595 686 3867 748 silentio

577 763 952 833 cohibebat;
988 761 1074 821 ita
1106 765 1179 819 ut
1211 759 1319 818 vix
1350 757 1742 839 reperiretur
1770 755 1968 828 ullus,
1991 755 2112 839 qui
2143 757 2242 817 vel
2279 758 2450 839 ipsos
2485 755 2880 839 admoneret,
2920 761 3019 820 vel
3050 755 3254 822 errori
3288 780 3482 839 quem
3515 763 3864 838 docebant,

574 846 966 920 occurreret,
1000 847 1229 916 praeter
1256 853 1495 920 paucus
1525 836 1820 920 perfectis
1844 835 2064 920 gratiae
2087 835 2778 920 intrepidosamatores
2807 838 3049 920 (Epist,
3065 839 3206 913 225,
3224 835 3384 920 11.7).
3404 842 3652 902 Horum
3684 864 3719 905 e
3754 835 3868 904 nu;

575 937 755 981 mero
785 919 964 980 fuere
997 914 1273 994 Prosper
1298 923 1360 977 et
1399 915 1682 976 Hilarius
1713 915 1972 991 quidam
1993 957 2010 986 ,
2043 914 2210 994 alius
2238 918 2320 974 ab
2347 916 2649 992 episcOpo
2683 914 3066 988 Arelatensi,
3105 937 3250 978 cum
3281 914 3385 981 ille
3413 921 3656 981 ordinis
3685 927 3866 983 esset

573 1001 890 1060 laicorum
911 993 1316 1077 (Ερίειξὲἓόρ
1339 995 1508 1077 12.9)3
1529 995 1646 1054 Hic
1663 1000 1830 1054 certe
1843 993 2335 1077 consuetudinis
2359 995 2696 1077 Augustini
2717 995 2959 1056 deliciis
2985 998 3221 1074 politus
3245 999 3597 1076 aliquando
3619 1000 3860 1074 fuerat,

569 1072 1019 1157 doctrinaeque
1040 1076 1178 1154 ejus
1211 1074 1454 1135 salubri
1490 1074 1650 1134 lacte
1687 1073 1964 1157 nutritus
1995 1091 2011 1131 :
2041 1089 2116 1132 ac
2151 1072 2416 1149 proinde
2447 1075 2591 1134 licet
2620 1074 2685 1133 id
2716 1072 3137 1152 temporis,ut
3171 1072 3474 1138 credibile
3505 1084 3622 1147 est,
3643 1072 3862 1157 patria

568 1163 632 1217 et
665 1149 1299 1234 consanguineorum
1332 1158 1677 1234 conspectu
1708 1149 2030 1234 frueretur
2053 1169 2176 1234 ;__se
2217 1157 2432 1234 tamen
2467 1159 2772 1234 tanquam
2805 1149 3129 1234 extorrem
3172 1159 3534 1232 reputabat.
3584 1149 3862 1221 Videtur

569 1241 787 1318 autem
818 1237 900 1296 ab
918 1228 1277 1318 'Augustini
1305 1228 1610 1318 convictu
1639 1247 1721 1318 eu
1751 1228 2446 1318 consiiio‘discessisse,
2485 1237 2559 1318 ut_
2587 1231 2800 1318 fratris
2833 1233 2933 1318 sui
2961 1228 3282 1318 conjugali
3319 1235 3574 1300 vinculo
3604 1239 3857 1318 alligati

571 1315 845 1376 salutem
877 1308 1274 1392 procurarett
1305 1311 1444 1392 Hoc
1470 1315 1634 1392 nutu
1664 1309 1881 1392 diving
1925 1308 2160 1392 factum
2192 1308 2718 1392 fuisse‘probavit
2755 1317 3046 1372 eventus.
3082 1308 3344 1373 'Et'enim
3386 1322 3618 1392 praeter
3647 1308 3753 1378 abv
3771 1335 3858 1379 eo

569 1387 936 1470 susceptain
979 1393 1202 1471 gratim
1242 1389 1678 1450 defensionem
1725 1389 1794 1471 iu
1837 1387 2096 1471 Galliis,
2142 1387 2345 1464 ipsius
2393 1387 2707 1471 fraterde
2747 1407 3072 1471 consensu
3114 1393 3340 1452 uxoris
3383 1387 3854 1458 continentiam

569 1466 908 1550 amplexus
938 1466 1057 1542 est,
1089 1473 1590 1550 quamduierque
1617 1485 1687 1528 se
1717 1466 1796 1528 ad
1826 1469 2188 1550 extremum
2217 1484 2426 1550 usque
2457 1469 2769 1550 spiritum
2784 1468 3062 1550 perfecte
3091 1476 3464 1534 servaturos
3492 1474 3625 1536 Deo
3656 1493 3854 1536 vove-

573 1489 908 1550 amplexus
938 1489 1057 1542 esr,
1139 1489 1285 1530 uam
1318 1489 1590 1545 uterque
1617 1489 1687 1528 se
1717 1489 1796 1528 au
1826 1489 2188 1527 extremum
2219 1489 2426 1544 usque
2457 1489 2754 1546 Spll'llllm
2789 1489 3062 1545 perteue
3091 1489 3464 1534 servaturos
3492 1489 3625 1536 Deo
3656 1493 3854 1536 vove-

573 1556 724 1621 runt
749 1549 970 1628 (Ibid.,
1000 1568 1066 1610 η.
1089 1489 1187 1627 ἓ).
1218 1547 1388 1628 Nihil
1417 1553 1669 1628 autem,
1689 1551 1913 1628 nostra
1943 1545 2200 1623 quidem
2229 1547 2556 1628 opinione,
2589 1547 2906 1628 prohibet,
2939 1550 3288 1628 quominus
3325 1551 3642 1612 Hilarium
3675 1554 3854 1617 hunc

569 1625 1012 1691 existimemus
1043 1625 1335 1690 eumdem
1365 1643 1529 1708 esse,
1559 1626 1674 1708 qui
1706 1625 1959 1708 circiter
1987 1625 2973 1708 aunumquadringentesimum’
2999 1627 3314 1689 decimum
3343 1641 3649 1708 quartum
3678 1653 3712 1693 e
3742 1634 3853 1694 Si-

567 1709 714 1770 cilia
761 1708 1098 1787 epistolam
1139 1705 1498 1787 Augustino
1540 1705 1618 1764 de
1661 1703 1991 1787 erroribus
2038 1703 2868 1787 Pelagianorum’scripsit.
2917 1703 3578 1787 Prmterquam'quod
3621 1714 3849 1774 animo

567 1783 996 1866 torquebatur
1022 1786 1129 1846 ille
1159 1783 1576 1866 obiamissam
1607 1783 1812 1844 sancti
1841 1783 2132 1866 Doctoris
2167 1784 2595 1866 praesentiam,
2629 1783 2881 1866 summo
2912 1783 3664 1866 quoque'dolore'ipsum
3695 1791 3850 1852 affi~

565 1861 793 1936 ciebat,
822 1865 993 1944 quod
1022 1882 1152 1924 non
1179 1865 1393 1944 solum
1414 1863 1714 1944 dogmata
1742 1867 1872 1923 tam
1900 1861 2262 1932 manifesta,
2291 1881 2436 1944 qua:
2464 1863 2626 1944 idem
2651 1861 3321 1939 Sanctus’tradiderat,
3349 1861 3844 1944 respuerentur,

562 1945 673 2006 sed
709 1946 902 2006 etiam
942 1946 1026 2006 ab
1061 1944 1138 2004 iis
1177 1943 1290 2020 qui
1331 1943 1443 2004 illa
1480 1943 1744 2023 minime
1779 1947 2112 2023 caperent,
2146 1943 2794 2023 reprehenderentur.
2829 1944 3146 2023 Quocirca
3176 1947 3290 2005 etsi
3330 1943 3842 2023 venerationem,

560 2041 757 2106 quam
785 2042 867 2084 ex
902 2019 1335 2106 ecclesiastica
1369 2021 1834 2106 consuetudine
1868 2020 2029 2106 viris
2057 2019 2370 2106 ejusmodi
2409 2023 2762 2106 superioris
2793 2022 3036 2106 ordinis
3068 2023 3214 2106 laici
3245 2025 3501 2098 debent,
3537 2019 3847 2106 religiose

560 2100 934 2175 exhiberet;
974 2108 1184 2162 tamen
1219 2101 1436 2162 oblata
1471 2100 1810 2162 occasione
1849 2117 1980 2160 non
2015 2101 2286 2172 tacebat,
2329 2100 2440 2161 sed
2477 2101 2858 2162 catholicam
2893 2101 3252 2165 doctrinam
3285 2121 3404 2182 pro
3438 2106 3602 2166 datis
3635 2100 3756 2168 sibi
3799 2125 3844 2171 a

558 2181 692 2243 Deo
734 2183 974 2242 viribus
1015 2183 1340 2241 tuebatur.

615 2200 692 2242 eo
734 2183 974 2242 viribus
1015 2183 1340 2241 tuebatur.

638 2263 914 2339 Prosper
937 2265 1178 2329 autem,
1203 2259 1323 2340 qui
1348 2257 1798 2340 Augustinoin
1830 2256 2246 2340 defendendas»
2268 2258 2490 2334 gratim
2516 2276 2751 2340 munus
2778 2275 2854 2340 ac
2882 2259 3171 2321 laborem
3203 2261 3535 2334 successit,
3567 2264 3844 2340 Aquita-

561 2358 684 2401 nus
714 2335 876 2411 erat,
908 2355 1206 2418 sermone
1226 2335 1662 2418 scholasticus
1701 2335 1804 2418 (ex
1827 2335 2353 2418 Gennadio),ilioc
2379 2341 2498 2418 est,
2525 2337 2786 2418 egregie
2811 2337 3155 2408 litteratus,
3183 2344 3245 2400 et
3275 2342 3537 2401 omnino
3573 2335 3672 2404 vir
3699 2349 3840 2404 tum

561 2420 878 2491 moribus,
911 2425 1044 2478 tum
1072 2416 1333 2496 eloquio
1361 2421 1424 2476 et
1455 2417 1666 2476 studio
1693 2417 1905 2496 clarus
1936 2415 2178 2496 (Epist.
2205 2415 2442 2496 226,791.
2474 2415 2600 2496 10),
2631 2415 2749 2496 nec
2788 2419 2992 2478 sancti
3021 2420 3337 2480 Antistitis
3385 2421 3609 2482 notitia
3657 2422 3842 2481 indi—

559 2517 724 2576 gnus
747 2518 761 2556 :
781 2497 1081 2574 quamvis
1108 2514 1176 2556 se
1200 2495 1336 2572 ipse
1359 2499 1606 2576 tantum
1637 2513 1720 2554 ex
1745 2495 1967 2554 ordine
1995 2496 2305 2576 laicorum
2333 2495 2532 2576 fuisse
2555 2495 2840 2576 quodam
2868 2497 3058 2557 modo
3084 2498 3340 2570 indicet,
3358 2500 3467 2558 ubi
3497 2501 3842 2576 profitetur

559 2573 824 2637 ininime
858 2594 927 2638 se
967 2592 1190 2654 parem
1229 2573 2143 2654 auctoritatiimemoratorum
2185 2573 2887 2654 Semipelagianorum,
2929 2593 2967 2637 a
3009 2578 3246 2654 quibus
3291 2573 3562 2638 multum
3593 2585 3655 2640 et
3689 2581 3838 2642 vita)

560 2657 831 2725 meritis,
864 2661 928 2715 et
956 2653 1208 2716 Summo
1240 2653 1576 2713 sacerdotii
1611 2653 1855 2713 honore
1883 2659 2250 2730 superatur.
2284 2655 2718 2732 Augustinum
2746 2653 3085 2731 nunquam
3115 2656 3385 2727 viderat,
3416 2657 3523 2718 sed
3553 2663 3841 2718 tantum-

559 2735 748 2795 modo
779 2733 1082 2814 officiosis
1124 2733 1521 2794 salutaverat
1555 2732 1821 2814 litteris,
1849 2750 2013 2808 quas
2068 2750 2184 2814 per
2226 2731 2568 2792 Leontium
2603 2731 3352 2814 diaconum.direxerat,
3382 2753 3497 2812 per
3529 2756 3722 2814 quem
3767 2744 3838 2798 et

558 2813 762 2874 sancti
793 2812 1110 2874 Antistitis
1151 2816 1490 2886 acceperat
1531 2811 2044 2888 responsionem.
2077 2812 2532 2872 Verumtamen
2569 2815 2632 2870 et
2655 2811 3000 2889 Augustini
3031 2813 3302 2874 lectione
3332 2811 3397 2874 et
3422 2815 3535 2874 Dei
3552 2811 3839 2878 revela-—

558 2893 734 2953 tione
781 2893 1004 2951 doctus
1057 2889 1614 2970 perversissimum
1665 2907 1807 2970 esse
1835 2933 1852 2959 .
1902 2895 2131 2968 negata
2182 2890 2744 2970 praedestinatione
2773 2907 2850 2951 ac
2884 2893 3319 2969 praeveniente
3351 2895 3589 2970 gratia,
3618 2896 3834 2957 dicere

556 2971 728 3047 quod
757 2971 1008 3030 initium
1039 2969 1264 3030 salutis
1288 2987 1370 3028 ex
1397 2986 1472 3028 eo
1495 2968 1604 3044 qui
1632 2969 1943 3036 salvatur,
1971 2986 2098 3028 non
2127 2987 2208 3030 ex
2238 2986 2315 3029 eo
2341 2974 2462 3030 stet
2486 2969 2598 3046 qui
2629 2969 2858 3048 salvat,
2886 2968 3190 3048 quodque
3223 2968 3520 3032 voluntas
3550 2974 3832 3036 hominis

556 3051 788 3130 divina:
823 3049 1043 3130 gratia;
1075 3049 1284 3125 pariat
1314 3065 1539 3130 opem,
1579 3065 1708 3106 non
1740 3050 1945 3130 gratia
1977 3048 2096 3107 sibi
2130 3048 2480 3130 humanam
2502 3047 2814 3130 subjiciat
2845 3047 3240 3130 voluntatem
3275 3049 3424 3130 (Id.,
3452 3050 3594 3121 2'25,
3623 3071 3730 3112 nn.
3763 3053 3830 3125 6,

555 3128 626 3208 7)
658 3125 928 3206 :spretis
961 3127 1236 3188 aliorum
1262 3127 1546 3208 adversis
1577 3128 2098 3208 conatibus,_n_on
2129 3127 2317 3208 modo
2343 3127 2464 3188 hac
2496 3127 2562 3208 in
2592 3125 2712 3187 fide
2740 3128 3038 3208 perstitit,
3063 3128 3169 3208 sed
3201 3134 3264 3188 et
3285 3125 3576 3190 eamdem
3603 3138 3832 3194 contra

558 3205 1007 3286 impugnantes
1055 3205 1520 3283 propugnavit,
1577 3209 1714 3286 tum
1759 3205 1962 3264 sancti
1999 3206 2289 3286 Doctoris
2333 3205 2882 3286 Operibusiatque
2923 3207 3055 3267 illic
3088 3207 3302 3268 allatis
3347 3208 3832 3285 Scripturarum

558 3285 937 3346 testimoniis
970 3303 1154 3354 usus,
1188 3291 1328 3364 tum
1353 3285 1749 3364 argumentis
1789 3300 1935 3360 quae
1965 3302 2080 3360 per
2097 3302 2174 3364 se
2213 3285 2350 3362 ipse
2399 3301 2438 3344 a
2484 3285 2872 3364 positisper
2913 3286 3348 3364 Augustinum
3396 3287 3832 3349 fundamentis

556 3366 864 3444 ducebat;
905 3362 1521 3444 pugnansvidelieet
1552 3363 1778 3422 validis
1815 3361 2166 3444 ratiociniis
2189 3361 2301 3444 ,_et
2343 3365 2634 3424 nervosis
2677 3361 2802 3424 illis
2846 3361 3312 3426 assertionibus
3335 3409 3354 3440 ,
3384 3366 3622 3444 quibus
3661 3368 3834 3429 idem

559 3443 722 3522 ipse,
749 3441 936 3522 juxta
964 3441 1275 3503 Gennadii
1307 3459 1568 3522 quoque
1597 3441 2092 3522 attestationem,
2126 3442 2424 3519 pollebat.

638 3520 809 3583 inter
837 3524 1041 3600 prima
1073 3522 1264 3599 hujus
1293 3521 1742 3598 disputationis
1775 3521 2040 3581 exordia
2070 3522 2506 3582 Massilienses
2537 3520 3009 3600 aliquantisper
3039 3523 3410 3583 maluerunt
3437 3525 3663 3585 vitium
3695 3525 3838 3584 im--

557 3609 785 3680 putare
816 3599 949 3663 suae
976 3601 1293 3670 tarditati,
1327 3617 1524 3676 quam
1553 3601 1786 3678 dogma
1815 3617 1854 3680 a
1878 3619 1944 3660 se
1975 3615 2103 3659 non
2134 3601 2529 3660 intellectum
2552 3599 2862 3680 damnare
2889 3599 2909 3660 ἐ
2935 3601 3065 3661 imo
3101 3601 3280 3662 fuere
3310 3603 3479 3662 inter
3505 3621 3615 3664 eos
3648 3622 3835 3664 non-

557 3679 741 3751 nulli,
769 3683 878 3758 qui
906 3681 1336 3760 Augustinum
1361 3681 1728 3738 consultum
1753 3679 2008 3760 vellent,
2031 3687 2460 3760 rogatumque
2487 3683 2560 3760 ut
2583 3679 2958 3760 lucidiorem
2989 3685 3186 3758 atque
3215 3681 3602 3758 apertiorem
3631 3701 3836 3760 super

557 3761 678 3820 hoc
709 3757 1173 3839 expositionem
1200 3758 1433 3839 ederet.
1468 3761 1545 3839 At
1577 3775 1731 3816 vero
1761 3757 2026 3839 cpntigit
2057 3757 2164 3817 Dei
2197 3758 2557 3839 miserantis
2589 3764 2775 3839 nutu,
2800 3763 2876 3839 ut
2897 3757 3400 3838 Massiliam’per
3433 3761 3491 3820 id
3520 3757 3831 3839 temporis

556 3837 1208 3918 (leferreturlibcrhde
1238 3836 1657 3918 correptione
1689 3842 1755 3898 et.
1781 3836 2031 3918 Gratia,
2070 3853 2200 3913 quo
2231 3837 2396 3918 libro
2425 3838 2773 3918 monachis
2789 3837 3224 3899 Adrumetinis
3249 3883 3264 3911 ,
3289 3836 3384 3901 'ad
3427 3836 3834 3918 eadem'ipsa

557 3935 704 3994 quae
737 3915 1249 3977 Massiliensibus
1281 3914 1684 3995 facessebant
1714 3915 2040 3995 negotium
2065 3959 2079 3982 ,
2111 3922 2238 3976 tam
2277 3916 2462 3992 plene
2500 3916 3035 3994 respondebatur,
3083 3923 3344 3995 tamque
3386 3919 3680 3980 absolute
3705 3914 3732 3989 ξ
3761 3925 3832 3978 ut

559 3993 725 4055 idem
763 3997 926 4056 liber
955 3995 1032 4054 ad
1059 3993 1562 4072 componendas,
1587 4011 1732 4074 qua:
1765 3993 1830 4052 in
1861 3993 2084 4074 Galliis
2113 3995 2406 4055 excitatae
2432 3993 2638 4066 erant,
2663 3997 3147 4055 contentionum
3179 3993 3402 4058 turbas
3425 3999 3832 4074 conscriptus

561 4075 904 4134 videretur.
949 4075 1191 4132 Verum
1213 4079 1567 4154 conspecto
1597 4072 1764 4154 libro
1786 4118 1800 4142 ,
1834 4073 1944 4149 qui
1979 4074 2770 4154 apostolicamAugustini
2802 4074 3159 4154 doctrinam
3195 4072 3834 4154 sequebantur,'ipsi

557 4154 816 4230 quidem
849 4171 1086 4213 novum
1121 4153 1269 4212 inde
1299 4151 1514 4211 lumen
1548 4157 1610 4212 et
1640 4151 1883 4229 majora
1919 4151 1996 4210 ad
2032 4169 2172 4211 eam
2199 4151 2655 4214 defendendam
2687 4153 2980 4231 praesidia
3010 4151 3350 4216 traxerunt
3379 4175 3394 4213 :
3431 4156 3539 4216 alii
3577 4151 3834 4226 autem,

558 4251 834 4310 quorum
884 4237 1128 4292 mentes
1179 4249 1363 4290 error
1396 4236 1560 4310 ante
1611 4237 2062 4310 occupaverat,
2099 4231 2374 4308 caligine
2419 4233 2679 4310 propria
2730 4232 3038 4310 impediti,
3075 4233 3238 4292 nihil
3287 4233 3458 4296 aliud
3513 4235 3668 4305 illic,
3705 4235 3833 4294 nisi

557 4309 934 4393 offensionis
965 4311 1173 4371 adhuc
1204 4315 1265 4370 et
1295 4309 1677 4393 ardentioris
1713 4310 1776 4369 in
1803 4311 2151 4393 veritatem
2166 4310 2290 4368 odii
2320 4309 2656 4393 materiam
2692 4312 3081 4393 invenerunt
3112 4310 3328 4392 (Ibid.,
3364 4330 3427 4372 η.
3456 4311 3558 4393 2).

638 4391 1022 4467 Opinionem
1056 4406 1241 4450 suam
1273 4389 1604 4448 vetustatis
1644 4392 1902 4468 notuine
1931 4388 2338 4450 defendentes
2362 4433 2378 4461 ,
2424 4389 3000 4467 praedestinationis
3048 4388 3280 4468 dogma
3325 4396 3478 4453 nota
3513 4388 3836 4454 novitatis

558 4471 936 4560 inurebant._
955 4470 1026 4530 In
1054 4468 1392 4560 Augusiini
1417 4468 1670 4560 scriptis
1698 4467 2410 4560 adversuslfelagianos
2434 4467 3570 4560 conditis,contrarium’asserebanu
3573 4473 3840 4560 Patrum

558 4549 850 4627 opinioni
882 4554 941 4609 et
972 4547 1406 4608 ecclesiastico
1437 4547 1679 4628 seusui,
1711 4547 2035 4628 quidquid,
2059 4547 2126 4606 in
2157 4547 2249 4608 eis
2280 4547 2356 4608 de
2386 4547 2722 4628 vocatione
2752 4549 3104 4609 electorum
3139 4550 3490 4628 secundum
3524 4549 3641 4610 Dei
3669 4568 3840 4628 pro—

562 4625 843 4707 positum
901 4634 1163 4690 sanctus
1214 4628 1452 4688 Doctor
1497 4625 1958 4704 disputaverat.
2011 4627 2214 4688 Locos
2268 4627 2446 4688 Pauli
2500 4627 2626 4707 huc
2682 4629 3098 4707 pertinentes,
3134 4627 3432 4690 dicebant
3478 4647 3516 4690 a
3572 4625 3838 4690 nemine

559 4705 850 4786 unquam
880 4709 972 4768 sic
999 4707 1355 4767 intellectos
1382 4725 1398 4766 :
1421 4723 1698 4783 cumque
1734 4710 2474 4786 rrogarentur,iquonam
2504 4705 2624 4785 ipsi
2656 4707 2843 4786 modo
2866 4706 3104 4782 exponi
3135 4725 3244 4786 eos
3282 4709 3550 4776 vellent;
3581 4709 3835 4768 nullum

558 4784 807 4878 revera:
841 4787 950 4866 qui
989 4786 1297 4878 placeret,
1329 4785 1747 4878 sensumnsibi
1777 4784 2119 4878 occurrere
2151 4784 2549 4878 fatebantur;
2583 4784 2692 4878 sed
2723 4785 2800 4846 de
2830 4785 2928 4878 his
2960 4786 3154 4878 taceri
3185 4785 3520 4878 jubebaut,
3551 4804 3837 4878 quorum

559 4865 960 4930 altitudinem
995 4866 1211 4926 nullus
1239 4865 1574 4943 attigisset.
1603 4865 1962 4926 Sententias
1993 4865 2335 4943 Augustini
2366 4883 2447 4926 ex
2479 4865 2782 4942 operibus
2813 4868 2962 4924 ante
2989 4865 3400 4944 Pelagianam
3433 4866 3724 4926 haeresim
3755 4867 3840 4926 ab

559 4965 637 5009 eo
669 4947 1038 5024 compositis
1067 4945 1546 5023 producebant,
1576 4948 1887 5024 tanquam
1915 4962 2050 5024 suae
2079 4945 2366 5024 ipsorum
2398 4943 2688 5024 opinioni
2730 4945 2920 5022 plane
2953 4943 3407 5022 congruentes.
3440 4944 3839 5024 Quinetiam

559 5044 707 5104 quae
735 5023 900 5085 idem
931 5044 1016 5086 ex
1050 5025 1321 5085 adversa
1348 5029 1532 5101 parte
1561 5023 1688 5104 sibi
1707 5023 2018 5104 opposuit
2047 5023 2110 5081 in
2143 5023 2409 5104 librode
2445 5023 2864 5104 Correptioue
2894 5027 2956 5104 et
2987 5024 3207 5104 Gratia
3231 5068 3246 5093 ,
3281 5024 3416 5084 haec
3459 5023 3685 5104 omnia
3716 5042 3843 5104 pro

559 5101 630 5166 se.
675 5105 777 5165 isti
825 5121 1060 5184 magna
1103 5104 1515 5166 contentione
1558 5101 1979 5184 replicabant.
2031 5104 2112 5184 Ait
2159 5103 2509 5180 plurimum
2557 5101 3144 5184 ipsisdisplicebat
3189 5103 3554 5184 institutum
3602 5101 3840 5184 ibidem

560 5183 906 5244 discrimen
941 5180 1111 5244 inter
1137 5183 1408 5262 gratiam
1440 5200 1585 5260 qua:
1612 5182 1863 5262 Adamo
1883 5181 2031 5241 data
2063 5180 2293 5262 fuerat,
2329 5187 2392 5262 et
2420 5199 2565 5259 quae
2594 5181 2778 5242 nobis
2807 5199 2980 5242 nunc
3005 5181 3216 5262 datur.
3238 5181 3546 5262 Denique
3581 5181 3845 5262 praede—

563 5263 929 5324 stinationis
957 5259 1326 5341 exemplum
1357 5259 1666 5322 nolebant
1687 5260 1866 5341 sumi
1903 5279 1984 5341 ex
2012 5261 2325 5338 parvulis,
2359 5261 2435 5322 de
2461 5263 2698 5341 quibus
2736 5278 2966 5341 nempe
2996 5261 3124 5323 alia
3150 5261 3331 5340 prius
3363 5259 3588 5322 fuisset
3617 5261 3844 5338 Opinio

560 5343 764 5421 ipsius
791 5361 1052 5420 quoque
1079 5339 1421 5422 Augustini
1453 5341 1518 5400 in
1553 5340 1739 5422 libris
1766 5339 1842 5422 de
1873 5339 2102 5422 Libero
2128 5341 2411 5422 Arbitrio
2445 5340 2658 5422 (_Ibid.,
2689 5359 2756 5422 n_.
2785 5339 2873 5422 3_)_._

639 5418 1040 5483 Cum—autem
1068 5418 1349 5493 illorum,
1377 5421 1614 5498 quibus
1647 5420 1911 5498 spiritus
1938 5419 2295 5498 Pelagiana:
2323 5419 2664 5497 impietatis
2696 5420 2788 5480 sic
2817 5418 3148 5491 illudebat,
3177 5420 3560 5481 auctoritate
3589 5435 3844 5496 preme-

561 5509 790 5563 rentur
818 5502 1104 5562 veritatis
1135 5501 1505 5561 defensores
1525 5543 1540 5570 ,
1579 5498 1893 5577 compulsi
1923 5503 2072 5577 sunt
2103 5500 2185 5558 ab
2211 5505 2435 5560 sancto
2471 5500 2768 5560 Antistite
2799 5515 3088 5576 poscere,
3115 5504 3187 5560 ut
3217 5517 3402 5559 suam
3427 5499 3570 5576 ipse
3601 5502 3844 5558 aucto-

562 5583 814 5642 ritatem
851 5581 976 5641 illis
1005 5580 1332 5658 objiceret.
1384 5578 1520 5658 Hac
1547 5577 1624 5638 de
1644 5575 1911 5658 ,reﬁduas
1946 5575 2268 5658 adiipsum
2295 5579 2599 5656 epistolas
2640 5575 2896 5656 scripsit
2928 5578 3216 5640 Hilarius
3245 5599 3262 5638 :
3291 5575 3569 5656 quarum
3598 5577 3844 5654 priore,

561 5679 707 5740 quas
736 5659 992 5731 excidit,
1026 5656 1298 5740 fortasse
1322 5657 1724 5740 referebatur
1752 5656 2112 5740 odiosa_ill_a
2143 5659 2561 5740 prtedicandag
2593 5658 3168 5740 praedestinationis
3191 5659 3502 5740 formula,
3526 5674 3726 5740 quam
3763 5674 3844 5717 ex

563 5736 956 5802 adversariis
988 5739 1332 5818 objectavit
1360 5737 1480 5818 sibi
1511 5738 1911 5818 Augustinus
1943 5736 2171 5818 (Infra,
2205 5737 2278 5797 de
2308 5739 2490 5798 Dono
2519 5739 3021 5818 Persevicrantiar,
3045 5755 3110 5798 η.
3137 5737 3263 5818 58).
3297 5739 3657 5798 Posteriore
3690 5753 3846 5818 vero

563 5821 848 5881 Hilarius
884 5815 1224 5896 postquam
1255 5817 1336 5898 de
1365 5815 1885 5878 adversariorum
1920 5815 2201 5898 querelis
2233 5819 2396 5896 egit:
2431 5817 2777 5896 Quidquid,
2809 5817 2929 5898 ait,
2951 5836 3067 5896 pro
3101 5837 3171 5878 ea
3203 5815 3435 5898 gratia,
3470 5833 3651 5897 quam
3684 5817 3848 5898 in_l_e

561 5899 784 5978 pusilli
814 5891 951 5960 cnim
981 5891 1220 5975 magnis
1253 5897 1574 5960 miramur.
1609 5899 1882 5960 volueris
1916 5891 2026 5957 ditt
2057 5891 2360 5964 saluteris.
2397 5891 2750 5974 gratissime
2798 5891 3534 5979 accipiemusftanquain
3572 5915 3613 5958 α
3660 5891 3845 5955 nobis
