4176 6596
430 424 540 481 ’Πὶ

444 530 1108 609 dientihomiui‘ejusdcm
1150 541 1385 611 potentia
1416 547 1759 610 przcstaretur
1782 578 1796 601 ,
1829 547 1885 589 ut
1911 533 2030 589 ani-

447 634 584 689 male
609 648 670 689 ac
692 634 917 688 mortale
942 633 1143 688 habens
1163 646 1355 702 corpus
1378 634 1416 694 ¹,
1449 632 1668 685 haberet
1688 630 1737 683 in
1763 643 1828 684 eo
1848 643 2031 697 quem-

444 727 573 780 dam
592 736 786 781 statum
809 769 823 791 ,
852 741 961 796 quo
984 726 1102 781 sine
1126 725 1332 780 defectu
1363 733 1505 778 eSset
1534 737 1766 775 ammsus
1793 722 1845 782 ’,
1891 731 2030 775 tem-

447 833 575 887 pore
594 832 703 889 quo
733 817 873 872 Deus
898 817 1092 883 vellet,
1121 832 1148 871 a
1182 817 1503 871 mortalitate
1545 816 1611 868 ad
1657 808 2030 868 immortalita-

446 924 588 977 tem,
620 911 737 964 sine
778 908 949 964 media
991 918 1163 963 tnorte
1201 907 1495 963 venturus?
1535 906 1686 960 Sicut
1728 904 1871 961 enim
1919 904 2033 958 hate

446 1008 556 1072 ipsa
590 1018 716 1057 caro
737 1018 895 1073 quam
929 1017 1070 1057 nunc
1097 1000 1375 1064 habemus,
1405 1016 1508 1053 non
1538 998 1658 1053 ideo
1683 1013 1788 1052 non
1811 1006 1892 1051 est
1919 996 2032 1050 vul-

444 1094 729 1158 iterabilis,
773 1095 894 1164 quia
935 1108 1038 1147 non
1079 1102 1162 1148 est
1205 1107 1425 1146 necesse
1470 1099 1527 1144 ut
1570 1090 1877 1143 rufuerctur
1909 1103 1922 1139 :
1954 1086 2033 1140 sic

445 1187 530 1238 illa
561 1202 665 1239 non
699 1186 818 1240 ideo
840 1200 946 1238 non
976 1183 1072 1239 fuit
1108 1183 1370 1247 mortalis,
1396 1181 1518 1252 quia
1542 1196 1647 1235 non
1670 1188 1785 1233 erat
1811 1186 2051 1232 necesse

444 1287 498 1331 ιιι
528 1287 847 1332 inureretur.
872 1276 1053 1330 Talem
1084 1284 1209 1345 puto
1235 1273 1596 1328 habitudinem
1627 1272 1800 1326 adhuc
1829 1273 1879 1325 in
1905 1285 2028 1325 cor-

448 1386 576 1434 pore
601 1368 818 1423 animali
845 1377 1004 1435 atque
1031 1366 1265 1431 mortali,
1299 1367 1458 1421 etiaui
1485 1365 1586 1420 illis
1606 1365 1695 1435 qui
1720 1365 1835 1417 sine
1861 1372 2033 1419 morte

445 1460 570 1515 hinc
599 1461 839 1514 translati
870 1470 1031 1522 sunt,
1078 1458 1241 1512 fuisse
1282 1471 1614 1512 concessam.
1662 1455 1844 1523 Neque
1887 1455 2030 1510 enim

448 1551 628 1606 Enocli
676 1560 730 1605 et
770 1548 921 1604 Elias
972 1565 1066 1619 per
1111 1558 1216 1603 tam
1262 1548 1470 1619 longam
1510 1557 1719 1600 aetatem
1761 1556 2035 1601 senectute

446 1650 801 1709 marcuertmt.
836 1640 944 1695 Nec
971 1650 1147 1696 tamen
1178 1639 1341 1694 credo
1368 1653 1460 1693 eos
1484 1638 1592 1708 jam
1624 1636 1675 1692 in
1708 1638 1851 1691 illam
1879 1637 2036 1707 spiri-

446 1736 640 1790 tualem
670 1735 976 1805 qualitatem
1004 1732 1244 1802 corporis
1270 1739 1648 1793 commutatus,
1671 1730 1843 1801 qualis
1870 1731 1921 1785 in
1949 1745 2033 1785 re-

442 1827 774 1881 surrectioue
793 1824 1127 1895 promittitur
1150 1864 1163 1889 ,
1199 1838 1316 1891 ιιιιεε
1357 1822 1408 1876 in
1443 1822 1672 1876 Domino
1697 1822 1861 1891 prima
1895 1837 2028 1891 prae—

402 1908 413 1914 ’
441 1920 604 1976 cessit
636 1935 650 1971 :
681 1917 779 1971 nisi
808 1917 931 1986 quia
961 1916 1043 1969 isti
1075 1915 1302 1969 fortasse
1332 1928 1432 1968 nec
1461 1914 1545 1967 his
1570 1912 1704 1967 cibis
1734 1922 1912 1983 egent,
1942 1911 2032 1982 qui

444 2013 524 2066 sui
541 2011 951 2080 consumptione
973 2008 1247 2072 reliciunt;
1276 2005 1372 2062 sed
1396 2022 1460 2061 cx
1486 2021 1592 2077 quo
1622 2004 1861 2061 translati
1885 2014 2026 2069 sunt,

445 2105 513 2159 ita
546 2105 727 2158 vivunt
749 2145 767 2169 ,
798 2113 856 2156 ut
884 2100 1115 2156 similem
1151 2098 1383 2154 habeant
1409 2098 1710 2152 satietatem
1754 2096 1860 2151 illis
1895 2111 2031 2166 qua-

441 2196 685 2264 draginta
713 2193 903 2248 diebus
926 2233 941 2256 ,
973 2191 1168 2261 quibus
1209 2190 1350 2244 Elias
1391 2204 1457 2244 ex
1500 2189 1668 2243 calice
1702 2200 1855 2258 aqua:
1884 2195 1938 2243 et
1966 2202 2031 2241 ex

440 2283 701 2358 collyride
725 2283 749 2315 ³
777 2283 928 2352 panis
956 2284 1072 2337 sine
1097 2280 1220 2335 cibo
1249 2280 1380 2334 vixit
1405 2278 1493 2350 (IV
1521 2278 1646 2349 Reg.
1670 2294 1788 2346 xIx,
1810 2278 1868 2348 6)
1899 2295 1911 2331 :
1942 2286 2037 2331 aut

443 2380 486 2432 si
518 2387 571 2431 et
598 2377 679 2430 bis
708 2373 1086 2429 sustentaculis
1115 2384 1249 2441 Opus
1279 2378 1396 2436 est,
1439 2369 1510 2424 ita
1550 2370 1602 2424 in
1634 2369 1881 2439 paradiso
1920 2367 2034 2423 for-

445 2479 588 2528 tasse
617 2475 924 2535 pascuntur,
956 2464 1094 2518 sicut
1120 2462 1288 2515 Adam
1320 2459 1625 2531 priusquam
1658 2469 1874 2530 propter
1904 2473 2030 2529 pec-

441 2572 618 2617 catum
646 2558 839 2614 exinde
868 2558 1016 2612 exire
1043 2555 1346 2610 meruisset.
1376 2553 1616 2610 Habebat
1651 2554 1816 2618 enim,
1856 2568 2029 2623 quan-

447 2662 559 2706 tum
589 2650 836 2704 existimo
856 2689 870 2713 ,
913 2656 964 2700 et
995 2646 1355 2717 delignorum
1387 2644 1649 2700 fructibus
1683 2643 2031 2699 refectionem

441 2750 624 2796 contra
643 2738 1019 2806 defectionem,
1035 2745 1088 2791 et
1107 2736 1174 2792 de
1194 2736 1336 2808 ligno
1349 2736 1467 2790 vita:
1479 2735 1822 2791 stabilitatem
1846 2741 2032 2790 contra

446 2839 781 2885 νειιιειιιιειιι.

511 2920 738 2978 ΟΜ)οΤ
778 2919 865 2975 ιγ.
888 2949 957 2960 --
982 2920 1036 2975 4.
1069 2918 1213 2974 Mors
1236 2920 1387 2974 etiam
1428 2919 1656 2989 corporis
1695 2934 1760 2975 ex
1805 2929 2031 2991 peccato.

442 3013 647 3069 Praeter
670 3006 769 3067 hoc
790 3021 967 3066 autem
989 3011 1129 3082 quod
1159 3012 1384 3082 puniens
1414 3012 1552 3065 Deus
1570 3011 1738 3075 dixit,
1772 3011 1929 3066 Terra
1946 3027 1998 3066 es
2015 3051 2032 3079 ,

441 3106 566 3161 etin
594 3117 782 3160 terram
810 3104 937 3167 ibis.
984 3103 1126 3174 quod
1158 3103 1259 3158 nisi
1290 3103 1358 3161 de
1401 3116 1573 3158 morte
1610 3103 1852 3174 corporis
1896 3119 2033 3174 quo-

443 3198 605 3253 modo
631 3196 850 3267 intelligi
884 3195 1051 3265 possit
1090 3194 1306 3265 ignoro;
1336 3204 1459 3248 sunt
1505 3202 1559 3248 et
1583 3193 1687 3248 alia
1729 3193 2034 3249 testimonia

442 3289 634 3361 quibus
665 3287 1064 3342 evidentissime
1082 3295 1369 3355 appareat,
1402 3300 1505 3340 non
1539 3295 1741 3339 tantum
1771 3285 1991 3354 spiritus
2013 3326 2031 3352 ,

441 3379 537 3434 sed
587 3380 746 3433 etiam
794 3378 1036 3447 corporis
1084 3388 1312 3431 mortem
1365 3385 1583 3445 propter
1613 3386 1887 3445 peccatum
1916 3391 2032 3431 me-

442 3472 615 3527 ruisse
657 3487 826 3541 genus
868 3470 1180 3524 humanum.
1214 3468 1294 3523 Ad
1328 3469 1596 3523 llontanos
1623 3469 1913 3539 Apostolus
1951 3468 2035 3524 di-

440 3562 509 3618 cit
545 3580 558 3615 :
589 3561 647 3618 Si
670 3573 836 3615 autem
852 3559 1083 3617 Christus
1110 3562 1161 3615 iu
1182 3559 1318 3614 vobis
1334 3570 1423 3623 est,
1452 3575 1639 3630 corpus
1663 3560 1866 3632 quidem
1890 3577 2031 3617 mor-

440 3665 583 3709 tuum
614 3665 683 3709 est
712 3664 917 3725 prapter
946 3661 1226 3723 peccatum,
1257 3651 1467 3721 spiritus
1491 3661 1659 3706 autem
1685 3654 1784 3706 vita
1814 3661 1884 3707 est
1908 3669 2030 3723 pro-

440 3760 550 3820 pter
587 3748 858 3821 justitimu.
895 3747 953 3800 Si
997 3761 1116 3816 ergo
1153 3746 1359 3816 spiritus
1386 3746 1495 3816 ejus
1519 3745 1607 3816 qui
1647 3745 1906 3799 suscitavit
1942 3744 2034 3801 Je-

439 3858 553 3895 sum
579 3858 609 3894 a
649 3839 858 3892 mortuis
889 3838 1076 3890 habitat
1098 3838 1150 3889 in
1176 3836 1312 3890 vobis
1331 3877 1347 3902 ,
1389 3836 1474 3901 qui
1493 3836 1747 3890 suscitavit
1776 3835 2033 3892 Christum
2090 3890 2101 3909 ἱ

438 3930 615 3985 Jesum
638 3947 670 3981 α
700 3930 908 3981 mortuis
934 3972 943 3989 ,
975 3925 1242 3995 viviﬁcabit
1269 3937 1316 3980 et
1338 3927 1572 3980 mortalia
1596 3943 1809 3997 corpora
1834 3938 1996 3982 vestra
2014 3968 2031 3995 ,

440 4038 529 4094 per
548 4019 905 4074 iulmbituutem
934 4018 1166 4088 spiritum
1196 4017 1306 4086 ejus
1335 4017 1387 4071 in
1416 4017 1552 4071 vobis
1581 4015 1760 4086 (Rom.
1785 4033 1875 4073 rut
1894 4058 1911 4085 ,
1943 4018 2032 4086 10,

441 4115 551 4183 ll).
584 4112 717 4167 Puto
742 4111 882 4182 quod
912 4124 1017 4164 nou
1047 4119 1352 4179 exposuere
1375 4149 1392 4176 ,
1424 4108 1518 4163 sed
1549 4118 1751 4164 tantum
1779 4109 1982 4166 lectore
2011 4110 2033 4143 ⁸

439 4221 574 4276 Opus
601 4196 761 4258 habet
789 4213 893 4255 tam
924 4202 1065 4256 clara
1087 4210 1142 4254 et
1164 4211 1349 4270 aperta
1377 4200 1661 4255 sententia.
1691 4198 1919 4271 Corpus,
1948 4200 2031 4256 in-

439 4298 575 4369 quit,
605 4306 857 4350 mortuum
878 4304 972 4357 est,
1001 4310 1106 4348 non
1139 4302 1356 4363 propter
1377 4291 1718 4363 fragilitatem
1740 4302 2031 4363 terrenam,

439 4390 562 4460 quia
592 4389 659 4443 de
700 4396 856 4442 teme
887 4387 1104 4455 pulvere
1134 4383 1328 4439 factum
1357 4392 1474 4449 est,
1501 4382 1595 4439 sed
1624 4394 1832 4455 propter
1851 4400 2032 4457 pecca-

441 4494 583 4546 tum;
626 4478 751 4549 quid
781 4477 1008 4547 amplius
1037 4475 1363 4546 quatrimus?
1405 4475 1469 4530 Et
1498 4474 1898 4546 vigilantissime
1928 4492 2032 4532 non

439 4573 548 4638 ait,
582 4569 834 4635 Mortale;
875 4565 968 4623 sed
993 4609 1009 4634 ,
1043 4577 1317 4620 mortuum.

511 4662 738 4721 CAPUT
776 4660 841 4718 Υ.
871 4662 1013 4716 -5.
1041 4658 1291 4723 Mortale,
1315 4668 1571 4713 mortuum
1606 4675 1668 4714 ac
1710 4660 2029 4716 moriturum.

440 4756 680 4826 Namque
709 4762 993 4823 antequam
1024 4751 1394 4805 immolaretur
1425 4750 1476 4804 io
1505 4749 1648 4804 illam
1678 4750 2033 4820 incorruptioo

444 4862 600 4907 nem.
644 4861 762 4916 qua:
807 4845 858 4899 iu
899 4852 1207 4897 sanctorum
1255 4840 1645 4896 resurrectione
1684 4842 2027 4912 promittitur,

444 4945 653 5009 poterat
681 4950 800 4990 esse
827 4934 1080 5000 tuortale,
1113 4933 1355 5003 quamvis
1382 4948 1486 4986 non
1518 4934 1833 4987 moriturum
1858 4950 1874 4988 :
1898 4934 2035 4990 sicut

442 5031 546 5083 hoc
584 5034 821 5081 nostrum
849 5033 1060 5096 potest,
1092 5033 1148 5077 ut
1191 5023 1260 5097 ita
1290 5022 1463 5077 dicam
1489 5063 1505 5088 ,
1537 5035 1660 5078 esse
1687 5022 2030 5094 argrotabile,

441 5119 688 5187 quamvis
718 5132 820 5170 non
844 5124 1242 5181 temptaturum.
1270 5113 1432 5182 Cuius
1457 5116 1598 5171 enim
1628 5131 1755 5171 caro
1788 5125 1890 5180 est,
1914 5132 2033 5186 quin

444 5227 548 5264 non
578 5217 840 5279 aegrotare
868 5206 1065 5276 possit,
1095 5204 1306 5259 etiamsi
1346 5205 1526 5274 aliquo
1561 5220 1688 5260 casu
1729 5208 2032 5277 priusquam

442 5307 671 5372 a‘grutct
706 5295 1030 5353 occumbat?
1051 5294 1141 5353 Sic
1180 5303 1234 5350 et
1263 5294 1392 5349 illud
1417 5311 1609 5367 corpus
1626 5297 1736 5367 jam
1757 5309 1871 5353 erat
1899 5314 2035 5354 mor-

448 5395 591 5459 tale;
623 5405 783 5462 quam
811 5389 1188 5444 mortalitatem
1213 5386 1401 5445 fuerat-
1427 5388 1771 5460 absumptura
1814 5394 2035 5450 mutatio

510 5529 527 5562 ι
561 5523 785 5575 Gallicani
808 5529 1015 5583 quatuor
1037 5521 1347 5583 manuscripti
1368 5520 1563 5582 Optima:
1585 5529 1711 5574 nota:
1736 5530 1787 5573 et
1807 5524 1905 5574 duo
1928 5528 2036 5579 Bel-

448 5591 562 5650 πίει,
589 5596 636 5654 ut
661 5580 867 5654 «minaria
890 5584 998 5654 hoc
1014 5581 1213 5654 mortale
1234 5580 1414 5633 habens
1445 5595 1639 5646 corpus.
1672 5586 1891 5638 Nonnulli
1932 5589 2033 5654 alii,

450 5642 656 5718 iiuitiutle
679 5649 767 5698 hoc
789 5642 1096 5718 agtpwrm‘e.
1121 5653 1272 5718 eui-ﬂ
1304 5704 1315 5717 ,
1435 5717 1438 5718 ν
1530 5642 1539 5646 ν
1599 5707 1611 5718 .
1649 5708 1679 5718 -.

512 5717 532 5745 ²
554 5719 601 5761 ιιι
626 5720 740 5760 ante
764 5709 924 5761 editis.
948 5712 1281 5773 atrumst
1303 5709 1709 5773 in__t_nanuscriptis
1722 5721 1874 5773 prope
1886 5715 2037 5764 omni.

455 5775 545 5840 ius
569 5773 766 5836 legitur,
790 5781 1042 5840 anttortpu.
1069 5774 1119 5818 In
1143 5768 1300 5819 tribus
1318 5765 1446 5829 aliis,
1463 5765 1693 5817 annosus.

520 5833 538 5896 ἒ
571 5831 771 5896 ln'Mss.,
795 5831 1052 5896 coltyrida.

517 5894 541 5927 δ
569 5894 811 5945 cessimus
831 5892 936 5955 usi,
959 5892 1180 5944 relatore.

1058 422 1162 477 .DE
1204 418 1662 478 PECCATORUH
1706 411 1984 473 Mliltl'i‘lS
2026 418 2033 468 Ι

2153 412 2579 493 ιιειιιεειωιε,
2620 424 2677 480 ε.
2724 420 3092 489 AUGUSTI.“

3636 434 3668 498 ’ζ
3685 428 3751 497 ti

2144 533 2194 588 in
2219 545 2472 593 :eternam
2504 540 2956 614 incorruptionem
2980 588 2994 612 ,
3027 549 3068 601 si
3099 548 3147 602 iu
3182 548 3618 620 horuinejustitia
3642 597 3656 611 .
3692 555 3747 610 id

2142 633 2225 679 est
2265 626 2598 698 obedientia,
2634 648 2969 702 permaneret
3000 654 3012 690 :
3047 637 3139 692 sed
3169 641 3340 708 ipsum
3386 643 3611 699 mortale
3638 626 3779 701 non.

2142 726 2223 771 est
2249 717 2443 774 factum
2469 732 2735 780 mortuum
2760 728 2858 781 nisi
2887 741 3107 800 propter
3132 742 3428 801 peccatum.
3459 735 3591 802 Quia
3619 753 3746 792 vero

2143 806 2233 863 illa
2261 809 2313 865 in
2346 812 2363 843 ¹
2394 816 2786 873 resurrectione
2815 819 2987 875 futura
3020 823 3263 889 mutatio,
3297 840 3401 880 non
3424 828 3596 882 solum
3625 830 3746 883 nul-

2143 898 2246 954 lam
2279 913 2503 959 mortem
2529 947 2543 967 ,
2590 919 2710 977 qua:
2750 909 2886 964 facta
2920 922 3002 966 εει
3034 920 3250 981 propter
3295 927 3571 984 peceatum
3595 959 3609 979 .
3645 920 3742 974 sed

2142 1007 2241 1047 nec
2270 996 2643 1052 mortalitatem
2675 998 2916 1055 habitura
2946 1012 3068 1065 est,
3096 1016 3255 1074 quam
3275 1018 3473 1076 corpus
3504 1010 3747 1069 anintale

2143 1083 2324 1138 habuit
2348 1095 2470 1142 ante
2501 1099 2775 1157 peccatum
2803 1133 2817 1154 ,
2850 1108 2955 1147 non
2996 1095 3107 1159 ait,
3156 1095 3256 1160 Qui
3293 1099 3550 1153 suscitavit
3595 1101 3746 1156 Chri-

2139 1183 2271 1227 stum
2298 1174 2474 1229 Jesum
2516 1194 2547 1231 a
2593 1182 2836 1243 mortuis,
2878 1182 3145 1253 viviﬁrabit
3189 1198 3235 1240 et
3276 1200 3483 1243 mortua
3525 1208 3746 1262 corpora

2138 1276 2348 1330 vcs‘ra;
2384 1282 2505 1321 cum
2548 1284 2707 1339 supra
2748 1271 3002 1340 dixisset,
3050 1292 3235 1342 corpus
3271 1290 3528 1333 mortuum
3560 1297 3579 1335 :
3608 1283 3702 1337 sed
3724 1322 3743 1349 ,

2141 1357 2429 1425 viviﬁcabit,
2463 1359 2668 1431 inquit,
2695 1372 2741 1417 et
2765 1366 2999 1419 mortalia
3022 1382 3239 1435 corpora
3265 1379 3430 1424 vestra
3461 1386 3480 1425 :
3509 1381 3565 1427 ut
3592 1376 3743 1428 scili-

2140 1458 2223 1502 cet
2245 1447 2355 1518 jam
2379 1465 2484 1505 non
2515 1452 2817 1509 solum~nou
2846 1456 2952 1510 sint
2973 1468 3201 1525 mortua,
3227 1459 3320 1513 sed
3352 1476 3450 1516 nec
3470 1465 3741 1528 mortalia.

2140 1556 2261 1594 cum
2291 1543 2522 1600 animale
2549 1555 2792 1618 resurget
2831 1548 2881 1602 in
2924 1550 3206 1618 spirituale
3229 1592 3244 1617 ,
3276 1564 3330 1609 et
3371 1557 3598 1613 mortale
3637 1558 3745 1616 hoe

2142 1632 2323 1688 induet
2345 1635 2819 1704 immortalitatem,
2850 1650 2906 1696 et
2929 1642 3303 1700 absorbebitur
3328 1649 3553 1703 mortale
3577 1665 3608 1704 a
3631 1651 3739 1704 vita

2144 1723 2197 1793 (Ι
2223 1723 2340 1779 Cor.
2368 1741 2457 1791 xv,
2489 1728 2579 1793 M,
2611 1729 2839 1801 53,55).

2210 1814 2436 1873 CAPUT
2472 1819 2554 1872 VI.
2579 1850 2649 1859 —
2670 1821 2723 1875 ti.
2755 1822 3019 1890 Quomodo
3047 1842 3231 1896 corpus
3254 1838 3505 1883 mortuum
3530 1831 3591 1885 ob
3622 1849 3743 1901 pec-

2139 1906 2541 1962 catum.‘Mirmn
2573 1912 2615 1963 si
2644 1911 2840 1983 aliquid
2869 1916 3128 1983 qumritttr
3173 1918 3272 1974 bac
3302 1919 3741 1977 manifestatioue

2144 1997 2414 2067 liquidius.
2440 1999 2550 2055 Nisi
2591 2001 2726 2057 forte
2764 2005 3086 2061 audiendum
3125 2010 3423 2086 est,.quod
3464 2010 3588 2067 huic
3622 2027 3742 2083 per.

2139 2090 2403 2159 Spieuitati
2431 2092 2849 2156 contradicitur.
2893 2106 2947 2149 ut
2992 2108 3259 2153 mortuum
3306 2116 3498 2169 corpus
3541 2120 3738 2160 secun-

2140 2178 2265 2232 dum
2297 2180 2440 2234 illmn
2475 2182 2690 2237 modum
2720 2184 2803 2238 hic
2828 2187 3216 2255 intelligamus,
3252 2208 3360 2261 quo
3388 2194 3590 2248 dictum
3617 2207 3739 2262 εει,

2145 2267 2448 2338 Mortiﬁcate
2492 2275 2709 2326 membra
2740 2285 2900 2329 vestra
2924 2294 3038 2347 quae
3063 2291 3178 2332 sunt
3207 2297 3358 2351 super
3396 2294 3582 2339 terram
3611 2286 3739 2355 (Co-

2142 2357 2262 2413 loss.
2291 2375 2344 2413 ιιι
2365 2400 2381 2426 ,
2410 2361 2488 2431 5).
2525 2362 2631 2417 Sed
2661 2363 2762 2418 hoc
2787 2366 2946 2421 modo
2970 2384 3166 2439 corpus
3210 2383 3431 2443 propter
3468 2374 3739 2446 justitiam

2140 2448 2523 2515 mortificatur,
2564 2469 2669 2508 non
2697 2465 2912 2525 propter
2940 2472 3216 2528 peccatum
3247 2480 3260 2517 :
3294 2474 3352 2518 ut
3371 2466 3513 2521 enim
3544 2484 3743 2539 opere-

2142 2554 2261 2592 mur
2277 2539 2556 2609 justitiam,
2582 2545 2968 2605 mortificamus
2995 2552 3236 2608 membra
3258 2566 3439 2612 nostra
3463 2573 3583 2628 quae
3613 2573 3741 2616 sunt

2139 2643 2301 2700 super
2331 2641 2547 2688 terram.
2595 2637 2699 2691 Aut
2738 2639 2783 2693 si
2821 2648 3008 2710 putant
3052 2643 3173 2698 ideo
3213 2645 3488 2722 additum,
3533 2662 3736 2722 propter

2140 2733 2404 2791 peccatum
2423 2766 2438 2791 ,
2479 2734 2539 2781 ut
2577 2742 2684 2783 non
2716 2730 3072 2802 intelligamus
3094 2736 3215 2805 quia
3242 2718 3515 2806 peceatum
3534 2718 3745 2799 factum

2139 2825 2256 2884 est,
2284 2817 2377 2873 sed
2406 2828 2463 2872 ut
2490 2829 2766 2889 peccatum
2791 2839 2896 2877 non
2929 2825 3039 2891 fiat;
3065 2835 3317 2898 tauquam
3342 2830 3576 2897 diceret,
3608 2835 3759 2890 Cor!

2143 2922 2239 2978 pus
2278 2909 2490 2979 quidem
2540 2921 2808 2968 mortuum
2848 2925 2965 2984 est,
3014 2929 3235 2989 prepter
3276 2937 3385 2978 non
3439 2923 3739 2982 faciendum

2124 3009 2427 3077 peccatum.
2450 3018 2464 3056 :
2491 3002 2616 3072 quid
2644 3002 2749 3058 sibi
2781 3019 2908 3076 ergo
2947 3008 3094 3075 vult,
3125 3009 3270 3079 quod
3302 3026 3425 3069 cum
3468 3016 3738 3085 adjunxisv

2140 3098 2242 3156 set,
2270 3090 2496 3162 Spiritus
2512 3103 2680 3149 autem
2702 3095 2805 3149 vita
2829 3106 2927 3161 est;
2954 3097 3191 3165 addidit,
3220 3113 3427 3175 propter
3441 3106 3696 3176 justitiam
3715 3112 3741 3164 .’

2138 3180 2432 3238 Sull‘ecerat
2477 3184 2618 3239 enim
2648 3186 2691 3240 si
2736 3187 3051 3258 adiungeret
3083 3193 3104 3223 ⁹
3127 3234 3144 3259 ,
3175 3192 3349 3249 Vitam
3389 3197 3646 3266 spiritus;
3680 3214 3740 3255 ut

2139 3276 2299 3330 etiam
2328 3276 2415 3332 hic
2440 3277 2833 3345 subaudiretur,
2863 3281 3088 3351 Propter
3117 3299 3230 3339 non
3252 3284 3555 3343 faciendum
3604 3306 3734 3361 pec.

2139 3375 2318 3422 catum
2343 3385 2357 3422 :
2386 3369 2542 3424 utsic
2565 3378 2846 3442 utrumque
2883 3384 3100 3443 propter
3122 3391 3285 3432 unam
3317 3394 3430 3434 rem
3472 3381 3740 3453 intellige-

2138 3473 2322 3516 remus
2359 3469 2413 3516 et
2442 3470 2709 3516 mortuum
2737 3479 2858 3519 esse
2886 3480 3080 3536 corpus
3104 3510 3119 3534 ,
3147 3477 3203 3524 et
3232 3470 3392 3525 sitam
3423 3488 3542 3528 esse
3571 3476 3737 3545 spiri-

2139 3555 2250 3604 tum
2274 3552 2303 3614 ,”
2323 3558 2539 3621 propter
2582 3566 2686 3606 non
2721 3551 3019 3610 faciendum
3046 3566 3345 3624 peccatum.
3376 3559 3451 3616 Ita
3493 3564 3693 3635 quippe
3714 3603 3729 3626 ,

2138 3642 2347 3698 etiamsi
2376 3644 2742 3699 tantummodo
2775 3646 2931 3702 t‘ellet
2960 3648 3173 3717 dicere,
3207 3663 3415 3721 propter
3439 3655 3697 3724 justitiam
3717 3700 3731 3720 .

2141 3734 2245 3792 hoc
2276 3746 2390 3803 est,
2434 3746 2652 3807 propter
2690 3736 2984 3794 faciendam
3023 3741 3286 3811 justitiam
3309 3785 3325 3809 ,
3356 3753 3641 3816 utrumque
3666 3750 3735 3803 ad

2141 3824 2243 3881 hoc
2271 3836 2449 3895 posset
2476 3827 2661 3883 referri
2685 3825 2727 3892 ³,
2752 3838 2806 3883 ει
2835 3840 3100 3897 mortuum
3138 3847 3259 3889 esse
3297 3848 3495 3903 corpus
3516 3877 3533 3902 ,
3571 3846 3628 3891 ct
3652 3839 3736 3892 vi-

2142 3925 2247 3972 tam
2275 3914 2396 3973 esse
2419 3919 2683 3988 spiritum,
2713 3930 2931 3990 prepter
2955 3919 3248 3977 faciendam
3273 3923 3555 3993 justitiam.
3583 3925 3734 3983 Nunc

2139 4023 2270 4063 vero
2294 4016 2347 4066 et
2376 4020 2645 4065 mortuum
2672 4011 2805 4066 dixit
2832 4025 2952 4067 esse
2979 4026 3174 4082 corpus
3194 4022 3413 4084 propter
3434 4026 3732 4084 peccatum.

2138 4109 2195 4156 et
2217 4101 2460 4171 spiritum
2484 4117 2605 4158 esse
2633 4103 2794 4158 vitam
2826 4113 3042 4175 propter
3063 4105 3356 4175 justitiam;
3384 4107 3592 4163 diversa
3616 4126 3733 4165 me-
3827 4162 3834 4176 ,

2139 4193 2237 4248 rita
2261 4194 2487 4250 diversis
2512 4196 2670 4251 rebus
2694 4196 2992 4253 attribueus
3018 4215 3032 4252 :
3056 4200 3213 4253 morti
3233 4200 3447 4270 quidem
3468 4205 3729 4272 corporis,

2140 4286 2387 4341 meritum
2416 4287 2653 4357 peccati;
2678 4287 2800 4342 vita:
2827 4296 3003 4344 autem
3026 4288 3275 4359 spiritus,
3308 4293 3559 4347 meritum
3576 4295 3734 4363 justi-

2141 4377 2246 4432 tiae.
2278 4376 2535 4443 Quocirca
2564 4379 2606 4434 si
2632 4420 2646 4444 ,
2677 4387 2734 4434 ut
2757 4378 2988 4435 dubitari
3010 4395 3115 4435 non
3147 4391 3351 4452 potest,
3379 4384 3588 4453 spiritus
3629 4388 3735 4441 rita

2140 4479 2213 4524 est
2240 4479 2443 4541 praptcr
2458 4472 2733 4541 justitiam,
2758 4471 2859 4527 hoc
2878 4480 2991 4539 est,
3019 4474 3210 4529 merito
3228 4474 3471 4546 justitiaa;
3496 4478 3733 4547 profecto

2139 4577 2325 4631 corpus
2370 4572 2619 4614 mortuum
2662 4571 2864 4631 prapter
2906 4574 3198 4634 peccatum,
3228 4565 3353 4637 quid
3381 4567 3526 4622 aliud
3568 4584 3731 4640 quam

2139 4653 2333 4716 merito
2358 4652 2559 4721 peccati
2591 4652 2886 4723 intelligere
2910 4654 3169 4711 debemus
3202 4667 3294 4712 aut
3323 4673 3604 4727 possumus
3629 4703 3646 4729 ,
3685 4661 3733 4717 si

2139 4744 2533 4813 apertissimum
2561 4743 2852 4816 Scriptura:
2872 4761 3089 4803 sensum
3117 4764 3222 4804 non
3246 4765 3342 4819 pro
3362 4752 3582 4807 arbitrio
3607 4769 3732 4824 per-

2140 4843 2351 4891 vertere
2389 4849 2454 4890 ac
2490 4834 2813 4906 detorquere
2841 4838 3136 4893 conamur?
3162 4839 3276 4895 lluc
3303 4839 3326 4873 ⁸
3358 4843 3518 4897 etiam
3550 4846 3738 4900 verbo-

2139 4943 2259 4983 rum
2290 4930 2729 5000 consequentium
2758 4931 2937 4987 lumen
2966 4932 3191 4989 accedit.
3235 4935 3369 4991 Cum
3410 4938 3550 4992 enim
3592 4954 3733 5010 pra:-

2141 5024 2309 5078 scntis
2339 5024 2594 5093 temporis
2634 5024 2858 5095 gratiam
2906 5025 3269 5086 determinans
3316 5031 3548 5099 dicere‘t,
3590 5049 3734 5090 mor-

2143 5122 2291 5168 tuum
2320 5114 2534 5184 quidem
2561 5130 2681 5170 esse
2711 5122 2907 5186 corpus
2936 5129 3151 5189 prepter
3179 5131 3454 5189 peccatum
3478 5164 3491 5187 ,
3523 5124 3646 5194 quia
3679 5126 3732 5181 in

2140 5218 2208 5260 eo
2238 5204 2471 5259 nondum
2495 5220 2589 5275 per
2614 5209 3060 5267 resurrectionem
3090 5223 3366 5280 renovato,
3393 5215 3592 5283 peccati
3617 5232 3735 5272 me-

2141 5299 2301 5352 ritum
2329 5307 2543 5363 manet,
2584 5297 2687 5352 hoc
2703 5308 2785 5354 est
2810 5302 3097 5356 necessitas
3123 5305 3343 5367 moi-tis;
3368 5306 3610 5374 spiritum
3643 5323 3736 5361 au-

2142 5398 2251 5445 tem
2299 5390 2462 5445 vitam
2506 5405 2626 5447 esse
2656 5402 2875 5461 prepter
2895 5393 3195 5462 justitiam,
3225 5396 3346 5467 quia
3393 5399 3513 5452 licet
3561 5398 3736 5456 adhuc

2142 5496 2367 5552 corpore
2397 5482 2583 5536 mortis
2609 5481 2768 5551 hujus
2792 5496 3109 5551 oneremur,
3136 5486 3245 5555 jam
3274 5488 3571 5544 secundum
3600 5490 3738 5545 inte-

2208 5595 2225 5665 ξ
2259 5593 2580 5664 Μειιιιιεειιιιιιί,
2604 5592 2719 5658 quia
2741 5606 2852 5645 vero
2870 5593 2958 5646 illa
2981 5597 3349 5661 resurrectione,
3382 5601 3556 5652 onissa
3592 5604 3736 5665 parti-

2144 5654 2362 5790 (fuga’sg:
2390 5720 2443 5765 et
2460 5722 2532 5765 Er.
2557 5713 2827 5781 :Sumceret
2841 5717 2970 5770 enim
2990 5719 3035 5771 si
3056 5719 3357 5786 adjwtgeret.
3383 5729 3514 5784 ιον..
3546 5722 3620 5777 sic
3645 5724 3733 5773 mt-

2139 5790 2365 5913 Ῑωὲαξιῖξιί
2392 5845 2487 5897 nn,
2513 5839 2586 5913 od
2610 5846 2863 5913 rarumque
2886 5850 3040 5906 posset
3059 5842 3151 5897 hoc
3172 5843 3367 5910 referri.

2215 5902 2235 5934 ι
2271 5901 2490 5963 Plerique
2513 5908 2643 5962 Mss,
2666 5901 2794 5955 huic;
