4168 6542
335 510 437 564 ηδ

332 632 530 678 riorem
559 621 830 677 hominem
856 631 1027 691 empta
1063 622 1405 676 renovatione
1434 621 1485 675 in
1519 620 1639 675 lidei
1666 619 1925 690 justitiam

333 715 410 788 (It)
434 713 760 784 respiramus
785 731 797 768 :
825 722 998 768 tamen
1022 728 1087 767 ne
1112 711 1342 768 humana
1357 711 1650 783 ignorantia
1667 712 1733 766 de
1753 724 1930 765 resur-

254 872 259 877 _
332 810 568 865 sectione
605 811 844 877 corporis
878 808 1006 863 nihil
1051 815 1337 878 Speraret,
1370 803 1528 861 etiam
1573 806 1744 877 ipsum
1783 801 1927 875 quod

332 911 548 970 propter
589 900 835 955 meritum
881 899 1082 970 peccati
1124 898 1175 953 in
1207 898 1457 968 praesenti
1500 897 1695 951 sarculo
1721 895 1929 951 dixerat

330 1004 595 1048 mortuum
616 1033 635 1060 ,
666 993 716 1047 in
740 992 924 1048 futuro
951 1001 1165 1064 propter
1191 990 1438 1047 meritum
1464 991 1684 1061 justitiie
1705 988 1833 1045 dicit
1860 989 1927 1043 vi-

330 1083 685 1147 vilicandum;
712 1099 810 1140 nec
837 1084 913 1140 sic
934 1092 989 1138 ut
1028 1092 1231 1137 tantum
1258 1098 1322 1139 ex
1352 1091 1564 1137 mortuo
1587 1081 1765 1135 vivum
1798 1078 1890 1134 liat
1909 1119 1923 1145 ,

246 1191 253 1198 ε
332 1191 512 1230 verum
545 1176 705 1231 etiam
727 1191 793 1231 ex
825 1177 1037 1230 mortali
1061 1175 1386 1230 immortale.

398 1267 624 1324 CAPUT
671 1266 777 1321 νη.
818 1298 888 1308 -—
913 1268 965 1321 7.
1009 1266 1120 1320 Vita
1148 1266 1376 1337 corporis
1402 1264 1654 1336 speranda
1677 1307 1693 1332 ,
1736 1281 1929 1336 prave-

328 1361 475 1414 dente
506 1361 621 1431 jam
649 1362 749 1416 vita
791 1361 1018 1433 spiritus.
1048 1360 1363 1431 Quanquam
1409 1359 1587 1430 itaque
1628 1374 1821 1414 verear
1858 1374 1927 1415 ne

329 1467 415 1508 res
445 1452 722 1507 manifesta
751 1451 1068 1524 exponendo
1112 1452 1289 1524 potius
1330 1450 1683 1519 obscuretur,
1719 1459 1929 1521 aposto-

329 1542 444 1601 lica:
474 1553 648 1600 tamen
681 1545 959 1601 sentcntire
990 1546 1166 1600 lumen
1214 1544 1448 1599 attende.
1484 1543 1546 1600 Si
1574 1538 1739 1597 autefu
1769 1542 1921 1599 Chri~

326 1646 466 1701 stus,
499 1637 706 1709 inquit,
737 1638 789 1692 in
816 1638 953 1692 vobis
978 1646 1049 1692 est
1067 1679 1083 1699 .
1119 1654 1302 1708 corpus
1329 1636 1529 1704 quidem
1555 1646 1809 1689 mortuum
1851 1644 1925 1689 est

329 1738 532 1799 prapter
554 1740 846 1798 peccatum,
889 1730 1098 1799 spiritus
1124 1738 1288 1783 autem
1319 1730 1419 1782 vita
1442 1737 1514 1783 est
1541 1716 1747 1799 propter
1761 1729 1922 1799 justi-

326 1820 465 1872 tiam.
494 1819 603 1875 Iloc
633 1820 833 1874 dictum
858 1829 941 1875 est
966 1863 978 1885 ,
1010 1837 1076 1875 ne
1117 1820 1236 1875 ideo
1269 1827 1516 1889 putarent
1555 1820 1799 1874 homines
1840 1819 1922 1874 vel

329 1911 529 1965 ouillum
549 1954 563 1975 ,
605 1912 686 1967 vel
730 1929 950 1983 parvum
982 1928 1040 1968 se
1070 1912 1266 1967 habere
1298 1911 1613 1967 beneﬁcium
1652 1911 1720 1967 de
1754 1912 1920 1979 gratia

328 2001 547 2064 Clu-isti,
575 2003 694 2072 quia
720 2003 1024 2058 necessario
1052 2004 1292 2058 morituri
1322 2012 1447 2057 sunt
1466 2018 1712 2073 corpore.
1742 2003 1925 2058 Atten-

278 2112 283 2123 ι
325 2091 454 2149 dere
473 2095 667 2165 quippe
688 2094 906 2161 debent,
933 2110 1133 2165 corpus
1147 2094 1359 2165 quidem
1383 2094 1558 2148 adhuc
1581 2094 1780 2165 peccati
1805 2110 1920 2149 me-

327 2184 484 2239 ritum
515 2201 702 2257 gerere
722 2226 736 2250 ,
766 2186 908 2258 quod
931 2187 1222 2243 Conditioni
1253 2187 1439 2241 mortis
1460 2187 1773 2243 obstrictum
1802 2197 1919 2253 est;

325 2280 418 2335 sed
444 2279 552 2350 jam
583 2280 829 2350 spiritum
855 2281 1084 2351 cmpisse
1114 2282 1293 2335 vivere
1323 2290 1538 2351 propter
1559 2281 1821 2351 justitiam
1853 2283 1918 2337 Ii-

325 2368 445 2433 dei,
467 2371 556 2441 qui
590 2380 645 2426 et
669 2372 781 2442 ipse
813 2371 863 2425 in
897 2371 1114 2427 homine
1142 2372 1311 2424 fuerat
1338 2370 1567 2442 quadam
1597 2382 1770 2427 morte
1796 2372 1919 2428 inil-

325 2462 558 2519 delitatis
585 2465 905 2521 exstinctus.
936 2463 1052 2519 Non
1083 2464 1244 2535 igi.ttr
1266 2508 1280 2531 ,
1317 2465 1520 2536 inquit,
1551 2481 1735 2536 parum
1769 2466 1921 2522 vobis

326 2554 564 2610 muneris
593 2557 787 2624 putetis
816 2570 937 2612 esse
961 2556 1214 2611 collatum
1241 2600 1253 2619 .
1289 2573 1382 2628 per
1409 2556 1458 2611 id
1506 2557 1649 2628 quod
1675 2558 1918 2614 Christus

324 2646 376 2701 in
405 2648 555 2703 vobis
588 2658 668 2704 est
689 2689 707 2714 ,
727 2650 868 2720 quod
899 2651 948 2703 in
971 2665 1197 2719 corpore
1227 2660 1444 2720 pr0pter
1472 2661 1745 2721 peccatum
1778 2667 1921 2708 mor-

324 2750 448 2804 tuo,
475 2740 583 2809 jam
612 2751 829 2811 propter
852 2732 1112 2812 justitiam
1144 2752 1321 2798 vester
1360 2744 1579 2814 spiritus
1606 2745 1772 2806 vivit;
1818 2760 1919 2801 nec

325 2833 445 2887 ideo
486 2833 554 2889 de
601 2835 707 2888 vita
749 2849 961 2906 quoque
1004 2836 1171 2905 ipsius
1210 2838 1452 2905 corporis
1497 2835 1812 2906 desperatis.
1856 2839 1921 2895 Si

321 2926 454 2980 enim
483 2927 691 2998 spiritus
719 2928 829 2999 ejus
858 2929 946 2997 qui
974 2928 1228 2983 suscitavit
1254 2927 1512 2984 Christum
1531 2946 1562 2982 α
1592 2931 1801 2984 mortuis
1827 2930 1921 2984 Ita-

319 3015 445 3070 bitat
468 3018 521 3070 in
548 3017 684 3071 vobis
706 3059 722 3083 ,
750 3018 837 3088 qui
857 3019 1116 3073 suscitavit
1136 3018 1392 3075 Christum
1422 3038 1452 3073 a
1486 3022 1696 3075 mortuis
1713 3064 1728 3086 ,
1753 3022 1916 3091 viviﬁ-

320 3107 453 3162 ccbit
483 3118 529 3161 et
560 3110 797 3163 mortalia
825 3125 1041 3179 corpora
1071 3121 1233 3165 vestra
1261 3129 1351 3182 per
1379 3111 1740 3167 inhabitantem
1768 3115 1921 3185 spiri-

320 3204 423 3250 tum
452 3199 560 3267 ejus
585 3199 638 3253 in
663 3199 817 3254 vobis.
860 3199 999 3269 Quid
1029 3200 1203 3257 adhuc
1231 3212 1395 3258 tanta:
1427 3203 1532 3258 luci
1573 3205 1750 3261 fumus
1789 3222 1919 3262 con-

322 3289 573 3343 tentionis
612 3288 943 3345 oll'unditur‘!
970 3291 1179 3348 Clamat
1203 3295 1493 3364 Apostolus
1526 3312 1539 3349 :
1569 3296 1776 3368 Corpus
1802 3298 1916 3369 qnio

322 3380 445 3438 dem
475 3393 738 3439 mortuum
765 3395 847 3441 est
878 3386 931 3441 in
964 3388 1115 3442 vobis
1143 3398 1359 3459 propter
1379 3398 1654 3460 peccatum
1677 3434 1692 3458 ,
1720 3392 1814 3447 sed
1838 3393 1917 3447 vi-

324 3476 677 3531 viﬁcabuntur
721 3477 883 3532 etiam
928 3479 1172 3534 mortalia
1220 3496 1448 3551 corpora
1486 3494 1659 3538 vestra
1703 3492 1919 3555 propter

316 3565 573 3637 juStitiam
594 3609 609 3631 ,
640 3579 856 3639 propter
878 3586 1035 3641 quam
1070 3587 1211 3628 nunc
1242 3572 1354 3643 jam
1399 3575 1616 3647 Spiritus
1656 3577 1760 3630 vita
1794 3586 1876 3633 est
1898 3620 1919 3645 ,

320 3659 463 3729 quod
486 3670 652 3716 totum
685 3664 989 3733 perlicietur
1019 3680 1113 3735 per
1148 3668 1373 3737 gratiam
1402 3667 1629 3734 Christi,
1668 3668 1772 3725 hoc
1798 3682 1879 3725 est
1898 3715 1914 3739 ,

323 3765 419 3820 per
440 3750 821 3810 inltahitantem
846 3756 1091 3825 Spiritum
1115 3756 1231 3827 ejus
1257 3758 1310 3812 in
1335 3759 1504 3825 vobis;
1534 3770 1589 3815 et
1616 3761 1792 3818 adhuc
1831 3779 1918 3820 re-

320 3842 617 3899 clamatur!
657 3845 792 3901 Dicit
828 3848 987 3902 etiam
1014 3849 1460 3918 quemadmodum
1503 3851 1674 3908 ﬁatut
1715 3854 1819 3910 vita
1865 3855 1916 3911 in

321 3953 383 3991 se
426 3947 652 3995 mortem
692 3942 1065 3997 mortiﬁcando
1106 3953 1385 3999 convertat
1413 3946 1447 4001 ¹.
1480 3945 1622 4019 Ergo
1646 3990 1663 4016 ,
1690 3953 1874 4020 fratres
1900 3993 1914 4016 ,

323 4028 515 4099 inquit,
538 4031 785 4088 debitores
806 4049 980 4088 sumus
1006 4051 1106 4090 non
1131 4036 1273 4090 carni
1292 4080 1305 4099 .
1338 4046 1390 4091 ut
1414 4040 1689 4094 secundum
1715 4059 1917 4098 carnem

321 4123 562 4176 sivmnus.
584 4123 645 4178 Si
664 4125 796 4178 enim
812 4126 1088 4197 secundum
1114 4144 1317 4183 carnem
1344 4131 1587 4197 vixeritis,
1611 4135 1916 4202 moriemini;

318 4216 367 4270 si
409 4197 577 4270 autem
621 4218 808 4288 spiritu
850 4222 988 4290 facta
1028 4223 1197 4277 carnis
1241 4225 1695 4294 morti/icaveritis,
1745 4229 1917 4285 vivetis

321 4305 499 4377 (liam.
527 4323 648 4375 vnt,
679 4310 891 4382 10-15).
913 4310 1049 4381 Quid
1072 4322 1154 4369 est
1182 4313 1325 4368 aliud
1347 4357 1364 4379 ,
1394 4332 1551 4385 quam
1579 4316 1682 4373 hoc
1710 4337 1722 4372 :
1749 4319 1804 4375 Si
1830 4335 1918 4376 se-

318 4401 553 4456 cundum
583 4412 809 4459 mortem
838 4405 1080 4461 vixeritis
1098 4447 1118 4474 ,
1144 4414 1310 4461 totum
1339 4412 1632 4477 morietur;
1662 4414 1705 4467 si
1736 4423 1915 4469 autem

319 4493 613 4549 secundum
644 4496 805 4551 vitam
847 4496 1074 4575 vivendo
1118 4508 1345 4555 mortem
1380 4503 1824 4561 mortilicaveritis
1854 4508 1914 4574 θ,

321 4590 492 4637 totum
520 4584 659 4641 vivet
671 4585 697 4639 ἲ

391 4675 619 4733 CAPUT
659 4677 791 4734 VIII.
833 4710 903 4720 —
949 4679 1001 4736 8.
1043 4679 1200 4736 Verba
1251 4681 1404 4738 Pauli
1445 4702 1545 4756 quo
1584 4705 1734 4743 sensu
1763 4690 1916 4746 intel-

319 4769 543 4840 ligenda.
597 4772 724 4826 Item
768 4772 909 4844 quod
941 4774 1055 4841 ait,
1106 4774 1209 4830 Pcr
1249 4776 1501 4833 hominem
1550 4797 1686 4836 mors
1724 4792 1772 4837 et
1826 4800 1916 4854 per

320 4862 575 4917 hominem
603 4868 900 4919 resurrectio
927 4879 1244 4922 mortuorum
1282 4885 1302 4924 :
1322 4870 1450 4941 quid
1477 4873 1619 4928 aliud
1659 4890 1818 4946 quam
1848 4878 1918 4934 de

320 4962 493 5008 morte
511 4959 750 5024 corporis
775 4955 992 5027 intelligi
1025 4968 1218 5028 potest,
1242 4962 1458 5031 quando
1480 4972 1536 5018 ut
1564 4963 1665 5021 hoc
1690 4964 1914 5036 diceret,

319 5046 387 5100 de
414 5049 806 5105 resurrectione
834 5052 1076 5121 corporis
1102 5052 1440 5123 loquebatur,
1460 5070 1686 5130 eamque
1716 5060 1916 5118 instan-

323 5140 524 5193 tissinta
557 5131 621 5195 'et
665 5142 923 5196 acerrima
970 5144 1263 5201 intentione
1315 5147 1608 5205 suadebat?
1655 5152 1791 5221 Quid
1835 5164 1917 5209 est

320 5246 449 5302 ergo
476 5235 615 5303 quod
660 5233 746 5289 hic
771 5236 845 5289 ait
871 5236 937 5290 ad
965 5237 1272 5293 Corinthios
1296 5282 1312 5306 ,
1348 5241 1447 5295 I’cr
1476 5243 1728 5299 hominem
1758 5265 1914 5315 mors,

318 5332 367 5376 et
410 5339 501 5392 per
540 5323 790 5380 hominem
828 5329 1127 5384 resurrectio
1152 5344 1483 5388 mortuorum.
1517 5335 1664 5392 Sicut
1705 5339 1837 5395 enim
1864 5343 1916 5397 in

319 5414 485 5470 Adam
514 5433 684 5473 omnes
705 5421 1008 5486 moriuntur,
1031 5423 1105 5477 sic
1125 5434 1171 5479 et
1196 5424 1247 5479 in
1274 5423 1474 5482 Christo
1496 5445 1669 5487 omnes
1690 5433 1914 5504 vivi/ica-

320 5507 511 5563 bunlur
537 5508 581 5581 (I
612 5506 731 5565 Cori.
756 5528 847 5579 xv,
874 5511 967 5582 2|,
996 5512 1110 5586 22):
1137 5515 1235 5570 nisi
1267 5518 1405 5588 quod
1435 5520 1508 5575 ait
1533 5527 1690 5578 etiam
1711 5523 1778 5579 ad
1810 5526 1915 5583 Ro-

385 5626 423 5696 ξ.
440 5622 559 5696 aditi
577 5656 602 5696 ,_
613 5629 668 5695 _ut
690 5623 833 5696 vitam
870 5623 922 5677 in
959 5641 1026 5696 se‘
1049 5636 1250 5696 mortem
1291 5630 1632 5696 mortiﬁcme
1654 5622 1912 5691 convertat.

321 5684 487 5747 Aptius
524 5687 735 5756 Vaticani
758 5694 887 5756 Mss,
914 5688 1104 5756 uti-ita,
1143 5692 1190 5741 id
1214 5702 1318 5749 est.
1366 5684 1915 5756 spi'ritusmortilicando

318 5747 702 5820 (XH'pUS,FQ{Jd?t
723 5750 974 5820 Spirituale
988 5747 1234 5820 aevivum.
1252 5747 1649 5820 tnttygirannensi
1668 5747 1916 5815 vitam];

317 5807 466 5872 gitur,
479 5816 531 5859 ut
542 5807 636 5860 rita
651 5810 703 5861 in
722 5807 774 5862 se
793 5819 993 5864 mortem
1008 5807 1909 5926 viri/icandoittoiitiﬁcandocotivertat.

384 5871 405 5903 ν
436 5869 657 5922 Gallicani
681 5882 887 5926 quatuor
914 5883 963 5926 et
987 5880 1085 5926 ﬂllit
1106 5892 1181 5926 am
1199 5878 1376 5926 BL‘Illtii
1405 5888 1528 5926 λίςς..
1569 5892 1768 5926 nmrbm
1792 5888 1904 5926 ιοὶιιὸ-

384 5871 405 5903 ²
436 5869 657 5943 Gallicani
681 5882 887 5936 quatuor
914 5883 963 5927 et
987 5869 1181 5940 quidam
1199 5878 1376 5942 Belgici
1405 5869 1904 5943 "iibfiéhi’iifi'i

323 5930 595 6000 ﬁrmerﬂts.

383 5993 455 6056 (α)
490 6003 629 6046 Forte
643 6032 655 6055 ,
672 5995 883 6058 jus-tilia.

1647 463 1653 469 ’
1727 502 1928 558 Lmen
1972 500 2242 559 manus.

2781 580 2789 593 ε
3534 516 3637 571 iis

2039 632 2257 682 nsanos,
2294 616 2395 672 Per
2422 638 2573 673 unam
2600 623 2863 677 hominem
2881 634 3141 694 peccaturis
3178 628 3386 683 intravit
3411 629 3463 685 in
3488 648 3635 685 mttu-

2037 709 2160 763 dum
2183 753 2198 776 ,
2231 720 2279 764 et
2305 726 2392 779 per
2416 723 2677 781 peccatum
2706 731 2840 769 mors
2871 714 3045 785 (Rom.
3095 732 3158 783 v,
3208 716 3335 790 ην
3373 717 3519 776 Ilanc
3562 720 3635 775 illi

2035 809 2262 856 mortem
2290 844 2302 864 ,
2334 818 2438 856 non
2466 805 2705 875 corporis
2726 848 2740 873 ,
2773 806 2868 863 sed
2911 806 3105 863 anima:
3144 808 3368 880 intelligi
3411 816 3633 872 \‘0Ittttt;

2033 892 2185 962 quasi
2215 894 2354 949 aliud
2403 895 2603 951 dictum
2629 898 2697 951 sit
2740 897 2806 952 ad
2843 896 3148 955 Corinthios
3172 944 3188 967 ,
3244 899 3344 956 Per
3383 903 3634 959 hominem

2033 1000 2204 1053 mors,
2236 987 2322 1041 ubi
2354 988 2574 1043 omnino
2599 989 2791 1053 anima:
2840 1000 3068 1046 mortem
3118 991 3361 1060 accipere
3406 1008 3511 1048 non
3556 996 3632 1048 si-

2032 1087 2251 1145 nuntur,
2282 1080 2404 1148 quia
2430 1079 2497 1135 de
2526 1083 2923 1138 resurrectione
2944 1084 3188 1153 corporis
3216 1086 3492 1155 agebatur,
3517 1104 3633 1157 qua».

1999 1201 2003 1205 -
2032 1167 2189 1221 morti
2213 1170 2453 1239 carparis
2482 1180 2563 1225 est
2590 1172 2877 1227 contraria.
2903 1172 3027 1228 Ideo
3056 1174 3217 1230 etiam
3244 1176 3355 1230 sola
3388 1192 3535 1231 mors
3564 1176 3633 1232 illi

2033 1273 2130 1327 per
2155 1257 2422 1314 hominem
2450 1260 2584 1316 facta
2614 1274 3033 1319 commemorata
3055 1274 3159 1328 est,
3190 1281 3293 1320 non
3320 1266 3479 1321 etiam
3502 1284 3629 1339 pec-

2030 1358 2245 1414 catum;
2275 1350 2396 1420 quia
2426 1367 2531 1406 non
2561 1353 2818 1423 agebatur
2844 1353 2913 1409 de
2949 1353 3186 1425 iustitia,
3217 1371 3338 1427 qua!
3363 1360 3632 1412 Contraria

1952 1448 1967 1467 κ
2030 1448 2114 1495 est
2140 1452 2357 1510 peccato
2377 1484 2392 1512 ,
2423 1444 2517 1499 sed
2539 1444 2606 1501 de
2631 1446 2873 1517 corporis
2900 1448 3294 1505 resurrectione
3313 1490 3328 1517 ,
3354 1465 3474 1523 qua:
3495 1464 3627 1504 con-

2030 1532 2190 1586 traria
2221 1543 2300 1588 est
2329 1537 2570 1608 corporis
2589 1538 2771 1593 morti.

2099 1622 2326 1680 CAPUT
2367 1625 2456 1681 IX.
2488 1624 2571 1669 -’
2588 1628 2642 1684 9.
2677 1628 2947 1686 Peccatum
2973 1633 3357 1705 propagatione,
3383 1650 3485 1689 non
3512 1635 3627 1688 imi-

2028 1716 2218 1798 tatione
2254 1728 2451 1774 tantum
2476 1722 2716 1778 transisse
2736 1724 2791 1778 in
2820 1741 3011 1780 omnes.
3038 1724 3150 1781 Hoc
3169 1737 3346 1782 autem
3368 1727 3628 1798 apostoli-

2027 1825 2148 1867 cum
2176 1814 2534 1870 testimonium
2562 1818 2614 1872 in
2644 1832 2753 1889 quo
2779 1819 2889 1886 ait,
2919 1817 3021 1874 Per
3050 1836 3206 1875 unum
3232 1820 3486 1877 hominem
3506 1838 3626 1894 pec-

2026 1915 2196 1961 catum
2233 1907 2437 1962 intrarit
2464 1910 2517 1964 in
2541 1912 2785 1965 mundum
2806 1953 2825 1978 ,
2853 1921 2900 1967 et
2930 1929 3019 1983 per
3045 1921 3302 1985 peccatum
3323 1929 3488 1982 mors,
3529 1927 3625 1969 co-

2026 1997 2142 2052 nari
2170 2012 2275 2055 eos
2310 1999 2525 2071 quidem
2558 2001 2623 2057 in.
2644 2002 2813 2058 aliam.
2829 2019 3020 2059 novam
3063 2005 3383 2076 detorquere
3412 2005 3623 2077 opinio-

2026 2102 2149 2144 nem
2174 2132 2190 2154 ,
2234 2090 2336 2145 tuis
2367 2092 2563 2148 litteris
2587 2093 2881 2162 intimasti;
2929 2094 3028 2152 sed
3058 2096 3309 2165 quidnam
3342 2096 3473 2153 illud
3513 2098 3580 2154 sit
3605 2141 3622 2164 .

2025 2182 2168 2242 quod
2193 2184 2247 2239 in
2274 2185 2357 2240 his
2378 2186 2557 2243 verbis
2594 2188 2883 2259 opinentur
2905 2233 2920 2255 ,
2953 2192 3185 2248 tacuisti.
3214 2192 3483 2261 Quantum
3520 2211 3619 2250 au-

2036 2276 2143 2324 tem
2168 2284 2235 2326 ex
2261 2270 2380 2328 aliis
2400 2279 2656 2345 comperi,
2693 2282 2792 2332 hoc
2821 2281 2892 2333 ibt
2920 2282 3179 2347 sentiunt,
3207 2284 3349 2352 quod
3385 2294 3437 2337 et
3467 2299 3611 2338 mors

2034 2359 2133 2415 ista
2177 2359 2295 2431 αὴ
2338 2365 2446 2420 illic
2488 2378 2908 2424 commemorata
2948 2381 3062 2435 est,
3088 2386 3201 2427 non
3233 2372 3303 2426 sit
3338 2373 3610 2441 corporis,

2040 2467 2199 2525 quam
2248 2457 2436 2513 nolunt
2462 2460 2631 2516 Adam
2664 2465 2932 2530 peccando
2972 2467 3266 2532 meruisse,
3305 2468 3397 2522 sed
3439 2473 3610 2522 anima

2037 2562 2153 2618 quia
2192 2550 2253 2605 in
2289 2553 2406 2621 ipso
2444 2569 2663 2624 peccato
2702 2556 2755 2611 th
2790 2559 2804 2590 ⁸
2838 2575 2853 2612 :
2885 2568 2938 2615 et
2977 2559 3147 2629 ipsum
3193 2575 3463 2628 pecralttm
3508 2577 3612 2616 non

2032 2647 2412 2716 propagatione
2439 2651 2489 2702 in
2512 2651 2645 2705 alios
2679 2651 2922 2706 hovnines
2950 2671 3012 2709 ex
3049 2656 3216 2720 prium
3248 2657 3493 2723 homine,
3518 2665 3613 2711 seu

2023 2731 2319 2789 imitatione
2346 2735 2623 2791 transisse.
2654 2736 2787 2793 Ilinc
2815 2737 2959 2793 enim
2987 2739 3146 2794 etiam
3174 2741 3225 2795 in
3249 2740 3483 2810 parvulis
3518 2758 3603 2793 no.
3678 2752 3681 2755 ·

2023 2824 2137 2879 lunt
2157 2825 2379 2882 credere
2410 2843 2503 2897 per
2527 2828 2851 2898 Baptismum
2877 2832 3010 2887 solvi
3034 2833 3293 2905 originale
3318 2847 3617 2906 peccatum.

2021 2917 2163 2985 quod
2195 2918 2247 2972 in
2275 2919 2615 2977 nascentibus
2642 2922 2843 2978 nullum
2870 2938 2991 2980 esse
3020 2927 3237 2982 omnino
3267 2927 3614 2984 contendunt.

2023 3006 2129 3062 Sed
2159 3008 2206 3064 si
2232 3010 2519 3080 Apostolus
2549 3021 2823 3082 peccatum
2868 3015 3001 3071 illud
3048 3032 3472 3074 commemorare
3521 3034 3616 3074 vo-

2024 3095 2212 3153 luisset
2238 3141 2253 3166 ,
2285 3100 2428 3170 quod
2469 3102 2522 3156 in
2551 3103 2692 3159 hunc
2734 3102 3029 3176 mundum,
3058 3124 3165 3164 non
3197 3110 3578 3181 propagatione
3600 3156 3613 3175 ,

2022 3187 2116 3243 sed
2143 3189 2437 3246 imitatione
2459 3191 2735 3250 intraverit
2750 3196 2792 3262 ’ς
2822 3196 2940 3267 ejus
2959 3198 3275 3270 principem,
3298 3216 3402 3256 non
3423 3202 3610 3257 Adam.

2022 3281 2115 3336 sed
2142 3282 2414 3338 diabolum
2438 3284 2669 3353 diceret,
2697 3289 2764 3343 de
2791 3304 2899 3360 quo
2924 3291 3179 3362 scriptum
3208 3302 3291 3348 est
3310 3336 3325 3361 ,
3361 3294 3433 3349 Ab
3474 3295 3616 3349 initia

2023 3373 2255 3430 diabolus
2280 3386 2451 3444 peccat
2488 3377 2533 3448 (l
2568 3378 2725 3435 Joan.
2760 3397 2816 3437 tn
2839 3424 2856 3451 ,
2883 3381 2963 3456 8).
2998 3384 3074 3441 De
3103 3385 3209 3457 quo
3233 3389 3391 3442 etiam
3426 3387 3616 3461 legitur

2024 3467 2076 3520 in
2107 3467 2244 3523 libro
2270 3468 2580 3541 Sapientia,
2610 3471 2816 3529 Invidia
2839 3483 3009 3531 autem
3036 3478 3227 3534 diaboli
3251 3497 3386 3536 mors
3410 3482 3615 3537 intravit

2020 3558 2074 3611 in
2104 3558 2271 3614 orbem
2297 3569 2565 3617 terrarum.
2595 3564 2726 3620 Nam
2753 3568 3005 3637 quoniam
3036 3570 3133 3625 ista
3162 3586 3305 3627 mors
3334 3573 3412 3628 sic
3437 3588 3467 3627 a
3497 3573 3610 3628 dia~

2022 3651 2147 3707 bolo
2175 3654 2321 3708 venit
2345 3653 2398 3710 in
2440 3654 2705 3724 homines,
2736 3676 2841 3714 non
2870 3660 3012 3732 quod
3042 3663 3110 3719 ab
3148 3664 3240 3720 illo
3269 3664 3465 3722 fuerint
3495 3684 3616 3737 pro-

2022 3745 2194 3815 pagati
2218 3787 2232 3811 ,
2261 3746 2356 3801 sed
2380 3747 2525 3817 quod
2559 3764 2682 3804 eum
2712 3750 2908 3808 fuerint
2936 3753 3159 3822 imitati,
3184 3757 3455 3812 continuo
3484 3759 3615 3813 sub-

2017 3836 2224 3908 jnnxit,
2265 3838 2542 3896 Imitantur
2569 3853 2737 3898 autent
2775 3863 2887 3900 eam
2927 3847 3013 3915 qui
3039 3860 3156 3903 sunt
3189 3866 3254 3904 ex
3288 3861 3431 3921 parte
3460 3851 3621 3922 ipsius

2021 3926 2179 4000 (Sap.
2212 3946 2270 3998 ιι,
2300 3930 2391 3997 ﬁt,
2418 3932 2535 3997 25).
2560 3934 2791 3991 Proinde
2817 3939 3106 4008 Apostolus
3130 3955 3250 3996 cum
3274 3942 3396 3997 illud
3429 3961 3613 4012 pecca;

2023 4028 2134 4074 tum
2158 4036 2221 4076 ac
2245 4032 2472 4079 mortem
2492 4037 2958 4093 commemoraret,
2986 4048 3105 4102 qua:
3129 4032 3197 4086 ab
3223 4049 3328 4087 uno
3351 4034 3400 4087 in
3431 4050 3619 4089 Ottlltt's

2022 4114 2401 4183 propagatione
2448 4118 2758 4184 transisset,
2805 4135 2927 4176 eum
2981 4122 3275 4195 principem
3323 4124 3536 4195 posuit,
3589 4145 3617 4179 a

2021 4216 2128 4273 quo
2161 4207 2471 4277 propagatio
2509 4211 2724 4279 generis
2769 4212 2985 4268 humani
3030 4216 3259 4286 sumpsit
3307 4218 3614 4273 exordium.

2094 4295 2181 4349 lt).
2215 4296 2496 4354 Imitantur
2522 4301 2734 4371 quidem
2772 4303 2940 4359 Adam
2961 4346 2989 4373 ν
3011 4317 3271 4378 quotquot
3298 4325 3392 4379 per
3423 4310 3584 4367 inobe
3602 4345 3614 4354 ο

2020 4386 2275 4443 dientiam
2317 4393 2781 4462 transgrediuntur
2820 4398 3130 4454 mandatum
3172 4400 3263 4455 Dei
3296 4418 3310 4455 :
3340 4401 3434 4457 sed
3474 4403 3615 4459 aliud

2021 4487 2105 4534 cst
2133 4480 2275 4550 quod
2304 4483 2609 4553 exemplum
2643 4493 2726 4541 est
2753 4487 3027 4546 voluntate
3070 4493 3410 4562 peccantibus
3429 4534 3444 4559 ,
3475 4495 3618 4550 aliud

2022 4571 2168 4641 quod
2195 4572 2347 4645 origo
2389 4584 2473 4631 est
2523 4589 2647 4632 cum
2703 4589 2922 4649 peccato
2970 4584 3331 4640 nascentibus.
3385 4584 3516 4640 Nam
3568 4600 3618 4641 et

2022 4663 2292 4721 Christum
2336 4668 2612 4725 imitantur
2645 4674 2813 4727 sancti
2846 4674 2966 4744 ejus
2991 4676 3056 4730 ad
3107 4678 3432 4749 sequendam
3464 4678 3619 4750 justi-

2025 4758 2172 4813 tiam.
2205 4758 2354 4816 Unde
2387 4772 2441 4817 et
2483 4763 2622 4819 idem
2671 4769 2944 4835 apostolus
2983 4769 3150 4840 dicit,
3201 4771 3491 4830 lmitatores
3524 4793 3605 4829 inc

2023 4859 2204 4917 estote,
2228 4854 2358 4907 sicut
2398 4864 2446 4908 et
2470 4871 2563 4927 ego
2606 4857 2792 4912 Christi
2819 4860 2862 4931 (l
2895 4861 3010 4917 Cor.
3052 4879 3136 4929 xl,
3174 4865 3251 4932 ι).
3292 4865 3399 4920 Sed
3429 4878 3622 4938 praster-

2025 4942 2163 4998 hanc
2198 4943 2579 5013 imitationem,
2610 4948 2781 5018 gratia
2808 4952 2927 5020 ejus
2956 4952 3399 5011 ilhnniuationetn
3426 4958 3619 5029 jnstili-

2023 5036 2397 5107 cationemque
2448 5051 2685 5094 nostram
2735 5043 2896 5098 etiam
2955 5048 3275 5103 intrinsecus
3326 5063 3617 5121 (speratur,

2025 5126 2116 5180 illo
2157 5144 2322 5198 opere
2361 5130 2429 5185 de
2472 5147 2579 5202 quo
2619 5132 2756 5187 idem
2799 5137 3114 5205 prsidieator
3154 5141 3270 5211 ejus
3313 5144 3479 5207 dicit.
3513 5145 3620 5201 Nv-

2022 5239 2118 5292 que
2138 5224 2227 5293 qui
2255 5223 2454 5294 plantat
2487 5235 2560 5280 est
2578 5227 2773 5299 aliquid
2791 5271 2808 5299 ,
2837 5247 2994 5303 neque
3018 5235 3104 5304 qui
3125 5236 3286 5305 rigat;
3315 5241 3402 5293 sed
3428 5256 3510 5310 qui
3538 5257 3619 5293 tu-

2023 5327 2330 5371 crementam
2349 5317 2438 5371 dat
2461 5316 2599 5374 Deus
2619 5317 2732 5391 (Id.
2756 5337 2812 5378 ιιι
2831 5365 2847 5393 ,
2871 5324 2950 5395 7).
2980 5326 3089 5383 llac
3115 5329 3258 5385 enim
3289 5335 3458 5401 gratia
3478 5332 3498 5364 '
3527 5333 3618 5388 ba-

2025 5410 2250 5479 ptizatos
2292 5427 2505 5483 quoque
2550 5416 2800 5484 parvulos
2844 5432 2945 5475 suo
2992 5420 3180 5478 inserit
3223 5424 3476 5497 corpori,
3531 5428 3620 5497 qui

2023 5511 2169 5557 certe
2199 5502 2392 5568 imitari
2429 5504 2658 5577 aliquem
2692 5509 2927 5566 nondum
2971 5514 3169 5570 valent.
3203 5514 3351 5573 Sicut
3382 5533 3509 5590 ergo
3538 5520 3618 5573 ille

2023 5594 2076 5651 in
2105 5610 2215 5666 quo
2239 5611 2428 5653 omnes
2458 5600 2792 5658 viviﬁcantur
2812 5647 2827 5672 ,
2858 5615 3052 5674 printer
3072 5608 3214 5678 quod
3240 5608 3263 5640 ⁸
3291 5624 3351 5665 se
3375 5610 3440 5665 ad
3458 5611 3607 5682 jllSl‘v

2087 5709 2120 5786 ίᾼ
2141 5708 2275 5786 editi,
2300 5708 2620 5786 sit.rst__ttss.,
2637 5711 2709 5779 ﬁt.
2747 5722 2807 5766 Ex
2835 5717 2911 5786 his
2930 5717 3086 5769 codex
3111 5721 3495 5785 Cygirannensis,
3514 5737 3559 5786 qi
3580 5729 3623 5764 ιυ

2022 5770 2127 5847 ipso
2150 5771 2441 5847 peccatoﬁt.
2470 5777 2585 5845 title
2607 5770 2771 5847 supra,
2799 5794 2847 5828 η.
2874 5780 2920 5829 2.

2087 5835 2107 5864 ³
2144 5832 2331 5895 Aliquot
2350 5832 2475 5891 3155..
2504 5836 2647 5888 intrat
2662 5832 2714 5888 it.

2086 5896 2107 5967 ξ
2140 5905 2247 5967 an):
2266 5903 2339 5967 Er.
2364 5906 2416 5947 et
2440 5906 2563 5967 Mss:
2594 5903 2859 5967 umquam}
2880 5902 3040 5967 gratia
3066 5918 3082 5953 :
3110 5907 3269 5955 minus
3292 5916 3447 5967 recte-

2088 5957 2108 5987 δ’
2141 5959 2212 6031 sic
2237 5958 2419 6009 habent
2442 5966 2546 6031 Mss.
2579 5969 2629 6011 .tt
2657 5964 2771 6014 editi
2790 5999 2804 6025 ,
2829 5957 2996 6028 in'quo
3024 5979 3184 6016 omnes
3221 5967 3283 6019 tit
3295 5965 3584 6031 i/icabuntur
3605 5999 3621 6028 ,

2026 6028 2348 6083 pra‘tcrq'mn
2374 6028 2517 6085 quod.
