4176 6582
604 578 704 632 H5

597 692 725 747 tiam
775 689 1078 761 exemplum
1130 688 1456 748 imitantibus
1487 688 1740 758 prxbuit,
1781 687 1872 744 dat
1911 687 2068 744 etiam
2110 687 2188 742 sui

595 781 814 851 spiritus
835 780 1249 837 occultissimam
1283 781 1526 836 ﬁdelibus
1545 781 1801 852 gratiam,
1828 797 1986 849 quam
2019 781 2191 834 laten-

599 882 680 928 ter
705 871 934 929 tnl'undit
958 882 1012 926 et
1040 871 1272 943 parvulis
1305 890 1319 927 :
1347 873 1424 927 sic
1451 882 1505 928 et
1535 873 1624 927 ille
1648 873 1699 927 in
1729 887 1836 944 quo
1855 888 2042 928 omnes
2073 887 2190 925 nio-

597 963 807 1021 riuntur
828 1005 844 1030 ,
881 975 1075 1038 pra-ter
1111 967 1252 1038 quod
1279 967 1358 1022 eis
1385 967 1470 1036 qui
1505 978 1827 1038 pneceptum
1859 967 2064 1023 Domini
2094 983 2188 1021 vo-

597 1059 798 1113 luutate
841 1059 1341 1129 transgrediuntur,
1388 1057 1698 1114 imitationis
1739 1060 2038 1130 exemplum
2066 1069 2186 1126 est,

595 1151 799 1208 occulta
837 1151 998 1206 etiam
1027 1151 1148 1206 tabe
1175 1151 1405 1206 carnalis
1433 1151 1876 1220 concupiscentize
1899 1167 2011 1207 sua:
2051 1152 2182 1206 tabi—

596 1242 771 1296 licavit
793 1243 844 1295 in
867 1258 924 1296 se
947 1257 1135 1299 omnes
1154 1243 1221 1298 de
1243 1261 1335 1298 sua
1356 1245 1522 1312 stirpe
1549 1247 1821 1300 venientes
1850 1246 1889 1296 ³.
1922 1246 2052 1298 lline
2073 1261 2187 1298 om-

594 1335 721 1386 nino
744 1374 759 1398 ,
791 1349 889 1387 nec
913 1333 1132 1390 aliunde
1155 1377 1170 1400 ,
1195 1319 1480 1408 Apostolus
1508 1337 1670 1404 dicit,
1705 1335 1805 1390 Per
1834 1354 1990 1389 unum
2016 1337 2182 1390 Itami-

592 1441 703 1478 nrm
749 1435 1010 1492 peceatum
1037 1428 1240 1484 intrarit
1286 1429 1336 1485 in
1377 1429 1620 1483 mundum
1643 1470 1658 1493 ,
1707 1438 1752 1481 et
1795 1445 1885 1498 per
1929 1438 2186 1498 peccatum

593 1531 762 1580 mors;
787 1529 834 1570 et
855 1519 924 1570 ita
945 1519 996 1572 in
1013 1535 1184 1573 omnes
1206 1521 1430 1575 homines
1452 1521 1792 1589 pertransivit,
1819 1522 1870 1574 in
1889 1537 1988 1590 quo
2009 1537 2184 1587 omnes

591 1618 940 1672 peccauerunt.
973 1609 1084 1664 lloc
1109 1610 1151 1670 si
1179 1626 1277 1681 ego
1302 1611 1556 1676 dicerem,
1587 1612 1899 1665 resisti-rent
1929 1611 2038 1678 isti,
2073 1628 2184 1665 me-

591 1713 696 1767 que
741 1715 845 1752 non
890 1708 1034 1755 recte
1063 1699 1240 1756 dicere
1263 1742 1276 1765 ,
1319 1716 1426 1756 non
1457 1711 1602 1758 recte
1633 1702 2178 1758 scntire'clamarent.

589 1787 798 1842 Nullam
839 1789 1032 1860 quippe
1076 1791 1238 1846 in.his
1274 1792 1450 1848 verbis
1479 1792 1838 1864 intelligerent
1862 1793 2179 1848 sententiain

587 1879 870 1949 cujuslibet
893 1882 1125 1939 hominis
1151 1885 1194 1949 ’,
1228 1884 1328 1940 nisi
1361 1885 1514 1940 istam
1537 1903 1695 1957 quam
1729 1886 1780 1942 in
1813 1887 2072 1956 Apostolo
2101 1886 2181 1940 in-

589 1971 826 2042 telligere
869 1973 1073 2029 nolunt.
1103 1974 1205 2031 Sed
1242 1978 1363 2047 quia
1391 1976 1506 2046 ejus
1535 1977 1692 2032 verba
1722 1985 1842 2032 sunt
1867 2018 1882 2043 ,
1911 1978 2062 2046 cujus
2089 1993 2185 2030 au-

585 2064 816 2118 ctoritati
864 2064 1228 2138 doctrimcque
1275 2069 1664 2135 succumbunt,
1719 2069 1874 2124 nobis
1925 2069 2183 2140 objiciunt

588 2153 918 2226 intelligendi
963 2156 1454 2230 tarditatem,_cum
1495 2176 1558 2216 ea
1601 2177 1720 2232 qua:
1766 2173 1872 2215 tam
1905 2140 2182 2232 pe‘rspicue

585 2242 724 2300 dicta
753 2256 907 2313 sunt,
941 2247 994 2302 in
1019 2249 1200 2312 nescio
1228 2249 1353 2320 quid
1383 2250 1526 2304 aliud
1554 2253 1873 2323 detorquere
1899 2262 2178 2311 conantur.

591 2333 694 2388 Per
719 2352 897 2402 unum,
928 2337 1134 2410 inquit,
1163 2339 1414 2394 hominem
1441 2351 1699 2412 peccatum
1723 2343 1932 2407 intravi
1953 2344 2004 2396 in
2031 2360 2181 2406 mun-

585 2428 729 2497 dum,
753 2439 798 2484 et
825 2447 916 2500 per
931 2440 1189 2502 peccatum
1207 2449 1360 2488 mors.
1387 2433 1500 2489 lloc
1526 2435 1922 2506 propagationis
1948 2445 2052 2502 est,
2073 2451 2178 2490 non

588 2521 898 2578 imitationis
927 2539 940 2576 :
970 2539 1096 2588 nam
1119 2523 1162 2579 si
1194 2524 1506 2586 imitationis
1529 2567 1544 2593 ,
1589 2527 1690 2581 Per
1732 2527 2002 2583 diabolum
2035 2527 2182 2585 dice-

586 2620 669 2666 ret
693 2611 735 2666 ³.
763 2612 913 2682 Quod
940 2625 1117 2670 autem
1149 2632 1308 2672 nemo
1331 2618 1552 2690 ambigit
1571 2659 1586 2682 ,
1633 2618 1791 2674 istum
1819 2619 2048 2689 primum
2086 2620 2180 2674 lio-

586 2704 782 2758 minem
804 2705 967 2774 dicit,
997 2709 1086 2777 qui
1111 2719 1192 2763 est
1214 2710 1511 2780 appellatus
1535 2711 1726 2768 Adam.
1755 2709 1825 2774 Et
1851 2711 1946 2781 ita,
1975 2712 2174 2784 inquit,

585 2797 638 2849 in
661 2813 834 2852 omnes
854 2800 1078 2854 homines
1099 2803 1409 2873 pertransiit.
2142 2813 2162 2836 ‘

655 2888 883 2946 CAPUT
913 2891 1145 2950 X.—ll.
1171 2894 1400 2950 Actuulis
1419 2904 1464 2950 et
1489 2897 1752 2968 originalis
1777 2899 1967 2969 peccati
1993 2899 2178 2954 distin-

523 3042 531 3048 .
585 2981 704 3034 alio.
742 2981 946 3038 Deinde
981 2983 1121 3054 quod
1162 2986 1424 3058 sequitur,
1465 2986 1531 3041 lu
1577 3006 1676 3060 quo
1722 3006 1896 3046 omnes
1935 3008 2176 3062 peccave-

587 3082 726 3136 runt,
763 3089 920 3143 quam
953 3077 1360 3146 Cll‘CUlllSpCClC,
1396 3095 1555 3149 quam
1599 3083 1828 3156 proprie,
1869 3099 2028 3152 quam
2061 3083 2178 3138 sine

584 3166 928 3235 ambiguitate
962 3167 1162 3222 dictum
1191 3178 1290 3226 est.
1321 3170 1377 3226 Si
1405 3172 1544 3226 enim
1574 3183 1851 3242 peccatum
1893 3173 2177 3230 intellexe-

587 3257 683 3321 ris,
707 3257 846 3326 quod
880 3275 974 3330 per
995 3277 1157 3316 uumn
1182 3261 1452 3318 hominem
1477 3264 1692 3318 intravit
1715 3267 1768 3320 in
1813 3267 2091 3332 mundum,
2121 3267 2175 3320 in

583 3365 692 3417 quo
726 3351 801 3418 (a)
829 3365 1016 3405 omnes
1061 3364 1417 3424 peccaverunt
1453 3372 1466 3408 :
1509 3365 1656 3412 certe
1699 3358 2041 3412 manifestum
2095 3366 2174 3412 est

585 3442 686 3516 alia
717 3458 834 3498 esse
861 3445 1072 3515 propria
1101 3447 1293 3517 cuique
1321 3459 1560 3516 peccata,
1584 3447 1636 3503 in
1664 3449 1858 3518 quibus
1887 3448 1940 3503 hi
1970 3459 2173 3503 tantum

583 3543 826 3602 peccant,
857 3550 1082 3611 quorum
1123 3549 1338 3606 peccata
1379 3549 1536 3606 sunt;
1573 3540 1714 3594 aliud
1756 3539 1860 3594 hoc
1903 3556 2086 3608 unum,
2121 3541 2172 3595 in

583 3639 690 3694 quo
733 3641 921 3688 omnes
969 3639 1359 3698 peccaverunt;
1406 3631 1622 3700 quando
1665 3647 1852 3690 omnes
1895 3633 1987 3688 ille
2039 3650 2177 3690 unus

583 3718 746 3772 homo
777 3719 1008 3776 fuerunt.
1033 3720 1088 3776 Si
1115 3731 1296 3782 autem
1328 3738 1433 3778 non
1475 3735 1775 3794 peccatum,
1800 3724 1894 3780 sed
1923 3726 2011 3780 ille
2037 3742 2174 3782 unus

585 3810 748 3864 homo
773 3811 1102 3882 intelligitur,
1131 3813 1182 3870 in
1207 3831 1312 3884 quo
1340 3831 1444 3868 uno
1471 3815 1686 3870 homine
1711 3831 1898 3870 omnes
1921 3833 2176 3886 peccave-

578 3911 727 3967 runt,
759 3903 882 3974 quid
910 3905 1070 3960 etiam
1103 3905 1200 3959 ista
1233 3914 1318 3961 est
1347 3905 1778 3962 manifestatione
1804 3907 2176 3962 manifestius?

581 3991 786 4064 Nempe
828 3995 1053 4066 legimus
1085 3995 1364 4067 justiticari
1407 3999 1460 4051 in
1489 3996 1704 4052 Christo
1740 3997 1828 4068 qui
1866 3998 2093 4054 credunt.
2121 4000 2174 4054 in

581 4100 727 4148 eum,
759 4094 978 4156 propter
1004 4087 1266 4141 occultam
1294 4088 1836 4144 communicationem
1861 4097 1916 4143 et
1943 4090 2174 4160 inSpira-

583 4178 782 4235 tionem
811 4180 994 4249 gratiae
1016 4181 1329 4252 spiritualis,
1359 4197 1462 4252 qua
1485 4181 1730 4252 quisquis
1752 4182 1920 4240 lueret
1948 4183 2176 4240 Domino

585 4288 722 4325 unus
761 4273 980 4340 spiritus
1018 4281 1122 4341 est,
1165 4277 1405 4344 quamvis
1443 4290 1564 4329 enm
1600 4283 1655 4329 et
1694 4275 1968 4331 imitentur
2003 4277 2173 4331 sancti

580 4367 698 4434 ejus
724 4382 738 4419 :
761 4365 968 4436 legatur
989 4367 1118 4420 mihi
1147 4367 1250 4422 tale
1275 4367 1473 4438 aliquid
1496 4367 1565 4424 de
1591 4367 1677 4434 iis,
1699 4368 1788 4438 qui
1815 4379 2028 4424 sanctos
2053 4369 2176 4438 ejus

582 4457 772 4516 imitati
803 4467 950 4522 sumt,
976 4468 1153 4515 utrum
1176 4459 1456 4530 quisquam
1483 4459 1657 4514 dictus
1687 4460 1754 4514 sit
1774 4458 2097 4530 justiticatus
2122 4461 2172 4514 in

582 4551 747 4606 l‘aulo
776 4559 867 4609 aut
897 4551 948 4605 in
980 4551 1158 4616 Petro,
1190 4561 1283 4607 aut
1325 4553 1377 4606 in
1417 4551 1656 4622 quolibet
1695 4550 1906 4618 horum,
1945 4568 2171 4622 quorum

581 4648 635 4704 in
663 4646 864 4718 papulo
889 4647 980 4701 Dei
1011 4661 1198 4716 magna
1227 4645 1444 4703 excellit
1471 4645 1791 4710 auctoritas;
1819 4643 1920 4700 nisi
1949 4645 2092 4716 quod
2121 4647 2172 4699 in

581 4737 850 4796 Abraham
875 4737 1106 4798 dicimur
1125 4735 1390 4804 benedici,
1415 4737 1555 4792 sicut
1577 4735 1626 4790 ei
1651 4736 1852 4790 dictum
1874 4745 1959 4791 est
1982 4735 2176 4791 :Bene-

581 4831 812 4888 dicentur
838 4831 891 4886 in
919 4842 967 4886 te
994 4847 1166 4889 omnes
1193 4839 1364 4902 gentes
1393 4827 1548 4902 (Gen.
1575 4844 1672 4896 xu,
1702 4829 1758 4894 ὃς
1781 4827 1953 4884 Galat.
1979 4846 2058 4896 tu,
2082 4829 2171 4900 8):

581 4933 798 4994 propter
820 4921 1087 4980 Christum
1117 4925 1206 4996 qui
1233 4938 1418 4982 semen
1449 4921 1566 4994 ejus
1599 4931 1684 4978 est
1719 4923 2027 4978 secundum
2049 4938 2174 4979 car-

583 5031 728 5068 nem.
752 5015 904 5082 Quod
928 5015 1260 5072 manifestius
1275 5015 1492 5083 dicitur,
1515 5030 1636 5070 cum
1661 5013 1764 5072 hoc
1785 5014 1926 5070 idem
1947 5017 2018 5069 ita
2041 5014 2173 5069 dici-

583 5107 1096 5162 turzBenedicentur
1141 5108 1194 5162 in
1241 5108 1432 5162 semine
1472 5119 1558 5162 tuo
1601 5123 1776 5162 omnes
1812 5118 1986 5178 gentes
2015 5107 2172 5176 (Gen.

587 5217 725 5265 χχιι,
752 5200 820 5255 18
843 5201 883 5269 ).
909 5200 1117 5254 ilicium
1147 5209 1330 5274 autem.
1353 5215 1672 5270 quemquam
1699 5199 1893 5254 divinis
1921 5198 2172 5268 eloquiis,

581 5307 834 5362 peccasse
865 5291 948 5350 vel
990 5305 1213 5362 peccare
1253 5289 1310 5354 in
1345 5291 1581 5359 diabolo,
1609 5307 1730 5347 eum
1759 5306 1887 5348 eum
1927 5291 2090 5361 iniqui
2122 5301 2176 5345 et

647 5471 662 5500 ⁸
700 5476 748 5518 In
767 5467 1017 5531 plerisque
1041 5475 1170 5527 Mss,
1189 5471 1430 5518 renturos.

647 5533 668 5562 ³
701 5529 785 5580 ttie
807 5529 1019 5580 additum
1040 5531 1088 5578 in
1114 5530 1334 5591 pluribus
1355 5535 1484 5589 Mss,
1509 5529 1614 5578 lucc
1647 5529 1846 5590 dicere;
1871 5531 1920 5579 in
1947 5543 2142 5579 excusis
2159 5565 2174 5587 ,

579 5592 668 5654 qui
711 5592 894 5643 diceret
935 5591 1060 5642 litae.
1106 5590 1377 5652 Glossema,
1422 5605 1522 5655 quo
1562 5601 1733 5642 carent
1754 5591 1970 5641 nonnulli
2003 5605 2171 5641 nianu-

581 5656 767 5706 scrirti.

649 5671 803 5780 enim.
831 5723 886 5768 et
915 5721 976 5780 Er
994 5751 1009 5775 ,
1033 5727 1145 5765 nam
1167 5727 1253 5780 per
1279 5713 1520 5780 diabolum
1537 5713 1751 5780 diceret;
1786 5717 1991 5780 omisso,
2009 5713 2052 5763 si
2072 5713 2178 5766 inti-

583 5778 811 5838 tationis,
849 5779 978 5842 quod
1021 5784 1130 5826 Lov.
1158 5776 1208 5827 et
1245 5776 1461 5828 nonnulli
1501 5779 1809 5840 manuscripti
1853 5778 2062 5838 addunt,
2101 5787 2176 5827 ta-

588 5849 727 5892 metsi
756 5855 848 5894 nor.
871 5841 1222 5890 necessarium.

651 5903 723 5976 tu)
755 5902 1111 5976 {.rzecelegitur
1134 5899 1299 5976 quae,
1317 5899 1443 5976 quod
1469 5913 1774 5976 genere‘non
1799 5902 2049 5976 concordat
2067 5916 2177 5976 eum

585 5963 783 6014 terniue
805 5965 1208 6026 amartia,posiw
1230 5964 1292 6014 ibi
1311 5963 1369 6026 ad
1397 5963 1758 6025 signiﬁcandum
1785 5971 2178 6026 peccaminum:-

588 6032 662 6080 lt’l'
686 6027 767 6078 lil'.
807 6029 822 6074 ί
847 6037 1009 6076 contra
1033 6025 1154 6075 duas
1169 6025 1398 6090 epistolas
1423 6025 1798 6084 Pelagianorum,
1828 6038 1875 6071 n.
1903 6027 1949 6072 7.

1231 573 1322 630 DE
1363 572 1821 634 PECCATORUM
1864 573 2138 630 MERlTlS
2179 573 2266 630 ΕΤ
2307 571 2740 638 RElllISSlONE,
2782 573 2839 629 S.
2883 573 3250 631 AUGUSTI?"
3787 580 3878 634 liG

2304 687 2448 754 impii
2478 702 2664 741 cunnos
2695 685 2983 753 imitentur,
3015 687 3195 745 nescio
3221 697 3396 742 utrum
3422 689 3702 761 quisquam
3731 707 3880 762 repe-

2300 777 2400 832 riat
2424 795 2438 831 :
2461 775 2603 848 quod
2649 787 2824 832 tamen
2865 794 2986 833 cum
3023 778 3311 848 Apostolus
3346 778 3417 834 de
3455 781 3626 850 primo
3671 781 3880 838 homine

2295 869 2514 929 dixerit,
2548 853 2613 923 In
2654 887 2752 940 quo
2792 887 2964 926 omnes
3004 866 3353 940 peccaverunt,
3383 873 3558 928 adlmc
3587 873 3656 930 de
3685 879 3879 946 peccati

2298 962 2588 1032 propagine
2613 962 2958 1032 disceptatur,
2985 973 3040 1018 et
3070 965 3252 1020 nescio
3271 981 3392 1036 qua:
3414 966 3607 1022 nebula
3635 969 3880 1024 imitatio-

2296 1054 2377 1108 Itis
2404 1055 2690 1125 opponitur
2725 1059 2762 1109 ‘.

2367 1146 2452 1201 19..
2513 1149 2742 1202 Attende
2799 1149 2958 1204 etiam
3011 1166 3131 1220 qua:
3183 1159 3501 1222 sequuntur.
3554 1151 3685 1208 Cum
3738 1153 3877 1208 enim

2293 1238 2537 1304 dixisset,
2569 1239 2632 1294 In
2658 1259 2756 1310 quo
2787 1257 2956 1295 omnes
2987 1253 3317 1311 peccaverunt
3334 1261 3354 1311 ;
3380 1253 3593 1302 secutus
3619 1245 3877 1314 adjunxit,

2297 1329 2466 1399 Usque
2507 1331 2576 1384 ad
2622 1333 2783 1402 legem
2825 1334 2956 1386 enim
3000 1345 3260 1406 peccatum
3304 1337 3356 1388 in
3396 1337 3586 1390 mundo
3613 1336 3710 1408 fuit
3739 1353 3758 1390 :
3783 1336 3881 1392 hoc

2291 1430 2390 1484 est,
2422 1423 2546 1493 quia
2578 1439 2676 1478 nec
2710 1423 2792 1480 lz-x
2826 1425 2993 1493 potuit
3030 1425 3242 1480 auferre
3279 1437 3574 1496 peceatum,
3603 1445 3723 1498 quze
3753 1431 3877 1482 Sllll-

2292 1512 2508 1567 intravit
2536 1523 2592 1569 ut
2618 1513 2786 1584 magis
2811 1515 3106 1570 abundaret
3143 1527 3417 1586 peccatum
3441 1536 3456 1582 ;
3488 1519 3600 1573 sive
3629 1523 3880 1574 naturalis

2292 1605 2397 1670 lex,
2427 1605 2480 1660 in
2508 1621 2608 1676 qua
2636 1609 2860 1677 quisque
2875 1607 2986 1677 jam
3020 1608 3224 1662 ratione
3254 1619 3427 1677 utens,
3455 1611 3638 1680 incipit
3663 1605 3879 1683 peccato

2289 1699 2532 1770 originali
2561 1699 2757 1755 addere
2783 1709 2837 1754 et
2859 1687 3069 1770 propria
3093 1718 3108 1768 ;
3137 1702 3250 1758 sive
3277 1703 3388 1772 ipsa
3413 1719 3532 1776 qua:
3564 1707 3760 1775 scripta
3787 1723 3879 1776 per

2288 1789 2506 1862 Moysen
2539 1784 2736 1862 populo
2763 1790 2886 1846 data
2913 1804 3016 1847 est.
3047 1791 3110 1848 Si
3147 1795 3276 1847 enim
3315 1795 3435 1850 data
3473 1807 3598 1850 esset
3637 1797 3738 1860 lex,
3769 1815 3880 1868 qua!

2290 1893 2456 1952 posset
2484 1883 2758 1953 riuiﬁcare,
2784 1885 2988 1938 omnino
3011 1900 3077 1939 ea:
3104 1885 3213 1957 lege
3238 1895 3361 1940 esset
3375 1886 3601 1958 justitia.
3631 1885 3737 1942 Sed
3759 1907 3879 1942 con-

2289 1973 2437 2026 clusit
2459 1971 2732 2043 Scriptura
2758 1974 2928 2027 omnia
2954 1973 3044 2028 sub
3073 1985 3294 2044 peccato,
3321 1985 3372 2027 ut
3401 1977 3670 2048 promissio
3694 1994 3757 2032 ex
3780 1978 3878 2046 ﬁde

2286 2063 2411 2119 Jesu
2433 2063 2618 2119 Clu-isti
2647 2065 2854 2118 daretur
2877 2065 3189 2120 credentibus
3227 2066 3246 2136 (
3274 2065 3443 2120 Galat.
3472 2083 3548 2134 Ill,
3576 2068 3638 2122 21
3668 2078 3714 2122 et
3742 2069 3810 2128 ΞΕ).
3838 2074 3874 2133 ).

2289 2155 2560 2211 Peccatum
2597 2167 2767 2212 autem
2806 2175 2905 2212 non
2938 2155 3292 2226 deputabatur,
3319 2176 3434 2214 cum
3471 2161 3556 2216 lea:
3593 2178 3692 2216 non
3728 2174 3872 2216 esset.

2287 2248 2421 2316 Quid
2451 2259 2552 2315 est,
2585 2267 2685 2304 non
2712 2251 2759 2304 dt
2775 2251 3076 2322 putabatur,‘
3101 2253 3226 2318 nisi,
3257 2252 3624 2324 lgnorabatur,
3662 2261 3718 2310 et
3753 2270 3875 2326 pec-

2286 2350 2460 2394 catum
2495 2356 2616 2396 esse
2651 2357 2754 2395 non
2799 2329 3319 2414 putabaturZNeque
3347 2343 3488 2398 enim
3520 2344 3588 2398 al)
3623 2345 3742 2414 ipso
3770 2345 3875 2400 Do-

2288 2432 2432 2486 mino
2465 2421 2573 2487 Deo
2601 2439 2853 2504 tauquam
2899 2450 3005 2488 non
3049 2405 3193 2490 es'set
3231 2436 3543 2502 habebatur,
3576 2453 3696 2491 cum
3736 2439 3873 2493 scri-

2285 2532 2431 2594 ptmn
2460 2524 2548 2587 sit,
2583 2523 2896 2596 Quicumque
2941 2524 3049 2580 sine
3093 2527 3201 2599 lege
3243 2539 3590 2597 peccaverunt,
3621 2529 3730 2583 siue
3767 2529 3875 2602 lege

2285 2616 2512 2686 peribunt
2542 2615 2716 2690 (Rom.
2741 2633 2794 2684 tl,
2829 2617 2938 2690 l2).

2353 2709 2580 2765 CAPUT
2619 2709 2710 2770 Xl.
2741 2741 2808 2751 —
2837 2712 2922 2771 13.
2969 2711 3196 2784 Regnum
3222 2714 3399 2768 mortis
3426 2715 3549 2787 quid
3572 2716 3715 2785 apud
3734 2705 3874 2785 Apo-

2282 2802 2488 2855 stolam.
2505 2802 2696 2856 ——Sed
2725 2802 2966 2873 regnarit,
2989 2802 3178 2875 inquit,
3200 2820 3334 2859 ntars
3365 2807 3427 2860 ab
3444 2805 3608 2860 Adam
3636 2825 3792 2879 usque
3807 2811 3876 2861 ad

2285 2893 2497 2964 Moysen
2515 2909 2534 2948 :
2552 2894 2600 2947 id
2626 2903 2727 2961 est,
2752 2909 2780 2946 a
2807 2896 2977 2963 primo
2999 2893 3216 2953 homine
3241 2911 3407 2974 usque
3431 2897 3497 2952 ad
3523 2900 3689 2970 ipsum
3711 2901 3873 2954 etiam

2283 2985 2454 3054 legem
2491 3001 2610 3057 qua:
2639 2987 2890 3040 divinitus
2925 2989 3254 3057 promulgata
3305 2998 3408 3052 est,
3453 2992 3575 3060 quia
3617 3005 3716 3046 nec
3761 2993 3873 3062 ipsa

2285 3078 2462 3156 potuit
2493 3094 2714 3148 regnum
2753 3079 2940 3133 mortis
2969 3079 3202 3135 auferre.
3239 3079 3654 3152 Regnumcnim
3685 3087 3875 3142 mortis

2285 3168 2395 3222 vult
2439 3168 2694 3240 intelligi,
2741 3170 2953 3240 quando
2995 3170 3066 3225 ita
3110 3169 3416 3226 dominatur
3463 3172 3514 3226 in
3569 3161 3879 3238 hominibus

2284 3272 2462 3317 reatus
2494 3256 2717 3332 peccati,
2750 3272 2806 3317 ut
2847 3279 2941 3318 eos
2981 3263 3048 3318 ad
3078 3266 3244 3320 .vitam
3287 3253 3572 3332 aeternam,
3601 3284 3720 3336 qua:
3747 3284 3878 3324 vera

2283 3355 2390 3407 vita
2429 3363 2530 3419 est,
2573 3355 2752 3408 venire
2796 3371 2902 3408 non
2946 3355 3106 3420 sinat,
3135 3356 3226 3410 sed
3266 3357 3332 3410 ad
3371 3357 3658 3412 secundam
3687 3361 3876 3422 etiam,

2283 3459 2404 3515 qua:
2445 3443 2726 3514 pomalitcr
2761 3453 2958 3499 acterna
2999 3455 3100 3511 est,
3143 3456 3367 3500 mortem
3411 3447 3607 3502 trahat.
3639 3449 3750 3504 lloc
3791 3467 3880 3505 ie-

2281 3553 2443 3608 gnatn
2471 3537 2658 3591 mortis
2685 3537 2794 3590 Sola
2830 3537 2882 3590 iu
2920 3538 3160 3608 quolith
3187 3538 3404 3593 homine
3443 3541 3611 3608 gratia
3649 3542 3881 3600 destruit

2282 3629 2594 3692 Salvatoris,
2619 3644 2737 3698 qua:
2765 3639 2981 3698 aperata
3010 3639 3090 3682 est
3115 3629 3276 3682 etiam
3309 3629 3359 3683 in
3391 3631 3624 3700 antiquis
3649 3635 3877 3697 sanctis,

2283 3723 2609 3792 quicumque
2647 3729 2933 3789 antequam
2977 3718 3030 3773 in
3075 3733 3236 3776 carne
3275 3719 3518 3775 Christus
3547 3723 3776 3790 veniret,
3807 3726 3878 3778 ad

2283 3813 2402 3882 ejus
2419 3823 2592 3866 tamen
2613 3810 2952 3882 adjuvantem
2969 3811 3215 3881 gratiam,
3235 3826 3340 3865 non
3364 3813 3430 3866 ad
3459 3814 3590 3883 legis
3613 3812 3876 3880 litteram,

2283 3918 2402 3974 qua:
2436 3902 2628 3972 jubere
2675 3910 2900 3967 tantum,
2928 3917 3034 3956 non
3077 3901 3328 3972 adjuvare
3370 3912 3600 3973 poterat,
3640 3907 3881 3974 pertine-

2283 3993 2432 4048 bant.
2463 3994 2572 4048 lloc
2599 4008 2830 4064 namque
2859 3993 3224 4049 occultabatur
3248 3993 3301 4048 in
3326 4006 3504 4049 vetere
3529 3995 3882 4051 Testamento

2233 4082 2240 4088 ’
2287 4102 2384 4156 pro
2427 4095 2728 4154 temporum
2767 4085 3166 4156 diSpensatione
3200 4085 3498 4155 justissima
3549 4083 3692 4156 quod
3733 4105 3881 4143 tuine

2285 4177 2553 4234 revelatnr
2583 4178 2635 4232 in
2679 4193 2838 4232 novo.
2869 4177 3008 4248 lirgo
3038 4179 3090 4232 in
3125 4178 3375 4233 onmibus
3398 4181 3623 4252 regnarit
3649 4183 3881 4250 ntars_nb

2282 4268 2447 4324 Adam
2477 4285 2631 4342 usque
2655 4269 2724 4322 ad
2752 4269 2984 4338 Moysen,
3013 4270 3102 4344 qui
3129 4269 3327 4330 Christi
3365 4273 3532 4340 gratia
3562 4287 3668 4327 non
3706 4273 3880 4344 adjuti

2285 4374 2428 4427 sunt,
2453 4371 2510 4416 ut
2537 4363 2590 4417 in
2616 4362 2696 4416 eis
2722 4377 2942 4432 regnum
2974 4363 3162 4417 mortis
3185 4362 3558 4419 destrueretur
3585 4382 3599 4420 :
3631 4365 3784 4418 etiam
3823 4369 3880 4420 in

2283 4459 2354 4512 eis
2379 4459 2400 4489 ’
2424 4457 2510 4530 qui
2542 4473 2643 4512 non
2679 4466 3006 4525 peccaverunt
3038 4457 3090 4510 in
3119 4456 3504 4510 similitudinem
3527 4455 3547 4488 ³
3569 4459 3887 4528 precum-ira-

2283 4548 2436 4601 tionis
2455 4546 2618 4612 Adae;
2644 4545 2695 4600 id
2723 4554 2824 4612 est,
2848 4546 2936 4615 qui
2974 4545 3208 4600 nondum
3240 4562 3336 4602 sua
3364 4555 3418 4601 ct
3446 4549 3658 4618 propria
3689 4549 3883 4604 volun-

2285 4648 2392 4694 tate
2417 4638 2554 4692 sicut
2581 4637 2670 4692 ille
2691 4646 3065 4706 peccaverunt,
3087 4637 3178 4694 sed
3202 4639 3269 4694 ab
3293 4639 3385 4693 illo
3413 4650 3685 4708 peccatum
3713 4643 3886 4713 origi-

2282 4728 2404 4784 nale
2427 4737 2703 4782 traxerunt
2729 4744 2742 4781 :
2771 4727 2856 4799 qui
2879 4736 2950 4780 est
2978 4729 3140 4798 {arma
3172 4731 3369 4801 {uturi;
3395 4730 3518 4800 quia
3544 4731 3596 4784 in
3629 4732 3719 4786 illo
3741 4749 3880 4788 con-

2281 4821 2464 4876 stituta
2493 4829 2574 4874 est
2603 4819 2768 4873 l'orina
2797 4818 3258 4875 condemnationis
3287 4819 3478 4875 futuris
3509 4823 3760 4892 posteris,
3785 4828 3881 4896 qui

2282 4914 2400 4984 ejus
2434 4912 2722 4983 prOpagine
2752 4923 3082 4977 crearentur,
3113 4921 3171 4966 ut
3197 4929 3263 4968 ex
3297 4931 3402 4968 uno
3429 4931 3616 4969 ninnes
3654 4917 3707 4972 in
3741 4934 3885 4973 coa-

2282 5007 2680 5062 dcmnationem
2727 5015 3098 5069 nascerentur,
3139 5023 3203 5060 ex
3241 5022 3346 5077 qua
3391 5025 3496 5062 non
3543 5009 3734 5066 liberat
3773 5015 3882 5066 nisi

2281 5100 2448 5172 gratia
2481 5099 2789 5153 Salvatoris.
2812 5097 2934 5152 Scio
2957 5098 3168 5167 quidem
3198 5099 3482 5170 plerosque
3511 5101 3702 5158 latinos
3729 5107 3884 5160 codi-

2281 5207 2372 5246 ces
2397 5191 2474 5246 sic
2504 5191 2701 5244 habere
2731 5190 2808 5260 (a)
2834 5207 2847 5244 :
2875 5188 3120 5260 Regnavit
3158 5208 3292 5244 mors
3325 5191 3388 5244 ab
3423 5193 3587 5246 Adam
3622 5211 3781 5266 usque
3809 5200 3884 5248 nd

2283 5282 2497 5354 Moysen
2527 5283 2578 5340 in
2607 5299 2689 5336 eos
2715 5283 2799 5354 qui
2829 5292 3158 5353 peccaverunt
3185 5283 3236 5336 iu
3263 5284 3648 5339 similitudinem
3673 5305 3882 5358 pt'wt’a-

2282 5377 2540 5430 ricationis
2574 5373 2719 5439 Adae,
2744 5376 2884 5445 quod
2913 5375 3072 5430 etiam
3112 5375 3308 5446 ipsum,
3331 5380 3420 5448 qui
3466 5379 3538 5432 ita
3577 5381 3780 5450 legunt,
3810 5384 3882 5436 ad

2283 5467 2529 5522 eumdem
2580 5468 2818 5521 referunt
2862 5467 3224 5534 intellectum;
3274 5478 3330 5522 nt
3373 5470 3424 5524 in
3469 5471 3882 5532 similitudinem

2285 5558 2736 5630 p1".\‘lll‘lt'£tlltllll8
2771 5557 2900 5612 Athe
2939 5573 3188 5628 peccasse
3222 5561 3504 5628 accipiant,
3549 5563 3636 5632 qui
3685 5563 3738 5617 in
3787 5564 3882 5618 illo

2347 5719 2366 5750 ί
2401 5717 2567 5766 Proba:
2589 5721 2718 5784 nota;
2739 5721 2870 5773 Mss,
2895 5715 3054 5784 adhuc
3079 5729 3187 5784 cum
3213 5716 3274 5784 dp
3290 5715 3474 5784 peccati
3497 5717 3763 5784 propagine
3799 5719 3879 5770 di-

2282 5785 2544 5849 sceptatur,
2565 5775 2735 5849 nescio
2757 5791 2866 5849 qua:
2887 5777 3056 5848 nebula
3081 5775 3358 5849 imitationis
3381 5775 3656 5849 aitpo'niturl

2349 5840 2465 5910 [tta
2489 5840 3054 5910 codex_t;ygirannensis.
3099 5841 3184 5888 Alii
3229 5853 3346 5889 vero
3390 5840 3536 5904 Μέθη
3573 5855 3690 5907 ergo
3710 5841 3882 5895 uicis.

2284 5902 2804 5970 Witbert/Deliacis.
3012 5962 3022 5970 _
3313 5963 3338 5970 η

2345 5967 2366 5996 ³
2401 5961 2958 6026 itaituscriptinonnulli.
3005 5962 3053 6011 in
3088 5961 3418 6012 similitudine.

2347 6030 2418 6090 (a)
2451 6025 2787 6087 Conterejtist.
2821 6027 2921 6080 liii,
2949 6038 2993 6071 n.
3028 6026 3096 6071 lit.
