4168 6536
315 378 410 439 ll?

319 503 696 571 g-eceaveront,
720 502 775 545 ut
795 486 845 544 ei
866 483 1068 542 similes
1087 484 1423 535 crcaren'ur,
1447 467 1584 522 sicut
1607 477 1671 516 ex
1696 452 1913 512 homine

324 546 373 571 l"
389 546 478 555 -η-
495 546 504 550 -
522 546 563 552 vv
584 546 696 560 ""’v

324 590 591 651 ltrtnincs,
636 586 706 640 ita
751 596 817 636 ex
861 581 1141 648 peccatore
1184 573 1512 638 peccatores,
1553 546 1919 611 ex'morituro

328 679 594 745 morituri,
624 676 985 741 danmatoque
1024 658 1323 720 damnati‘.
1346 650 1516 710 ϐττιεοὶ
1554 655 1732 702 autem
1768 638 1917 697 codi-

331 792 446 841 ces,
469 771 612 827 unde
639 769 691 824 ia
720 765 936 820 latinam
979 758 1215 827 linguam
1247 740 1616 815 interpretatio
1651 736 1787 791 facta
1816 739 1921 798 est,

335 878 426 923 aut
451 878 641 919 onmes
669 868 760 913 aut
790 869 925 927 pene
949 860 1160 912 omnes,
1193 842 1244 898 id
1286 836 1428 911 quod
1456 850 1486 889 a
1516 847 1602 888 me
1631 828 1805 901 primo
1833 838 1928 895 po-

336 960 497 1016 situm
519 963 622 1015 est,
645 950 863 1006 habent.

416 1048 503 1105 l4.
545 1044 653 1102 Sed
676 1058 797 1103 non,
818 1033 1008 1107 inquit,
1031 1029 1161 1086 sicut
1183 1024 1442 1084 delictum,
1465 1018 1535 1071 ita
1554 1022 1602 1070 et
1621 1008 1849 1067 donatio.
1875 1005 1935 1061 Si

345 1142 478 1198 enim
509 1139 571 1193 ob
598 1134 747 1189 unius
777 1130 1011 1184 delictum
1042 1120 1183 1175 multi
1216 1112 1399 1170 mortui
1431 1117 1565 1171 sunt,
1596 1103 1751 1158 multo
1778 1098 1939 1170 magis

348 1234 516 1309 gratia
547 1229 639 1285 Dei
658 1237 702 1282 et
730 1225 919 1279 donum
943 1218 994 1272 in
1016 1213 1180 1287 gratia
1202 1207 1350 1262 unius
1371 1200 1584 1256 hominis
1605 1194 1733 1250 Iesu
1753 1188 1957 1247 Christi.

1264 1302 1276 1309 ‘
1424 1297 1453 1309 ⁸-
1564 1290 1614 1309 ’³
1655 1297 1722 1309 --ι
1778 1284 1943 1309 ...ηιιη

352 1284 395 1309 τ’
415 1284 513 1308 ’⁷⁷5⁷⁷
552 1284 557 1285 ⁷
1019 1284 1033 1287 -

352 1331 405 1383 in
434 1329 616 1382 multos
645 1315 915 1374 abundat-it
942 1326 960 1366 :
984 1325 1110 1369 non,
1140 1302 1302 1374 magis
1330 1297 1536 1360 inultos,
1564 1290 1616 1345 id
1646 1297 1749 1353 est,
1778 1284 1945 1339 multo

359 1422 538 1492 plores
563 1414 828 1475 lnunires,
854 1419 1023 1474 neque
1051 1399 1191 1455 enim
1217 1394 1394 1465 plures
1410 1385 1768 1460 justilieantur
1788 1390 1947 1447 quam

1359 1485 1368 1492 ‘
1487 1482 1497 1492 ‘
1605 1477 1618 1492 Ι
1686 1476 1720 1492 ⁸-
1793 1473 1810 1492 Δ
1833 1470 1947 1492 1,..-

361 1470 413 1492 τ·
815 1470 825 1475 -
943 1470 956 1474 -

361 1511 823 1569 condemnamur;
870 1496 987 1563 Sed,
1028 1492 1187 1548 multo
1235 1485 1397 1557 magis
1447 1476 1739 1534 abundavit.
1781 1470 1952 1527 Adam

363 1607 561 1677 quippe
590 1616 654 1655 ex
687 1611 793 1652 uno
817 1591 1016 1649 delicto
1056 1601 1155 1642 suo
1189 1597 1310 1637 reos
1348 1574 1566 1648 genuit:
1591 1569 1833 1627 Christus
1859 1580 1955 1618 au-

369 1655 474 1677 .,_-,
498 1655 511 1673 ,
539 1655 555 1658 -

369 1711 475 1754 tem
524 1696 682 1750 etiam
726 1704 844 1760 qme
892 1681 1139 1739 homines
1176 1675 1366 1731 delicta
1406 1665 1634 1738 prOpriae
1669 1655 1960 1714 voluntatis

371 1790 439 1845 ad
467 1784 723 1858 originale
758 1781 809 1835 in
840 1792 944 1849 quo
976 1771 1085 1828 nati
1127 1776 1254 1824 sunt
1289 1760 1629 1823 addiderunt,
1657 1752 1825 1826 gratia
1854 1760 1960 1804 ‘sua

374 1880 535 1938 solvit
562 1888 723 1947 atque
746 1869 985 1936 donavit,
1008 1861 1147 1936 quod
1173 1855 1473 1916 evidentius
1503 1851 1559 1906 in
1582 1840 1963 1915 consequenti-

379 1975 476 2030 bus
505 1969 654 2025 dicit.

450 2060 677 2119 CAPUT
719 2056 834 2113 .\'ll.
860 2084 932 2095 —-
958 2050 1049 2107 15.
1087 2046 1255 2103 Unum
1287 2049 1544 2113 peccatum
1570 2032 1800 2088 omnibus
1828 2043 1972 2082 com-

383 2171 550 2211 mune.
577 2152 773 2206 Verum
820 2143 946 2202 illud
988 2136 1294 2210 diligentius
1333 2132 1559 2192 intuere,
1601 2121 1743 2197 quod
1782 2120 1875 2184 ait,
1904 2117 1977 2172 ob

390 2249 548 2305 unius
585 2244 838 2300 delictum
879 2236 1080 2291 multos
1124 2236 1381 2285 mortuos.
1413 2222 1518 2278 Cur
1546 2218 1689 2274 enim
1721 2214 1792 2269 oh
1821 2211 1977 2266 unius

396 2342 553 2403 illius,
577 2346 634 2394 et
658 2350 763 2391 non
787 2330 962 2403 potius
987 2326 1057 2381 oh
1077 2322 1269 2378 delicta
1294 2330 1388 2372 sua
1413 2309 1645 2383 propria,
1671 2307 1716 2362 si
1739 2305 1839 2359 hoc
1862 2302 1981 2356 loco

395 2428 734 2499 intelligenda
762 2395 845 2480 est
870 2417 1117 2483 imitatio,
1141 2428 1246 2467 non
1270 2402 1612 2480 propagatio?
1631 2399 1736 2457 Sed
1768 2395 1983 2452 attende

396 2524 537 2597 quod
575 2519 815 2590 sequitur
842 2532 855 2569 :
885 2511 949 2567 Et
981 2526 1081 2563 non
1108 2507 1238 2562 sicut
1268 2518 1356 2573 per
1389 2512 1546 2553 unum
1577 2499 1887 2564 peccantem,
1914 2485 1987 2540 ita

400 2628 470 2673 est
500 2629 545 2671 et
575 2614 781 2668 donum.
807 2605 947 2660 Nam
964 2599 1218 2673 judicium
1243 2592 1443 2665 quidem
1469 2603 1532 2642 ea:
1552 2599 1651 2638 uno
1671 2580 1723 2637 in
1746 2579 1989 2634 condem-

403 2709 679 2770 nationem,
701 2700 864 2775 gratia
891 2704 1059 2750 autent
1087 2706 1151 2745 ea:
1176 2685 1348 2740 multis
1366 2680 1576 2736 delictis
1596 2677 1647 2729 in
1663 2668 1993 2747 justi/ictuic-

407 2820 538 2858 nem.
570 2798 721 2855 Nune
750 2794 950 2857 dicant,
980 2786 1067 2842 ubi
1094 2785 1269 2838 locum
1299 2776 1491 2832 habeat
1519 2772 1572 2827 in
1595 2770 1678 2824 his
1699 2766 1876 2822 verbis
1906 2762 1995 2817 illa

405 2891 653 2949 imitatio.
678 2884 763 2941 Ea:
782 2900 901 2947 uno,
928 2878 1117 2948 inquit,
1141 2874 1194 2929 in
1216 2867 1680 2927 condemnationem
1701 2873 1839 2929 :quo
1865 2869 1996 2923 uno,

409 2986 511 3041 nisi
542 2976 773 3037 delicto?
795 2975 906 3029 lloe
930 2946 1073 3027 enim
1101 2965 1370 3036 explanat.
1396 2974 1514 3014 cum
1537 2950 1795 3025 adjungit,
1819 2946 2001 3004 Gratia

410 3086 579 3132 autem
619 3086 683 3125 ea:
724 3066 895 3122 multis
937 3059 1129 3116 delictis
1166 3059 1219 3110 in
1252 3052 1689 3127 justi/icationem.
1727 3043 1836 3098 Cur
1875 3053 2004 3111 ergo

412 3163 669 3238 iudicium
709 3173 775 3214 ex
819 3170 927 3210 uno
965 3151 1162 3205 delicto
1194 3147 1250 3201 in
1289 3139 1809 3199 condemnationem,
1838 3131 2004 3203 gratia

416 3272 546 3312 vero
579 3269 645 3308 ex
682 3248 861 3306 multis
897 3242 1110 3299 delictis
1152 3238 1205 3294 in
1246 3222 1716 3307 justilicationcm?
1744 3225 1933 3281 Nonne
1962 3222 2008 3278 si

418 3349 621 3406 nullum
650 3353 733 3400 est
752 3336 1011 3410 originale
1032 3332 1307 3394 delictum,
1334 3340 1439 3380 non
1466 3322 1641 3377 solmn
1662 3318 1726 3374 ad
1752 3314 2011 3387 justiﬁca-

421 3446 617 3499 tionem
640 3435 829 3508 gratia,
854 3429 946 3486 sed
969 3429 1127 3483 etiam
1145 3422 1403 3497 judicium
1423 3417 1485 3471 ad
1508 3412 2011 3471 condemnationem

422 3553 488 3593 ex
519 3531 698 3588 multis
732 3523 945 3582 delictis
972 3519 1220 3576 homines
1258 3510 1437 3569 ducit?
1464 3509 1644 3579 Neque
1674 3505 1816 3561 cnim
1845 3503 2012 3573 gnuia

427 3626 587 3683 multa
618 3621 809 3676 delicta
838 3615 1023 3679 donat,
1047 3620 1102 3666 et
1126 3623 1232 3664 non
1263 3605 1422 3661 etiam
1445 3600 1702 3672 judicium
1730 3596 1894 3649 multa
1920 3594 2016 3648 de-

427 3720 549 3777 licta
579 3712 921 3772 condemnat.
957 3707 1063 3761 Ant
1100 3701 1144 3756 si
1187 3708 1467 3770 propterea
1499 3709 1563 3747 ex
1595 3705 1701 3745 uno
1731 3688 1929 3744 delicto
1967 3686 2019 3739 in

430 3805 925 3867 condemnationem
967 3796 1255 3856 ducuntur,
1286 3789 1409 3860 quia
1451 3785 1627 3841 omnia
1675 3781 1863 3837 delicta
1903 3791 2023 3848 qua)

432 3900 877 3964 condemnamur,
915 3903 983 3944 ex
1026 3886 1166 3941 illius
1209 3881 1363 3936 unius
1404 3876 1698 3932 imitatiooe
1737 3869 2024 3926 commissa

435 4001 593 4055 sunt;
622 3987 808 4045 eadem
838 3995 1002 4039 causa
1036 3986 1120 4033 est
1159 3989 1255 4029 cur
1292 3988 1357 4027 ex
1398 3985 1504 4024 uno
1535 3966 1731 4021 delicto
1770 3962 1929 4017 etiam
1960 3957 2024 4012 ad

438 4081 871 4159 jnstilieationem
911 4072 1034 4131 duci
1073 4068 1455 4138 intelligantur,
1479 4062 1600 4132 quia
1628 4057 1809 4113 omnia
1835 4053 2029 4109 delicta

439 4195 558 4252 qua:
576 4171 879 4248 justilicatis
900 4165 1263 4227 remittuntur,
1287 4175 1350 4213 ex
1383 4157 1525 4235 illius
1550 4152 1710 4209 unius
1738 4146 2033 4204 imitatione

442 4271 727 4329 connnissa
773 4272 920 4321 sunt.
959 4258 1066 4318 Sed
1114 4256 1216 4309 hoc
1258 4229 1507 4307 videlicet
1553 4260 1658 4301 non
1709 4238 2038 4310 intelligehat

446 4360 736 4435 Apostolus
759 4371 881 4413 cum
908 4351 1141 4415 diccbat,
1160 4345 1197 4401 J
1202 4344 1426 4401 udicium
1452 4340 1656 4414 quidem
1686 4351 1749 4390 επ
1774 4349 1874 4387 uno
1904 4330 2035 4385 deli—

446 4467 525 4514 cto
553 4457 604 4511 in
633 4448 1122 4510 condemnationem,
1151 4438 1315 4513 gratia
1339 4452 1453 4492 vero
1482 4450 1544 4489 ex
1568 4430 1741 4486 multis
1762 4425 1957 4482 delictis
1986 4428 2041 4478 in

446 4542 897 4626 iustiﬁcationem?
916 4539 1029 4595 lmo
1046 4549 1176 4591 vero
1199 4547 1296 4587 nos
1322 4526 1681 4597 intelligamus
1703 4517 2038 4591 .tpostolnm,

450 4652 507 4698 et
529 4640 802 4695 videamus
830 4633 950 4689 ideo
975 4630 1175 4685 dictum
1219 4621 1478 4695 judicium
1506 4633 1568 4671 ex
1603 4628 1708 4668 uno
1745 4611 1942 4666 delicto
1987 4606 2040 4662 in

453 4726 974 4791 condemnationem,
1007 4718 1129 4791 quia
1158 4714 1429 4771 sul'lieerct
1455 4708 1518 4763 ad
1545 4702 2044 4762 condemnationem

456 4824 663 4884 etiamsi
694 4836 800 4877 non
828 4824 973 4875 esset
1007 4815 1063 4869 in
1090 4808 1398 4866 hominibus
1429 4803 1532 4862 nisi
1559 4797 1819 4870 originale
1856 4808 2048 4865 peccao

460 4913 864 4986 tum.Qnamvis
901 4908 1044 4965 enim
1072 4899 1447 4986 condemnatio
1475 4895 1691 4968 gravior
1734 4890 1801 4944 sit
1839 4901 2048 4953 eorum,

460 5016 550 5088 qui
580 5008 822 5083 originali
861 5004 1058 5061 delicto
1095 4998 1255 5055 etiam
1301 4991 1511 5064 propria
1555 4987 1966 5057 conjunxerunt,
2000 4987 2055 5033 et

462 5074 610 5164 tanto
632 5074 854 5173 singulis
874 5096 1106 5170 gravior,
1129 5098 1331 5163 quanto
1357 5084 1573 5158 gravius
1597 5078 1716 5151 quis
1747 5074 1986 5146 peccavit
2011 5075 2050 5125 ’ς

465 5210 642 5256 tamen
687 5196 849 5252 etiam
894 5188 1023 5245 illud
1066 5186 1237 5242 solum
1278 5178 1420 5253 quod
1461 5173 1789 5246 originaliter
1828 5177 2055 5225 tractum

467 5302 584 5353 est,
626 5303 733 5343 non
777 5293 981 5341 tantum
1011 5296 1040 5335 a
1070 5292 1237 5347 regno
1269 5274 1359 5329 Dei
1390 5278 1639 5341 separat,
1665 5281 1772 5337 quo
1813 5262 2062 5334 parvulos

469 5385 587 5439 sine
604 5386 820 5450 accepta
840 5374 1035 5431 Christi
1056 5370 1226 5443 gratia
1246 5367 1525 5422 defunctos
1550 5364 1748 5416 intrare
1773 5372 1879 5413 non
1905 5368 2062 5426 pos~e

471 5474 570 5546 ipsi
617 5472 778 5529 etiam
827 5467 1190 5528 confitentur;
1233 5473 1418 5514 verum
1464 5463 1518 5509 et
1561 5468 1590 5507 a
1639 5450 1809 5505 salute
1851 5463 1913 5502 ac
1957 5448 2061 5499 vita

472 5576 672 5622 acterna
703 5561 828 5618 facit
857 5560 1079 5621 alienos,
1112 5568 1231 5625 qua:
1264 5550 1408 5606 nulla
1437 5563 1556 5603 esse
1584 5544 1685 5600 alia
1717 5550 1891 5614 potest
1924 5554 2060 5610 pne-

475 5670 557 5713 ter
584 5669 806 5729 regnum
836 5653 956 5715 Dei,
984 5663 1092 5720 quo
1125 5646 1237 5701 sola
1262 5641 1461 5700 Christi
1492 5638 1721 5694 societas
1754 5631 2063 5693 introducit.

540 5774 555 5802 ³
593 5766 902 5831 ttemigianus
922 5761 1084 5831 codex.
1103 5765 1158 5810 et
1174 5755 1356 5827 Belgici
1379 5751 1720 5831 quidamstssq
1749 5742 2034 5797 damnandi.

540 5835 561 5865 ¹
592 5811 925 5903 ξλιὶιῑῗᾳῦἆῇἱρ
948 5822 1141 5903 (iiut-ius
1165 5811 1364 5883 quiruquc
1395 5811 1627 5878 peccauit.
1658 5818 1711 5860 Αι
1732 5816 1864 5865 Mss,
1897 5812 2073 5867 quanto

480 5893 669 5958 gratius
690 5892 797 5957 quis
821 5892 1047 5955 peccarit.

1707 340 1904 400 ιωωι
1948 335 2219 392 Ρῐιιλτυε.

3511 298 3611 355 118

2095 443 2322 502 CAPUT
2363 438 2593 497 .\'lll.—-
2625 434 2708 489 l6.
2758 429 3021 500 Quomodo
3065 442 3153 493 per
3197 436 3354 476 unum
3398 432 3533 472 mors
3573 423 3619 467 et

2028 558 2115 612 per
2143 552 2300 592 unum
2325 534 2444 589 vita.
2478 532 2552 586 Ac
2585 544 2679 598 per
2706 528 2808 580 hoc
2833 523 2902 578 ab
2942 519 3108 575 Adam
3137 557 3155 583 ,
3181 515 3233 569 in
3280 527 3388 584 quo
3432 523 3622 563 omnes

2028 629 2385 705 peccavimus,
2412 641 2521 679 non
2552 621 2730 677 omnia
2758 626 2945 671 nostra
2971 620 3188 683 peccata
3214 649 3229 673 ,
3274 604 3369 662 sed
3414 610 3619 657 tantum

2032 722 2291 796 originale
2316 714 2650 773 traduximus
2672 712 2687 743 ¹
2716 728 2731 766 :
2760 724 2791 764 a
2821 707 3038 763 Christo
3065 718 3193 757 vero
3211 742 3226 767 ,
3276 699 3328 752 in
3360 709 3466 769 quo
3508 706 3620 747 om-

2032 852 2128 895 nes
2158 829 2515 904 jostillcamur
2545 823 2591 886 ’,
2631 833 2736 873 non
2768 813 2914 867 illius
2942 813 3149 859 tantum
3190 791 3498 863 originalis,
3526 787 3619 841 sed

2034 929 2194 985 etiam
2210 926 2544 979 'cazterornm
2573 926 2692 981 qua:
2724 906 2822 971 ipsi
2844 898 3147 955 addidimus
3175 895 3510 957 peccatorum
3540 895 3621 933 re-

2038 1022 2344 1076 m‘ssionem
2366 1006 2767 1073 consequimur.
2789 995 2914 1047 Ideo
2938 1005 3036 1042 non
3058 986 3185 1038 sicut
3216 997 3302 1051 per
3324 989 3480 1030 unum
3506 984 3623 1037 pec-

2040 1124 2262 1167 (autem,
2281 1108 2351 1159 ita
2376 1110 2447 1155 est
2471 1108 2514 1151 et
2537 1097 2744 1148 donum.
2765 1087 2893 1140 Nam
2920 1077 3170 1147 judicium
3195 1071 3406 1139 quidem
3432 1081 3495 1119 ex
3523 1078 3628 1114 uno

2041 1203 2262 1261 delicto,
2288 1196 2330 1248 si
2356 1207 2460 1246 non
2484 1183 2796 1241 remittitur,
2817 1176 2865 1228 id
2884 1181 2988 1231 est,
3009 1162 3276 1232 originali,
3302 1161 3353 1211 in
3374 1153 3630 1211 condent-

2047 1292 2315 1347 nationein
2353 1284 2461 1350 jam
2509 1281 2683 1343 potest
2720 1268 2957 1320 ducere:
2990 1258 3156 1328 gratia
3189 1268 3313 1305 vero
3343 1264 3407 1301 ex
3452 1243 3632 1298 multis

2048 1381 2259 1438 delictis
2286 1372 2547 1432 remissis,
2581 1364 2681 1417 hoc
2713 1370 2816 1422 est,
2843 1370 2945 1408 non
2965 1353 3139 1402 solum
3158 1341 3421 1411 originali,
3450 1349 3633 1388 verum

2050 1475 2211 1531 etiam
2239 1463 2489 1523 omnibus
2511 1457 2720 1510 caeteris
2746 1450 2811 1503 ad
2839 1438 3270 1515 justilimtiouem
3301 1428 3562 1499 perducit.

2128 1564 2216 1618 Π.
2252 1560 2310 1615 Si
2349 1555 2481 1610 enim
2520 1550 2582 1605 ob
2619 1546 2773 1601 unius
2814 1540 3055 1594 delictum
3107 1546 3242 1584 mors
3281 1523 3511 1595 regnavit
3553 1532 3642 1584 per

2056 1672 2237 1719 unum,
2266 1650 2426 1704 multo
2452 1643 2616 1712 magis
2644 1639 2729 1709 qui
2757 1631 3126 1689 abundantiam
3156 1622 3336 1689 gratia:
3363 1629 3407 1667 ct
3424 1611 3645 1684 justititr

2058 1748 2337 1816 accipiunt,
2356 1742 2409 1794 in
2430 1742 2532 1793 vita
2553 1704 2838 1801 regnabant
2862 1738 2951 1795 per
2974 1734 3133 1773 unum
3158 1712 3336 1766 Jesum
3360 1704 3642 1761 Christum.

2061 1796 2289 1816 ""rmn
2324 1796 2337 1806 -
2611 1796 2630 1801 ν

2061 1841 2169 1897 Cur
2194 1838 2263 1890 oh
2293 1831 2451 1886 unius
2478 1826 2732 1880 delictum
2768 1830 2912 1871 mors
2935 1808 3178 1879 regnavit
3205 1819 3295 1872 per
3326 1815 3484 1852 utinm
3503 1833 3518 1859 ,
3552 1796 3648 1845 nisi

2065 1936 2185 2007 quia
2208 1931 2393 1986 mortis
2411 1920 2625 1978 vinculo
2642 1914 2957 1971 tenebantur
2975 1908 3025 1959 in
3045 1904 3134 1956 illo
3154 1916 3258 1952 uno
3273 1897 3325 1950 in
3340 1909 3446 1962 quo
3464 1902 3619 1942 nimie
3632 1911 3651 1929 ε

2899 1998 2910 2007 ·
3150 2000 3160 2007 -
3230 2002 3325 2007 μη..
3362 1975 3651 2007 -..ι.1,...η..ι1

2070 1975 2460 2094 peccaverunt,
2488 2009 2699 2066 etiamsi
2733 1998 2949 2074 propria
2986 2000 3200 2062 peccata
3228 2002 3330 2040 non
3361 1975 3656 2035 adderent?

2074 2110 2325 2181 Alioquin
2353 2122 2457 2162 non
2482 2102 2504 2135 ³
2536 2101 2607 2157 ob
2630 2097 2789 2151 unius
2813 2092 3063 2146 delictum
3089 2096 3231 2137 mors
3259 2092 3352 2148 per
3381 2087 3541 2128 umnn
3571 2084 3651 2122 re-

2074 2174 2287 2278 gnavit,
2332 2198 2428 2255 sed
2474 2194 2546 2249 ob
2585 2190 2777 2246 delicta
2814 2185 2979 2239 multa
3022 2180 3306 2234 mttltorttttt
3339 2184 3431 2238 per
3463 2174 3660 2217 unum-

2928 2276 2936 2278 Α
3359 2272 3368 2278 ι
3414 2260 3453 2278 με
3492 2254 3554 2278 _L
3581 2252 3627 2278 Α,

2335 2252 2381 2255 ﬂ,

2078 2308 2344 2370 quemque
2371 2294 2703 2361 peccantem.
2735 2277 2866 2333 Nam
2897 2276 2939 2329 si
2968 2280 3248 2341 propterea
3275 2260 3456 2316 meti-ri
3488 2254 3556 2309 oh
3580 2252 3663 2305 al-

2974 2364 2986 2370 '
3118 2368 3126 2370 Α
3254 2356 3264 2366 ⁹
3327 2352 3467 2370 QII--.“
3502 2348 3550 2370 2..
3577 2344 3640 2370 ,Ι-

2085 2344 2234 2370 Ἵ”““”⁷
2256 2344 2338 2364 I"
2373 2344 2389 2361 I

2085 2379 2249 2444 terius
2266 2380 2498 2437 hominis
2522 2376 2773 2430 delictum
2798 2364 2990 2421 mortui
3011 2368 3154 2422 sunt,
3178 2356 3298 2426 quia
3327 2352 3470 2404 illum
3502 2348 3553 2399 in
3575 2344 3672 2397 dc-

2087 2474 2371 2548 linquenda
2401 2465 2795 2540 prmccdentem
2841 2457 3226 2522 subsequentes
3276 2440 3467 2498 imitati
3502 2442 3663 2488 sunt:

2091 2533 2192 2623 ille.
2210 2576 2420 2635 quoque
2446 2570 2499 2613 et
2523 2556 2690 2609 niulto
2718 2549 2886 2618 magis
2908 2546 2977 2599 ob
2996 2540 3214 2595 alterius
3241 2533 3497 2590 delictum
3528 2542 3671 2579 inor-

2094 2674 2218 2720 tuus
2241 2666 2521 2724 eat,quem
2543 2647 2785 2704 diabolus
2819 2632 3176 2707 delinquendo
3200 2631 3266 2683 ita
3296 2629 3637 2695 przecesserat
3661 2658 3674 2677 ,

2098 2767 2157 2813 ut
2184 2756 2232 2810 ei
2262 2749 2517 2807 delictum
2545 2745 2706 2796 etiam
2733 2738 2848 2804 ipse
2875 2731 3123 2786 suaderet
3148 2740 3161 2777 :
3191 2722 3359 2775 Adam
3392 2730 3517 2768 vero
3545 2711 3679 2765 nihil

2102 2846 2271 2904 suasit
2299 2836 2657 2896 imitatorihus
2684 2828 2829 2891 suis;
2857 2830 2913 2876 et
2941 2817 3091 2873 multi
3133 2813 3219 2883 qui
3251 2808 3367 2878 ejus
3391 2804 3685 2858 imitatore.

2109 2942 2378 3000 dicuntur,
2421 2947 2544 2988 eum
2585 2926 2747 2982 luisse
2775 2929 2829 2974 et
2860 2916 2962 2969 tale
2992 2908 3193 2978 aliquid
3242 2897 3577 2957 commisisse
3607 2896 3688 2945 vel

2113 3049 2219 3090 non
2249 3029 2552 3085 audierunt,
2576 3019 2660 3073 vel
2689 3014 2907 3069 omnino
2930 3021 3034 3061 non
3055 3000 3299 3056 credunt.
3327 2995 3537 3057 Quanto
3563 2999 3694 3052 ergo

2117 3124 2333 3185 reetius,
2358 3119 2498 3171 sicut
2521 3113 2629 3182 jam
2661 3104 2795 3168 dixi,
2825 3100 3093 3155 diabolum
3140 3090 3433 3159 principem
3487 3078 3698 3159 consti-

2678 3213 2708 3252 a
2737 3210 2844 3264 quo
2887 3202 2993 3244 uno
3044 3189 3318 3254 peceatum
3366 3184 3420 3228 et
3469 3180 3698 3223 mortem

2115 3321 2215 3379 per
2235 3312 2426 3357 omnes
2453 3291 2732 3351 transiisse
2756 3286 2994 3347 diceret,
3025 3279 3070 3334 si
3099 3276 3203 3332 hoc
3226 3273 3350 3330 loco
3377 3282 3483 3323 non
3514 3276 3707 3335 propa-

3004 3370 3035 3379 "
3280 3363 3290 3379 I
3320 3355 3503 3379 1.--.9
3549 3352 3707 3379 ιπηιι..

2119 3352 2202 3379 ,.--
2240 3352 2341 3357 νην
2376 3352 2389 3354 _

2114 3396 2405 3469 gationem,
2448 3384 2544 3441 sed
2587 3378 2941 3438 imitationem
2986 3355 3503 3426 dicerevoluisset?
3547 3352 3711 3409 Multo

2734 3468 2737 3469 ⁷
2875 3464 2905 3469 “’
2946 3464 2956 3469 ⁵
3063 3461 3075 3469 ⁵
3140 3458 3170 3469 ⁸-
3216 3464 3226 3469 -
3330 3452 3361 3469 Ι*
3405 3451 3427 3469 l,
3475 3448 3507 3469 I2
3556 3459 3711 3469 ._..,_.__

2118 3448 2263 3544 Enim
2285 3448 2654 3540 ratiiinahilius
2666 3468 2833 3526 Adam
2856 3464 3050 3521 dicitur
3063 3458 3297 3515 imitator
3312 3448 3533 3509 diaboli,
3551 3459 3712 3517 quem

2121 3590 2396 3637 suasorem
2424 3566 2608 3625 habuit.
2636 3560 2861 3636 peccati,
2901 3558 2946 3612 si
2995 3560 3169 3626 potest
3200 3548 3478 3619 quisquam
3520 3536 3743 3595 imitari‘

2124 3672 2283 3728 etiam
2313 3666 2460 3722 illum
2483 3659 2573 3731 qui
2602 3655 2733 3712 nihil
2757 3652 2862 3707 tale
2884 3647 3076 3712 suasit,
3098 3642 3178 3698 vel
3206 3639 3423 3696 omnino
3445 3644 3719 3704 quemne-

2124 3763 2246 3820 scit.
2263 3757 2398 3829 Quid
2411 3764 2494 3809 est
2511 3760 2711 3812 autem,
2733 3746 2818 3817 qui
2834 3743 2856 3775 ⁸
2872 3737 3237 3797 abundantiam
3256 3731 3436 3804 gratia:
3454 3736 3497 3780 et
3507 3723 3723 3797 justitia:

2129 3854 2409 3924 accipiunt,
2425 3845 2527 3903 nisi
2542 3842 2685 3915 quod
2701 3856 2805 3895 non
2820 3840 2867 3892 ei
2892 3845 3093 3890 tantum
3110 3837 3328 3901 peccato
3343 3825 3515 3894 inquo
3536 3832 3725 3873 omnes

2133 3948 2508 4020 peccaverunt,
2530 3936 2623 3992 sed
2639 3934 2719 3990 eis
2744 3932 2904 3987 etiam
2932 3942 3052 3997 quae
3079 3920 3423 3981 addiderunt,
3450 3912 3619 3986 gratia
3638 3925 3726 3962 re-

2134 4036 2407 4101 missionis
2433 4032 2611 4093 datur;
2631 4027 2816 4096 eisque
2841 4018 3149 4076 hominibus
3172 4022 3312 4068 tanta
3331 4006 3535 4081 iustitia
3558 4003 3728 4059 dona-

2138 4141 2225 4187 tur
2243 4172 2259 4197 ,
2286 4137 2344 4181 ut
2362 4139 2483 4180 cum
2507 4120 2675 4177 Adam
2703 4110 3032 4171 consenserit
3052 4106 3120 4163 ad
3153 4112 3427 4176 peccatum
3448 4094 3730 4159 suadenti,

2140 4238 2249 4281 non
2268 4218 2463 4275 cedant
2478 4213 2564 4270 isti
2584 4213 2744 4267 etiam
2762 4202 3006 4277 cogenti?
3026 4202 3094 4258 Et
3113 4198 3237 4270 quid
3255 4206 3360 4262 est,
3390 4192 3549 4247 multo
3574 4189 3735 4259 magis

2141 4315 2196 4369 in
2221 4313 2322 4368 vita
2344 4304 2645 4379 regnabant,
2676 4314 2798 4356 cum
2825 4296 3011 4352 mortis
3032 4306 3252 4363 regnum
3284 4287 3452 4342 multo
3475 4282 3654 4354 plures
3682 4280 3733 4332 in

2144 4414 2403 4463 aeternam
2428 4410 2639 4469 pinnam
2672 4390 2866 4455 trahat;
2895 4386 2999 4444 nisi
3021 4383 3379 4453 intelligamus
3404 4392 3500 4433 eos
3518 4376 3663 4445 ipsos
3685 4375 3736 4427 in

2100 4538 2109 4555 κ
2148 4507 2374 4566 utroque
2389 4467 2493 4547 dici
2506 4487 2595 4560 qui
2614 4490 2891 4541 transeunt
2905 4480 2974 4535 ali
2989 4478 3156 4533 Adam
3174 4474 3240 4529 ad
3254 4469 3546 4536 Christum,
3570 4467 3618 4521 id
3632 4472 3739 4530 est,

2149 4606 2179 4647 a
2208 4563 2383 4645 morte
2411 4583 2478 4638 ad
2505 4582 2692 4648 vitam,
2713 4577 2835 4648 quia
2855 4574 3030 4629 invita
3060 4580 3258 4626 attcrna
3282 4567 3397 4621 sine
3420 4563 3523 4617 line
3554 4575 3743 4629 regna-

2152 4684 2306 4745 bunt,
2338 4676 2509 4747 magis
2546 4688 2705 4743 quam
2752 4670 2805 4725 io
2836 4668 2917 4724 eis
2942 4678 3088 4721 mors
3119 4657 3487 4732 temper-aliter
3523 4663 3579 4710 et
3623 4668 3745 4706 cum

2156 4779 2260 4832 line
2289 4768 2565 4843 regnavit?
2875 4814 2887 4823 ,

2231 4868 2318 4925 18.
2353 4839 2541 4934 itaque
2563 4860 2690 4916 sicut
2717 4875 2805 4929 per
2825 4854 2977 4909 unius
3028 4849 3267 4904 delictum
3312 4844 3365 4899 in
3392 4857 3562 4897 omnes
3588 4839 3723 4893 hami

2160 4978 2247 5017 nes
2274 4959 2347 5013 ad
2366 4951 2856 5012 condemnationem.
2880 4946 2952 4999 ita
2979 4952 3025 4997 et
3055 4958 3143 5012 per
3163 4939 3315 4994 unius
3332 4932 3752 5007 justiﬁcationcm

2162 5057 2214 5109 in
2245 5067 2427 5107 omnes.
2456 5046 2682 5101 homines
2721 5044 2790 5095 ad
2819 5036 3237 5109 justi/irationem
3268 5032 3399 5085 vitta.
3444 5027 3556 5082 lloc
3602 5025 3757 5079 unius

2164 5148 2441 5207 delictum,
2470 5141 2515 5195 si
2556 5137 2908 5193 imitationem
2935 5128 3317 5188 attendamus,
3368 5139 3473 5177 non
3513 5120 3614 5175 erit
3658 5118 3757 5172 nisi

2166 5236 2385 5294 diaboli.
2425 5231 2529 5289 Sed
2555 5230 2679 5301 quia
2709 5224 3047 5281 manifestum
3075 5229 3177 5284 cst,
3223 5217 3291 5272 de
3332 5213 3523 5279 Adam,
3558 5225 3663 5266 non
3696 5212 3761 5259 de

2169 5329 2384 5387 diabolo
2421 5325 2561 5388 diei;
2596 5330 2754 5376 restat
2799 5312 3174 5387 intelligenda,
3222 5324 3325 5362 izon
3367 5304 3627 5368 imitatio,
3669 5306 3762 5353 smt

2174 5418 2481 5495 propagatio
2511 5412 2734 5486 peccati.
3270 5448 3271 5451 η
3524 5442 3559 5469 η

2246 5480 2471 5567 (ίΑίύΤ
2509 5480 2736 5562 ᾖον...-
2764 5498 2929 5555 Nemo
2957 5497 3054 5551 nisi
3084 5492 3315 5549 Christus
3336 5485 3609 5560 justifcat.
3632 5480 3765 5536 Nam

2242 5616 2255 5647 ³
2294 5611 2516 5675 Belgicus
2537 5606 2730 5673 quidam
2754 5611 2858 5661 Msa,
2878 5592 3343 5659 loeo,tvmtnainuts,
3363 5587 3591 5648 habebat,
3612 5580 3770 5632 ινητιο

2177 5690 2301 5727 ""18.

2246 5692 2257 5723 t
2288 5711 2301 5724 .

2244 5690 2282 5770 ιδ
2298 5746 2389 5786 εοπ
2428 5742 2555 5788 λιεεη
2587 5726 2936 5793 justiﬁcantur.

2249 5802 2270 5831 ³
2306 5809 2402 5847 Am.
2432 5803 2483 5845 et
2505 5790 2608 5850 ΕΜ
2633 5790 2725 5841 non
2748 5790 2916 5839 solum.

2249 5866 2267 5895 ι
2299 5842 2457 5921 είίῖίὶξ
2470 5842 2620 5920 quod.
2649 5863 2753 5902 Mss.
2788 5863 2923 5910 vero,
2951 5842 3050 5911 qui.
