4176 6536
485 313 583 367 119

481 438 535 481 σαι
562 428 699 496 quod
724 427 801 483 ait
834 429 902 485 de
925 426 1157 493 Christo,
1192 449 1279 500 per
1304 433 1450 485 unius
1470 432 1923 504 justi/irationem;
1965 448 2076 484 ma-

478 534 562 589 gis
596 520 696 573 hoc
719 523 1011 591 expruSsit,
1042 539 1200 594 quam
1229 526 1270 576 si
1305 539 1398 593 per
1426 524 1582 577 unius
1620 523 1881 593 justitiam
1925 524 2075 576 dice-

481 623 585 667 ret.
617 610 748 666 Eam
793 614 988 683 quippe
1011 615 1446 684 justiticatimiem
1476 613 1640 678 dicit,
1682 629 1782 683 qua
1831 612 2077 668 Christus

480 704 738 774 jnstillcat
780 705 1028 775 iutpium,
1070 723 1228 778 quam
1262 723 1366 761 non
1399 706 1710 761 imitandam
1763 707 2069 777 proposuit,

484 798 577 852 sed
610 798 757 853 solus
787 798 887 853 hoc
919 808 1113 869 potest.
1141 798 1273 854 Nam
1306 800 1474 869 potuit
1502 800 1789 868 Apostolus
1822 810 1965 851 tecte
1995 798 2076 852 di-

482 907 626 955 cere,
659 891 942 948 Imitatum
964 896 1060 947 mei
1082 904 1257 959 estote,
1299 895 1425 948 sicut
1455 904 1500 948 et
1528 910 1621 963 ego
1642 892 1829 948 Christi
1858 896 1872 962 (
1902 893 1919 947 Ι
1951 891 2069 948 Cor.

488 999 563 1050 ιιι,
598 986 651 1053 l)
680 1004 691 1035 :
727 1001 993 1055 nunquam
1021 998 1198 1040 autem
1227 987 1429 1041 dici'ret
1458 1028 1472 1049 ,
1502 986 1874 1041 Justilieatuiui
1907 1004 1933 1039 ιι
1964 1004 2071 1051 ιιιιι,

483 1079 621 1133 sicut
674 1090 727 1133 et
776 1095 874 1148 ego
925 1096 1041 1134 sum
1085 1081 1405 1149 justitieatus
1456 1098 1483 1133 a
1529 1081 1761 1134 Christo.
1812 1081 2073 1147 Quoniam

484 1181 705 1237 possunt
754 1185 910 1235 esse,
959 1180 1010 1225 et
1061 1181 1204 1235 sunt,
1251 1183 1303 1225 ct
1353 1174 1564 1225 inerunt
1617 1172 1767 1226 multi
1802 1172 1929 1238 justi
1975 1172 2073 1225 ltu-

484 1260 655 1313 tnines'
723 1270 775 1314 et
837 1262 1127 1326 imitandi;
1206 1263 1379 1328 justus
1430 1272 1605 1315 autem
1661 1272 1714 1314 et
1774 1261 2075 1330 justilicans

486 1365 661 1417 nemo,
707 1354 803 1405 nisi
832 1353 1093 1408 Christus.
1146 1354 1296 1409 Unde
1327 1354 1540 1419 dicitur,
1586 1354 1820 1407 Credenti
1864 1355 1918 1406 in
1959 1371 2076 1407 eum

486 1446 570 1512 qui
589 1447 839 1516 justi/icat
870 1448 1099 1515 impium,
1142 1448 1413 1516 deputatur
1436 1449 1562 1516 [idos
1591 1448 1699 1515 ejus
1728 1447 1796 1501 ad
1823 1447 2075 1518 justitiam

484 1537 663 1597 (Rom.
689 1554 760 1604 tv,
785 1540 861 1608 5).
890 1541 1141 1610 Quisquis
1168 1556 1296 1610 ergo
1325 1556 1488 1596 ausus
1517 1541 1673 1594 fuerit
1691 1540 1890 1604 dicere,
1913 1540 2077 1595 Justi-

485 1633 585 1685 lico
613 1640 697 1695 te;
728 1646 1063 1701 consequens
1089 1643 1172 1688 est
1215 1642 1271 1686 ut
1297 1632 1437 1686 dicat
1461 1632 1641 1696 etiam,
1670 1630 1843 1686 Crede
1873 1632 1923 1685 in
1963 1646 2072 1685 me.

483 1723 636 1787 Quod
668 1738 825 1776 nemo
859 1734 1165 1777 sanctorum
1196 1735 1340 1777 recte
1378 1723 1558 1779 dicere
1587 1723 1775 1793 potuit,
1812 1724 1911 1777 nisi
1938 1723 2075 1776 San-

480 1831 509 1867 c
535 1830 600 1869 us
642 1825 946 1869 sanctorum
978 1834 991 1869 :
1023 1814 1222 1869 Credite
1244 1817 1259 1847 ¹
1290 1816 1345 1869 in
1376 1814 1564 1880 Deum,
1597 1825 1644 1869 et
1688 1816 1742 1868 in
1786 1831 1864 1867 me
1891 1814 2079 1868 credite

482 1918 493 1969 (
523 1905 679 1959 Joan.
713 1922 819 1969 stv,
852 1907 901 1975 l)
931 1926 943 1959 :
984 1917 1039 1961 ιιι
1066 1909 1187 1977 quia
1217 1908 1330 1977 ipse
1367 1908 1626 1978 justilicat
1662 1908 1906 1977 impium,
1962 1923 2079 1959 crc-

482 1997 630 2051 dcuti
664 1997 715 2050 in
746 2013 867 2054 eum
912 1999 999 2068 qui
1035 1998 1291 2068 justiﬁed
1335 1998 1555 2072 impium
1578 2040 1592 2065 ,
1622 1998 1907 2068 deputetur
1946 1997 2077 2053 ηας-ε

477 2089 542 2143 ad
569 2090 851 2158 justitiam.
1468 2136 1471 2139 -

549 2182 776 2238 CAPUT
818 2184 931 2237 XV.
961 2215 1026 2225 —
1058 2186 1141 2238 l9.
1172 2185 1451 2253 Confirmat
1480 2201 1545 2240 ex
1571 2187 1935 2255 propagatione
1962 2204 2077 2255 pec-

482 2284 652 2328 catum
682 2291 808 2339 esse,
855 2280 1283 2347 quemadmodum
1328 2290 1374 2334 et
1415 2281 1665 2349 justitiam
1709 2295 1773 2334 ea:
1813 2296 2079 2350 regenera-

481 2367 635 2419 tione.
672 2366 937 2431 Quomodo
968 2380 1013 2422 et
1041 2387 1213 2423 omnes
1241 2387 1330 2440 per
1352 2370 1517 2423 Adam
1550 2380 1855 2439 peccatores,
1889 2384 1933 2425 et
1965 2388 2075 2424 om-

484 2472 571 2510 nes
600 2474 689 2526 per
713 2456 968 2511 Christum
990 2461 1139 2530 justi.
1169 2462 1298 2515 Nam
1329 2463 1372 2516 si
1401 2462 1514 2516 sola
1548 2461 1770 2515 imitatio
1802 2463 1922 2517 facit
1952 2478 2076 2531 pee-

481 2561 694 2605 oatorcs
722 2567 817 2621 per
846 2552 1037 2618 Adam,
1066 2571 1164 2608 cur
1194 2572 1298 2609 non
1327 2556 1486 2609 etiam
1536 2570 1629 2625 per
1667 2555 1934 2609 Christum
1964 2556 2075 2609 sola

484 2643 710 2697 imitatio
732 2643 905 2714 justos
932 2645 1096 2701 facit?
1125 2648 1272 2701 Sicut
1301 2648 1453 2710 enim,
1483 2648 1670 2717 inquit.
1701 2664 1790 2717 per
1814 2648 1962 2702 unius
1988 2651 2077 2701 de-

482 2732 659 2788 lictum
684 2736 736 2789 in
763 2753 934 2791 omnes
961 2739 1186 2791 homines
1210 2738 1279 2791 ad
1302 2739 1787 2802 condemnationem,
1818 2742 1891 2793 sic
1916 2751 1961 2793 et
1992 2759 2079 2809 per

484 2826 637 2880 unius
650 2826 1066 2895 justiﬁcationem
1102 2830 1152 2882 in
1186 2845 1359 2883 omnes
1395 2830 1620 2883 homines
1657 2832 1725 2882 ad
1756 2832 2080 2901 justiﬁcatio-

489 2931 602 2968 nem
631 2917 763 2970 rium
803 2917 1034 2972 Proinde
1065 2919 1172 2985 isti,
1222 2936 1353 2972 unus
1394 2930 1445 2972 ct
1491 2936 1619 2973 unus
1640 2961 1654 2981 ,
1686 2937 1792 2973 non
1828 2923 1995 2974 Adam
2025 2931 2077 2976 et

485 3006 773 3075 Christus,
816 3009 909 3063 sed
955 3010 1126 3064 Adam
1174 3021 1224 3065 et
1276 3012 1409 3065 Abel
1456 3014 1706 3067 conszitui
1753 3013 2074 3067 debuerunt.

485 3098 748 3163 Quoniam
779 3115 900 3154 cum
932 3102 1080 3155 multi
1112 3117 1211 3156 nos
1240 3102 1291 3156 in
1323 3102 1479 3172 hujus
1509 3104 1630 3157 vita:
1659 3115 1898 3173 tempore
1937 3120 2075 3174 pm:-

486 3190 748 3247 eesserint
788 3204 1099 3261 peccatores
1123 3237 1136 3259 ,
1185 3210 1386 3265 eosque
1417 3196 1605 3252 imitati
1639 3197 1831 3250 fuerint
1858 3198 1947 3266 qui
1978 3212 2076 3267 po-

487 3282 712 3336 steriore
765 3289 1008 3353 tempore
1059 3295 1446 3355 peccaverunt;
1512 3287 1631 3340 ideo
1676 3299 1851 3343 tamen
1898 3289 2079 3343 volunt

488 3372 595 3439 isti,
626 3374 836 3428 nonnisi
867 3375 1034 3429 Adam
1061 3376 1286 3443 dictum,
1315 3376 1367 3431 in
1407 3393 1515 3448 quo
1550 3393 1739 3432 omnes
1786 3378 2079 3434 imitatione

488 3470 892 3534 peccaveriut',
920 3470 1040 3539 quia
1090 3469 1292 3539 primus
1338 3469 1611 3526 hominum
1661 3472 1773 3541 ipse
1822 3473 2074 3541 peccavit.

488 3562 564 3612 Ac
593 3575 687 3628 per
716 3560 816 3614 hoc
848 3560 981 3616 Abel
1011 3560 1112 3616 dici
1140 3560 1343 3624 debuit,
1377 3562 1428 3615 in
1453 3578 1559 3633 quo
1586 3579 1691 3617 uno
1718 3578 1905 3619 omnes
1931 3564 2079 3619 simi—

486 3649 607 3706 liter
631 3650 880 3707 homines
916 3653 1216 3709 imitatione
1248 3653 1629 3723 jttstiﬁcentur,
1670 3656 1923 3725 quoniam
1965 3656 2078 3726 ipse

487 3744 689 3808 primus
734 3744 1007 3798 hominum
1046 3745 1187 3814 justo
1223 3746 1373 3800 vixit.
1412 3746 1516 3799 Aut
1552 3747 1595 3798 si
1644 3755 1861 3815 propter
1887 3761 2077 3815 quem-

483 3835 604 3887 dam
651 3836 931 3889 articulum
979 3838 1233 3905 temporis
1260 3838 1325 3890 ad
1356 3837 1487 3892 Novi
1539 3838 1869 3894 Testamenti
1910 3854 2070 3894 exor-

485 3927 631 3981 dium
679 3930 1057 3997 pcrtinentetn,
1086 3928 1329 3982 Christus
1359 3940 1439 3984 est
1468 3931 1674 4000 positus
1714 3940 1931 4000 propter
1960 3931 2078 3985 iuti-

485 4018 741 4072 tationem
780 4030 935 4088 caput
963 4020 1266 4089 justorum:
1300 4019 1465 4075 Judas
1494 4021 1612 4090 ejus
1653 4021 1878 4076 traditur
1919 4034 2078 4091 caput

487 4109 613 4178 poni
640 4108 823 4165 debuit
850 4119 1188 4181 peccatorum
1241 4111 1407 4166 Porro
1436 4113 1478 4165 si
1513 4122 1791 4183 prepterea
1835 4112 2077 4169 Christus

486 4215 625 4255 unus
652 4202 812 4256 estin
852 4217 958 4273 quo
986 4218 1174 4257 omnes
1216 4204 1590 4273 justilicentur,
1643 4205 1763 4273 quia
1811 4220 1914 4260 non
1964 4208 2075 4259 sola

484 4293 603 4362 ejus
631 4292 856 4347 imitatio
877 4294 1049 4362 justos
1074 4293 1218 4359 facit,
1242 4293 1337 4349 sed
1367 4310 1460 4364 per
1485 4295 1729 4363 spiritum
1752 4310 2078 4366 regenerans

482 4382 650 4454 gratia
689 4400 701 4436 :
745 4391 1025 4454 propterea
1056 4394 1112 4439 et
1150 4384 1319 4440 Adam
1360 4401 1496 4439 unus
1535 4396 1617 4439 εει
1656 4387 1707 4440 iu
1745 4401 1853 4456 quo
1891 4402 2078 4441 omnes

486 4483 878 4545 peccaverunt,
925 4475 1047 4546 quia
1081 4492 1186 4529 non
1224 4476 1334 4529 sola
1363 4475 1477 4546 ejus
1518 4475 1744 4530 imitatio
1775 4484 2078 4544 peccatores

485 4566 627 4631 facit,
658 4566 750 4621 sed
778 4582 873 4636 per
896 4581 1111 4620 carnem
1139 4583 1404 4636 generum
1450 4581 1623 4636 paena.
1671 4566 1753 4620 οι)
1784 4566 1886 4621 hoc
1916 4568 2076 4621 etiam

481 4658 682 4712 dictum
707 4668 825 4724 est,
864 4674 1036 4713 omnes
1069 4668 1123 4713 et
1151 4674 1339 4712 omnes.
1391 4657 1572 4727 Neque
1610 4658 1752 4711 enim
1794 4658 1884 4726 qui
1912 4672 2077 4727 gene-

486 4764 669 4806 rantur
691 4751 987 4821 perAdam,
1005 4752 1162 4808 iidem
1179 4752 1276 4821 ipsi
1296 4766 1483 4806 omnes
1506 4766 1601 4820 per
1626 4750 1895 4805 Christum
1928 4766 2079 4820 rego-

486 4853 737 4897 nerantur
768 4861 782 4896 :
806 4844 897 4898 sed
922 4844 1025 4899 hoc
1042 4854 1187 4900 recte
1209 4844 1410 4898 dictum
1436 4852 1539 4906 est,
1562 4843 1686 4914 quia
1714 4842 1854 4898 sicut
1880 4845 2077 4897 nullius

482 4937 712 4989 carnalis
739 4936 1013 5005 generatio
1043 4936 1143 4990 nisi
1176 4951 1271 5005 per
1301 4935 1492 4997 Adam.
1522 4937 1600 4990 sic
1640 4935 1933 5005 spiritualis
1960 4936 2075 4989 uul-

485 5028 585 5080 lius
613 5026 712 5079 nisi
746 5041 840 5095 per
860 5027 1151 5081 Christum.
1184 5027 1315 5082 Nam
1359 5028 1402 5082 si
1444 5027 1607 5097 aliqui
1654 5036 1873 5097 possent
1915 5042 2077 5081 carne

481 5115 728 5182 generari
764 5113 785 5147 ³
827 5131 931 5169 non
979 5131 1074 5185 per
1118 5115 1324 5184 Adam,
1376 5128 1428 5171 et
1476 5118 1637 5187 aliqui
1684 5117 1925 5184 generari
1968 5118 2077 5185 spi-

482 5206 586 5259 titu
638 5221 744 5259 non
789 5221 884 5273 per
928 5206 1232 5268 Christum;
1286 5223 1390 5262 non
1448 5207 1649 5277 liquide
1702 5223 1908 5273 omnes,
1963 5209 2076 5264 sive

486 5299 612 5366 hic,
669 5301 784 5354 sive
827 5300 896 5354 ibi
952 5300 1279 5354 dicerentur.
1358 5300 1586 5355 Eosdem
1651 5310 1826 5355 autem
1887 5315 2075 5355 omnes

484 5400 664 5460 postea
723 5400 918 5445 multos
966 5390 1129 5457 dicit;
1186 5401 1407 5460 possunt
1454 5392 1653 5461 quippe
1703 5393 1753 5446 in
1789 5392 1961 5463 aliqua
2019 5409 2076 5446 re

481 5497 671 5537 omnes
697 5498 815 5535 esse
844 5499 934 5552 qui
965 5482 1119 5553 pauci
1163 5492 1283 5537 sunt
1315 5501 1328 5537 :
1374 5482 1466 5538 sed
1502 5484 1696 5537 multos
1729 5483 1883 5538 habet
1907 5498 2073 5553 gene-

546 5601 561 5627 ¹
600 5597 713 5643 tutui
735 5631 749 5653 ,
770 5593 985 5661 creditis.
1016 5603 1067 5644 At
1107 5604 1242 5656 ttss.,
1282 5595 1497 5651 credite.
1549 5605 1597 5647 ut
1625 5597 1751 5648 solet
1785 5598 2076 5661 Attgttstimts

474 5658 613 5721 jtxta
639 5670 851 5720 grtecum
867 5693 881 5715 ,
908 5657 1153 5720 pisteuete.

546 5722 567 5749 τ
602 5728 701 5766 Ant.
728 5726 823 5776 t1r.,
848 5724 1182 5781 peccaverunt.

545 5782 565 5818 ὃ
600 5786 645 5827 tu
676 5780 1160 5847 edittsregettt'rm'i.
1201 5789 1245 5828 tn
1274 5788 1399 5841 “95.,
1426 5782 1663 5844 gmw-nvi.

1088 317 1173 372 DE
1212 316 1669 374 PECCATORUM
1709 317 1988 372 MElllTlS
2029 316 2117 372 ET
2154 318 2574 385 llLSllSo'lONE,
2615 323 2673 378 S.
2715 324 3084 383 AUGUSTI?"

3668 336 3782 393 ΗΟ

2192 436 2327 487 ratio
2364 437 2625 502 carnalis,
2671 441 2862 494 multos
2913 452 2965 495 et
3000 439 3332 512 spiritualis;
3377 449 3621 516 quamvis
3666 467 3777 508 non

2186 533 2292 577 tam
2338 528 2533 581 multos
2573 529 2686 582 haec
2725 531 3031 599 spiritualis,
3063 549 3221 603 quam
3268 536 3351 590 illa
3382 539 3636 593 carnalis.
3671 540 3770 596 γε-

2183 628 2481 673 rumtatneu
2502 622 2952 690 quemadmodum
2986 626 3068 678 illa
3093 642 3281 680 omnes
3308 628 3465 682 habet
3488 630 3735 686 homines
3760 672 3777 695 ,

2182 711 2257 764 sic
2286 711 2381 765 ista
2414 727 2599 767 omnes
2619 714 2790 782 ju~tos
2809 715 3053 771 homines
3076 718 3224 788 :quia
3242 720 3375 773 sicut
3402 735 3559 775 nemo
3575 732 3773 789 przetz-r

2182 800 2325 855 illuni
2355 800 2538 866 homo,
2563 804 2637 858 Sir
2666 821 2821 857 nemo
2853 817 3045 874 prmter
3067 808 3221 861 istam
3263 808 3440 876 justus
3486 812 3647 864 itthlO
3673 830 3686 865 :
3721 822 3779 868 et

2182 891 2235 944 in
2272 902 2498 963 utraque
2527 896 2698 948 mu'ti.
2730 894 2874 949 Sicut
2903 898 3034 949 cnim
3065 916 3155 966 per
3190 900 3577 955 inobedientiam
3618 904 3772 958 unius

2181 982 2398 1035 hominis
2441 994 2723 1054 peccatores
2760 988 3017 1041 constituti
3059 999 3175 1042 sunt
3219 990 3364 1043 multi
3389 1033 3403 1056 ,
3430 993 3504 1044 ita
3535 1010 3623 1059 per
3668 994 3783 1047 obo-

2181 1073 2420 1128 dientiam
2447 1076 2595 1129 unius
2625 1077 2837 1129 hominis
2850 1080 2972 1144 justi
3000 1082 3367 1134 constituentur
3393 1084 3587 1157 inulti.’

2252 1165 2342 1220 20.
2386 1166 2490 1221 Lca:
2517 1178 2684 1221 autem
2726 1169 3042 1234 subintrarit,
3068 1183 3141 1225 ‘ut
3184 1174 3466 1228 abundaret
3512 1177 3772 1232 delictum.

2184 1257 2296 1311 lloc
2324 1258 2389 1313 ad
2414 1260 2671 1329 originale
2703 1262 2947 1317 homines
2975 1263 3293 1319 addiderunt
3315 1267 3428 1336 jam
3458 1264 3668 1337 propria
3694 1288 3777 1323 vo-

2181 1350 2405 1416 luntate,
2438 1367 2542 1406 non
2572 1370 2665 1421 per
2693 1354 2862 1408 Adam
2890 1374 2902 1408 :
2933 1356 3026 1410 sed
3061 1358 3162 1413 hoc
3186 1374 3397 1429 quoque
3432 1360 3660 1416 Solvitur
3694 1377 3777 1417 Sa-

2184 1453 2444 1512 naturqne
2472 1460 2564 1513 per
2587 1446 2895 1511 Christum;
2923 1448 3045 1517 quia
3074 1451 3159 1503 ubi
3183 1451 3455 1506 abundarit
3481 1464 3778 1523 peccatum,

2180 1538 2601 1607 superabundavit
2624 1540 2787 1609 gratia
2811 1540 2853 1593 '.
2885 1549 2940 1594 ut
2965 1542 3388 1613 quemadmodum
3417 1546 3642 1613 regnavit
3668 1562 3781 1614 ρει·

2181 1638 2350 1681 catum
2389 1628 2440 1681 in
2470 1640 2709 1691 mortem,
2742 1631 2901 1684 etiam
2945 1632 3084 1701 quod
3122 1649 3224 1686 non
3270 1650 3335 1687 ex
3384 1634 3552 1689 Adam
3601 1645 3780 1690 traxe-

2182 1728 2306 1773 runt
2345 1717 2607 1786 homines,
2647 1720 2741 1774 sed
2781 1736 2874 1775 sua
2920 1722 3194 1776 voluntate
3231 1724 3587 1789 addiderunt;
3621 1727 3694 1779 sic
3730 1738 3779 1780 et

2181 1811 2344 1882 gratia
2370 1821 2539 1879 regnet
2569 1828 2656 1881 per
2682 1813 2934 1884 justitiam
2977 1814 3030 1866 in
3062 1815 3210 1866 ritam
3236 1825 3496 1869 wtemum.
3539 1814 3655 1869 Non
3699 1825 3784 1874 ta-

2184 1919 2304 1956 tnen
2346 1904 2518 1973 aliqua
2563 1904 2766 1973 jnstitia
2816 1915 3012 1975 praeter
3054 1904 3357 1969 Clu-istum,
3409 1907 3549 1962 sicut
3595 1908 3776 1978 aliqua

2184 2005 2399 2065 peccata
2434 2006 2626 2065 prmter
2654 1997 2846 2051 Adam.
2880 1998 3002 2052 Ideo
3026 2013 3147 2053 cum
3177 1999 3418 2063 dixisset,
3450 2001 3779 2070 quemadmo-

2183 2089 2303 2142 dum
2334 2089 2557 2160 regnavit
2587 2100 2847 2159 peccatum
2870 2091 2922 2144 in
2962 2100 3209 2157 mortem;
3250 2091 3335 2147 hic
3380 2107 3483 2145 non
3529 2091 3735 2146 addidit
3760 2135 3774 2154 ,

2185 2180 2288 2234 Per
2312 2197 2495 2241 unum,
2528 2191 2639 2247 aut,
2670 2182 2769 2236 Per
2794 2182 2959 2235 Adam
2993 2198 3007 2237 :
3038 2182 3158 2250 quia
3187 2196 3345 2250 supra
3373 2183 3581 2236 dixerat
3609 2182 3774 2238 etiam

2181 2272 2251 2327 dc
2279 2281 2499 2340 percito
2531 2275 2640 2335 illo,
2669 2274 2808 2343 quod
2840 2274 3170 2329 subiutrante
3210 2274 3325 2343 lege
3355 2275 3682 2339 abundavit;
3722 2286 3778 2330 et

2185 2364 2287 2421 hoc
2317 2369 2501 2434 utique
2530 2382 2637 2421 non
2665 2376 2747 2421 est
2775 2367 3014 2436 originis,
3059 2371 3153 2421 sed
3182 2367 3288 2435 jam
3336 2367 3562 2436 propria:
3589 2366 3776 2421 volun-

2185 2459 2325 2513 tatis.
2363 2458 2496 2514 Cum
2535 2470 2713 2514 autem
2758 2459 3013 2520 dixisset.
3056 2460 3127 2512 sic
3176 2468 3222 2512 et
3265 2459 3429 2528 gratia
3472 2468 3645 2528 regnet
3686 2476 3779 2528 p'r

2174 2551 2431 2623 justitiam
2459 2552 2512 2605 in
2540 2552 2693 2606 vitam
2722 2561 2995 2613 a'tcrnam;
3023 2550 3255 2615 addidit,
3288 2568 3376 2620 per
3402 2550 3579 2605 Jcsum
3621 2550 3776 2605 Chri-

2181 2653 2311 2695 stum
2338 2641 2614 2696 Dominum
2638 2653 2862 2696 nostrum
2894 2643 2911 2707 (
2939 2642 3091 2698 Rom.
3118 2658 3171 2707 γ,
3206 2642 3350 2696 19-21
3380 2640 3400 2713 )
3424 2662 3435 2695 :
3461 2642 3584 2712 quia
3613 2645 3776 2712 gen!-

2183 2743 2338 2788 rante
2369 2748 2531 2788 carne
2562 2733 2688 2787 illud
2716 2733 3083 2788 tantummodo
3112 2734 3362 2798 trahitur,
3389 2735 3531 2804 quod
3559 2743 3637 2788 est
3667 2735 3779 2788 ori-

2181 2824 2355 2893 giuale
2394 2833 2665 2894 precatum
2691 2824 2801 2894 (a);
2836 2836 3184 2892 regenerante
3216 2837 3392 2877 autem
3423 2825 3637 2893 spiritu.
3668 2840 3776 2879 non

2181 2916 2352 2971 solum
2374 2914 2664 2984 originalis,
2687 2915 2778 2969 sed
2800 2916 2960 2969 etiam
2988 2915 3405 2969 voluntariorum
3440 2914 3497 2968 lit
3528 2915 3779 2969 remissio

2184 3016 2521 3075 [tCthalll‘l‘lllll
2532 3047 2544 3057 .

2253 3095 2479 3151 CAPUT
2505 3095 2718 3151 XV|.-—
2738 3097 2826 3151 2|.
2860 3097 3093 3167 Infantes
3121 3114 3219 3151 non
3250 3097 3493 3164 baptisati
3520 3098 3781 3151 lenissima

2181 3180 2404 3251 quidem,
2435 3182 2523 3235 sed
2541 3192 2704 3234 lttlltt’tl
2728 3183 3054 3235 damnantur.
3087 3180 3247 3235 Poma
3260 3182 3452 3250 peccati
3470 3181 3594 3234 Ada:
3609 3185 3778 3253 gratia

2182 3273 2411 3340 corporis
2428 3274 2636 3328 amissa.
2655 3274 2829 3329 Potest
2851 3275 3069 3344 proinde
3088 3283 3231 3329 recte
3246 3274 3373 3339 diei,
3398 3272 3645 3343 parvulos
3658 3275 3778 3330 sino

2182 3364 2455 3434 Baptistuo
2483 3363 2550 3420 de
2589 3381 2818 3434 corpore
2859 3376 3118 3420 exeitntes
3165 3366 3218 3420 in
3263 3365 3607 3420 damnatione
3651 3382 3775 3419 om-

2185 3457 2329 3511 nium
2358 3456 2635 3512 mitissima
2677 3457 2901 3509 futuros.
2932 3456 3151 3510 Multum
3179 3466 3354 3512 autem
3388 3456 3520 3510 fallit
3548 3465 3604 3511 et
3631 3457 3776 3512 [λιιι-

2184 3556 2292 3613 tnr,
2316 3549 2405 3619 qui
2433 3564 2528 3603 eos
2557 3550 2609 3602 in
2641 3548 2984 3602 danntatione
3016 3548 3264 3616 pra'dicat
3295 3564 3399 3600 non
3431 3546 3659 3614 futuros,
3689 3547 3777 3602 di-

2183 3652 2341 3696 cente
2372 3641 2650 3713 Apostolo,
2680 3639 2943 3694 Jndicium
2974 3657 3035 3693 cc
3061 3657 3158 3694 uno
3178 3642 3359 3693 delicto
3386 3642 3439 3692 in
3466 3642 3776 3694 condemna—

2186 3735 2409 3796 tionem;
2448 3741 2501 3784 et
2541 3732 2699 3801 paulo
2737 3741 2875 3803 post,
2911 3729 3013 3785 Per
3051 3733 3201 3784 unius
3241 3731 3475 3783 delictum
3513 3732 3564 3784 in
3604 3748 3779 3784 omnes

2185 3826 2410 3879 homines
2451 3824 2521 3877 ad
2548 3825 3032 3878 condemnationem.
3080 3823 3304 3892 Quando
3354 3839 3483 3894 ergo
3537 3825 3781 3893 peccavit

2184 3916 2354 3971 Adam
2385 3931 2489 3970 non
2520 3914 2774 3969 ubediens
2812 3915 2947 3977 Deo,
2983 3924 3107 3969 tunc
3134 3914 3250 3983 ejus
3284 3930 3364 3968 co:
3382 3930 3498 3983 pus,
3531 3915 3778 3983 quamvis

2182 4016 2326 4061 esset
2348 4006 2575 4061 animale
2600 4021 2662 4059 ac
2697 4006 2942 4068 mortale,
2973 4006 3192 4074 gratiam
3232 4004 3479 4072 perdidit,
3517 4020 3618 4075 qua
3654 4006 3777 4074 ejus

2182 4098 2604 4153 aninmonmiex
2619 4106 2763 4166 parte
2775 4097 3057 4152 ohedicbat
3076 4114 3087 4159 ;
3105 4107 3232 4151 tunc
3245 4098 3331 4153 ille
3351 4096 3552 4150 exstitit
3575 4095 3743 4150 bestia
3756 4127 3776 4136 —

2184 4193 2249 4246 lis
2275 4203 2448 4245 motus
2476 4189 2755 4261 pudendus
2791 4189 3116 4255 hominibus,
3157 4206 3314 4259 quem
3344 4189 3393 4243 in
3423 4205 3514 4242 sna
3561 4188 3779 4244 erubuit

2185 4283 2440 4338 nuditate.
2469 4281 2618 4336 Tunc
2644 4282 2802 4336 etiam
2832 4280 3019 4335 morbo
3042 4282 3271 4351 quodam
3301 4295 3365 4335 ex
3401 4282 3677 4350 repentina
3721 4294 3780 4337 et

2185 4373 2430 4442 pestifera
2443 4372 2782 4442 corruptione
2807 4381 3066 4442 concepto
3084 4371 3277 4427 factum
3293 4372 3460 4427 iuillis
3477 4381 3578 4438 eSt,
3602 4382 3657 4429 ut
3690 4373 3777 4428 illa

2184 4465 2238 4519 in
2276 4480 2379 4534 qua
2408 4464 2573 4518 creati
2604 4473 2727 4517 sunt
2751 4463 3037 4521 stabilitate
3067 4465 3240 4518 aetatis
3268 4465 3483 4527 amissa,
3519 4480 3616 4534 per
3660 4481 3779 4518 mu-

2184 4556 2470 4610 tahilitates
2496 4564 2711 4610 :etatum
2735 4554 2872 4609 irent
2908 4554 2962 4608 in
2989 4564 3235 4610 mortem.
3259 4554 3513 4621 Quamvis
3532 4570 3661 4626 ergo
3682 4571 3780 4608 an-

2184 4664 2284 4707 nos
2310 4648 2506 4723 multos
2537 4657 2720 4718 postea
2748 4646 3003 4710 vixerint,
3038 4646 3131 4700 illo
3162 4655 3340 4701 tamen
3370 4647 3456 4702 die
3488 4649 3621 4702 mori
3663 4663 3781 4703 coe-

2187 4749 2396 4811 perunt,
2426 4755 2533 4810 quo
2563 4739 2750 4792 tuortis
2777 4739 2979 4807 legem,
3010 4754 3112 4809 qua
3145 4739 3196 4792 iu
3236 4739 3446 4794 senium
3477 4748 3780 4794 veterasce-

2185 4846 2326 4899 rent,
2356 4841 2703 4901 acceperunt.
2736 4832 2850 4885 Non
2882 4832 3023 4886 enim
3072 4840 3177 4885 stat
3222 4832 3305 4885 vel
3356 4833 3611 4899 temporis
3641 4848 3780 4901 pun-

2183 4938 2291 4991 cto,
2319 4927 2411 4980 sed
2440 4926 2556 4981 sine
2591 4925 2984 4979 intermissione
3016 4925 3229 4990 labitur,
3257 4924 3477 4995 quiquid
3522 4926 3778 4981 continua

2248 5042 2262 5072 ί
2301 5038 2419 5089 Fditi
2440 5074 2454 5095 ,
2489 5035 2899 5101 superabundavit
2916 5042 2960 5086 et
2982 5035 3159 5101 gratia.
3185 5036 3445 5098 Particulo,
3480 5045 3555 5096 et,
3584 5038 3729 5087 abest
3754 5054 3780 5086 a

2182 5102 2520 5162 manuscriptis
2545 5097 2595 5150 et
2612 5113 2638 5162 a
2661 5111 2824 5162 graeco
2850 5097 3079 5160 ApostOli.

2244 5164 2317 5224 (ιι)
2351 5169 2398 5210 tn
2424 5159 2689 5211 iinchiriilio
2710 5159 3007 5224 multisjpost
3028 5160 3167 5224 annis
3185 5159 3317 5224 edito
3338 5159 3453 5221 seri;
3467 5160 3530 5209 sit
3556 5164 3779 5221 Augusti-

2182 5221 2365 5283 nus,’n.
2392 5225 2465 5282 15,
2490 5236 2583 5272 ιιοιι
2608 5221 2986 5287 improbabiliter
3018 5222 3129 5279 dici,
3151 5221 3376 5287 parvulos
3407 5228 3661 5287 Larentina
3684 5236 3780 5271 non

2181 5287 2336 5336 solum
2358 5287 2635 5347 primorum,
2654 5283 2741 5333 sed
2763 5286 2907 5333 etiam
2923 5296 3120 5332 suorum
3141 5283 3206 5332 de
3221 5283 3400 5347 quibus
3423 5284 3512 5344 ipsi
3528 5284 3624 5331 nati
3638 5291 3780 5347 sunt,

2182 5343 2394 5412 peccatis
2415 5346 2636 5412 obligari,
2662 5358 2848 5412 eosque
2888 5352 3002 5393 ante
3025 5343 3454 5412 regenerationem
3488 5346 3665 5412 teneri.
3697 5343 3777 5393 illa

2180 5404 2342 5459 divina
2359 5404 2629 5470 sententia,
2642 5404 2856 5457 Reddam
2874 5412 3069 5470 peccata
3089 5404 3283 5470 patrum
3308 5406 3359 5457 in
3380 5404 3523 5470 ﬁlios.
3549 5406 3779 5470 Magister

2181 5478 2420 5528 Sentent.,
2449 5469 2532 5532 lib.
2551 5469 2599 5525 2,
2624 5483 2729 5532 cap.
2749 5470 2835 5532 753,
2862 5467 3430 5532 Ostendit'augustinuin
3467 5468 3573 5532 haec
3588 5467 3779 5532 dixisse

2185 5548 2279 5583 non
2302 5531 2586 5590 asserendo,
2611 5528 2700 5580 sed
2726 5531 3029 5580 diversorum
3053 5528 3308 5592 opiniones
3330 5528 3621 5592 ret'erendo._
3647 5530 3773 5592 Dixit

2181 5609 2301 5646 sane
2325 5606 2384 5643 ea
2398 5588 2637 5657 regulaet
2652 5592 3004 5657 moderatione,
3022 5588 3167 5657 quam
3186 5593 3370 5642 servari
3384 5592 3528 5657 jussit
3547 5592 3594 5639 iu
3610 5588 3779 5657 id)on

2181 5658 2245 5707 de
2267 5658 2441 5705 Genesi
2458 5650 2521 5703 ad
2559 5659 2801 5711 Litteram,
2840 5668 2889 5703 ιι.
2936 5654 3009 5709 ll,
3042 5650 3269 5717 nimirum
3310 5672 3331 5699 ι
3365 5650 3421 5704 tit
3457 5654 3506 5717 in
3541 5650 3774 5717 [refundit

2194 5738 2213 5762 ιι
2239 5720 2491 5779 scriptum
2514 5730 2662 5781 sensu
2686 5718 2840 5776 magis
2864 5723 3109 5776 praestaret
3138 5715 3440 5776 diligentiam
3474 5711 3776 5781 inquirendi,

2192 5799 2215 5825 ι
2237 5778 2378 5844 quam
2405 5778 2661 5829 atlirtnandt
2689 5781 3031 5827 temeritatem.
3057 5794 3079 5820 s
