4168 6540
210 448 213 451 ,
244 399 338 456 nl
868 410 873 415 '
1636 390 1836 449 LIBER
1879 388 2151 447 PRIMUS.

242 515 543 575 mutatione
571 514 772 575 sensim
798 517 964 574 currit
993 516 1045 573 in
1085 515 1267 580 linem,
1298 530 1402 569 non
1435 512 1798 583 perlicicntem
1824 550 1837 569 ,

242 612 337 665 sed
364 619 794 667 cousumentem.
840 608 931 667 Sic
958 610 1134 678 itaque
1163 607 1439 676 impletum
1466 612 1551 661 est
1592 602 1733 675 quod
1761 602 1842 655 di-

249 708 403 755 xerat
433 699 596 766 Deus,
630 699 746 769 Quo
774 700 856 755 die
879 699 1102 766 ederitis,
1135 707 1296 753 morte
1324 696 1605 752 moriemini
1658 694 1678 767 (
1710 692 1838 749 Cen.

247 808 305 855 ιι,
341 791 470 862 l7).
529 792 609 847 Ex
663 791 765 847 hac
793 792 952 864 igitur
1004 789 1362 847 inobedientia
1401 789 1603 853 carnis,
1633 802 1698 842 ex
1741 786 1841 841 hac

249 884 364 954 lege
402 884 607 954 peccati
632 892 687 940 et
714 884 922 950 mortis,
945 882 1183 954 quisquis
1209 880 1495 937 carnaliter
1514 888 1805 951 generatur
1824 920 1839 943 ,

251 976 555 1046 regenerari
620 976 967 1045 spiritualiter
1024 990 1160 1043 opus
1208 974 1408 1040 habet,
1469 982 1523 1027 ut
1581 988 1686 1026 non
1755 986 1843 1027 so-

253 1068 359 1124 lunt
388 1068 455 1124 ad
482 1084 707 1140 regnum
741 1070 831 1124 Dei
864 1068 1206 1137 perducatur,
1235 1081 1420 1122 verum
1451 1064 1612 1120 etiam
1654 1080 1682 1117 a
1713 1081 1842 1133 pec-

250 1163 354 1220 cati
386 1161 730 1218 damnatione
769 1163 1042 1218 liberetur.
1090 1160 1262 1216 Simul
1308 1161 1485 1230 itaque
1527 1166 1746 1229 peccato
1790 1164 1840 1210 et

253 1254 409 1310 morti
441 1254 595 1324 primi
628 1255 859 1309 hominis
884 1254 1099 1309 obnoxii
1143 1262 1437 1309 nascuntur
1472 1251 1525 1305 iu
1565 1266 1749 1314 carne,
1790 1260 1844 1303 et

254 1347 410 1402 simul
427 1346 647 1416 justitiae
668 1347 896 1415 vitaeque
918 1355 1133 1403 attenta:
1153 1344 1371 1400 secundi
1401 1344 1632 1399 hominis
1656 1342 1842 1400 sociati

254 1449 606 1495 renascuntur
647 1438 697 1492 in
739 1439 1049 1508 Baptismo:
1099 1438 1239 1493 sicut
1274 1448 1331 1494 et
1369 1438 1421 1493 in
1463 1438 1845 1494 Ecclesiastico

254 1533 506 1603 scriptum
536 1539 640 1598 est,
673 1530 713 1584 A
743 1531 953 1584 muliere
977 1529 1178 1583 initium
1205 1529 1396 1600 factum
1430 1539 1502 1584 est
1542 1530 1750 1602 peccati,
1797 1540 1844 1583 et

255 1639 344 1695 per
380 1624 521 1678 illam
548 1639 719 1678 omnes
748 1622 991 1676 morimur
1016 1620 1206 1693 (Ereti.
1237 1637 1371 1688 xxv,
1399 1622 1468 1678 55
1490 1621 1529 1690 ).
1577 1620 1703 1677 Sive
1744 1638 1844 1676 au-

256 1726 362 1772 tem
388 1733 418 1771 a
450 1716 692 1781 muliere,
719 1716 833 1770 sive
871 1715 940 1769 ab
969 1715 1137 1769 Adam
1180 1713 1408 1779 dicatur,
1454 1722 1738 1786 utrumque
1777 1714 1842 1770 ad

257 1807 485 1877 primunt
518 1806 792 1861 hominem
822 1807 1049 1876 pertinet
1073 1824 1087 1860 :
1111 1805 1383 1876 quoniam,
1412 1806 1550 1862 sicut
1578 1806 1843 1870 novimus,

255 1900 446 1953 mulier
470 1915 533 1954 es
568 1899 681 1954 viro
709 1908 824 1965 est,
857 1907 913 1954 et
942 1898 1217 1969 utriusque
1260 1914 1361 1954 una
1400 1913 1528 1955 caro
1556 1907 1659 1954 est.
1693 1899 1847 1956 Unde

254 2000 313 2047 et
339 1989 468 2047 illud
496 1990 639 2060 quod
664 1992 922 2060 scriptum
949 1998 1053 2054 est,
1081 1988 1145 2044 Et
1174 2002 1319 2046 erunt
1344 1992 1445 2046 duo
1473 1992 1527 2045 in
1549 2008 1701 2046 carne
1721 2010 1843 2049 una.

255 2083 426 2156 Igitur
450 2084 567 2155 jam
604 2100 707 2156 non
740 2083 868 2151 duo,
913 2084 1084 2155 inquit
1122 2084 1398 2152 Dominus,
1438 2084 1527 2139 sed
1565 2102 1669 2143 una
1724 2102 1848 2142 caro

256 2174 468 2247 (Matth.
501 2191 612 2241 xu,
636 2176 691 2241 5,
719 2175 815 2246 6).

325 2266 553 2323 CAPUT
595 2266 757 2322 XVII.
777 2298 847 2308 —
867 2266 957 2323 22.
993 2266 1115 2323 Non
1136 2284 1242 2323 esse
1269 2269 1547 2340 infantibus
1586 2273 1850 2342 persancte

258 2371 519 2432 peccatum
538 2361 877 2417 tribuendum.
919 2362 1259 2433 Quapropter
1281 2365 1370 2433 qui
1392 2363 1577 2420 dicunt
1597 2365 1846 2434 parvulos

258 2454 381 2513 ideo
405 2453 681 2524 baptizari,
714 2462 771 2508 ut
793 2453 895 2508 hoc
923 2453 1006 2510 eis
1031 2453 1336 2509 remittatur
1359 2454 1502 2525 quod
1532 2454 1584 2509 in
1615 2455 1714 2510 hac
1742 2455 1847 2510 vita

259 2545 528 2615 proprium
558 2552 962 2611 contraxerunt,
993 2559 1097 2598 non
1128 2544 1269 2614 quod
1297 2560 1362 2600 ex
1392 2545 1561 2602 Adam
1595 2547 1849 2603 traduxe-

259 2644 402 2702 runt,
433 2651 540 2690 non
570 2636 764 2706 magno
803 2635 1079 2692 molimine
1127 2634 1404 2695 refellendi
1436 2649 1581 2693 sunt.
1623 2639 1849 2707 Quando

258 2728 400 2784 enim
426 2741 608 2783 secum
638 2726 739 2796 ipsi
769 2728 1040 2798 paululum
1071 2727 1187 2782 sine
1214 2728 1455 2784 certandi
1498 2731 1676 2785 studio
1700 2732 1848 2803 cogi-

262 2821 511 2883 taverint,
533 2834 696 2889 quam
722 2820 792 2874 sit
815 2819 1103 2876 absurdum
1131 2835 1230 2875 nec
1251 2819 1466 2891 dignum
1489 2822 1853 2890 disputatione

260 2909 402 2979 quod
449 2910 673 2978 dicunt,
726 2912 982 2967 continuo
1046 2913 1366 2966 sententiam
1422 2916 1848 2970 commutabunt.

260 3002 411 3073 Quod
439 3003 484 3059 si
511 3004 798 3069 noluerint,
833 3020 938 3059 non
986 3020 1153 3075 usque
1183 3005 1319 3060 adeo
1342 3005 1410 3060 de
1452 3006 1699 3063 humanis
1725 3025 1851 3064 sen-

258 3094 410 3150 sibus
436 3094 827 3165 desperandum
855 3107 957 3161 est,
986 3106 1043 3152 ut
1069 3107 1369 3153 metuamus
1390 3116 1456 3155 ne
1487 3099 1590 3155 hoc
1619 3103 1850 3173 cuipiam

261 3185 635 3255 persuadeant.
675 3185 778 3257 Ipsi
828 3189 1023 3263 quippe
1073 3196 1130 3243 ut
1176 3187 1278 3244 hoc
1322 3189 1585 3269 dicerent,
1630 3194 1854 3264 alicujus

260 3276 484 3334 alterius
503 3279 782 3334 sententia:
805 3279 1133 3350 pra-judicio,
1159 3281 1259 3337 nisi
1276 3280 1449 3352 fallor,
1472 3284 1684 3355 impulsi
1706 3297 1849 3343 sunt:

261 3384 328 3428 ac
354 3379 633 3442 propterea
666 3386 785 3429 cum
818 3374 1016 3431 remitti
1063 3375 1330 3445 baptizato
1360 3387 1574 3447 peccata
1606 3395 1855 3437 necessa-

264 3463 348 3517 rio
393 3460 703 3529 faterentur,
754 3480 854 3522 nec
892 3466 1044 3523 fateri
1092 3467 1287 3524 vellent
1313 3483 1380 3525 ex
1425 3470 1595 3553 Adam
1636 3472 1852 3530 ductum

261 3568 386 3609 esse
433 3562 729 3623 peccatum,
756 3554 899 3627 quod
945 3557 1146 3613 remitti
1196 3558 1498 3616 fatebantur
1541 3561 1848 3632 infantibus,

263 3644 432 3711 ipsam
463 3643 735 3703 infantiam
783 3650 953 3703 coacti
979 3660 1106 3705 sunt
1133 3664 1389 3708 accusare
1415 3670 1431 3708 :
1460 3655 1610 3724 quasi
1638 3671 1857 3712 accusa-

262 3745 351 3790 tor
396 3734 633 3792 infantim
684 3738 787 3794 hoc
830 3740 1071 3805 securior
1118 3739 1290 3809 Ileret,
1338 3759 1447 3815 quo
1487 3756 1765 3803 accusatus
1804 3750 1853 3806 ei

258 3826 589 3897 impendere
616 3843 726 3891 non
776 3840 975 3900 posset.
1016 3831 1120 3889 Sed
1171 3834 1321 3902 istos,
1374 3845 1432 3891 ut
1456 3835 1588 3904 dixi,
1634 3840 1850 3895 omitta-

260 3933 424 3985 mus;
454 3936 625 3993 neque
651 3925 794 3980 enim
819 3940 1070 3982 sermone
1099 3927 1185 3983 vel
1210 3926 1547 3986 documentis
1585 3947 1721 4002 opus
1750 3943 1850 4000 est,

260 4010 458 4081 quibus
501 4013 802 4071 innocentia
854 4017 1109 4089 probetur
1152 4018 1437 4085 infantum,
1484 4033 1744 4094 quantum
1787 4028 1854 4083 ad

261 4115 451 4158 eorum
478 4105 709 4174 pertinet
749 4107 931 4170 vitam.
963 4125 1123 4179 quam
1152 4112 1353 4167 recenti
1383 4121 1504 4167 ortu
1552 4114 1606 4170 in
1638 4129 1696 4171 se
1727 4116 1857 4187 ipsis

261 4200 448 4263 agunt,
474 4194 518 4247 si
546 4208 664 4250 eam
714 4211 822 4259 non
864 4201 1108 4268 agnoscit
1156 4215 1349 4258 sensus
1378 4201 1662 4273 humanus,
1696 4207 1857 4265 nullis

260 4284 603 4343 adminiculis
627 4288 939 4361 cujusquam
970 4291 1344 4364 disputationis
1372 4297 1608 4369 adjutus.

334 4375 564 4435 CAPUT
602 4377 790 4439 XVIII.
819 4411 892 4422 —
918 4383 1010 4438 25.
1064 4384 1275 4456 Refellit
1329 4404 1415 4443 eos
1471 4391 1560 4459 qui
1610 4392 1859 4464 baptizari

266 4472 503 4542 parvulos
531 4471 704 4528 volunt
728 4491 830 4530 non
858 4476 910 4530 in
950 4479 1143 4550 peccati
1170 4481 1537 4550 remissionem,
1564 4485 1655 4540 sed
1677 4487 1747 4542 ad
1770 4487 1857 4543 ob.

266 4564 527 4619 tinendum
554 4581 764 4638 regnum
807 4568 1066 4624 calorum.
1108 4570 1216 4628 Sed
1259 4573 1333 4630 illi
1378 4585 1616 4644 movent,
1660 4588 1717 4636 et
1760 4581 1859 4638 ali-

267 4653 393 4724 quid
443 4655 871 4714 consideratione
915 4675 977 4714 ac
1003 4659 1338 4720 discussione
1363 4664 1582 4738 dignum
1613 4669 1859 4728 videntur

267 4743 482 4812 afferre,
507 4748 595 4818 qui
625 4748 812 4804 dicunt
835 4753 1084 4820 parvulos
1112 4756 1315 4810 recenti
1346 4756 1450 4813 vita
1481 4759 1655 4817 editos
1685 4764 1857 4820 visce-

270 4836 418 4892 ribus
464 4848 711 4902 tnatrum,
762 4857 869 4897 non
901 4852 1119 4914 propter
1147 4847 1530 4906 remittendum
1581 4864 1856 4922 peccatum

271 4927 544 4998 percipere
571 4928 921 5000 Baptismum,
954 4937 1048 4991 sed
1081 4945 1141 4991 ut
1164 4939 1496 5010 spiritualem
1532 4949 1860 5013 procreatio-

273 5033 405 5085 nem,
439 5035 544 5077 non
589 5022 851 5082 habentes
882 5028 898 5061 ⁸
928 5039 1182 5087 creentur
1235 5031 1289 5088 in
1320 5033 1554 5101 Christo,
1588 5048 1642 5093 et
1694 5041 1860 5109 ipsius

270 5115 419 5185 regni
440 5116 704 5176 caelorum
733 5122 1016 5193 participes
1056 5123 1206 5191 ﬁant,
1238 5129 1428 5184 eodem
1458 5131 1617 5188 modo
1647 5133 1737 5188 filii
1761 5137 1782 5168 ⁸
1805 5148 1861 5191 et

271 5204 514 5263 haeredes
558 5210 671 5279 Dei,
725 5213 1038 5273 eohaeredes
1083 5228 1263 5276 autem
1312 5221 1531 5278 Christi.
1575 5226 1617 5280 A
1668 5226 1861 5297 quibus

271 5308 447 5356 tamen
490 5318 612 5359 cum
659 5309 934 5377 quzeritur,
985 5322 1160 5368 utrum
1209 5330 1316 5370 non
1364 5316 1611 5388 baptizati
1654 5331 1709 5377 et
1752 5338 1857 5378 non

268 5388 445 5483 eﬂ'ecti
471 5396 779 5453 cohaeredes
816 5400 1031 5469 Christi,
1067 5408 1322 5479 regnique
1350 5410 1609 5465 ccelorum
1639 5415 1857 5483 partici-

271 5495 384 5550 pes,
434 5482 667 5543 habeant
715 5490 903 5546 saltem
959 5494 1280 5553 beneficium
1329 5500 1517 5556 salutis
1560 5482 1777 5561 aaterna:
1807 5507 1857 5563 in

268 5579 661 5636 resurrectione
690 5593 1039 5653 mortuorum,
1088 5588 1331 5647 laborant
1359 5593 1726 5662 vehementer,
1761 5614 1860 5654 nec

710 5744 1004 5823 ft‘ailiijduo
1034 5755 1162 5809 ἔπει,
1190 5751 1567 5815 procreationem
1600 5718 1826 5809 itabt'tttes
1841 5774 1859 5823 ;

266 5797 686 5867 OWuegante
710 5808 957 5867 particula.

329 5859 349 5891 '
380 5860 518 5923 Editi,
535 5859 603 5915 ἶνο
624 5859 766 5918 πιοᾶο
789 5866 895 5928 lilii.
926 5879 975 5921 Αι
1004 5879 1129 5934 Mss...
1155 5876 1320 5926 eodem
1343 5876 1483 5927 modo
1496 5874 1607 5940 ﬁlii.

3322 428 3331 437 .
3418 394 3543 448 ua

1944 501 2147 559 exitum
2191 503 2485 559 inveniunt.
2526 504 2658 573 Quis
2701 505 2845 561 enim
2889 504 3321 563 Christianorum
3365 510 3495 565 ferat
3526 552 3540 575 ,

1945 607 2069 649 cum
2093 592 2288 650 dicitur
2313 594 2381 650 ad
2430 604 2689 654 aeternam
2737 597 2964 653 salutem
3012 613 3169 668 posse
3214 616 3541 672 quemquam

1946 689 2249 756 pervenire,
2299 690 2343 743 si
2376 704 2480 744 non
2527 700 2838 747 renascatur
2878 691 2931 747 in
2972 690 3207 761 Christo,
3257 694 3405 766 quod
3449 711 3544 767 per

1947 782 2274 853 Baptismunt
2307 784 2421 839 fieri
2451 784 2638 851 voluit,
2662 801 2730 842 eo
2746 787 2858 856 jam
2888 796 3127 858 tempore
3166 806 3274 860 quo
3310 792 3415 847 tale
3443 791 3545 847 Sa-

1946 886 2277 931 cramentum
2309 877 2741 933 constituendum
2772 880 2872 935 fuit
2898 885 3276 955 regeneraudis
3305 884 3357 939 in
3386 901 3539 954 spem

1946 967 2133 1021 salutis
2170 969 2426 1023 aeternae?
2466 968 2619 1026 Unde
2644 969 2774 1045 dicit
2800 972 3088 1041 Apostolus
3118 991 3131 1028 :
3164 973 3287 1029 Non
3328 992 3396 1030 ea:
3419 992 3546 1046 ope-

1947 1060 2088 1113 ribus
2106 1060 2326 1131 justitite
2373 1078 2489 1132 qua!
2529 1079 2620 1117 nos
2669 1066 2901 1135 ferimus,
2952 1067 3041 1120 sed
3086 1069 3361 1122 secundum
3399 1086 3547 1125 suam

1948 1153 2347 1208 misericordiam
2385 1155 2549 1209 salvos
2577 1172 2669 1210 nos
2697 1157 2817 1227 fecit
2841 1174 2931 1228 per
2968 1157 3230 1215 lauacrum
3277 1178 3549 1232 regenera-

1949 1242 2099 1296 tionis
2130 1243 2255 1315 (Tit.
2291 1261 2366 1309 ttt,
2396 1246 2472 1315 5).
2513 1246 2683 1313 Quam
2735 1259 2916 1305 tamen
2961 1252 3186 1306 salutem
3216 1253 3268 1308 in
3296 1268 3393 1325 spe
3418 1255 3551 1310 dicit

1948 1348 2091 1400 esse,
2117 1352 2237 1389 cum
2265 1337 2351 1391 hic
2376 1338 2627 1403 vivimus,
2676 1339 2762 1393 ubi
2793 1340 2864 1394 ait
2895 1358 2908 1394 :
2943 1340 3055 1412 Spe
3088 1344 3221 1397 enim
3258 1347 3387 1399 salui
3424 1347 3549 1416 [acti

1948 1444 2141 1483 sumus.
2175 1428 2308 1497 Spes
2328 1441 2497 1485 autem
2521 1448 2633 1501 quia
2656 1433 2850 1487 videtur
2870 1451 2971 1489 nou
2991 1445 3060 1489 est
3084 1453 3199 1505 spes
3219 1453 3238 1491 :
3252 1439 3388 1508 quod
3416 1442 3549 1494 enim

1950 1520 2081 1574 videt
2122 1522 2253 1587 quis,
2281 1524 2402 1593 quid
2446 1525 2659 1593 sperat?
2706 1524 2768 1582 Si
2809 1540 2978 1580 autem
3013 1531 3150 1600 quod
3191 1547 3293 1585 non
3321 1533 3549 1587 ridemus

1949 1630 2232 1682 speramus,
2276 1633 2366 1687 per
2391 1619 2684 1688 patientiam
2709 1630 3058 1688 exspectamus
3087 1621 3262 1692 (Rom.
3293 1640 3405 1691 vm,
3436 1625 3508 1681 9.4
3529 1667 3547 1692 ,

1949 1704 2065 1774 25).
2105 1704 2234 1761 Sine
2264 1708 2361 1763 ista
2390 1725 2518 1779 ergo
2546 1713 2951 1781 regeneratioue
2992 1714 3170 1770 salvos
3201 1716 3254 1770 in
3287 1726 3549 1773 attcrnutn

1952 1811 2112 1866 posse
2159 1800 2409 1868 parvulos
2438 1802 2573 1868 fieri,
2602 1801 2723 1872 quis
2749 1802 2943 1859 audeat
2970 1805 3262 1873 afﬁrmare,
3296 1815 3550 1879 tauquam

1952 1904 2058 1943 non
2108 1904 2204 1959 pro
2233 1890 2312 1944 eis
2342 1900 2584 1948 mortuus
2628 1894 2698 1948 sit
2745 1894 3032 1950 Christus?
3061 1897 3274 1954 Etenim
3320 1898 3554 1955 Christus

1954 1998 2044 2051 pro
2073 1982 2242 2049 impiis
2268 1983 2495 2038 mortuus
2539 1995 2614 2040 est
2648 1983 2759 2060 (Id.
2790 2003 2843 2051 ν,
2876 1988 2952 2058 6).
2994 1988 3086 2043 Isti
3125 2000 3305 2045 autem
3346 1992 3458 2063 qui,
3489 2001 3549 2049 ut

1952 2075 2293 2130 nuntifestum
2320 2085 2422 2139 est,
2454 2075 2585 2131 nihil
2613 2077 2665 2132 in
2703 2094 2797 2133 sua
2827 2080 3043 2150 propria
3071 2081 3175 2136 vita
3204 2082 3365 2152 impie
3389 2098 3545 2139 cont-

1954 2167 2235 2235 miserunt,
2285 2169 2327 2223 si
2360 2184 2460 2225 nec
2484 2171 2811 2241 uriginaliter
2856 2174 2966 2229 ullo
3005 2175 3293 2243 impietatis
3335 2159 3551 2234 vinculo

1953 2257 2279 2325 detinentur,
2303 2262 2571 2331 quomodo
2598 2278 2695 2333 pro
2721 2264 2801 2320 eis
2831 2275 3073 2321 mortuus
3098 2280 3181 2323 est
3203 2270 3292 2339 qui
3323 2286 3421 2339 pro
3448 2271 3518 2325 im
3540 2299 3554 2311 -

1954 2351 2057 2422 piis
2106 2361 2347 2408 mortuus
2391 2355 2514 2409 est?
2551 2354 2606 2411 Si
2660 2357 2804 2410 nulla
2853 2358 3131 2428 originalis
3178 2371 3303 2415 sunt
3352 2365 3554 2431 peccati

1954 2446 2270 2516 aegritudine
2296 2448 2540 2515 sauciati,
2570 2449 2840 2518 quomodo
2866 2450 2934 2506 ad
2965 2451 3230 2509 titedicum
3254 2453 3549 2520 Chrissum,

1957 2537 2058 2592 hoc
2086 2547 2188 2604 est,
2212 2538 2277 2592 ad
2305 2540 2707 2609 percipiendum
2739 2542 3145 2598 Sacrameutum
3177 2546 3364 2601 salutis
3389 2556 3554 2603 aeter—

1959 2647 2064 2696 nae,
2097 2645 2315 2684 suorum
2343 2632 2669 2687 currentium
2700 2632 2787 2704 pio
2820 2634 3010 2690 timore
3042 2644 3340 2705 portantur,
3368 2648 3423 2693 et
3450 2654 3556 2693 non

1956 2723 2036 2779 eis
2068 2723 2118 2778 in
2147 2723 2381 2785 Ecclesia
2408 2723 2623 2792 dicitur,
2649 2724 2870 2782 Auferte
2898 2728 3020 2782 hinc
3041 2728 3352 2784 innocentes
3385 2730 3515 2785 istos
3537 2747 3562 2797 ε

1957 2832 2066 2871 non
2095 2826 2178 2871 est
2203 2831 2338 2885 opus
2382 2818 2529 2872 sanis
2571 2819 2834 2884 medicus,
2884 2820 2976 2875 sed
3007 2821 3147 2876 male
3193 2821 3511 2879 habentibus
3540 2842 3559 2880 :

1959 2926 2064 2964 non
2112 2910 2257 2965 venit
2302 2909 2548 2965 Christus
2579 2927 2771 2967 vocare
2812 2912 3010 2983 justos,
3065 2915 3161 2970 sed
3208 2916 3562 2985 peceatores?

1958 3001 2239 3071 Nunquam
2271 3001 2474 3057 dictum
2517 3011 2621 3069 est,
2668 3019 2937 3074 nunquam
2983 3006 3177 3062 dicitur
3218 3008 3258 3074 ί,
3289 3024 3558 3080 nunquam

1959 3097 2182 3151 omnino
2206 3095 2412 3152 dicetur
2440 3096 2491 3152 in
2519 3097 2754 3154 Ecclesia
2780 3098 2976 3153 Christi
3003 3100 3107 3156 tale
3132 3114 3518 3158 commentum.

2029 3188 2256 3244 CAPUT
2307 3188 2449 3244 XIX.
2482 3217 2555 3230 —-
2607 3190 2697 3244 24.
2754 3188 2986 3262 Infantes
3034 3201 3086 3245 ut
3133 3193 3332 3261 ﬁdeles,
3388 3196 3461 3249 ita
3510 3206 3560 3250 et

1934 3353 1938 3356 ἱ
1968 3280 2259 3349 ptenitentcs
2303 3279 2560 3334 dit-untur.
2607 3278 2825 3335 Peccata
2858 3282 2967 3336 sola
3004 3283 3137 3337 inter
3169 3282 3334 3338 Deum
3377 3294 3424 3340 et
3462 3286 3560 3341 Ito-

1963 3371 2122 3425 tnines
2173 3383 2432 3441 separant.
2510 3372 2588 3427 Ac
2639 3388 2708 3428 ne
2763 3374 2882 3443 quis
2940 3375 3223 3430 existimet
3260 3376 3381 3432 ideo
3440 3395 3561 3447 par-

1961 3466 2120 3520 vulos
2169 3464 2237 3520 ad
2297 3464 2625 3536 Baptismum
2668 3466 2845 3522 alierri
2906 3480 3195 3537 oportere,
3245 3471 3365 3542 quia
3422 3471 3563 3528 sicut

1958 3565 2274 3626 peccatores
2317 3542 2437 3611 noni
2470 3565 2636 3624 sunt,
2696 3557 2767 3612 ita
2816 3573 2916 3615 nec
2954 3558 3082 3630 justi
3126 3569 3253 3616 sunt
3283 3580 3297 3617 :
3327 3577 3556 3633 quomo-

1959 3645 2030 3701 do
2075 3661 2203 3717 ergo
2246 3646 2461 3716 quidam
2511 3648 2759 3702 meritum
2815 3649 2971 3719 hujus
3026 3651 3202 3705 aetatis
3248 3667 3278 3704 a
3330 3652 3556 3707 Domino

1961 3738 2231 3812 laudatum
2261 3752 2381 3793 esse
2405 3749 2850 3805 commemorant,
2881 3740 2965 3795 ubi
2993 3743 3086 3805 ait,
3123 3741 3291 3799 Sinite
3315 3742 3557 3814 parrulos

1958 3830 2125 3885 venire
2142 3830 2209 3884 ad
2238 3845 2353 3894 me;
2379 3831 2560 3885 talium
2584 3841 2656 3887 est
2681 3832 2813 3887 enim
2839 3850 3048 3905 regnum
3071 3836 3309 3891 ctelornm
3339 3835 3554 3910 (Matth.

1960 3939 2071 3988 six,
2109 3923 2245 3995 ll)?
2280 3923 2336 3979 Si
2362 3924 2506 3978 enim
2539 3924 2639 3980 hoc
2683 3940 2788 3980 non
2821 3937 3038 3997 propter
3068 3929 3380 3986 humilitatis
3407 3932 3560 3986 simi-

1958 4014 2264 4079 Iitudiuem,
2311 4016 2454 4086 quod
2501 4014 2774 4072 humilitas
2804 4019 3054 4087 parvulos
3084 4019 3263 4086 faciat,
3294 4022 3389 4077 sed
3434 4038 3558 4092 pro-

1962 4121 2083 4182 pter
2105 4126 2390 4181 puerorum
2415 4112 2579 4166 vitam
2607 4112 2927 4179 laudabilem
2954 4114 3154 4169 dictum
3182 4126 3287 4181 est,
3319 4117 3557 4185 profecto

1961 4211 2019 4260 et
2054 4202 2183 4273 justi
2214 4211 2357 4259 sunt.
2397 4200 2513 4259 Non
2543 4205 2688 4260 enim
2716 4217 2860 4261 recte
2890 4206 3047 4262 aliter
3069 4206 3175 4262 dici
3210 4211 3401 4279 potuit,
3445 4208 3558 4281 (Ta-

1961 4293 2089 4348 lium
2115 4302 2188 4348 est
2230 4309 2439 4365 regnum
2468 4295 2730 4359 caelorum,
2776 4311 2896 4352 cum
2944 4313 3066 4354 esse
3108 4314 3215 4354 non
3244 4302 3409 4370 possit
3457 4304 3558 4356 nisi

1956 4384 2243 4456 justorum.
2284 4383 2392 4440 Sed
2423 4384 2556 4441 forte
2592 4384 2694 4441 hoc
2720 4387 2931 4455 quidem
2961 4403 3065 4443 non
3094 4401 3453 4460 congruenter
3480 4395 3558 4447 di-

1918 4504 1931 4517 -
1960 4478 2133 4543 citur,
2174 4476 2316 4546 quod
2350 4476 2693 4547 parvulorum
2743 4480 2905 4534 vitam
2962 4479 3257 4537 laudaverit
3303 4484 3559 4539 Dominus

1961 4569 2166 4636 dicens,
2199 4568 2406 4625 Talium
2446 4580 2517 4624 est
2562 4586 2773 4641 regnum
2811 4573 3051 4627 calorum
3079 4590 3098 4629 :
3130 4589 3254 4630 cum
3296 4591 3459 4632 verax
3492 4579 3556 4631 sit

1962 4661 2054 4717 ille
2075 4662 2377 4718 intellectus
2392 4661 2535 4733 quod
2558 4662 2873 4718 humilitatis
2890 4663 3293 4722 similitudinem
3321 4668 3372 4722 in
3398 4682 3511 4737 parx
3527 4686 3554 4722 a

1963 4761 2121 4809 aetate
2162 4754 2421 4823 posuerit.
2468 4754 2847 4810 Verumtamen
2878 4756 3101 4812 forsitan
3133 4758 3235 4814 hoc
3266 4759 3556 4815 tenendum

1963 4851 2050 4901 est
2088 4842 2229 4915 quod
2259 4842 2391 4911 disi,
2433 4854 2717 4916 prepterea
2758 4846 3007 4918 parvulos
3036 4848 3292 4920 baptizari
3322 4849 3518 4906 debere
3546 4896 3560 4918 ,

1963 4936 2086 5008 quia
2116 4937 2255 4992 sicut
2299 4947 2611 5007 peccatores
2653 4954 2759 4993 non
2801 4948 2945 5006 sunt,
2994 4940 3066 4995 ita
3109 4956 3208 4997 nec
3240 4941 3368 5012 justi
3412 4956 3557 5001 sunt.

1964 5028 2071 5084 Sed
2096 5044 2216 5083 cum
2245 5027 2444 5084 dictum
2474 5038 2638 5097 esset,
2673 5029 2791 5085 Non
2833 5032 2943 5086 veni
2972 5049 3150 5089 vocare
3176 5035 3368 5106 justas.
3409 5040 3560 5106 quasi

1963 5121 2012 5177 ei
2043 5121 2479 5191 responderetur,
2498 5122 2643 5190 Quos
2663 5139 2794 5193 ergo
2824 5140 3014 5181 vocare
3036 5128 3268 5184 venisti?
3302 5132 3562 5187 emitinuo

1964 5212 2258 5284 subjunxit,
2289 5214 2379 5269 sed
2408 5225 2691 5284 peccatores
2718 5216 2770 5270 in
2810 5218 3154 5287 ptenitentiom
3181 5220 3331 5294 (Luc.
3358 5239 3411 5290 v,
3437 5224 3552 5297 δὲ).

1965 5306 2043 5362 Ac
2092 5321 2190 5380 per
2247 5307 2384 5371 hoc,
2431 5308 2701 5376 quomodo
2757 5310 2803 5366 si
2845 5312 2973 5379 justi
3019 5323 3174 5379 sunt,
3225 5315 3295 5371 ita
3348 5318 3558 5372 etiamsi

1965 5410 2273 5470 peccatores
2303 5418 2407 5456 non
2438 5412 2581 5464 sunt,
2613 5421 2718 5459 non
2747 5420 2842 5462 eos
2867 5408 3011 5463 venit
3038 5425 3249 5471 vocare.
3281 5413 3369 5482 qui
3401 5410 3556 5476 dixit,

1966 5492 2089 5549 Non
2116 5496 2227 5550 veni
2271 5513 2449 5551 uocare
2465 5498 2657 5568 justos,
2705 5502 2794 5555 sed
2841 5512 3124 5571 peccatores
3146 5503 3173 5558 .’
3211 5504 3279 5559 Et
3310 5504 3429 5559 ideo
3461 5504 3559 5559 Ba-

1967 5586 2159 5657 ptismo
2188 5588 2303 5658 ejus
2332 5588 2423 5659 qui
2464 5606 2559 5646 eos
2591 5608 2695 5647 non
2729 5603 2904 5658 vocat,
2944 5610 3048 5650 non
3082 5605 3286 5652 tantum
3319 5597 3513 5651 frustra
3549 5636 3562 5661 ,

1966 5697 2147 5736 rerum
2187 5684 2345 5738 etiam
2392 5684 2631 5755 improbe
2675 5687 2921 5742 videntur
2963 5689 3203 5754 irruere;
3236 5689 3376 5761 quod
3421 5689 3554 5745 absit

1967 5785 2020 5830 ut
2052 5776 2363 5832 sentiamus.
2408 5776 2575 5833 Vocat
2603 5794 2694 5839 eos
2735 5781 2892 5851 igitur
2922 5782 3178 5848 medicus,
3216 5782 3302 5851 qni
3337 5796 3439 5836 non
3474 5789 3557 5839 est

2034 5890 2043 5919 '
2085 5894 2132 5937 tn
2153 5896 2277 5949 ttss.,
2305 5903 2547 5954 nunquam
2573 5894 2781 5947 dtt‘atttt'.
