4168 6540
632 429 732 486 ηδ

628 557 764 612 opus
791 539 954 603 sanis,
975 537 1066 592 sed
1093 533 1494 604 mgrotantibus,
1515 545 1612 584 nec
1637 527 1783 582 venit
1805 536 1996 578 vocare
2021 520 2215 612 justus,

627 611 726 688 sed
777 639 1081 702 peccatores
1127 627 1178 682 in
1227 623 1614 694 paenitentiam.
1665 619 1732 674 Et
1780 615 1900 671 ideo
1941 611 2064 683 quia
2108 624 2220 702 suae

634 726 754 778 vitae
780 701 1006 793 propritc
1034 717 1264 790 peccatis
1293 716 1453 771 nullis
1490 712 1664 768 adhuc
1705 718 1954 765 tenentur
1983 701 2216 767 obnoxii,

630 817 906 886 originalis
947 815 998 869 in
1025 813 1103 867 eis
1143 809 1400 882 :rgritudo
1425 816 1641 862 sanatur
1685 806 1736 860 in
1767 804 1882 871 ejus
1921 799 2088 872 gratia
2131 795 2220 866 qui

633 909 814 964 salvos
843 907 963 962 facit
991 919 1086 976 per
1129 905 1394 958 lavacrum
1423 896 1862 969 regenerationis.

703 1000 796 1053 25.
840 999 987 1052 Dicet
1032 996 1222 1065 aliquis
1253 1011 1267 1048 :
1296 991 1575 1061 Quomodo
1602 1003 1731 1051 ergo
1757 995 1812 1041 ct
1840 982 1937 1050 ipsi
1968 989 2225 1034 vocantur

637 1093 688 1146 iu
735 1087 1146 1160 pmnilentiaui?
1183 1084 1446 1154 Numquid
1489 1081 1727 1137 tantillos
1757 1082 1774 1110 ³
1807 1082 1984 1146 potest
2026 1066 2225 1138 aliquid

641 1181 942 1250 militum?
983 1179 1115 1233 Iluic
1142 1175 1494 1248 respondetur
1518 1191 1531 1226 :
1556 1173 1610 1226 Si
1646 1176 1921 1240 propterea
1955 1162 2222 1232 pmuitcn-

641 1285 721 1330 tes
768 1272 980 1328 dccndi
1029 1286 1134 1326 non
1181 1278 1326 1332 situt,
1355 1267 1480 1336 quia
1526 1278 1739 1317 sensum
1786 1253 2073 1328 pu-nitcndi
2122 1265 2226 1306 non

646 1365 840 1420 habem
866 1367 909 1424 ί,
941 1379 1041 1418 nec
1073 1361 1252 1416 ﬁdeles
1277 1357 1485 1412 dicendi
1512 1363 1652 1417 sunt,
1685 1351 1805 1420 quia
1831 1347 2076 1437 similiter
2101 1340 2237 1396 seu-'

645 1473 762 1512 sum
807 1455 1060 1512 credendi
1114 1451 1346 1506 nondum
1395 1445 1607 1501 habent.
1649 1443 1703 1498 Si
1738 1451 1916 1494 autem
1951 1446 2229 1506 propterea

644 1561 790 1604 recte
820 1547 1002 1602 ﬁdeles
1028 1554 1304 1606 vocantur,
1336 1541 1584 1612 quoniam
1631 1536 1787 1589 [idem
1821 1529 2102 1602 per’verba
2131 1540 2226 1595 ge-

642 1641 896 1696 stantium
941 1638 1167 1708 quodam
1199 1634 1358 1689 modo
1406 1633 1757 1702 profitentur;
1788 1640 1886 1682 cur
1931 1637 2038 1674 non
2087 1619 2232 1687 prius

645 1737 805 1793 etiam
834 1735 1152 1805 pmoitentcs
1173 1729 1454 1792 habentur,
1477 1739 1596 1779 cum
1623 1736 1722 1792 per
1737 1715 2048 1774 eorumdcm
2069 1709 2232 1765 verba

643 1825 962 1895 gestantium
1007 1821 1219 1876 diabolo
1248 1827 1304 1873 et
1331 1817 1454 1870 huic
1498 1813 1694 1868 smculo
1743 1808 2052 1864 renuntiare
2080 1817 2234 1858 mon-

643 1915 922 1970 strantur?
960 1913 1150 1968 Totum
1204 1911 1304 1964 hoc
1347 1909 1398 1962 in
1446 1921 1543 1976 spe
1603 1904 1660 1957 iit
1705 1903 1758 1956 vi
1810 1895 2136 1954 Sacrameuti
2181 1902 2236 1948 et

645 2009 841 2062 dii-ina:
867 1998 1066 2076 gratiae,
1097 2019 1256 2074 quam
1286 2001 1542 2057 Dominus
1570 1995 1789 2052 donavit
1815 1993 2090 2049 Ecclesize.
2119 1988 2237 2045 Cre-

645 2110 816 2156 terum
861 2097 980 2168 quis
1020 2099 1226 2168 ignorat
1271 2094 1411 2164 quod
1445 2091 1742 2160 baptizatus
1773 2086 2044 2157 parvulus,
2093 2085 2137 2139 si
2168 2084 2234 2138 ad

649 2191 932 2245 rationales
961 2203 1133 2243 annos
1172 2187 1396 2241 veniens
1433 2199 1540 2238 non
1583 2180 1896 2243 crediderit,
1945 2191 2046 2232 nec
2085 2190 2144 2230 se
2171 2174 2238 2229 ab

647 2280 845 2336 illicitis
886 2277 1334 2344 concupiscentiis
1378 2273 1717 2336 abstinuerit,
1768 2269 1898 2324 nihil
1926 2266 1974 2322 ei
2003 2263 2238 2336 proderit

647 2373 788 2444 quod
831 2387 1022 2441 parvus
1061 2369 1313 2438 accepit?
1351 2367 1733 2421 Verumtamen
1775 2363 1818 2417 si
1853 2367 2103 2430 percepto
2132 2357 2237 2412 Ba-

647 2469 896 2537 ptismate
943 2465 1142 2520 de'hae
1187 2463 1292 2516 vita
1336 2458 1697 2528 emigravcrit,
1745 2455 1919 2509 solqu
1967 2463 2116 2507 reatu
2154 2450 2238 2505 cui

649 2556 980 2627 originaliter
1004 2565 1118 2610 erat
1157 2552 1441 2613 obnoxius.
1483 2548 1788 2618 perﬁcietur
1812 2547 1863 2600 in
1909 2545 2000 2600 illo
2041 2543 2240 2597 lumine

651 2648 910 2711 veritatis,
937 2645 1074 2716 quod
1105 2638 1612 2700 incmmnutahiliter
1635 2654 1856 2693 manens
1877 2639 1926 2691 iu
1955 2646 2239 2700 mlcruum,

649 2739 964 2808 justiticatns
1033 2735 1310 2804 praesentia
1363 2731 1636 2788 Creatoris
1681 2730 1959 2784 illuminat.
2019 2727 2242 2782 Peccaia

651 2831 794 2886 enim
825 2829 936 2884 sola
963 2835 1214 2898 separant
1238 2827 1378 2881 inter
1403 2824 1644 2880 homines
1671 2831 1723 2876 ct
1751 2821 1940 2887 Deum,
1983 2834 2102 2888 quze
2129 2817 2243 2871 Sul-

654 2933 852 2976 vuutur
874 2920 1069 2976 Christi
1097 2919 1288 2988 gratia,
1319 2932 1416 2986 per
1442 2931 1601 2986 quem
1628 2914 1971 2970 mediatorcm
1999 2910 2246 2966 reconci-

655 3015 868 3078 liamur,
901 3028 1020 3066 cum
1049 3011 1303 3080 juStilicat
1329 3009 1571 3077 impium.

735 3105 960 3162 CAPUT
997 3103 1118 3160 XX.
1147 3133 1221 3145 —
1259 3101 1349 3157 26.
1394 3102 1473 3155 Ad
1499 3116 1718 3154 mensam
1748 3097 1956 3152 Domini
1981 3111 2126 3150 nemo
2153 3095 2250 3149 rite

663 3197 761 3250 nisi
789 3196 1069 3266 baptizatus
1103 3195 1311 3249 accedit.
1344 3192 1636 3248 Terrentur
1663 3200 1838 3245 autem
1871 3189 1954 3243 isti
1985 3187 2248 3242 sententia

664 3289 870 3344 Domini
886 3289 1130 3352 dicentis,
1154 3286 1270 3341 Nisi
1289 3287 1400 3356 quis
1417 3294 1562 3338 natus
1578 3284 1726 3355 fuerit
1743 3281 1930 3343 denuo,
1956 3296 2055 3334 non
2071 3277 2252 3333 videbit

663 3397 871 3452 regnum
902 3379 1010 3436 Dei.
1055 3379 1204 3448 Quod
1225 3393 1343 3434 cum
1369 3385 1676 3446 exponeret,
1707 3377 1800 3439 ait,
1835 3374 1953 3428 Nisi
1975 3373 2085 3440 quis
2107 3389 2252 3428 rena-

663 3483 746 3527 tus
794 3473 944 3543 fuerit
972 3489 1033 3528 ex
1059 3488 1192 3542 aqua
1235 3481 1280 3524 et
1309 3470 1526 3542 Spiritu,
1571 3487 1671 3524 non
1717 3467 1922 3524 intrabit
1948 3468 2000 3522 in
2046 3483 2255 3538 regnum

665 3565 903 3620 castorum
931 3561 1112 3634 (Joan.
1145 3578 1223 3628 tu,
1247 3565 1297 3624 3.
1330 3563 1408 3632 5).
1452 3563 1513 3617 Et
1543 3569 1822 3630 propterea
1843 3565 2107 3614 conantur
2131 3572 2255 3626 par-

665 3657 803 3710 vulis
847 3672 949 3710 non
1003 3655 1277 3724 baptizatis
1319 3655 1634 3709 innocentia:
1680 3652 1870 3707 merito
1922 3651 2147 3704 salutem
2193 3663 2255 3704 ac

667 3750 829 3804 vitam
855 3757 1108 3802 mternam
1136 3747 1394 3812 tribuere;
1426 3747 1520 3803 sed
1552 3747 1672 3817 quia
1700 3744 1947 3814 baptizati
1982 3757 2088 3796 non
2109 3751 2253 3808 sunt,

668 3854 764 3895 eos
789 3854 817 3892 a
851 3853 1015 3906 regno
1041 3839 1294 3894 caelorum
1346 3837 1524 3894 facere
1570 3835 1775 3890 alienos
1807 3849 1821 3886 :
1851 3847 1984 3887 nova
2029 3830 2255 3901 quadam

670 3942 724 3987 et
750 3931 973 3985 mirabili
1002 3931 1434 4000 prmsumptione.
1480 3927 1631 3996 quasi
1661 3927 1805 3980 salus
1830 3939 1894 3979 ac
1921 3931 2120 3978 {eterna
2154 3923 2257 3976 vita

674 4026 843 4096 possit
878 4038 994 4079 esse
1041 4033 1231 4094 praeter
1263 4022 1458 4076 Christi
1507 4018 1894 4082 lucri-ditatem,
1933 4023 2130 4086 prmter
2169 4030 2259 4068 re-

675 4133 838 4186 gnum
883 4117 1159 4172 caelorum.
1201 4115 1410 4170 Habent
1437 4111 1580 4166 enim
1631 4108 1876 4163 videlicet
1921 4122 2028 4176 quo
2074 4104 2263 4160 confu-

669 4209 838 4278 giant,
867 4219 1024 4278 atque
1060 4206 1146 4260 ubi
1187 4205 1522 4268 delitescant,
1567 4200 1839 4270 quianon
1868 4197 1943 4251 ait
1972 4196 2258 4264 Dominus,

678 4300 739 4356 Si
764 4301 874 4369 quis
905 4317 1004 4354 non
1031 4309 1234 4354 renatus
1259 4297 1412 4369 fuerit
1440 4311 1504 4349 ea:
1541 4310 1673 4362 aqua
1698 4301 1746 4346 et
1775 4290 1995 4362 Spiritu,
2031 4307 2137 4344 non
2163 4289 2262 4343 ha-

677 4393 824 4449 bebit
849 4393 1048 4456 vitam;
1101 4390 1194 4446 sed
1224 4392 1318 4458 ait,
1368 4404 1468 4442 non
1511 4385 1718 4438 intrabit
1759 4385 1811 4437 in
1855 4399 2065 4452 regnum
2096 4380 2192 4436 Dei
2219 4381 2260 4436 ³.

677 4484 807 4540 Nam
838 4483 882 4540 si
911 4483 1036 4539 illud
1067 4483 1312 4544 dixisset,
1341 4477 1484 4532 nulla
1513 4475 1636 4529 hinc
1661 4473 1922 4529 dubitatio
1949 4481 2126 4542 posset
2165 4472 2265 4528 ob-

677 4579 828 4636 eriri.
871 4577 1156 4632 Auferatur
1193 4589 1322 4642 ergo
1363 4569 1624 4624 dubitatio
1663 4566 1812 4636 :jam
1863 4565 2144 4620 Dominum
2172 4552 2268 4621 a'u-

677 4669 904 4733 diamus,
942 4683 1045 4722 non
1086 4663 1419 4734 suSpicioncs
1455 4658 1892 4728 conjecturasqne
1922 4657 2260 4723 mortalium;

683 4761 960 4816 Dominum
1009 4755 1308 4818 audiamus,
1356 4752 1592 4819 inquam,
1642 4763 1746 4803 non
1795 4745 2011 4816 quidem
2058 4747 2161 4802 hoc
2198 4747 2266 4802 de

681 4853 1028 4908 Sacramenta
1079 4843 1320 4900 lavacri"
1355 4842 1643 4905 dicentem,
1689 4839 1784 4895 scd
1811 4838 1880 4892 de
1921 4837 2269 4894 Sacramento

682 4952 882 5000 sancL-e
907 4942 928 4975 ³
955 4953 1156 4994 mensae
1200 4949 1332 5001 sum,
1379 4947 1484 5002 quo
1509 4944 1668 4986 nemo
1705 4931 1807 4984 rite
1835 4929 1935 4984 nisi
1974 4929 2268 4997 baptizatus

679 5034 886 5092 acoedit
916 5048 930 5086 :
966 5028 1086 5084 Nisi
1109 5021 1528 5080 manducet-eritis
1549 5038 1748 5076 carnem
1774 5036 1958 5086 meam,
1986 5029 2032 5074 et
2053 5020 2270 5074 biberitis

681 5126 977 5200 sanguinem
1005 5135 1191 5182 meum,
1223 5134 1324 5171 non
1372 5115 1610 5169 habebitis
1647 5114 1798 5168 vitam
1839 5115 1892 5166 in
1935 5109 2090 5165 vobis.
2132 5111 2267 5178 de

687 5219 823 5274 ultra
853 5208 1188 5285 quzerimus?
1225 5206 1361 5276 Quid
1389 5205 1454 5260 ad
1483 5205 1583 5260 hoc
1610 5203 1923 5274 responderi
1948 5212 2141 5272 potest,
2170 5201 2268 5256 nisi

687 5305 976 5382 pertinacia
1032 5313 1302 5373 pugnaces
1359 5312 1554 5352 nervos
1611 5297 1870 5352 adversus
1917 5291 2268 5349 constantiam

688 5401 982 5473 perspicua:
1009 5396 1247 5452 veritatis
1287 5392 1560 5450 intendat?

751 5549 766 5582 ί
804 5546 878 5598 sic
893 5547 1144 5595 Vaticanus
1163 5542 1336 5593 codex.
1367 5539 1448 5590 Αιὶῑ
1475 5553 1592 5590 vero
1613 5551 1722 5588 cum
1745 5535 1955 5596 excusis,
1979 5531 2208 5584 tantiltus.

751 5613 771 5644 ⁸
806 5607 940 5665 Editi,
963 5607 1174 5669 nondum
1189 5604 1377 5669 habent.
1405 5610 1459 5653 At
1479 5609 1606 5661 Mss,
1627 5614 1722 5651 non
1743 5598 1963 5669 Imbetu._
2083 5663 2092 5669 _
2127 5657 2139 5669 .

758 5673 778 5706 ³
803 5663 944 5735 _l.ov.,
963 5668 1015 5735 in
1037 5680 1237 5735 regnum
1259 5666 1508 5718 actorum.
1533 5674 1636 5735 am.
1663 5675 1799 5723 vero,
1821 5667 1897 5710 Er.
1919 5666 1972 5710 et
1991 5663 2143 5709 nostri
2165 5663 2270 5706 Mss.

687 5739 779 5784 i-oe
803 5731 912 5782 loco
930 5729 1134 5788 habent,
1155 5729 1204 5780 in
1223 5741 1436 5792 regnum
1456 5729 1559 5792 [ξεί.
1858 5782 1889 5792 Α

758 5797 778 5827 δ
810 5800 942 5854 l.ov.,
964 5787 1357 5851 saneti'tavaci‘i;
1382 5788 1538 5837 addita
1565 5799 1711 5844 voce,
1737 5787 1905 5843 κακαὶ,
1935 5795 1996 5832 ex
2031 5794 2128 5831 uno
2166 5787 2273 5830 tan-

690 5866 792 5908 tum
817 5858 1148 5919 manuscripto.

753 5923 774 5954 ³
806 5911 1171 5984 Cygirauuénsis
1193 5916 1345 5966 codex
1374 5911 1566 5973 omittit,
1591 5913 1783 5959 srmcltz'.

1267 423 1354 474 DE
1391 409 1846 472 PECCATORUM
1880 405 2156 462 MEl‘ilTlS
2196 401 2238 456 E

2355 397 2756 468 lElliSSIONE,
2798 397 2854 456 S.
2897 389 3264 454 AUGUSTlN‘

3813 390 3920 454 ιέῑ

2395 511 2490 567 97.
2532 513 2614 567 An
2646 528 2776 568 vero
2818 513 3096 584 quisquam
3123 511 3282 564 etiam
3316 508 3420 564 hoc
3444 508 3619 564 dicere
3661 510 3888 566 audebit
3914 552 3932 576 ,

2323 603 2463 676 quod
2489 603 2555 660 ad
2587 604 2836 674 parvulos
2881 601 2997 658 haec
3023 590 3288 658 sontentia
3322 616 3426 656 non
3465 602 3748 672 pertineat,
3802 615 3934 673 p0s«

2325 702 2538 772 sintque
2580 702 2698 756 sine
2739 699 3142 771 participatione
3167 699 3410 770 corporis
3439 699 3600 770 hujus
3623 710 3677 755 et
3707 699 3935 770 sangui-

2328 791 2410 846 nis
2453 793 2506 844 in
2533 806 2594 846 se
2641 791 2839 846 habere
2879 791 3042 844 vitam
3075 788 3148 862 (a)
3184 808 3199 844 :
3229 790 3352 861 quia
3395 805 3500 844 non
3529 791 3623 856 ait,
3670 789 3772 858 Qui
3813 805 3932 846 non

2329 881 2746 944 manducavcrit,
2791 881 2932 936 sicut
2973 881 3042 935 de
3089 881 3380 950 Baptismo,
3427 881 3527 947 Qui
3571 897 3674 934 non
3715 889 3936 934 renatus

2331 976 2482 1047 fuerit
2507 991 2527 1039 ;
2555 973 2649 1030 sed
2691 975 2784 1039 ait,
2811 974 2873 1029 Si
2899 990 2999 1027 non
3026 973 3466 1038 mandacoveritis,
3493 974 3641 1028 velut
3669 985 3764 1027 eos
3792 972 3938 1027 allo-

2330 1081 2501 1136 quens
2522 1066 2612 1136 qui
2651 1066 2836 1120 audire
2873 1073 2927 1119 ct
2956 1066 3252 1135 intelligere
3279 1073 3540 1134 poterant,
3571 1064 3712 1136 quod
3739 1063 3935 1134 utique

2333 1174 2438 1213 non
2469 1160 2650 1214 Valent
2679 1158 2922 1228 parvuli?
2962 1158 3069 1213 Sed
3100 1159 3188 1228 qui
3235 1159 3335 1213 hoc
3363 1159 3512 1222 dicit,
3559 1173 3664 1212 non
3695 1157 3908 1214 attendi

2333 1251 2454 1321 quia
2475 1251 2572 1304 nisi
2589 1267 2776 1307 omnes
2795 1250 2891 1306 ista
2910 1253 3172 1306 sententia
3189 1260 3387 1315 teneat,
3411 1261 3469 1304 ut
3488 1253 3603 1306 sine
3615 1267 3846 1321 corpore
3873 1265 3935 1308 et

2334 1343 2590 1412 sanguine
2633 1343 2750 1396 Filii
2792 1343 3022 1396 hominis
3063 1343 3225 1396 vitam
3277 1343 3475 1399 habere
3521 1359 3626 1398 non
3673 1343 3887 1415 possint
3919 1386 3936 1407 .

2335 1432 2529 1488 frustra
2557 1433 2714 1487 etiam
2756 1443 2886 1488 tetas
2929 1434 3103 1501 major
3149 1434 3200 1488 id
3246 1445 3417 1488 curat.
3457 1435 3641 1490 Potest
3684 1437 3852 1500 enim,
3889 1439 3940 1492 si

2338 1542 2442 1579 non
2491 1527 2834 1590 voluntatem,
2883 1525 2978 1580 sed
3023 1525 3183 1580 verba
3227 1525 3496 1596 loquentis
3539 1525 3806 1592 attendas,
3853 1528 3938 1582 eis

2337 1617 2464 1670 solis
2495 1616 2662 1671 videri
2691 1617 2911 1678 dictum,
2935 1617 3128 1687 quibus
3153 1625 3278 1672 tunc
3306 1618 3562 1674 Dominus
3585 1619 3929 1686 loquebatur:

2338 1709 2457 1776 quia
2502 1722 2606 1761 non
2656 1708 2749 1772 ait,
2805 1709 2904 1770 Qui
2953 1723 3058 1762 non
3097 1708 3534 1775 manducaverit;
3579 1708 3695 1775 sed,
3744 1709 3944 1765 Sinon

2338 1798 2776 1853 monducaveritis.
2815 1799 2888 1858 Et
2932 1799 3019 1852 ubi
3062 1808 3145 1854 est
3179 1799 3319 1870 quod
3347 1801 3535 1856 eodem
3569 1801 3688 1857 loco
3729 1801 3798 1856 de.
3839 1810 3944 1856 hac

2341 1892 2449 1962 ipsa
2481 1907 2540 1946 re
2577 1893 2668 1956 ait,
2705 1890 2864 1945 Panis
2899 1908 3046 1962 quem
3083 1907 3172 1962 ego
3216 1891 3422 1958 dedero,
3455 1908 3574 1946 raro
3608 1909 3718 1946 mea
3747 1902 3820 1946 est
3847 1911 3943 1964 pro

2343 1981 2516 2035 swculi
2555 1982 2655 2034 vita
2695 1979 2872 2053 (Joun.
2909 1997 2984 2048 vi,
3015 1982 3104 2046 54,
3139 1981 3276 2053 52)?
3314 1983 3620 2036 Secundum
3650 1983 3751 2038 hoc
3793 1984 3942 2039 enim

2339 2072 2505 2128 etiam
2545 2069 2609 2126 ad
2641 2087 2738 2126 nos
2776 2073 3040 2142 pertinere
3080 2072 3209 2127 illud
3239 2071 3646 2129 Sacramentnm
3681 2074 3942 2148 intelligi-

2341 2178 2482 2229 mus,
2528 2163 2618 2233 qui
2649 2172 2774 2219 tunc
2803 2163 3037 2218 nondum
3081 2163 3280 2219 fuimus
3309 2165 3526 2236 quando
3557 2167 3654 2222 ista
3685 2167 3940 2232 dicebat;

2341 2257 2462 2328 quia
2491 2255 2509 2288 ³
2541 2271 2644 2309 non
2675 2271 2955 2325 possumus
2981 2256 3164 2311 dicere
3191 2257 3256 2312 ad
3281 2258 3534 2312 smculum
3562 2274 3659 2313 nos
3687 2275 3792 2314 non
3815 2276 3944 2330 per-

2345 2351 2534 2412 tinerc,
2575 2363 2670 2416 pro
2711 2347 2862 2417 cujus
2905 2347 3011 2402 vita
3052 2348 3299 2403 Christus
3327 2364 3478 2404 suam
3522 2365 3739 2405 carnem
3769 2351 3944 2406 dedit.

2343 2441 2473 2510 Quis
2517 2449 2696 2495 autem
2725 2441 2960 2510 ambigat
2987 2441 3167 2495 saeculi
3201 2442 3417 2498 nomine
3449 2441 3694 2498 homines
3733 2442 3948 2514 signifi-

2345 2543 2494 2586 catos
2519 2546 2661 2598 esse,
2691 2531 2779 2602 qui
2825 2531 3097 2586 nascendo
3137 2531 3190 2586 in
3233 2532 3334 2587 hoc
3379 2533 3634 2587 sasenlum
3681 2535 3950 2588 veniunt?

2347 2625 2501 2690 Nam,
2539 2623 2678 2679 sicut
2721 2623 2844 2678 aiibi
2888 2625 2982 2690 ait,
3033 2623 3159 2678 Filii
3203 2625 3376 2680 steculi
3427 2626 3584 2696 hujus
3627 2636 3872 2698 generant
3901 2638 3950 2682 et

2347 2725 2651 2786 generantur
2677 2713 2826 2786 (Luc.
2866 2730 2956 2779 xx,
2985 2715 3104 2786 54).
3143 2715 3221 2771 Ac
3249 2732 3343 2786 per
3373 2716 3474 2771 hoc
3502 2717 3663 2772 etiam
3699 2734 3795 2787 pro
3824 2733 3952 2787 par-

2349 2809 2590 2863 vulorum
2634 2809 2740 2862 vita
2769 2822 2894 2862 caro
2923 2808 3043 2862 data
3071 2816 3174 2873 est,
3205 2824 3324 2879 qua:
3351 2808 3472 2864 data
3503 2817 3587 2864 est
3635 2825 3732 2881 pro
3759 2811 3950 2865 smculi

2352 2898 2455 2953 vita
2480 2915 2495 2964 ;
2525 2909 2581 2953 et
2603 2899 2649 2952 si
2677 2913 2780 2952 non
2815 2900 3248 2955 manducaverint
3279 2915 3496 2956 carnem
3527 2899 3648 2954 Filii
3680 2900 3944 2968 hominis,

2352 3007 2450 3048 nec
2478 2992 2574 3062 ipsi
2605 2991 2871 3047 habebunt
2896 2993 3080 3048 vitam.

2421 3081 2670 3138 28.lliuc
2690 3092 2772 3137 est
2814 3083 2974 3137 etiam
3020 3082 3166 3146 illud,
3217 3082 3374 3137 Pater
3422 3083 3590 3156 diligit
3638 3082 3855 3142 Filium.
3888 3095 3939 3139 et

2354 3173 2524 3227 omnia
2547 3173 2684 3227 dedit
2707 3173 2758 3226 in
2782 3189 2933 3226 manu
2957 3175 2977 3204 ³
3005 3173 3135 3243 ejus.
3173 3173 3274 3240 Qui
3300 3175 3460 3228 credit
3481 3175 3532 3228 in
3562 3174 3770 3239 Filium,
3801 3175 3952 3231 habet

2353 3267 2506 3320 vitam
2527 3275 2764 3334 attentam
2790 3283 2803 3319 :
2835 3266 2920 3334 qui
2933 3277 3099 3320 autem
3128 3265 3418 3320 incredulus
3439 3276 3511 3320 est
3541 3265 3698 3331 Filio,
3724 3283 3826 3320 non
3858 3268 3953 3321 Ira-

2357 3358 2673 3422 bebitvitam,
2704 3357 2794 3411 sed
2826 3359 2904 3411 ira
2949 3357 3042 3410 Dei
3083 3366 3250 3410 manet
3292 3373 3446 3427 super
3490 3374 3601 3412 eum
3629 3361 3646 3428 (
3677 3357 3837 3412 Joan.
3866 3373 3948 3424 tu,

2357 3449 2446 3514 55,
2478 3449 2546 3504 56
2573 3450 2616 3519 ).
2639 3450 2692 3504 In
2723 3463 2829 3518 quo
2855 3449 3012 3518 igitur
3039 3449 3228 3502 horum
3255 3465 3454 3519 genere
3487 3465 3745 3519 ponemus
3768 3449 3943 3505 infan-

2360 3544 2484 3597 tes?
2515 3543 2565 3596 in
2591 3557 2774 3597 eorum
2817 3541 2906 3610 qui
2937 3541 3164 3596 credunt
3207 3541 3258 3596 in
3289 3541 3506 3606 Filium,
3535 3557 3600 3595 an
3657 3543 3708 3595 in
3761 3558 3952 3598 eorum

2359 3635 2447 3704 qui
2475 3642 2599 3688 sunt
2627 3633 2883 3688 increduli
2917 3632 3091 3687 Filio?
3114 3631 3170 3686 In
3203 3640 3414 3699 neutro,
3463 3633 3540 3686 ait
3564 3633 3792 3702 aliquis;
3815 3635 3942 3704 quia

2359 3739 2481 3778 cum
2507 3724 2681 3778 adhuc
2709 3723 2931 3778 credere
2955 3739 3059 3776 non
3092 3730 3331 3791 possunt,
3359 3738 3456 3777 nec
3479 3723 3734 3778 increduli
3764 3723 3943 3792 depu-

2364 3816 2506 3870 tandi
2543 3825 2684 3868 sunt.
2713 3813 2827 3868 Non
2885 3813 2988 3868 hoc
3037 3813 3236 3867 indicat
3263 3812 3286 3845 ⁸
3333 3813 3691 3867 ecclesiastica
3725 3813 3936 3881 regula,

2363 3921 2483 3974 qua:
2526 3902 2824 3974 baptizatos
2870 3901 3099 3958 infantes
3144 3902 3379 3958 ﬁdelium
3436 3918 3659 3956 numero
3689 3901 3956 3972 adjnngit.

2363 3996 2534 4052 Porro
2561 3996 2606 4049 si
2647 3995 2730 4049 isti
2769 3994 2857 4064 qui
2882 3995 3240 4062 baptizantur,
3293 4001 3514 4064 propter
3540 3994 3790 4048 virtutem
3817 3995 3961 4049 cele-

2364 4087 2768 4158 brationemque
2817 4089 2948 4140 tanti
2994 4087 3345 4151 Sacrameuti,
3387 4087 3630 4156 quamvis
3660 4103 3760 4142 suo
3783 4087 3966 4144 corde

2363 4188 2524 4251 atque
2546 4194 2642 4236 ore
2674 4186 2974 4250 non,agant
3017 4178 3159 4250 quod
3203 4179 3271 4234 ad
3315 4178 3643 4235 credendum
3696 4181 3964 4237 comiten—

2431 4357 2450 4420 ξ
2485 4362 2542 4420 tu
2552 4355 2785 4420 omnibus
2802 4360 2939 4416 Mss,
2963 4353 3064 4420 qui.

2430 4419 2452 4451 ³
2482 4418 2626 4480 mliti,
2664 4417 2717 4470 in
2749 4429 2936 4468 manus.
2975 4417 3034 4468 At
3070 4418 3404 4481 manuscriptl,
3433 4417 3574 4483 juxta
3607 4417 3878 4484 Vulgum,
3919 4419 3967 4472 in

2433 4543 2454 4603 ξ
2485 4543 2558 4592 sic
2581 4549 2686 4590 uss.
2710 4539 2830 4590 Editl
2857 4553 2993 4600 vero,
3008 4538 3228 4603 judicat.

2431 4602 2504 4664 (α)
2539 4609 2664 4652 Hauc
2698 4601 3095 4652 seutentiam‘ab
3135 4601 3398 4664 Amstoliea
3431 4601 3596 4660 sede.
3629 4616 3741 4654 cum
3773 4604 3842 4656 de
3884 4607 3970 4656 hac

2371 4667 2474 4728 ipsa
2498 4677 2555 4713 re
2577 4672 2828 4728 ageretur,
2845 4665 3102 4728 atilltibitam
3121 4673 3288 4728 contra
3307 4665 3588 4728 Pelagianos
3610 4666 3780 4726 fuisse,
3804 4669 3969 4717 scribit

2376 4725 2682 4796 Augustinus,
2693 4740 2744 4796 el
2759 4727 2836 4776 ist.
2845 4726 3011 4796 l86,ad
3026 4725 3287 4796 Paulinum,
3305 4738 3368 4796 nu
3376 4726 3452 4774 .28
3463 4737 3512 4778 et
3523 4725 3828 4796 £l_._sdl_iibu_it
3839 4731 3917 4778 nio
3925 4731 3971 4778 ,ἱ-

2370 4787 2478 4850 rum
2502 4787 2808 4836 tuncetautius
2830 4799 2946 4848 rara
2985 4789 3032 4836 iu
3049 4787 3249 4850 epistola
3269 4787 3518 4850 adAPatres
3537 4789 3794 4839 Milevitani
3816 4796 3972 4842 comi-

2373 4849 2440 4914 lii,
2461 4862 2570 4913 quae
2609 4851 2736 4898 inter
2761 4848 3124 4914 Augustiniauas
3160 4858 3236 4914 est
3271 4848 3374 4914 182.
3403 4853 3555 4914 verba
3582 4854 3844 4914 luntieentii
3863 4866 3973 4914 qua‘

2372 4909 2728 4974 hucspectant,
2753 4909 2997 4974 ti'aistulit
3019 4912 3310 4974 Augustinus
3333 4911 3380 4958 in
3413 4910 3590 4974 librum
3617 4912 3648 4960 2
3669 4921 3837 4962 contra
3854 4909 3971 4962 d'uas

2371 4971 2607 5046 Epistolas-
2619 4971 2996 5046 ltelagiatiorum,
3011 4985 3058 5020 n.
3073 4973 3118 5020 7.
3134 4973 3601 5046 I'ra-terealtielasius
3619 4987 3696 5046 νει
3709 4987 3737 5022 a
3759 4984 3868 5046 post.
3884 4984 3975 5023 Au—

2372 5032 2550 5098 gustini
2566 5032 2750 5099 obituni
2765 5032 3018 5099 eademet:
3043 5036 3288 5099 sententia
3308 5033 3605 5095 Pelagianos,
3620 5032 3864 5097 episeiuis
3889 5051 3974 5099 per

2374 5095 2598 5146 Picenum
2609 5095 2846 5159 scribens,
2863 5095 3128 5158 redarguit,
3149 5108 3306 5158 eaque
3319 5100 3568 5159 neminem
3582 5095 3847 5159 exceptum
3862 5095 3976 5148 ess:-

2373 5159 2554 5208 docuit.
2591 5157 2870 5220 Fulgentius
2899 5157 3042 5220 porro
3063 5169 3090 5206 a
3124 5157 3362 5206 l’errando
3394 5159 3595 5220 diacono
3622 5157 3825 5220 rogatus
3858 5161 3973 5220 quid

2377 5216 2752 5270 existimandum
2791 5218 2857 5266 de
2895 5216 3053 5282 salute
3084 5221 3281 5280 juvenis
3323 5216 3571 5282 Aitbiopv‘s,
3602 5216 3705 5282 qui
3755 5216 3974 5270 instante

2375 5291 2534 5332 morte
2559 5281 2839 5342 baptizatus,
2859 5281 2990 5342 prius
3011 5281 3312 5338 decesserat,
3337 5293 3481 5342 quam
3505 5281 3846 5332 Eucharistiam
3871 5296 3976 5343 per-

2376 5344 2608 5404 cepisset,
2632 5343 2844 5404 ostendit
2867 5349 2919 5390 et
2944 5355 3005 5404 ex
3033 5343 3196 5391 multis
3216 5343 3329 5403 Scri|
3349 5350 3469 5390 tura:
3496 5343 3630 5401 locis,
3657 5351 3710 5392 et
3734 5357 3798 5392 ex
3826 5351 3976 5404 Aligil-

2377 5402 2488 5454 stiiii
2520 5415 2752 5453 sermone
2788 5403 2846 5450 ad
2885 5402 3112 5462 Infantes,
3144 5422 3168 5448 ι
3191 5402 3728 5466 tunc'umunqueunqne
3763 5402 3975 5453 [idolium

2386 5484 2406 5512 ι
2429 5467 2646 5528 corporis
2679 5466 3026 5527 sanguinisque
3050 5465 3274 5514 Dominici
3315 5465 3596 5528 participem
3621 5465 3748 5528 ﬁeri,
3787 5469 3974 5528 quando

2386 5546 2409 5573 ι
2434 5529 2482 5578 in
2517 5527 2810 5589 ’Baptismate
2849 5529 3120 5589 membrum
3151 5529 3365 5588 corporis
3398 5527 3567 5578 (.bristi
3605 5527 3842 5588 edicitur;
3889 5542 3974 5578 Dt‘r

2387 5607 2410 5636 α
2433 5587 2629 5639 alienari
2655 5590 2716 5653 ab
2735 5601 2796 5636 eo
2819 5589 2954 5651 panis
2966 5587 3496 5653 calicisqueeousortio,
3513 5590 3700 5653 etiamsi
3721 5597 3974 5653 antequa...’

2389 5671 2409 5696 (ι
2433 5663 2608 5714 panem
2656 5647 2790 5698 illum
2819 5647 3056 5714 comedat
3088 5647 3160 5700 ρι’
3175 5650 3375 5714 calicem
3413 5651 3563 5714 bibat,
3587 5651 3659 5714 de,
3680 5651 3773 5700 hoc
3800 5647 3975 5701 saieubv

2390 5732 2411 5758 α
2435 5711 2482 5763 in
2508 5713 2694 5761 unitate
2717 5713 2930 5772 corporis
2952 5711 3118 5761 Christi
3156 5713 3446 5760 constitutus
3483 5711 3733 5762 abscedat.
3761 5729 3782 5758 ι
3811 5721 3968 5762 Cone:

2384 5773 2466 5823 lib.
2501 5775 2532 5822 5
2569 5773 2630 5822 de
2657 5781 2958 5822 I'eecatorum
3005 5774 3200 5832 Meritis,
3238 5785 3286 5820 η.
3322 5774 3424 5833 7-9,
3466 5781 3516 5822 et
3541 5781 3814 5830 tractatum
3837 5776 3896 5827 ‘26

2386 5845 2512 5885 man.
