4168 6590
612 479 712 535 ΙΠ

614 594 733 665 ejus
755 591 1054 649 mitioribus
1076 601 1370 664 urgeretur,
1405 605 1538 661 quas
1566 600 1744 660 posset
1787 590 1937 644 facile
1961 604 2185 658 supera-

613 700 672 739 re
701 703 715 740 :
746 694 800 741 et
816 695 996 740 tamen
1021 699 1139 739 eam
1161 682 1261 738 sibi
1285 683 1506 754 gratiam
1536 681 1810 752 praedicari
1839 695 1946 737 non
1975 680 2189 744 meruit,

614 789 718 846 qua
762 775 876 830 sola
928 785 1105 846 posset
1130 790 1158 828 a
1189 775 1436 830 secunda:
1475 774 1662 829 mortis
1699 772 1931 843 pernicie
1957 771 2192 826 liberari.

617 866 710 922 Ille
733 875 909 921 autem
951 881 1046 936 pro
1101 868 1306 922 meritis
1356 865 1742 930 deterioribus,
1789 864 1926 920 sicut
1973 871 2180 934 putant.

616 957 846 1028 graviori
889 957 1100 1028 corpori
1147 958 1450 1027 implicitus.
1507 956 1638 1012 etob
1665 955 1765 1010 hoc
1791 954 1970 1011 cordis
1995 955 2196 1020 obtusi,

615 1065 735 1104 cum
765 1050 937 1105 carnis
967 1050 1234 1106 illecebris
1265 1049 1635 1105 ardentissima
1661 1048 1910 1119 cupidine
1959 1048 2200 1103 vincere-

617 1149 724 1214 tur,
774 1151 828 1198 et
877 1159 968 1212 per
1017 1144 1400 1214 nequissimam
1445 1143 1604 1196 vitam
1650 1143 1882 1211 peccatis
1931 1140 2192 1212 pristinis,

613 1211 806 1302 quibus
833 1211 898 1289 ad
933 1237 1032 1290 hoc
1054 1211 1234 1290 venire
1256 1244 1540 1296 meruerat.
1555 1233 1777 1288 adderet
1804 1233 1988 1303 pejora
2013 1241 2188 1287 terre-

615 1339 715 1390 na;
746 1333 839 1378 aut
865 1326 916 1379 iu
954 1340 1115 1380 cruce
1143 1335 1320 1380 tamen
1349 1325 1571 1390 audivit,
1604 1322 1770 1378 Hodie
1791 1338 1984 1378 mecum
2013 1323 2113 1376 eris
2139 1323 2192 1377 in

613 1415 854 1486 paradiso
887 1417 906 1489 (
935 1415 1060 1471 Luc.
1113 1433 1264 1481 χχιιι,
1291 1417 1437 1489 45);
1468 1425 1561 1471 aut
1609 1415 1767 1470 alicui
1811 1415 2038 1470 cohaesit
2062 1428 2198 1484 apo-

619 1509 781 1574 stolo,
822 1511 974 1579 cujus
1021 1511 1394 1580 prmdicatione
1422 1518 1674 1575 mutatus,
1707 1516 1762 1563 ct
1801 1523 1896 1578 per
1927 1508 2196 1562 lavacrum

617 1599 1033 1668 regenerationis
1067 1599 1243 1653 salvus
1275 1601 1491 1654 ell'ectus
1515 1609 1596 1654 est
1628 1617 1642 1653 :
1689 1607 1746 1652 ut
1779 1597 1866 1652 ubi
1911 1597 2201 1652 abumlavit

619 1696 912 1756 peceatum,
931 1690 1381 1758 superabundaret
1401 1690 1587 1760 gratia.
1613 1689 1749 1758 Quid
1777 1689 1902 1744 hinc
1924 1689 1940 1721 ³
1975 1705 2199 1760 respon-

616 1780 799 1843 deant,
818 1782 1036 1836 omnino
1065 1799 1166 1836 non
1196 1783 1368 1848 video,
1403 1783 1492 1853 qui
1521 1784 1763 1838 volentes
1785 1781 2033 1837 humanis
2055 1799 2190 1838 cou-

614 1868 833 1938 jceturis
849 1871 1111 1941 justitiam
1144 1873 1235 1928 Dei
1262 1873 1570 1938 defendere,
1599 1883 1653 1930 ct
1683 1875 1990 1944 ignorantes
2015 1875 2199 1930 altitu-

618 1959 795 2014 dinem
824 1963 1028 2033 gratiae,
1049 1963 1254 2018 fabulas
1283 1965 1661 2035 improbabiles
1685 1976 1990 2022 texuerunt.

688 2051 776 2106 εει.
796 2053 954 2108 Multa
984 2055 1124 2108 enim
1153 2055 1254 2110 dici
1297 2066 1518 2125 possunt
1540 2055 1608 2111 de
1657 2055 1808 2110 miris
1835 2057 2201 2112 vacationibus

617 2141 910 2210 hominum,
935 2146 1054 2202 sive
1069 2147 1459 2218 quaslegimus,
1473 2148 1587 2202 sive
1608 2163 1740 2218 quas
1760 2150 1966 2219 experti
1989 2165 2194 2213 sumus,

617 2237 809 2304 quibus
829 2253 1014 2294 eorum
1041 2240 1224 2312 opinio
1258 2242 1624 2304 subvertatur,
1660 2241 1750 2312 qui
1803 2242 2032 2297 credunt
2066 2251 2193 2300 ante

613 2330 712 2385 ista
734 2345 954 2401 corpora
976 2345 1093 2398 sua,
1111 2332 1366 2402 quasdam
1395 2333 1639 2402 preprias
1660 2333 1794 2388 vitas
1810 2335 2048 2404 gessisse
2073 2335 2160 2389 ani
2179 2363 2200 2377 -

617 2437 732 2477 mos
759 2421 1056 2489 hominum,
1099 2423 1292 2494 quibus
1319 2425 1385 2478 ad
1418 2423 1530 2478 huic
1557 2429 1820 2492 venirent,
1857 2441 1951 2497 pro
1977 2427 2200 2483 diversi-

617 2521 727 2570 tate
768 2515 1077 2570 meritorum
1104 2515 1312 2570 diversa
1333 2517 1356 2549 ⁸
1385 2515 1470 2571 hie
1498 2524 1797 2586 expertum
1822 2518 1909 2574 vel
1949 2519 2086 2576 bona
2114 2521 2198 2577 vel

617 2605 774 2659 mala.
809 2606 916 2661 Sed
945 2607 1261 2662 terminandi
1296 2607 1454 2676 hujus
1478 2609 1659 2678 operis
1684 2623 1810 2664 cura
1853 2625 1958 2666 non
1987 2613 2113 2668 sinit
2144 2613 2196 2668 in

617 2694 702 2750 his
739 2697 936 2751 diutius
957 2699 1251 2754 immorari.
1287 2699 1460 2755 Unum
1492 2709 1688 2766 tamen,
1713 2702 1854 2772 quod
1883 2703 2023 2760 inter
2057 2706 2196 2760 mul-

615 2797 668 2842 ta
694 2787 933 2844 mirabile
972 2790 1233 2859 comperi,
1266 2805 1372 2846 non
1427 2792 1632 2848 tacebo.
1664 2793 1794 2861 Quis
1838 2811 1945 2852 non
1998 2811 2198 2854 secun-

613 2877 736 2934 dum
768 2879 916 2942 istos.
945 2883 1034 2951 qui
1062 2897 1127 2937 ex
1151 2881 1358 2940 meritis
1384 2884 1576 2954 prioris
1616 2887 1738 2940 vitae
1764 2895 1889 2944 ante
1929 2887 2033 2946 hoc
2074 2905 2199 2947 cor-

616 2982 715 3038 pus
760 2971 814 3024 in
841 2971 1148 3028 cmlcstibus
1171 2982 1335 3044 gesta:
1384 2975 1590 3030 animas
1635 2979 1862 3034 terrenis
1885 2981 2199 3050 corporibus

584 3062 782 3132 ~magis
820 3063 1062 3120 minusve
1083 3066 1288 3136 gravari
1329 3067 1634 3136 epinantur,
1684 3069 1917 3127 afﬁrmet
1951 3089 2044 3130 eos
2072 3085 2198 3132 ante

617 3153 773 3208 ist-im
809 3153 970 3208 vitam
1019 3156 1331 3212 sceleratius
1371 3157 1759 3230 immaniusque
1806 3177 2078 3234 peccasse,
2106 3166 2196 3236 qui

616 3241 812 3298 utentis
839 3242 1015 3299 lumen
1031 3245 1110 3301 sic
1136 3247 1379 3303 amittere
1423 3259 1754 3316 meruerunt,
1787 3262 1844 3306 ut
1873 3267 2035 3308 sensu
2064 3254 2195 3332 vici-

613 3347 686 3386 no
707 3334 988 3403 pecoribus
1019 3347 1402 3405 nascerentur;
1437 3355 1542 3403 non
1566 3340 1688 3396 dico
1710 3342 1996 3398 tardissimi
2037 3345 2186 3416 inge-

608 3423 726 3490 nio,
759 3439 878 3480 nam
926 3425 1027 3483 hoc
1067 3427 1136 3484 de
1169 3429 1288 3485 aliis
1312 3429 1416 3486 dici
1449 3432 1628 3498 solet;
1662 3433 1757 3489 sed
1789 3435 1858 3489 ita
1910 3437 2193 3508 excordes,

612 3526 670 3572 ut
693 3517 852 3574 etiam
872 3519 1052 3576 cirrati
1081 3520 1104 3553 ⁸
1125 3521 1192 3576 ad
1211 3523 1528 3580 movendum
1561 3525 1727 3581 risum
1753 3528 2039 3586 exhibeant
2075 3546 2196 3586 cor-

611 3608 752 3666 datis
799 3611 1020 3667 delicias
1071 3613 1345 3684 fatuitatis,
1373 3632 1601 3688 quorum
1659 3635 1852 3676 nomen
1909 3637 1977 3678 ex
2021 3639 2197 3694 grmco

609 3701 902 3758 derivatum
949 3706 1215 3762 moriones
1240 3707 1427 3778 vulgus
1465 3711 1735 3781 appellat?
1759 3711 1969 3768 Taliqu
2018 3724 2194 3772 tamen

609 3790 823 3860 quidam
851 3791 947 3847 fuit
967 3794 1038 3848 ita
1073 3795 1416 3864 cbristianus,
1449 3808 1506 3852 ut
1534 3814 1654 3854 cum
1686 3810 1830 3856 esset
1852 3803 2090 3858 omnium
2115 3805 2195 3860 in-

607 3879 867 3949 juriarum
888 3898 1102 3939 suarum
1137 3887 1268 3942 mira
1299 3887 1538 3944 fatuitate
1584 3890 2024 3960 patientissimus,
2055 3897 2195 3966 inju-

611 3971 743 4026 riam
775 3981 950 4029 tamen
978 3975 1173 4032 Christi
1202 3979 1434 4034 nominis
1453 3979 1536 4035 vel
1560 3981 1612 4036 in
1638 3996 1698 4038 se
1720 3982 1836 4052 ipso
1867 3985 2140 4056 religionis
2159 3988 2178 4018 ⁸

609 4079 712 4132 qua
735 4063 964 4121 imbutus
997 4077 1129 4135 erat,
1180 4071 1259 4126 sic
1289 4071 1432 4128 ferre
1457 4085 1564 4128 non
1617 4083 1818 4144 posset.
1847 4086 1904 4130 ut
1946 4078 2193 4150 blasphe-

610 4165 818 4214 mautes
835 4158 1081 4217 videlicet
1115 4163 1388 4229 eordatos,
1409 4177 1440 4218 a
1468 4164 1659 4234 quibus
1705 4165 1821 4222 haec
1848 4177 1904 4222 ut
1931 4183 2193 4239 provoca-

609 4254 759 4302 retur
807 4249 1077 4316 audiebat,
1125 4251 1374 4308 insectari
1425 4253 1690 4324 lapidibus
1739 4272 1844 4312 non
1887 4259 2188 4342 desisteret,

610 4353 710 4396 nec
754 4340 804 4395 in
831 4356 891 4396 ea
943 4357 1101 4398 causa
1151 4345 1237 4400 vel
1279 4345 1512 4401 dominis
1546 4357 1812 4418 parceret.
1859 4349 2020 4408 Tales
2063 4340 2192 4428 ergo

609 4431 970 4500 pra-destinari
991 4445 1047 4492 et
1075 4438 1244 4493 creari
1270 4439 1523 4504 arbitror,
1550 4447 1608 4494 ut
1636 4442 1723 4510 qui
1756 4454 2002 4511 possunt,
2031 4447 2190 4504 intel-

605 4526 788 4597 ligant,
825 4528 916 4584 Dei
955 4529 1178 4600 gratiam
1202 4539 1258 4585 et
1283 4528 1541 4600 Spiritqu
1581 4532 1672 4600 qui
1713 4533 1800 4587 ubi
1841 4535 1955 4590 vult
2007 4537 2180 4608 Spirat

601 4617 810 4690 (loqu.
841 4636 919 4688 m,
963 4620 1059 4692 8),
1091 4621 1163 4678 ob
1205 4621 1310 4678 hoc
1359 4637 1520 4679 omne
1557 4623 1750 4695 ingenii
1780 4642 1950 4698 genus
1989 4631 2040 4686 in
2067 4633 2190 4690 ﬁliis

599 4711 986 4768 misericordia:
1012 4729 1118 4770 non
1151 4715 1462 4784 praeterire,
1509 4717 1741 4788 itemque
1783 4736 1942 4780 omne
1986 4725 2186 4796 ingenii

599 4818 772 4875 genus
797 4807 850 4860 in
876 4805 1136 4878 gehenna:
1159 4807 1280 4861 ﬁliis
1309 4808 1602 4878 prteterire,
1639 4820 1692 4864 ut
1717 4807 1807 4882 qui
1833 4812 2082 4883 gloriatur
2124 4820 2178 4875 in

605 4895 820 4952 Domino
857 4898 1104 4970 glorietur
1129 4898 1147 4968 (
1171 4898 1188 4953 Ι
1213 4897 1330 4952 Cor.
1377 4914 1414 4964 t,
1463 4901 1523 4955 51
1557 4899 1599 4972 ).
1631 4900 1709 4957 Illi
1755 4913 1932 4961 autem
1970 4910 2060 4980 qui
2091 4927 2188 4981 pro

600 4989 804 5046 meritis
833 4990 954 5044 vita:
1004 4989 1294 5059 superioris
1344 4989 1587 5060 accipere
1631 5008 1868 5066 quasque
1921 4999 2126 5056 animas
2159 5006 2181 5037 '

599 5079 810 5136 diversa
833 5091 1042 5136 terrena
1065 5094 1289 5151 corpora
1309 5079 1596 5150 afﬁrmant,
1627 5086 1818 5154 quibus
1839 5087 1959 5144 aliae
1989 5094 2182 5164 magis,

662 5261 678 5294 ι
715 5267 852 5334 Αρι,
880 5259 1002 5334 quid
1041 5258 1154 5334 huic
1188 5259 1676 5334 τᾳεροῃάεςξῃικιλονη
1715 5263 1812 5315 hic.
1859 5269 2030 5320 Verius
2055 5279 2180 5334 Mss,

598 5319 745 5384 hinc;
766 5319 1012 5385 locutione
1037 5319 1300 5385 Augustino
1325 5322 1557 5377 tamiliari.

661 5385 682 5456 ξ
715 5383 766 5434 lu
789 5383 1011 5456 pluribus
1035 5383 1158 5454 3155-.
1185 5383 1387 5456 div?!“-
1547 5445 1578 5456 ,.
1731 5418 1736 5423 '

661 5445 685 5478 ⁸
717 5445 821 5521 ,ιιηξἶ
839 5451 914 5516 [τι.
941 5453 994 5521 et
1015 5447 1236 5516 quinque
1266 5453 1396 5521 Mss?
1421 5445 1593 5520 curati.
1617 5447 1705 5500 Alii
1736 5465 1856 5521 _v_e_ro
1868 5459 2180 5521 manuscripti

597 5518 708 5579 cum
743 5507 963 5582 editione
1107 5542 1134 5582 ,ί
1153 5506 1342 5559 cirrati.
1361 5516 1410 5558 tu
1428 5509 1646 5582 margine
1661 5513 1839 5582 codicis
1860 5506 2178 5582 Cygirannéd.

596 5569 666 5618 sis
687 5571 921 5634 scriptum
949 5571 1146 5632 antiqua
1185 5582 1326 5634 manu
1344 5605 1358 5626 .
1391 5587 1414 5617 α
1437 5569 1729 5634 Vel‘cerriti,
1753 5575 1801 5625 id
1821 5569 2164 5631 est'T'uriosiis

597 5631 802 5706 Ducith
817 5644 906 5680 vox
923 5643 950 5680 a
967 5631 1168 5706 Cerere,
1193 5633 1243 5682 in
1254 5634 1395 5706 cujus
1414 5633 1564 5683 sacris
1578 5631 1744 5686 furore
1766 5642 1977 5706 correpti
2002 5644 2180 5693 utentis
2198 5671 2202 5675 ε

507 5731 517 5744 ,
597 5703 692 5756 non
713 5693 842 5756 satis,
861 5699 1111 5756 compotes
1133 5701 1288 5745 erant.

659 5753 680 5784 δ
714 5753 844 5825 Apud
868 5753 1071 5804 Amiﬁr.
1091 5789 1106 5816 ,
1127 5764 1267 5820 post,
1300 5756 1372 5809 vel
1393 5753 1444 5808 in
1475 5755 1631 5820 seipse
1667 5757 1945 5824 religiotds,
1969 5765 2172 5824 additur,

913 5879 1061 5954 ηρεπί
1088 5887 1411 5954 "anne!
1429 5880 1651 5954 ρεσέρενε
1685 5895 1922 5954 metuam
1945 5889 2132 5940 «manus
2159 5903 2174 5940 ο·

593 5945 740 6003 atque
764 5951 826 5994 ex
867 5941 1036 5993 iisdem
1081 5941 1248 6006 plures
1267 5945 1448 5994 habent
1465 5977 1480 6005 ,
1505 5941 1706 5994 diversa
1727 5943 1775 5995 in
1797 5941 1928 5998 terra
1953 5961 2170 6014 corpora.

1239 474 1324 531 DE
1363 472 1818 531 Ρεοωτυίιωι
1862 470 2138 528 MERITIS
2177 470 2263 525 ET
2303 469 2734 544 ΒιιδηέδιυΝΕ,
2775 476 2834 534 S.
2879 476 3246 534 AUGITSTINI

2307 589 2422 642 aliae
2454 590 2630 644 minus
2656 602 2971 661 graventur,
3003 603 3059 648 et
3085 608 3182 662 pro
3207 593 3412 649 eisdem
3452 605 3662 651 meritis
3693 597 3900 652 huma-

2307 695 2370 732 na
2416 680 2622 751 ingenia
2655 682 2866 748 variari,
2891 693 2946 737 ut
2978 685 3212 738 acutiora
3261 685 3367 739 sint
3405 685 3671 755 quaedam,
3706 695 3764 741 et
3789 686 3904 742 alia

2303 770 2596 835 obtusiora,
2617 787 2818 842 proque
2847 774 3015 844 ipsius
3057 775 3176 828 vitae
3199 775 3492 842 superioris
3515 777 3724 834 meritis
3750 775 3898 832 divi~

2306 877 2426 916 nam
2453 878 2663 933 quoque
2685 865 2906 932 gratiam
2940 865 3225 920 liberaudis
3265 865 3568 921 hominibus
3593 867 3897 938 dispensa-

2306 950 2532 1021 ri;quid
2579 953 2648 1007 de
2677 951 2779 1008 is'to
2831 963 3079 1024 peteruut
3127 957 3494 1025 respondere?
3520 957 3812 1026 Quomodo
3851 963 3902 1015 el

2307 1043 2541 1098 tribuent
2573 1053 2628 1100 ct
2667 1045 2998 1099 teterrimam
3025 1046 3187 1100 vitam
3222 1048 3582 1116 superiorem,
3614 1059 3672 1104 ut
3697 1066 3764 1104 ex
3795 1051 3904 1106 hoc

2307 1133 2483 1190 fatuus
2534 1143 2874 1202 naSceretur;
2899 1147 2954 1193 et
2980 1139 3086 1192 tam
3131 1139 3265 1194 bene
3301 1141 3566 1203 meritam.
3595 1150 3654 1196 ut
3683 1157 3752 1198 ex
3785 1141 3899 1198 hoc

2309 1225 2360 1280 in
2386 1225 2584 1281 Christi
2623 1229 2793 1298 gratia
2809 1229 2989 1283 multis
3009 1229 3330 1284 acutissimis
3354 1229 3707 1302 praeferretur
3727 1233 3753 1289 ?

2379 1317 2466 1372 55.
2530 1315 2790 1374 Cedamus
2837 1320 2996 1391 igitur
3039 1329 3094 1376 et
3143 1323 3540 1379 consentiamus
3584 1325 3907 1382 auctoritati

2306 1417 2503 1465 sancta:
2520 1411 2831 1482 scripturae,
2859 1427 2976 1482 qua:
3004 1414 3172 1468 nescit
3200 1412 3424 1470 fallinec
3445 1413 3626 1470 fallere
3657 1433 3671 1470 :
3704 1426 3761 1470 et
3787 1417 3907 1474 sic-

2307 1507 2365 1554 ut
2405 1506 2636 1556 nondmn
2669 1513 2822 1558 natos
2862 1503 2928 1556 ad
2975 1503 3326 1560 discernenda
3355 1507 3541 1561 merita
3567 1522 3759 1562 eorum
3795 1509 3906 1564 ali-

2307 1593 2432 1662 quid
2479 1593 2600 1648 boui
2643 1596 2725 1651 vel
2758 1596 2882 1650 mali
2907 1597 3081 1666 egisse
3124 1613 3229 1652 non
3271 1597 3574 1663 credimus;
3607 1600 3680 1656 ita
3707 1617 3908 1659 numen

2307 1685 2406 1738 sub
2433 1695 2649 1754 peccato
2689 1701 2812 1742 csse
2832 1728 2846 1752 ,
2893 1687 3034 1756 quod
3066 1704 3161 1757 per
3187 1704 3348 1744 unum
3377 1688 3651 1746 hominem
3681 1692 3906 1748 intravit

2309 1774 2362 1828 in
2395 1776 2670 1840 mundum,
2694 1788 2746 1831 et
2771 1793 2866 1846 per
2893 1794 3082 1834 omnes
3111 1778 3355 1834 homines
3376 1781 3704 1851 pertransiit,
3731 1797 3763 1836 a
3791 1799 3906 1854 quo

2309 1881 2412 1920 non
2444 1867 2632 1922 liberat
2659 1869 2757 1923 nisi
2784 1869 2950 1941 gratia
2980 1869 3072 1926 Dei
3101 1886 3194 1940 per
3217 1872 3500 1928 Dominum
3528 1883 3774 1930 nostrum
3799 1875 3900 1932 Je-

2306 1970 2424 2012 sum
2453 1956 2747 2022 Christum,
2779 1960 2994 2014 minime
3021 1961 3342 2018 dubitemus.

2383 2048 2606 2105 CAPUT
2637 2050 2822 2106 XXIII.
2843 2083 2915 2092 —
2939 2053 3168 2108 Christus
3209 2055 3360 2109 etiam
3400 2057 3675 2129 infantium
3722 2058 3905 2113 salua-

2307 2146 2386 2190 tor
2431 2149 2477 2192 et
2525 2139 2835 2212 redemptor.
2892 2141 3058 2212 Cujus
3103 2145 3434 2201 medicinalis
3477 2147 3738 2204 adventus
3789 2168 3902 2205 non

2305 2237 2388 2283 est
2429 2243 2566 2300 Opus
2607 2233 2786 2300 sanis,
2838 2233 2932 2288 sed
2975 2237 3382 2306 aegrotantibus;
3423 2240 3545 2310 quia
3589 2255 3700 2296 non
3751 2246 3906 2300 venit

2304 2334 2496 2376 vocare
2515 2321 2690 2391 justus
2709 2365 2726 2390 ,
2753 2324 2848 2380 sed
2879 2335 3186 2395 peccatores
3215 2346 3228 2383 :
3260 2329 3314 2384 in
3347 2331 3498 2401 cujus
3533 2348 3756 2403 regnum
3789 2353 3903 2390 non

2306 2411 2524 2467 intrabit
2553 2415 2650 2470 nisi
2673 2417 2761 2486 qui
2791 2429 3008 2473 renatus
3035 2419 3193 2475 fuerit
3217 2435 3282 2476 ex
3313 2436 3448 2492 aqua
3470 2433 3525 2478 et
3548 2424 3763 2494 spiritu.
3795 2443 3906 2484 nec

2307 2514 2502 2574 prmtcr
2527 2522 2746 2577 regnum
2768 2509 2884 2578 ejus
2905 2511 3128 2566 salutem
3154 2528 3216 2567 ac
3239 2515 3398 2569 vitam
3422 2517 3716 2584 possidebit
3733 2529 3904 2576 :eter-

2305 2610 2450 2650 nam.
2469 2597 2728 2665 Quoniam
2754 2602 2842 2670 qui
2873 2617 2976 2656 non
2997 2603 3392 2662 manducaverit
3412 2621 3628 2663 carnem
3650 2609 3770 2680 ejus
3791 2654 3807 2678 ,
3842 2623 3904 2666 et

2302 2689 2392 2758 qui
2414 2687 2716 2746 incredulus
2737 2703 2818 2746 est
2837 2692 2990 2756 Filio,
3015 2711 3122 2751 non
3149 2697 3363 2753 habebit
3382 2699 3566 2767 vitam,
3583 2703 3680 2766 sed
3703 2704 3778 2756 ira
3801 2704 3900 2760 Dei

2303 2791 2485 2836 manet
2509 2796 2671 2852 super
2693 2799 2833 2838 eum.
2854 2785 2937 2840 Ab
2957 2786 3058 2840 hoc
3077 2798 3316 2856 peccato,
3339 2789 3407 2844 ab
3429 2789 3530 2846 hac
3554 2793 3899 2864 aegritudine,

2301 2869 2370 2925 ab
2399 2870 2499 2926 hac
2531 2870 2607 2926 ira
2643 2872 2770 2941 Dei,
2795 2875 2949 2944 cujus
2975 2879 3288 2934 naturaliter
3315 2879 3410 2934 filii
3437 2889 3581 2946 sunt,
3610 2885 3702 2954 qui
3730 2885 3899 2942 etiam

2300 2959 2346 3016 si
2373 2976 2466 3030 per
2490 2971 2700 3017 zelatem
2729 2981 2832 3020 non
2874 2963 3072 3021 habent
3119 2969 3425 3039 proprium,
3462 2971 3680 3029 trahunt
3713 2983 3896 3032 tamen

2300 3050 2561 3122 originale
2588 3063 2886 3126 peccatum,
2916 3073 3024 3114 non
3055 3059 3246 3115 liberat
3289 3061 3392 3118 nisi
3436 3063 3619 3134 Agnus
3669 3067 3762 3122 Dei
3801 3071 3897 3140 qui

2303 3142 2443 3198 tollit
2470 3155 2684 3214 peccata
2712 3147 2894 3202 mundi
2919 3149 2934 3181 ¹
2963 3147 3138 3221 (Joan.
3171 3165 3223 3218 ι,
3254 3149 3346 3223 29)
3367 3193 3382 3219 ,
3413 3143 3626 3212 ηοιῖηἰεί
3655 3157 3897 3216 Medicus

2302 3234 2393 3304 qui
2423 3249 2529 3291 non
2561 3237 2704 3292 venit
2734 3247 2952 3310 propter
2979 3257 3171 3308 sanos,
3221 3245 3316 3300 sed
3368 3257 3588 3318 propter
3633 3265 3894 3322 :BgrOIOs,

2303 3325 2515 3382 nonnisi
2546 3328 2814 3395 Salvator,
2845 3331 2915 3387 de
2941 3348 3050 3404 quo
3084 3335 3286 3400 dictum
3311 3347 3396 3394 est
3419 3341 3602 3410 generi
3629 3340 3888 3412 humana,

2303 3417 2474 3476 Natus
2514 3431 2588 3476 est
2613 3421 2748 3478 vobis
2778 3424 2928 3480 hodie
2953 3425 3192 3483 Salvator
3217 3427 3382 3502 (Luc.
3411 3447 3470 3495 ιι.
3503 3433 3562 3488 il
3586 3433 3606 3506 )
3634 3451 3648 3488 :
3677 3438 3892 3492 nonnisi

2302 3512 2648 3584 Redemptor,
2676 3518 2830 3586 cujus
2857 3519 3115 3590 sanguine
3135 3521 3344 3578 deletur
3357 3523 3598 3582 debitum
3621 3539 3890 3587 nostrum.

2299 3603 2431 3660 Nam
2457 3607 2579 3677 quis
2601 3607 2797 3664 audeat
2835 3609 3015 3666 dicere
3039 3653 3054 3678 ,
3099 3627 3205 3668 non
3252 3628 3374 3670 esse
3409 3613 3678 3672 Christum
3714 3619 3890 3676 infan-

2301 3695 2432 3751 tium
2461 3698 2779 3754 salvatorem
2809 3715 2909 3756 nec
2937 3701 3372 3773 redemptorem?
3399 3705 3552 3764 Unde
3576 3718 3754 3766 autem
3781 3713 3893 3768 sal-

2300 3801 2396 3842 vos
2421 3785 2566 3854 facit,
2597 3789 2642 3844 si
2673 3791 2814 3845 nulla
2843 3791 2895 3846 in
2921 3793 3002 3848 eis
3026 3802 3111 3849 est
3147 3796 3417 3866 originalis
3459 3801 3718 3870 :cgritudo
3757 3817 3888 3872 pec-

2299 3879 2438 3934 cati?
2467 3879 2620 3936 Unde
2657 3882 2890 3948 redimit,
2919 3885 2966 3940 si
3009 3901 3116 3941 uon
3143 3897 3270 3943 sunt
3313 3903 3409 3959 per
3435 3893 3694 3962 originem
3724 3898 3887 3965 primi

2298 3967 2532 4026 hominis
2581 3973 2888 4030 venumdati
2937 3976 3040 4032 sub
3097 3981 3358 4048 peccato?
3402 3981 3556 4038 Nulla
3609 3986 3772 4058 igitur
3817 4005 3890 4047 ex

2299 4069 2484 4118 nostro
2508 4064 2748 4132 arbitrio,
2772 4075 2968 4136 praeter
2986 4069 3315 4141 Baptismqu
3335 4073 3553 4144 Christi,
3571 4079 3718 4134 salus
3737 4091 3900 4138 aeter-

2299 4166 2366 4208 na
2397 4155 2739 4224 promittatur
2764 4157 3054 4215 infantibus
3078 4203 3094 4228 ,
3121 4178 3282 4232 quam
3310 4179 3416 4220 non
3448 4169 3709 4236 promittit
3737 4169 3889 4228 Scri-

2278 4246 2450 4314 'ptu'ra
2474 4243 2652 4301 divina
2671 4289 2686 4310 ,
2719 4247 2966 4307 luunauis
2991 4254 3238 4310 omnibus
3265 4254 3495 4327 ingeniis
3531 4259 3885 4330 prwlereaida.

2365 4337 2591 4397 CAPUT
2620 4341 2814 4398 XXIV.
2847 4370 2910 4384 --
2933 4344 3025 4400 54.
3058 4344 3352 4418 Baptisms:
3395 4350 3537 4406 salus
3559 4392 3575 4414 .
3623 4351 3879 4410 Euchari-

2295 4429 2393 4482 stia
2421 4429 2521 4484 vita
2548 4445 2755 4486 vocatur
2778 4449 2810 4486 a
2836 4431 3047 4503 Punicis
3075 4435 3397 4494 Christianis.
3441 4440 3655 4510 Optime
3697 4443 3883 4501 Punici

2293 4518 2580 4576 Christiani
2624 4521 2951 4593 Baptisnium
2981 4525 3157 4596 ipsum
3197 4526 3327 4582 nihil
3369 4530 3514 4586 aliud
3544 4548 3706 4602 quam
3734 4536 3868 4590 salu-

2295 4621 2426 4678 tem,
2473 4620 2530 4668 et
2568 4624 2960 4670 sacramentum
2993 4619 3238 4689 corporis
3274 4617 3472 4676 Christi
3494 4664 3511 4687 ,
3559 4623 3692 4679 nihil
3739 4626 3881 4683 aliud

2291 4718 2450 4774 quam
2475 4703 2637 4760 vitam
2660 4715 2872 4761 vocant.
2903 4706 3075 4773 Unde,
3107 4710 3206 4766 nisi
3235 4727 3303 4766 ex
3331 4711 3580 4782 antiqua,
3611 4725 3668 4770 ut
3692 4718 3884 4774 existi-

2293 4808 2402 4858 mo,
2441 4803 2496 4850 et
2536 4797 2826 4866 apostolica
2859 4799 3142 4856 traditione
3166 4843 3183 4868 ,
3223 4818 3327 4872 qua
3377 4803 3634 4861 Ecclesia:
3681 4807 3882 4866 Christi

2293 4885 2508 4942 insitum
2537 4897 2738 4956 tenent,
2770 4900 2966 4960 prmter
2984 4892 3312 4963 Baptismum
3337 4905 3390 4950 et
3419 4899 3882 4968 participationem

2292 4993 2490 5034 mensa:
2521 4979 2810 5036 Dominieaz
2833 5023 2848 5048 ,
2879 4999 2984 5038 non
3015 4985 3186 5040 solum
3222 4986 3290 5042 ad
3327 5003 3550 5059 regnum
3594 4991 3688 5046 Dei
3708 4994 3753 5060 ⁸,
3786 4996 3881 5052 sed

2290 5086 2390 5126 nec
2429 5071 2495 5128 ad
2532 5073 2758 5130 salutem
2788 5083 2842 5130 et
2871 5077 3030 5131 vitam
3069 5086 3325 5136 :eteruam
3370 5096 3528 5152 posse
3555 5099 3880 5156 quemquam

2290 5162 2564 5220 hominum
2587 5167 2906 5236 pervenire?
2937 5169 3048 5226 Hoc
3066 5171 3209 5226 enim
3235 5181 3291 5228 et
3332 5173 3603 5245 Scriptura
3629 5186 3878 5244 testatur,

2288 5257 2579 5313 secundum
2603 5274 2665 5314 ea
2687 5275 2808 5332 quae
2833 5276 2994 5331 supra
3020 5262 3271 5319 diximus.
3304 5263 3436 5321 Nam
3463 5267 3590 5336 quid
3615 5268 3762 5326 aliud
3796 5281 3878 5328 te-

2287 5361 2436 5418 nent,
2466 5351 2556 5422 qui
2594 5353 2920 5422 Baptismum
2949 5355 3165 5411 nomine
3205 5357 3393 5412 salutis
3436 5359 3708 5430 appellant
3733 5403 3750 5424 ,
3778 5365 3884 5420 nisi

2285 5447 2427 5519 quod
2452 5448 2652 5504 dictum
2682 5459 2784 5516 est,
2813 5449 2996 5506 Salvos
3017 5467 3109 5506 nos
3138 5452 3256 5523 fecit
3281 5469 3371 5524 per
3391 5455 3652 5510 lauacrum
3673 5473 3877 5529 regene-

2285 5538 2493 5593 rationis
2515 5537 2642 5609 (Tit.
2673 5553 2750 5604 m,
2791 5541 2882 5610 5);
2913 5549 2968 5594 et
2996 5540 3139 5613 quod
3166 5541 3354 5598 Petrus
3379 5543 3472 5610 ait,
3503 5545 3594 5600 Sic
3617 5555 3666 5601 et
3694 5562 3782 5602 vos
3809 5550 3878 5602 si-

2285 5631 2394 5685 mili
2418 5634 2584 5702 [orma
2602 5629 2869 5702 Baptisma
2883 5632 3050 5686 wives
3076 5633 3199 5703 facit
3225 5635 3271 5703 (I
3299 5633 3441 5692 Petr.
3471 5653 3548 5704 In,
3570 5637 3632 5694 2|
3649 5639 3711 5709 )?
3734 5640 3875 5710 Quid

2285 5719 2426 5776 aliud
2465 5725 2622 5778 etiam
2645 5767 2658 5790 ,
2691 5726 2780 5796 qui
2812 5735 3204 5781 sacramentum
3235 5743 3434 5785 mensa
3465 5731 3759 5790 Dominica:
3789 5737 3874 5789 vi-

2345 5836 2362 5900 ξ
2400 5841 2546 5900 vetus
2566 5844 2608 5883 s.
2635 5836 2826 5900 uitandi
2845 5835 3025 5900 codex,
3047 5845 3294 5900 peccatum
3313 5841 3500 5894 mundi.

2347 5896 2536 5972 s-Edi‘jj.
2564 5910 2658 5946 mm
2678 5896 2831 5972 εοιηηι
2853 5911 2946 5972 non
3047 5896 3250 5972 regnum
3275 5901 3400 5958 Dei:
3421 5905 3641 5972 repetita
3659 5914 3879 5972 negatio

2284 5957 2537 6019 particula,
2559 5973 2670 6021 quae
2689 5963 2960 6024 posteriore
2988 5957 3258 6014 loco'abest
3281 5977 3308 6015 a
