  <div class='ocr_page' id='page_1' title='image "/cluster/home/n/w/nwhite01/storage/ocr_20150623/44-45/uc1.31175026792435/072.png"; bbox 0 0 4168 6538; ppageno 0'>
   <div class='ocr_carea' id='block_1_1' title="bbox 178 445 2063 507">
    <p class='ocr_par' dir='ltr' id='par_1_1' title="bbox 178 445 2063 507">
     <span class='ocr_line' id='line_1_1' title="bbox 178 445 2063 507; baseline -0.002 -3"><span class='ocrx_word' id='word_1_1' title='bbox 178 445 265 504; x_wconf 69' lang='grc'><strong>193</strong></span> <span class='ocrx_word' id='word_1_2' title='bbox 1546 451 1744 507; x_wconf 66' lang='lat' dir='ltr'><strong>LIBER</strong></span> <span class='ocrx_word' id='word_1_3' title='bbox 1797 446 2063 501; x_wconf 69' lang='lat' dir='ltr'><strong>l‘lllML’S.</strong></span> 
     </span>
    </p>
   </div>
   <div class='ocr_carea' id='block_1_2' title="bbox 175 560 1746 635">
    <p class='ocr_par' dir='ltr' id='par_1_2' title="bbox 175 560 1746 635">
     <span class='ocr_line' id='line_1_2' title="bbox 175 560 1746 635; baseline 0.004 -21"><span class='ocrx_word' id='word_1_4' title='bbox 175 577 273 614; x_wconf 78' lang='lat' dir='ltr'><strong>inn</strong></span> <span class='ocrx_word' id='word_1_5' title='bbox 304 568 515 624; x_wconf 78' lang='lat' dir='ltr'><strong>vocant,</strong></span> <span class='ocrx_word' id='word_1_6' title='bbox 552 560 646 613; x_wconf 83' lang='lat' dir='ltr'><strong>nisi</strong></span> <span class='ocrx_word' id='word_1_7' title='bbox 682 560 818 631; x_wconf 83' lang='lat' dir='ltr'><strong>quod</strong></span> <span class='ocrx_word' id='word_1_8' title='bbox 851 560 1048 615; x_wconf 73' lang='lat' dir='ltr'><strong>dictum</strong></span> <span class='ocrx_word' id='word_1_9' title='bbox 1082 572 1182 627; x_wconf 86' lang='lat' dir='ltr'><strong>est,</strong></span> <span class='ocrx_word' id='word_1_10' title='bbox 1218 561 1329 635; x_wconf 73' lang='lat' dir='ltr'><strong>Ego</strong></span> <span class='ocrx_word' id='word_1_11' title='bbox 1360 582 1468 617; x_wconf 77' lang='lat' dir='ltr'><strong>mon</strong></span> <span class='ocrx_word' id='word_1_12' title='bbox 1495 567 1641 632; x_wconf 83' lang='lat' dir='ltr'><strong>panis</strong></span> <span class='ocrx_word' id='word_1_13' title='bbox 1671 568 1746 621; x_wconf 76' lang='lat' dir='ltr'><strong>vi-</strong></span> 
     </span>
    </p>
   </div>
   <div class='ocr_carea' id='block_1_3' title="bbox 175 652 1745 727">
    <p class='ocr_par' dir='ltr' id='par_1_3' title="bbox 175 652 1745 727">
     <span class='ocr_line' id='line_1_3' title="bbox 175 652 1745 727; baseline 0.005 -21"><span class='ocrx_word' id='word_1_14' title='bbox 175 669 279 718; x_wconf 77' lang='lat' dir='ltr'><strong>rus,</strong></span> <span class='ocrx_word' id='word_1_15' title='bbox 306 652 394 720; x_wconf 81' lang='lat' dir='ltr'><strong>qui</strong></span> <span class='ocrx_word' id='word_1_16' title='bbox 423 653 482 704; x_wconf 82' lang='lat' dir='ltr'><strong>de</strong></span> <span class='ocrx_word' id='word_1_17' title='bbox 511 652 633 706; x_wconf 71' lang='lat' dir='ltr'><strong>calo</strong></span> <span class='ocrx_word' id='word_1_18' title='bbox 662 654 924 720; x_wconf 81' lang='lat' dir='ltr'><strong>descendi;</strong></span> <span class='ocrx_word' id='word_1_19' title='bbox 948 665 1020 719; x_wconf 89' lang='lat' dir='ltr'><strong>et,</strong></span> <span class='ocrx_word' id='word_1_20' title='bbox 1056 653 1214 710; x_wconf 84' lang='lat' dir='ltr'><strong>Panis</strong></span> <span class='ocrx_word' id='word_1_21' title='bbox 1242 673 1389 726; x_wconf 88' lang='lat' dir='ltr'><strong>quem</strong></span> <span class='ocrx_word' id='word_1_22' title='bbox 1418 674 1509 727; x_wconf 83' lang='lat' dir='ltr'><strong>ego</strong></span> <span class='ocrx_word' id='word_1_23' title='bbox 1537 659 1745 727; x_wconf 86' lang='lat' dir='ltr'><strong>dedero,</strong></span> 
     </span>
    </p>
   </div>
   <div class='ocr_carea' id='block_1_4' title="bbox 174 744 1747 810">
    <p class='ocr_par' dir='ltr' id='par_1_4' title="bbox 174 744 1747 810">
     <span class='ocr_line' id='line_1_4' title="bbox 174 744 1747 810; baseline 0.005 -14"><span class='ocrx_word' id='word_1_24' title='bbox 174 762 286 798; x_wconf 74' lang='lat' dir='ltr'><strong>raro</strong></span> <span class='ocrx_word' id='word_1_25' title='bbox 316 758 426 796; x_wconf 84' lang='lat' dir='ltr'><strong>mea</strong></span> <span class='ocrx_word' id='word_1_26' title='bbox 446 751 519 797; x_wconf 90' lang='lat' dir='ltr'><strong>est</strong></span> <span class='ocrx_word' id='word_1_27' title='bbox 549 759 643 810; x_wconf 85' lang='lat' dir='ltr'><strong>pro</strong></span> <span class='ocrx_word' id='word_1_28' title='bbox 671 744 845 796; x_wconf 78' lang='lat' dir='ltr'><strong>sa&#39;culi</strong></span> <span class='ocrx_word' id='word_1_29' title='bbox 872 745 1009 810; x_wconf 83' lang='lat' dir='ltr'><strong>vita;</strong></span> <span class='ocrx_word' id='word_1_30' title='bbox 1039 755 1109 808; x_wconf 91' lang='lat' dir='ltr'><strong>et,</strong></span> <span class='ocrx_word' id='word_1_31' title='bbox 1143 745 1206 802; x_wconf 83' lang='lat' dir='ltr'><strong>Si</strong></span> <span class='ocrx_word' id='word_1_32' title='bbox 1235 763 1337 799; x_wconf 88' lang='lat' dir='ltr'><strong>non</strong></span> <span class='ocrx_word' id='word_1_33' title='bbox 1360 747 1747 803; x_wconf 78' lang='lat' dir='ltr'><strong>ntauducavrri-</strong></span> 
     </span>
    </p>
   </div>
   <div class='ocr_carea' id='block_1_5' title="bbox 173 828 1747 906">
    <p class='ocr_par' dir='ltr' id='par_1_5' title="bbox 173 828 1747 906">
     <span class='ocr_line' id='line_1_5' title="bbox 173 828 1747 906; baseline 0.005 -21"><span class='ocrx_word' id='word_1_34' title='bbox 173 837 232 887; x_wconf 87' lang='lat' dir='ltr'><strong>tis</strong></span> <span class='ocrx_word' id='word_1_35' title='bbox 273 847 475 885; x_wconf 87' lang='lat' dir='ltr'><strong>carnem</strong></span> <span class='ocrx_word' id='word_1_36' title='bbox 516 828 646 888; x_wconf 79' lang='lat' dir='ltr'><strong>Filii</strong></span> <span class='ocrx_word' id='word_1_37' title='bbox 684 834 902 888; x_wconf 84' lang='lat' dir='ltr'><strong>hominis</strong></span> <span class='ocrx_word' id='word_1_38' title='bbox 929 843 979 889; x_wconf 85' lang='lat' dir='ltr'><strong>et</strong></span> <span class='ocrx_word' id='word_1_39' title='bbox 1006 836 1303 906; x_wconf 82' lang='lat' dir='ltr'><strong>sanguinem</strong></span> <span class='ocrx_word' id='word_1_40' title='bbox 1345 838 1599 904; x_wconf 86' lang='lat' dir='ltr'><strong>biberitis,</strong></span> <span class='ocrx_word' id='word_1_41' title='bbox 1645 854 1747 893; x_wconf 88' lang='lat' dir='ltr'><strong>non</strong></span> 
     </span>
    </p>
   </div>
   <div class='ocr_carea' id='block_1_6' title="bbox 176 922 1748 1001">
    <p class='ocr_par' dir='ltr' id='par_1_6' title="bbox 176 922 1748 1001">
     <span class='ocr_line' id='line_1_6' title="bbox 176 922 1748 1001; baseline 0.004 -24"><span class='ocrx_word' id='word_1_42' title='bbox 176 922 409 977; x_wconf 82' lang='lat' dir='ltr'><strong>habebitis</strong></span> <span class='ocrx_word' id='word_1_43' title='bbox 433 925 583 978; x_wconf 82' lang='lat' dir='ltr'><strong>vitam</strong></span> <span class='ocrx_word' id='word_1_44' title='bbox 614 926 663 979; x_wconf 90' lang='lat' dir='ltr'><strong>in</strong></span> <span class='ocrx_word' id='word_1_45' title='bbox 692 926 829 979; x_wconf 73' lang='lat' dir='ltr'><strong>vobis</strong></span> <span class='ocrx_word' id='word_1_46' title='bbox 845 926 1024 997; x_wconf 85' lang='lat' dir='ltr'><strong>(Joan.</strong></span> <span class='ocrx_word' id='word_1_47' title='bbox 1051 942 1121 989; x_wconf 87' lang='lat' dir='ltr'><strong>vt,</strong></span> <span class='ocrx_word' id='word_1_48' title='bbox 1149 928 1237 994; x_wconf 87' lang='lat'><strong>5|,</strong></span> <span class='ocrx_word' id='word_1_49' title='bbox 1261 926 1352 994; x_wconf 71' lang='lat'><strong>52,</strong></span> <span class='ocrx_word' id='word_1_50' title='bbox 1384 928 1591 999; x_wconf 66' lang='lat' dir='ltr'><strong>54)?St</strong></span> <span class='ocrx_word' id='word_1_51' title='bbox 1619 945 1748 1001; x_wconf 86' lang='lat' dir='ltr'><strong>ergo</strong></span> 
     </span>
    </p>
   </div>
   <div class='ocr_carea' id='block_1_7' title="bbox 178 1017 1749 1088">
    <p class='ocr_par' dir='ltr' id='par_1_7' title="bbox 178 1017 1749 1088">
     <span class='ocr_line' id='line_1_7' title="bbox 178 1017 1749 1088; baseline 0.008 -21"><span class='ocrx_word' id='word_1_52' title='bbox 178 1027 231 1068; x_wconf 90' lang='lat' dir='ltr'><strong>ut</strong></span> <span class='ocrx_word' id='word_1_53' title='bbox 260 1024 332 1068; x_wconf 91' lang='lat' dir='ltr'><strong>tot</strong></span> <span class='ocrx_word' id='word_1_54' title='bbox 363 1026 415 1069; x_wconf 84' lang='lat' dir='ltr'><strong>et</strong></span> <span class='ocrx_word' id='word_1_55' title='bbox 449 1026 588 1069; x_wconf 86' lang='lat' dir='ltr'><strong>tanta</strong></span> <span class='ocrx_word' id='word_1_56' title='bbox 617 1017 793 1072; x_wconf 70' lang='lat' dir='ltr'><strong>divina</strong></span> <span class='ocrx_word' id='word_1_57' title='bbox 823 1022 1125 1074; x_wconf 88' lang='lat' dir='ltr'><strong>testunonia</strong></span> <span class='ocrx_word' id='word_1_58' title='bbox 1153 1031 1464 1088; x_wconf 84' lang='lat' dir='ltr'><strong>coucnunt,</strong></span> <span class='ocrx_word' id='word_1_59' title='bbox 1490 1038 1585 1077; x_wconf 89' lang='lat' dir='ltr'><strong>nec</strong></span> <span class='ocrx_word' id='word_1_60' title='bbox 1606 1025 1749 1079; x_wconf 72' lang='lat' dir='ltr'><strong>salus</strong></span> 
     </span>
    </p>
   </div>
   <div class='ocr_carea' id='block_1_8' title="bbox 179 1107 1748 1184">
    <p class='ocr_par' dir='ltr' id='par_1_8' title="bbox 179 1107 1748 1184">
     <span class='ocr_line' id='line_1_8' title="bbox 179 1107 1748 1184; baseline 0.006 -25"><span class='ocrx_word' id='word_1_61' title='bbox 179 1122 271 1160; x_wconf 89' lang='lat' dir='ltr'><strong>nec</strong></span> <span class='ocrx_word' id='word_1_62' title='bbox 296 1107 398 1159; x_wconf 81' lang='lat' dir='ltr'><strong>vita</strong></span> <span class='ocrx_word' id='word_1_63' title='bbox 429 1116 626 1162; x_wconf 66' lang='lat' dir='ltr'><strong>aeterna</strong></span> <span class='ocrx_word' id='word_1_64' title='bbox 651 1112 770 1164; x_wconf 86' lang='lat' dir='ltr'><strong>sine</strong></span> <span class='ocrx_word' id='word_1_65' title='bbox 797 1110 1066 1177; x_wconf 82' lang='lat' dir='ltr'><strong>Baptisino</strong></span> <span class='ocrx_word' id='word_1_66' title='bbox 1087 1121 1139 1164; x_wconf 74' lang='lat' dir='ltr'><strong>rt</strong></span> <span class='ocrx_word' id='word_1_67' title='bbox 1166 1128 1392 1180; x_wconf 84' lang='lat' dir='ltr'><strong>corpore</strong></span> <span class='ocrx_word' id='word_1_68' title='bbox 1418 1124 1470 1167; x_wconf 91' lang='lat' dir='ltr'><strong>et</strong></span> <span class='ocrx_word' id='word_1_69' title='bbox 1491 1115 1748 1184; x_wconf 78' lang='lat' dir='ltr'><strong>sanguine</strong></span> 
     </span>
    </p>
   </div>
   <div class='ocr_carea' id='block_1_9' title="bbox 172 1199 1750 1271">
    <p class='ocr_par' dir='ltr' id='par_1_9' title="bbox 172 1199 1750 1271">
     <span class='ocr_line' id='line_1_9' title="bbox 172 1199 1750 1271; baseline -0.002 -13"><span class='ocrx_word' id='word_1_70' title='bbox 172 1202 367 1258; x_wconf 80' lang='lat' dir='ltr'><strong>Domini</strong></span> <span class='ocrx_word' id='word_1_71' title='bbox 398 1201 643 1271; x_wconf 80' lang='lat' dir='ltr'><strong>cuiquam</strong></span> <span class='ocrx_word' id='word_1_72' title='bbox 670 1199 933 1270; x_wconf 79' lang='lat' dir='ltr'><strong>speranda</strong></span> <span class='ocrx_word' id='word_1_73' title='bbox 982 1208 1083 1266; x_wconf 89' lang='lat' dir='ltr'><strong>cst,</strong></span> <span class='ocrx_word' id='word_1_74' title='bbox 1113 1199 1308 1253; x_wconf 81' lang='lat' dir='ltr'><strong>frustra</strong></span> <span class='ocrx_word' id='word_1_75' title='bbox 1349 1201 1464 1253; x_wconf 85' lang='lat' dir='ltr'><strong>sine</strong></span> <span class='ocrx_word' id='word_1_76' title='bbox 1498 1201 1579 1253; x_wconf 91' lang='lat' dir='ltr'><strong>his</strong></span> <span class='ocrx_word' id='word_1_77' title='bbox 1625 1216 1750 1270; x_wconf 87' lang='lat' dir='ltr'><strong>pro-</strong></span> 
     </span>
    </p>
   </div>
   <div class='ocr_carea' id='block_1_10' title="bbox 170 1291 1748 1364">
    <p class='ocr_par' dir='ltr' id='par_1_10' title="bbox 170 1291 1748 1364">
     <span class='ocr_line' id='line_1_10' title="bbox 170 1291 1748 1364; baseline 0 -16"><span class='ocrx_word' id='word_1_78' title='bbox 170 1299 384 1349; x_wconf 86' lang='lat' dir='ltr'><strong>mittitur</strong></span> <span class='ocrx_word' id='word_1_79' title='bbox 431 1294 683 1364; x_wconf 77' lang='lat' dir='ltr'><strong>parvulis.</strong></span> <span class='ocrx_word' id='word_1_80' title='bbox 730 1291 899 1347; x_wconf 73' lang='lat' dir='ltr'><strong>Ferro</strong></span> <span class='ocrx_word' id='word_1_81' title='bbox 942 1293 986 1347; x_wconf 89' lang='lat' dir='ltr'><strong>si</strong></span> <span class='ocrx_word' id='word_1_82' title='bbox 1032 1308 1061 1345; x_wconf 88' lang='lat' dir='ltr'><strong>a</strong></span> <span class='ocrx_word' id='word_1_83' title='bbox 1108 1292 1279 1346; x_wconf 89' lang='lat' dir='ltr'><strong>salute</strong></span> <span class='ocrx_word' id='word_1_84' title='bbox 1323 1307 1388 1347; x_wconf 89' lang='lat' dir='ltr'><strong>ac</strong></span> <span class='ocrx_word' id='word_1_85' title='bbox 1417 1298 1520 1346; x_wconf 88' lang='lat' dir='ltr'><strong>vita</strong></span> <span class='ocrx_word' id='word_1_86' title='bbox 1551 1303 1748 1348; x_wconf 66' lang='lat' dir='ltr'><strong>aeterna</strong></span> 
     </span>
    </p>
   </div>
   <div class='ocr_carea' id='block_1_11' title="bbox 165 1372 1777 1456">
    <p class='ocr_par' dir='ltr' id='par_1_11' title="bbox 165 1372 1777 1456">
     <span class='ocr_line' id='line_1_11' title="bbox 165 1372 1777 1456; baseline -0.002 -14"><span class='ocrx_word' id='word_1_87' title='bbox 165 1389 425 1443; x_wconf 83' lang='lat' dir='ltr'><strong>hominem</strong></span> <span class='ocrx_word' id='word_1_88' title='bbox 452 1386 553 1441; x_wconf 93' lang='lat' dir='ltr'><strong>nisi</strong></span> <span class='ocrx_word' id='word_1_89' title='bbox 585 1394 795 1456; x_wconf 86' lang='lat' dir='ltr'><strong>peccata</strong></span> <span class='ocrx_word' id='word_1_90' title='bbox 830 1400 934 1438; x_wconf 90' lang='lat' dir='ltr'><strong>non</strong></span> <span class='ocrx_word' id='word_1_91' title='bbox 973 1392 1255 1454; x_wconf 85' lang='lat' dir='ltr'><strong>separant,</strong></span> <span class='ocrx_word' id='word_1_92' title='bbox 1290 1400 1384 1454; x_wconf 89' lang='lat' dir='ltr'><strong>per</strong></span> <span class='ocrx_word' id='word_1_93' title='bbox 1414 1382 1529 1438; x_wconf 81' lang='lat' dir='ltr'><strong>lncc</strong></span> <span class='ocrx_word' id='word_1_94' title='bbox 1555 1372 1777 1439; x_wconf 34' lang='lat' dir='ltr'><strong>Sacra?</strong></span> 
     </span>
    </p>
   </div>
   <div class='ocr_carea' id='block_1_12' title="bbox 166 1474 1750 1547">
    <p class='ocr_par' dir='ltr' id='par_1_12' title="bbox 166 1474 1750 1547">
     <span class='ocr_line' id='line_1_12' title="bbox 166 1474 1750 1547; baseline -0.001 -15"><span class='ocrx_word' id='word_1_95' title='bbox 166 1488 333 1535; x_wconf 85' lang='lat' dir='ltr'><strong>menta</strong></span> <span class='ocrx_word' id='word_1_96' title='bbox 363 1477 574 1532; x_wconf 91' lang='lat' dir='ltr'><strong>nonnisi</strong></span> <span class='ocrx_word' id='word_1_97' title='bbox 610 1476 810 1547; x_wconf 86' lang='lat' dir='ltr'><strong>peccati</strong></span> <span class='ocrx_word' id='word_1_98' title='bbox 840 1484 1017 1531; x_wconf 79' lang='lat' dir='ltr'><strong>reatus</strong></span> <span class='ocrx_word' id='word_1_99' title='bbox 1046 1476 1097 1529; x_wconf 90' lang='lat' dir='ltr'><strong>in</strong></span> <span class='ocrx_word' id='word_1_100' title='bbox 1130 1474 1363 1544; x_wconf 76' lang='lat' dir='ltr'><strong>parvulis</strong></span> <span class='ocrx_word' id='word_1_101' title='bbox 1391 1476 1613 1529; x_wconf 91' lang='lat' dir='ltr'><strong>solvitur</strong></span> <span class='ocrx_word' id='word_1_102' title='bbox 1640 1491 1652 1528; x_wconf 91' lang='lat'><strong>:</strong></span> <span class='ocrx_word' id='word_1_103' title='bbox 1681 1475 1750 1531; x_wconf 86' lang='lat' dir='ltr'><strong>de</strong></span> 
     </span>
    </p>
   </div>
   <div class='ocr_carea' id='block_1_13' title="bbox 163 1567 1749 1655">
    <p class='ocr_par' dir='ltr' id='par_1_13' title="bbox 163 1567 1749 1655">
     <span class='ocr_line' id='line_1_13' title="bbox 163 1567 1749 1655; baseline -0.003 -30"><span class='ocrx_word' id='word_1_104' title='bbox 163 1587 265 1642; x_wconf 87' lang='lat' dir='ltr'><strong>quo</strong></span> <span class='ocrx_word' id='word_1_105' title='bbox 293 1581 440 1625; x_wconf 89' lang='lat' dir='ltr'><strong>reatu</strong></span> <span class='ocrx_word' id='word_1_106' title='bbox 468 1569 723 1639; x_wconf 90' lang='lat' dir='ltr'><strong>scriptum</strong></span> <span class='ocrx_word' id='word_1_107' title='bbox 756 1577 859 1635; x_wconf 88' lang='lat' dir='ltr'><strong>est,</strong></span> <span class='ocrx_word' id='word_1_108' title='bbox 891 1567 1162 1622; x_wconf 89' lang='lat' dir='ltr'><strong>neminem</strong></span> <span class='ocrx_word' id='word_1_109' title='bbox 1194 1581 1314 1655; x_wconf 66' lang='lat' dir='ltr'><strong>esse</strong></span> <span class='ocrx_word' id='word_1_110' title='bbox 1344 1569 1623 1632; x_wconf 84' lang='lat' dir='ltr'><strong>muminm,</strong></span> <span class='ocrx_word' id='word_1_111' title='bbox 1657 1583 1749 1621; x_wconf 88' lang='lat' dir='ltr'><strong>nec</strong></span> 
     </span>
    </p>
   </div>
   <div class='ocr_carea' id='block_1_14' title="bbox 162 1654 1743 1732">
    <p class='ocr_par' dir='ltr' id='par_1_14' title="bbox 162 1654 1743 1732">
     <span class='ocr_line' id='line_1_14' title="bbox 162 1654 1743 1732; baseline -0.003 -15"><span class='ocrx_word' id='word_1_112' title='bbox 162 1665 203 1717; x_wconf 89' lang='lat' dir='ltr'><strong>si</strong></span> <span class='ocrx_word' id='word_1_113' title='bbox 238 1662 383 1717; x_wconf 87' lang='lat' dir='ltr'><strong>unius</strong></span> <span class='ocrx_word' id='word_1_114' title='bbox 416 1661 513 1715; x_wconf 85' lang='lat' dir='ltr'><strong>diei</strong></span> <span class='ocrx_word' id='word_1_115' title='bbox 541 1658 692 1732; x_wconf 80' lang='lat' dir='ltr'><strong>fuerit</strong></span> <span class='ocrx_word' id='word_1_116' title='bbox 719 1658 819 1712; x_wconf 83' lang='lat' dir='ltr'><strong>vita</strong></span> <span class='ocrx_word' id='word_1_117' title='bbox 844 1658 955 1731; x_wconf 64' lang='lat' dir='ltr'><strong>ejus</strong></span> <span class='ocrx_word' id='word_1_118' title='bbox 986 1654 1125 1730; x_wconf 82' lang='lat' dir='ltr'><strong>(Job</strong></span> <span class='ocrx_word' id='word_1_119' title='bbox 1153 1654 1275 1724; x_wconf 73' lang='lat' dir='ltr'><strong>xxv,</strong></span> <span class='ocrx_word' id='word_1_120' title='bbox 1306 1656 1369 1721; x_wconf 77' lang='grc' dir='ltr'><strong>ι,</strong></span> <span class='ocrx_word' id='word_1_121' title='bbox 1399 1672 1498 1711; x_wconf 89' lang='lat' dir='ltr'><strong>sec.</strong></span> <span class='ocrx_word' id='word_1_122' title='bbox 1532 1656 1676 1711; x_wconf 73' lang='lat' dir='ltr'><strong>LXX</strong></span> <span class='ocrx_word' id='word_1_123' title='bbox 1701 1664 1743 1730; x_wconf 84' lang='lat'><strong>).</strong></span> 
     </span>
    </p>
   </div>
   <div class='ocr_carea' id='block_1_15' title="bbox 165 1748 1748 1822">
    <p class='ocr_par' dir='ltr' id='par_1_15' title="bbox 165 1748 1748 1822">
     <span class='ocr_line' id='line_1_15' title="bbox 165 1748 1748 1822; baseline -0.004 -12"><span class='ocrx_word' id='word_1_124' title='bbox 165 1756 309 1810; x_wconf 85' lang='lat' dir='ltr'><strong>Unde</strong></span> <span class='ocrx_word' id='word_1_125' title='bbox 345 1762 427 1809; x_wconf 89' lang='lat' dir='ltr'><strong>est</strong></span> <span class='ocrx_word' id='word_1_126' title='bbox 456 1761 511 1808; x_wconf 87' lang='lat' dir='ltr'><strong>et</strong></span> <span class='ocrx_word' id='word_1_127' title='bbox 540 1751 667 1807; x_wconf 91' lang='lat' dir='ltr'><strong>illud</strong></span> <span class='ocrx_word' id='word_1_128' title='bbox 700 1752 750 1806; x_wconf 87' lang='lat' dir='ltr'><strong>in</strong></span> <span class='ocrx_word' id='word_1_129' title='bbox 780 1750 1005 1807; x_wconf 81' lang='lat' dir='ltr'><strong>Psalmis</strong></span> <span class='ocrx_word' id='word_1_130' title='bbox 1038 1768 1050 1805; x_wconf 92' lang='lat'><strong>:</strong></span> <span class='ocrx_word' id='word_1_131' title='bbox 1080 1748 1191 1822; x_wconf 85' lang='lat' dir='ltr'><strong>Ego</strong></span> <span class='ocrx_word' id='word_1_132' title='bbox 1218 1750 1351 1803; x_wconf 89' lang='lat' dir='ltr'><strong>enim</strong></span> <span class='ocrx_word' id='word_1_133' title='bbox 1389 1754 1442 1803; x_wconf 89' lang='lat' dir='ltr'><strong>in</strong></span> <span class='ocrx_word' id='word_1_134' title='bbox 1471 1749 1748 1818; x_wconf 76' lang='lat' dir='ltr'><strong>iniquitati-</strong></span> 
     </span>
    </p>
   </div>
   <div class='ocr_carea' id='block_1_16' title="bbox 160 1843 1747 1917">
    <p class='ocr_par' dir='ltr' id='par_1_16' title="bbox 160 1843 1747 1917">
     <span class='ocr_line' id='line_1_16' title="bbox 160 1843 1747 1917; baseline -0.002 -16"><span class='ocrx_word' id='word_1_135' title='bbox 160 1850 247 1901; x_wconf 81' lang='lat' dir='ltr'><strong>bus</strong></span> <span class='ocrx_word' id='word_1_136' title='bbox 266 1855 532 1917; x_wconf 82' lang='lat' dir='ltr'><strong>conceptus</strong></span> <span class='ocrx_word' id='word_1_137' title='bbox 557 1860 689 1909; x_wconf 88' lang='lat' dir='ltr'><strong>sum,</strong></span> <span class='ocrx_word' id='word_1_138' title='bbox 713 1853 758 1898; x_wconf 90' lang='lat' dir='ltr'><strong>et</strong></span> <span class='ocrx_word' id='word_1_139' title='bbox 781 1844 829 1897; x_wconf 92' lang='lat' dir='ltr'><strong>in</strong></span> <span class='ocrx_word' id='word_1_140' title='bbox 855 1844 1071 1915; x_wconf 86' lang='lat' dir='ltr'><strong>peccatis</strong></span> <span class='ocrx_word' id='word_1_141' title='bbox 1096 1853 1256 1896; x_wconf 80' lang='lat' dir='ltr'><strong>mater</strong></span> <span class='ocrx_word' id='word_1_142' title='bbox 1277 1859 1387 1896; x_wconf 90' lang='lat' dir='ltr'><strong>mea</strong></span> <span class='ocrx_word' id='word_1_143' title='bbox 1415 1860 1494 1897; x_wconf 91' lang='lat' dir='ltr'><strong>me</strong></span> <span class='ocrx_word' id='word_1_144' title='bbox 1520 1843 1571 1897; x_wconf 84' lang='lat' dir='ltr'><strong>in</strong></span> <span class='ocrx_word' id='word_1_145' title='bbox 1603 1853 1747 1898; x_wconf 88' lang='lat' dir='ltr'><strong>utero</strong></span> 
     </span>
    </p>
   </div>
   <div class='ocr_carea' id='block_1_17' title="bbox 159 1935 1746 2011">
    <p class='ocr_par' dir='ltr' id='par_1_17' title="bbox 159 1935 1746 2011">
     <span class='ocr_line' id='line_1_17' title="bbox 159 1935 1746 2011; baseline 0 -20"><span class='ocrx_word' id='word_1_146' title='bbox 159 1940 277 1993; x_wconf 79' lang='lat' dir='ltr'><strong>aluit</strong></span> <span class='ocrx_word' id='word_1_147' title='bbox 312 1936 481 2011; x_wconf 81' lang='lat' dir='ltr'><strong>(Psal.</strong></span> <span class='ocrx_word' id='word_1_148' title='bbox 513 1953 560 2001; x_wconf 80' lang='grc' dir='ltr'><strong>ι,</strong></span> <span class='ocrx_word' id='word_1_149' title='bbox 590 1937 668 1998; x_wconf 80' lang='lat'><strong>7).</strong></span> <span class='ocrx_word' id='word_1_150' title='bbox 695 1940 796 1991; x_wconf 80' lang='lat' dir='ltr'><strong>Ant</strong></span> <span class='ocrx_word' id='word_1_151' title='bbox 818 1935 960 1991; x_wconf 91' lang='lat' dir='ltr'><strong>enim</strong></span> <span class='ocrx_word' id='word_1_152' title='bbox 986 1952 1049 1991; x_wconf 72' lang='lat' dir='ltr'><strong>ex</strong></span> <span class='ocrx_word' id='word_1_153' title='bbox 1077 1950 1301 2005; x_wconf 80' lang='lat' dir='ltr'><strong>persona</strong></span> <span class='ocrx_word' id='word_1_154' title='bbox 1324 1935 1557 2005; x_wconf 81' lang='lat' dir='ltr'><strong>generali</strong></span> <span class='ocrx_word' id='word_1_155' title='bbox 1581 1936 1746 2005; x_wconf 91' lang='lat' dir='ltr'><strong>ipsius</strong></span> 
     </span>
    </p>
   </div>
   <div class='ocr_carea' id='block_1_18' title="bbox 160 2030 1740 2103">
    <p class='ocr_par' dir='ltr' id='par_1_18' title="bbox 160 2030 1740 2103">
     <span class='ocr_line' id='line_1_18' title="bbox 160 2030 1740 2103; baseline -0.004 -13"><span class='ocrx_word' id='word_1_156' title='bbox 160 2037 385 2091; x_wconf 81' lang='lat' dir='ltr'><strong>hominis</strong></span> <span class='ocrx_word' id='word_1_157' title='bbox 410 2035 640 2100; x_wconf 90' lang='lat' dir='ltr'><strong>dicitur,</strong></span> <span class='ocrx_word' id='word_1_158' title='bbox 670 2043 762 2090; x_wconf 86' lang='lat' dir='ltr'><strong>aut</strong></span> <span class='ocrx_word' id='word_1_159' title='bbox 785 2034 827 2087; x_wconf 88' lang='lat' dir='ltr'><strong>si</strong></span> <span class='ocrx_word' id='word_1_160' title='bbox 858 2031 1072 2103; x_wconf 85' lang='lat' dir='ltr'><strong>prOprie</strong></span> <span class='ocrx_word' id='word_1_161' title='bbox 1097 2030 1165 2085; x_wconf 87' lang='lat' dir='ltr'><strong>de</strong></span> <span class='ocrx_word' id='word_1_162' title='bbox 1190 2048 1249 2085; x_wconf 87' lang='lat' dir='ltr'><strong>se</strong></span> <span class='ocrx_word' id='word_1_163' title='bbox 1278 2031 1436 2084; x_wconf 80' lang='lat' dir='ltr'><strong>David</strong></span> <span class='ocrx_word' id='word_1_164' title='bbox 1469 2031 1569 2084; x_wconf 87' lang='lat' dir='ltr'><strong>hoc</strong></span> <span class='ocrx_word' id='word_1_165' title='bbox 1596 2031 1740 2098; x_wconf 89' lang='lat' dir='ltr'><strong>dicit,</strong></span> 
     </span>
    </p>
   </div>
   <div class='ocr_carea' id='block_1_19' title="bbox 158 2121 1744 2197">
    <p class='ocr_par' dir='ltr' id='par_1_19' title="bbox 158 2121 1744 2197">
     <span class='ocr_line' id='line_1_19' title="bbox 158 2121 1744 2197; baseline -0.004 -16"><span class='ocrx_word' id='word_1_166' title='bbox 158 2144 259 2181; x_wconf 91' lang='lat' dir='ltr'><strong>non</strong></span> <span class='ocrx_word' id='word_1_167' title='bbox 287 2128 466 2197; x_wconf 80' lang='lat' dir='ltr'><strong>utique</strong></span> <span class='ocrx_word' id='word_1_168' title='bbox 492 2124 560 2181; x_wconf 87' lang='lat' dir='ltr'><strong>de</strong></span> <span class='ocrx_word' id='word_1_169' title='bbox 587 2125 968 2185; x_wconf 81' lang='lat' dir='ltr'><strong>fornicatione,</strong></span> <span class='ocrx_word' id='word_1_170' title='bbox 1002 2122 1095 2175; x_wconf 82' lang='lat' dir='ltr'><strong>sed</strong></span> <span class='ocrx_word' id='word_1_171' title='bbox 1122 2121 1190 2175; x_wconf 83' lang='lat' dir='ltr'><strong>de</strong></span> <span class='ocrx_word' id='word_1_172' title='bbox 1220 2122 1456 2189; x_wconf 75' lang='lat' dir='ltr'><strong>legitimo</strong></span> <span class='ocrx_word' id='word_1_173' title='bbox 1479 2121 1744 2175; x_wconf 88' lang='lat' dir='ltr'><strong>connubio</strong></span> 
     </span>
    </p>
   </div>
   <div class='ocr_carea' id='block_1_20' title="bbox 158 2213 1744 2286">
    <p class='ocr_par' dir='ltr' id='par_1_20' title="bbox 158 2213 1744 2286">
     <span class='ocr_line' id='line_1_20' title="bbox 158 2213 1744 2286; baseline -0.003 -14"><span class='ocrx_word' id='word_1_174' title='bbox 158 2231 305 2274; x_wconf 89' lang='lat' dir='ltr'><strong>natus</strong></span> <span class='ocrx_word' id='word_1_175' title='bbox 327 2218 447 2273; x_wconf 81' lang='lat' dir='ltr'><strong>fuit.</strong></span> <span class='ocrx_word' id='word_1_176' title='bbox 477 2217 590 2272; x_wconf 74' lang='lat' dir='ltr'><strong>Non</strong></span> <span class='ocrx_word' id='word_1_177' title='bbox 618 2219 794 2286; x_wconf 78' lang='lat' dir='ltr'><strong>itaque</strong></span> <span class='ocrx_word' id='word_1_178' title='bbox 821 2215 1124 2268; x_wconf 77' lang='lat' dir='ltr'><strong>dubitemus</strong></span> <span class='ocrx_word' id='word_1_179' title='bbox 1145 2214 1303 2268; x_wconf 88' lang='lat' dir='ltr'><strong>etiam</strong></span> <span class='ocrx_word' id='word_1_180' title='bbox 1331 2229 1428 2283; x_wconf 87' lang='lat' dir='ltr'><strong>pro</strong></span> <span class='ocrx_word' id='word_1_181' title='bbox 1458 2213 1744 2267; x_wconf 86' lang='lat' dir='ltr'><strong>inlantibus</strong></span> 
     </span>
    </p>
   </div>
   <div class='ocr_carea' id='block_1_21' title="bbox 159 2303 1745 2383">
    <p class='ocr_par' dir='ltr' id='par_1_21' title="bbox 159 2303 1745 2383">
     <span class='ocr_line' id='line_1_21' title="bbox 159 2303 1745 2383; baseline -0.004 -19"><span class='ocrx_word' id='word_1_182' title='bbox 159 2308 489 2383; x_wconf 85' lang='lat' dir='ltr'><strong>baptizandis</strong></span> <span class='ocrx_word' id='word_1_183' title='bbox 510 2308 823 2378; x_wconf 87' lang='lat' dir='ltr'><strong>sanguinem</strong></span> <span class='ocrx_word' id='word_1_184' title='bbox 852 2303 1027 2361; x_wconf 81' lang='lat' dir='ltr'><strong>fusum</strong></span> <span class='ocrx_word' id='word_1_185' title='bbox 1050 2346 1066 2369; x_wconf 94' lang='lat'><strong>,</strong></span> <span class='ocrx_word' id='word_1_186' title='bbox 1098 2305 1186 2375; x_wconf 88' lang='lat' dir='ltr'><strong>qui</strong></span> <span class='ocrx_word' id='word_1_187' title='bbox 1217 2306 1527 2374; x_wconf 79' lang='lat' dir='ltr'><strong>priusquam</strong></span> <span class='ocrx_word' id='word_1_188' title='bbox 1557 2303 1745 2358; x_wconf 66' lang='lat' dir='ltr'><strong>l’tnadeo</strong></span> 
     </span>
    </p>
   </div>
   <div class='ocr_carea' id='block_1_22' title="bbox 156 2395 1740 2470">
    <p class='ocr_par' dir='ltr' id='par_1_22' title="bbox 156 2395 1740 2470">
     <span class='ocr_line' id='line_1_22' title="bbox 156 2395 1740 2470; baseline -0.004 -12"><span class='ocrx_word' id='word_1_189' title='bbox 156 2414 332 2470; x_wconf 79' lang='lat' dir='ltr'><strong>retur,</strong></span> <span class='ocrx_word' id='word_1_190' title='bbox 364 2403 444 2457; x_wconf 90' lang='lat' dir='ltr'><strong>sic</strong></span> <span class='ocrx_word' id='word_1_191' title='bbox 473 2402 525 2456; x_wconf 92' lang='lat' dir='ltr'><strong>in</strong></span> <span class='ocrx_word' id='word_1_192' title='bbox 554 2398 903 2457; x_wconf 85' lang='lat' dir='ltr'><strong>Sacramento</strong></span> <span class='ocrx_word' id='word_1_193' title='bbox 931 2399 1085 2452; x_wconf 90' lang='lat' dir='ltr'><strong>datus</strong></span> <span class='ocrx_word' id='word_1_194' title='bbox 1115 2405 1198 2451; x_wconf 88' lang='lat' dir='ltr'><strong>est</strong></span> <span class='ocrx_word' id='word_1_195' title='bbox 1231 2405 1281 2451; x_wconf 83' lang='lat' dir='ltr'><strong>et</strong></span> <span class='ocrx_word' id='word_1_196' title='bbox 1309 2395 1740 2464; x_wconf 86' lang='lat' dir='ltr'><strong>commendatus,</strong></span> 
     </span>
    </p>
   </div>
   <div class='ocr_carea' id='block_1_23' title="bbox 157 2487 1743 2562">
    <p class='ocr_par' dir='ltr' id='par_1_23' title="bbox 157 2487 1743 2562">
     <span class='ocr_line' id='line_1_23' title="bbox 157 2487 1743 2562; baseline -0.004 -14"><span class='ocrx_word' id='word_1_197' title='bbox 157 2508 209 2549; x_wconf 85' lang='lat' dir='ltr'><strong>ut</strong></span> <span class='ocrx_word' id='word_1_198' title='bbox 235 2496 543 2562; x_wconf 81' lang='lat' dir='ltr'><strong>diceretur,</strong></span> <span class='ocrx_word' id='word_1_199' title='bbox 581 2490 680 2547; x_wconf 81' lang='lat' dir='ltr'><strong>llic</strong></span> <span class='ocrx_word' id='word_1_200' title='bbox 728 2499 799 2545; x_wconf 87' lang='lat' dir='ltr'><strong>est</strong></span> <span class='ocrx_word' id='word_1_201' title='bbox 846 2490 1053 2561; x_wconf 89' lang='lat' dir='ltr'><strong>sunguis</strong></span> <span class='ocrx_word' id='word_1_202' title='bbox 1096 2504 1271 2554; x_wconf 85' lang='lat' dir='ltr'><strong>mens,</strong></span> <span class='ocrx_word' id='word_1_203' title='bbox 1307 2487 1393 2559; x_wconf 89' lang='lat' dir='ltr'><strong>qui</strong></span> <span class='ocrx_word' id='word_1_204' title='bbox 1436 2503 1528 2556; x_wconf 85' lang='lat' dir='ltr'><strong>pro</strong></span> <span class='ocrx_word' id='word_1_205' title='bbox 1572 2487 1743 2541; x_wconf 87' lang='lat' dir='ltr'><strong>multis</strong></span> 
     </span>
    </p>
   </div>
   <div class='ocr_carea' id='block_1_24' title="bbox 153 2578 1739 2653">
    <p class='ocr_par' dir='ltr' id='par_1_24' title="bbox 153 2578 1739 2653">
     <span class='ocr_line' id='line_1_24' title="bbox 153 2578 1739 2653; baseline -0.002 -14"><span class='ocrx_word' id='word_1_206' title='bbox 153 2584 501 2653; x_wconf 77' lang='lat' dir='ltr'><strong>r/fundeturin</strong></span> <span class='ocrx_word' id='word_1_207' title='bbox 514 2583 857 2638; x_wconf 83' lang='lat' dir='ltr'><strong>remissionem</strong></span> <span class='ocrx_word' id='word_1_208' title='bbox 882 2591 1203 2652; x_wconf 79' lang='lat' dir='ltr'><strong>peccatorum</strong></span> <span class='ocrx_word' id='word_1_209' title='bbox 1225 2578 1437 2652; x_wconf 79' lang='lat' dir='ltr'><strong>(Matth.</strong></span> <span class='ocrx_word' id='word_1_210' title='bbox 1460 2595 1607 2646; x_wconf 75' lang='lat' dir='ltr'><strong>xxvi,</strong></span> <span class='ocrx_word' id='word_1_211' title='bbox 1625 2578 1739 2651; x_wconf 71' lang='grc'><strong>28).</strong></span> 
     </span>
    </p>
   </div>
   <div class='ocr_carea' id='block_1_25' title="bbox 156 2672 1741 2750">
    <p class='ocr_par' dir='ltr' id='par_1_25' title="bbox 156 2672 1741 2750">
     <span class='ocr_line' id='line_1_25' title="bbox 156 2672 1741 2750; baseline -0.003 -18"><span class='ocrx_word' id='word_1_212' title='bbox 156 2678 349 2750; x_wconf 65' lang='lat' dir='ltr'><strong>Negant</strong></span> <span class='ocrx_word' id='word_1_213' title='bbox 372 2676 520 2733; x_wconf 90' lang='lat' dir='ltr'><strong>enim</strong></span> <span class='ocrx_word' id='word_1_214' title='bbox 562 2676 684 2731; x_wconf 90' lang='lat' dir='ltr'><strong>illos</strong></span> <span class='ocrx_word' id='word_1_215' title='bbox 711 2675 966 2741; x_wconf 87' lang='lat' dir='ltr'><strong>liberari,</strong></span> <span class='ocrx_word' id='word_1_216' title='bbox 996 2672 1085 2745; x_wconf 87' lang='lat' dir='ltr'><strong>qui</strong></span> <span class='ocrx_word' id='word_1_217' title='bbox 1113 2673 1214 2727; x_wconf 91' lang='lat' dir='ltr'><strong>sub</strong></span> <span class='ocrx_word' id='word_1_218' title='bbox 1244 2683 1462 2743; x_wconf 88' lang='lat' dir='ltr'><strong>peccato</strong></span> <span class='ocrx_word' id='word_1_219' title='bbox 1486 2686 1606 2728; x_wconf 70' lang='lat' dir='ltr'><strong>esse</strong></span> <span class='ocrx_word' id='word_1_220' title='bbox 1640 2688 1741 2728; x_wconf 88' lang='lat' dir='ltr'><strong>no-</strong></span> 
     </span>
    </p>
   </div>
   <div class='ocr_carea' id='block_1_26' title="bbox 155 2767 1742 2833">
    <p class='ocr_par' dir='ltr' id='par_1_26' title="bbox 155 2767 1742 2833">
     <span class='ocr_line' id='line_1_26' title="bbox 155 2767 1742 2833; baseline -0.001 -8"><span class='ocrx_word' id='word_1_221' title='bbox 155 2775 260 2827; x_wconf 88' lang='lat' dir='ltr'><strong>lunt</strong></span> <span class='ocrx_word' id='word_1_222' title='bbox 283 2771 459 2826; x_wconf 83' lang='lat' dir='ltr'><strong>lateri.</strong></span> <span class='ocrx_word' id='word_1_223' title='bbox 490 2769 621 2825; x_wconf 83' lang='lat' dir='ltr'><strong>Nam</strong></span> <span class='ocrx_word' id='word_1_224' title='bbox 649 2768 791 2825; x_wconf 85' lang='lat' dir='ltr'><strong>unde</strong></span> <span class='ocrx_word' id='word_1_225' title='bbox 833 2769 1161 2833; x_wconf 84' lang='lat' dir='ltr'><strong>liberantur,</strong></span> <span class='ocrx_word' id='word_1_226' title='bbox 1206 2767 1250 2821; x_wconf 92' lang='lat' dir='ltr'><strong>si</strong></span> <span class='ocrx_word' id='word_1_227' title='bbox 1298 2768 1441 2822; x_wconf 88' lang='lat' dir='ltr'><strong>nulla</strong></span> <span class='ocrx_word' id='word_1_228' title='bbox 1486 2768 1742 2824; x_wconf 78' lang='lat' dir='ltr'><strong>servitute</strong></span> 
     </span>
    </p>
   </div>
   <div class='ocr_carea' id='block_1_27' title="bbox 156 2860 934 2933">
    <p class='ocr_par' dir='ltr' id='par_1_27' title="bbox 156 2860 934 2933">
     <span class='ocr_line' id='line_1_27' title="bbox 156 2860 934 2933; baseline -0.005 -14"><span class='ocrx_word' id='word_1_229' title='bbox 156 2863 348 2933; x_wconf 81' lang='lat' dir='ltr'><strong>peccati</strong></span> <span class='ocrx_word' id='word_1_230' title='bbox 378 2872 633 2918; x_wconf 88' lang='lat' dir='ltr'><strong>tenentur</strong></span> <span class='ocrx_word' id='word_1_231' title='bbox 653 2860 934 2916; x_wconf 78' lang='lat' dir='ltr'><strong>obstricti?</strong></span> 
     </span>
    </p>
   </div>
   <div class='ocr_carea' id='block_1_28' title="bbox 217 2948 1742 3025">
    <p class='ocr_par' dir='ltr' id='par_1_28' title="bbox 217 2948 1742 3025">
     <span class='ocr_line' id='line_1_28' title="bbox 217 2948 1742 3025; baseline -0.001 -19"><span class='ocrx_word' id='word_1_232' title='bbox 217 2952 301 3010; x_wconf 80' lang='grc'><strong>55.</strong></span> <span class='ocrx_word' id='word_1_233' title='bbox 345 2952 477 3025; x_wconf 81' lang='lat' dir='ltr'><strong>Ego,</strong></span> <span class='ocrx_word' id='word_1_234' title='bbox 510 2952 702 3024; x_wconf 90' lang='lat' dir='ltr'><strong>inquit,</strong></span> <span class='ocrx_word' id='word_1_235' title='bbox 733 2951 823 3006; x_wconf 75' lang='lat' dir='ltr'><strong>lux</strong></span> <span class='ocrx_word' id='word_1_236' title='bbox 845 2952 897 3005; x_wconf 89' lang='lat' dir='ltr'><strong>in</strong></span> <span class='ocrx_word' id='word_1_237' title='bbox 926 2948 1173 3004; x_wconf 77' lang='lat' dir='ltr'><strong>smculum</strong></span> <span class='ocrx_word' id='word_1_238' title='bbox 1199 2949 1343 3008; x_wconf 84' lang='lat' dir='ltr'><strong>veni.</strong></span> <span class='ocrx_word' id='word_1_239' title='bbox 1374 2959 1429 3003; x_wconf 87' lang='lat' dir='ltr'><strong>ut</strong></span> <span class='ocrx_word' id='word_1_240' title='bbox 1470 2950 1632 3004; x_wconf 88' lang='lat' dir='ltr'><strong>omnis</strong></span> <span class='ocrx_word' id='word_1_241' title='bbox 1656 2952 1742 3021; x_wconf 88' lang='lat' dir='ltr'><strong>qui</strong></span> 
     </span>
    </p>
   </div>
   <div class='ocr_carea' id='block_1_29' title="bbox 162 3039 1736 3113">
    <p class='ocr_par' dir='ltr' id='par_1_29' title="bbox 162 3039 1736 3113">
     <span class='ocr_line' id='line_1_29' title="bbox 162 3039 1736 3113; baseline -0.001 -16"><span class='ocrx_word' id='word_1_242' title='bbox 162 3044 417 3099; x_wconf 67' lang='lat' dir='ltr'><strong>crediderit</strong></span> <span class='ocrx_word' id='word_1_243' title='bbox 438 3044 495 3097; x_wconf 83' lang='lat' dir='ltr'><strong>in</strong></span> <span class='ocrx_word' id='word_1_244' title='bbox 516 3060 614 3109; x_wconf 88' lang='lat' dir='ltr'><strong>me,</strong></span> <span class='ocrx_word' id='word_1_245' title='bbox 643 3059 743 3096; x_wconf 90' lang='lat' dir='ltr'><strong>non</strong></span> <span class='ocrx_word' id='word_1_246' title='bbox 770 3051 970 3094; x_wconf 90' lang='lat' dir='ltr'><strong>maneat</strong></span> <span class='ocrx_word' id='word_1_247' title='bbox 994 3042 1045 3093; x_wconf 86' lang='lat' dir='ltr'><strong>in</strong></span> <span class='ocrx_word' id='word_1_248' title='bbox 1071 3040 1283 3094; x_wconf 79' lang='lat' dir='ltr'><strong>tenebris</strong></span> <span class='ocrx_word' id='word_1_249' title='bbox 1305 3039 1481 3112; x_wconf 83' lang='lat' dir='ltr'><strong>(Joun.</strong></span> <span class='ocrx_word' id='word_1_250' title='bbox 1506 3057 1600 3109; x_wconf 70' lang='grc' dir='ltr'>χιι,</span> <span class='ocrx_word' id='word_1_251' title='bbox 1624 3041 1736 3113; x_wconf 70' lang='grc'><strong>46).</strong></span> 
     </span>
    </p>
   </div>
   <div class='ocr_carea' id='block_1_30' title="bbox 160 3131 1737 3204">
    <p class='ocr_par' dir='ltr' id='par_1_30' title="bbox 160 3131 1737 3204">
     <span class='ocr_line' id='line_1_30' title="bbox 160 3131 1737 3204; baseline 0.001 -19"><span class='ocrx_word' id='word_1_252' title='bbox 160 3135 261 3189; x_wconf 89' lang='lat' dir='ltr'><strong>ltoc</strong></span> <span class='ocrx_word' id='word_1_253' title='bbox 286 3135 427 3189; x_wconf 92' lang='lat' dir='ltr'><strong>dicto</strong></span> <span class='ocrx_word' id='word_1_254' title='bbox 453 3134 582 3204; x_wconf 89' lang='lat' dir='ltr'><strong>quid</strong></span> <span class='ocrx_word' id='word_1_255' title='bbox 613 3131 877 3200; x_wconf 87' lang='lat' dir='ltr'><strong>ostendit,</strong></span> <span class='ocrx_word' id='word_1_256' title='bbox 906 3132 1004 3185; x_wconf 89' lang='lat' dir='ltr'><strong>nisi</strong></span> <span class='ocrx_word' id='word_1_257' title='bbox 1032 3131 1083 3184; x_wconf 93' lang='lat' dir='ltr'><strong>in</strong></span> <span class='ocrx_word' id='word_1_258' title='bbox 1113 3131 1346 3185; x_wconf 88' lang='lat' dir='ltr'><strong>tenebris</strong></span> <span class='ocrx_word' id='word_1_259' title='bbox 1379 3146 1499 3185; x_wconf 84' lang='lat' dir='ltr'><strong>esse</strong></span> <span class='ocrx_word' id='word_1_260' title='bbox 1525 3146 1737 3187; x_wconf 87' lang='lat' dir='ltr'><strong>omnem</strong></span> 
     </span>
    </p>
   </div>
   <div class='ocr_carea' id='block_1_31' title="bbox 161 3222 1741 3297">
    <p class='ocr_par' dir='ltr' id='par_1_31' title="bbox 161 3222 1741 3297">
     <span class='ocr_line' id='line_1_31' title="bbox 161 3222 1741 3297; baseline -0.003 -15"><span class='ocrx_word' id='word_1_261' title='bbox 161 3228 244 3297; x_wconf 69' lang='lat' dir='ltr'><strong>qui</strong></span> <span class='ocrx_word' id='word_1_262' title='bbox 268 3244 370 3282; x_wconf 88' lang='lat' dir='ltr'><strong>non</strong></span> <span class='ocrx_word' id='word_1_263' title='bbox 398 3226 572 3283; x_wconf 87' lang='lat' dir='ltr'><strong>credit</strong></span> <span class='ocrx_word' id='word_1_264' title='bbox 597 3227 647 3280; x_wconf 92' lang='lat' dir='ltr'><strong>in</strong></span> <span class='ocrx_word' id='word_1_265' title='bbox 673 3241 817 3291; x_wconf 86' lang='lat' dir='ltr'><strong>eum,</strong></span> <span class='ocrx_word' id='word_1_266' title='bbox 836 3235 892 3278; x_wconf 85' lang='lat' dir='ltr'><strong>et</strong></span> <span class='ocrx_word' id='word_1_267' title='bbox 913 3222 1181 3279; x_wconf 87' lang='lat' dir='ltr'><strong>credendo</strong></span> <span class='ocrx_word' id='word_1_268' title='bbox 1206 3222 1421 3278; x_wconf 81' lang='lat' dir='ltr'><strong>eiticerc</strong></span> <span class='ocrx_word' id='word_1_269' title='bbox 1439 3237 1507 3278; x_wconf 91' lang='lat' dir='ltr'><strong>ne</strong></span> <span class='ocrx_word' id='word_1_270' title='bbox 1529 3232 1741 3278; x_wconf 88' lang='lat' dir='ltr'><strong>maneat</strong></span> 
     </span>
    </p>
   </div>
   <div class='ocr_carea' id='block_1_32' title="bbox 157 3315 1738 3388">
    <p class='ocr_par' dir='ltr' id='par_1_32' title="bbox 157 3315 1738 3388">
     <span class='ocr_line' id='line_1_32' title="bbox 157 3315 1738 3388; baseline -0.001 -17"><span class='ocrx_word' id='word_1_271' title='bbox 157 3320 205 3374; x_wconf 90' lang='lat' dir='ltr'><strong>in</strong></span> <span class='ocrx_word' id='word_1_272' title='bbox 232 3318 504 3376; x_wconf 82' lang='lat' dir='ltr'><strong>tenebris?</strong></span> <span class='ocrx_word' id='word_1_273' title='bbox 535 3318 641 3373; x_wconf 87' lang='lat' dir='ltr'><strong>llas</strong></span> <span class='ocrx_word' id='word_1_274' title='bbox 682 3318 931 3373; x_wconf 87' lang='lat' dir='ltr'><strong>tenebras</strong></span> <span class='ocrx_word' id='word_1_275' title='bbox 966 3315 1093 3388; x_wconf 90' lang='lat' dir='ltr'><strong>quid</strong></span> <span class='ocrx_word' id='word_1_276' title='bbox 1122 3315 1221 3369; x_wconf 80' lang='lat' dir='ltr'><strong>nisi</strong></span> <span class='ocrx_word' id='word_1_277' title='bbox 1251 3326 1464 3386; x_wconf 88' lang='lat' dir='ltr'><strong>peccata</strong></span> <span class='ocrx_word' id='word_1_278' title='bbox 1493 3315 1738 3388; x_wconf 85' lang='lat' dir='ltr'><strong>intelligi-</strong></span> 
     </span>
    </p>
   </div>
   <div class='ocr_carea' id='block_1_33' title="bbox 154 3408 1736 3481">
    <p class='ocr_par' dir='ltr' id='par_1_33' title="bbox 154 3408 1736 3481">
     <span class='ocr_line' id='line_1_33' title="bbox 154 3408 1736 3481; baseline -0.001 -17"><span class='ocrx_word' id='word_1_279' title='bbox 154 3411 425 3468; x_wconf 78' lang='lat' dir='ltr'><strong>tuus?Sed</strong></span> <span class='ocrx_word' id='word_1_280' title='bbox 456 3410 734 3481; x_wconf 85' lang='lat' dir='ltr'><strong>quodlibet</strong></span> <span class='ocrx_word' id='word_1_281' title='bbox 774 3408 917 3463; x_wconf 87' lang='lat' dir='ltr'><strong>aliud</strong></span> <span class='ocrx_word' id='word_1_282' title='bbox 958 3408 1321 3479; x_wconf 82' lang='lat' dir='ltr'><strong>intelligantur</strong></span> <span class='ocrx_word' id='word_1_283' title='bbox 1361 3410 1442 3462; x_wconf 81' lang='lat' dir='ltr'><strong>ha:</strong></span> <span class='ocrx_word' id='word_1_284' title='bbox 1481 3409 1736 3477; x_wconf 73' lang='lat' dir='ltr'><strong>tenebrzn,</strong></span> 
     </span>
    </p>
   </div>
   <div class='ocr_carea' id='block_1_34' title="bbox 156 3499 1735 3573">
    <p class='ocr_par' dir='ltr' id='par_1_34' title="bbox 156 3499 1735 3573">
     <span class='ocr_line' id='line_1_34' title="bbox 156 3499 1735 3573; baseline 0.001 -18"><span class='ocrx_word' id='word_1_285' title='bbox 156 3501 383 3571; x_wconf 77' lang='lat' dir='ltr'><strong>proiecto</strong></span> <span class='ocrx_word' id='word_1_286' title='bbox 408 3504 498 3573; x_wconf 91' lang='lat' dir='ltr'><strong>qui</strong></span> <span class='ocrx_word' id='word_1_287' title='bbox 531 3518 637 3557; x_wconf 85' lang='lat' dir='ltr'><strong>non</strong></span> <span class='ocrx_word' id='word_1_288' title='bbox 667 3500 835 3556; x_wconf 89' lang='lat' dir='ltr'><strong>credit</strong></span> <span class='ocrx_word' id='word_1_289' title='bbox 862 3502 913 3555; x_wconf 92' lang='lat' dir='ltr'><strong>in</strong></span> <span class='ocrx_word' id='word_1_290' title='bbox 939 3499 1236 3566; x_wconf 78' lang='lat' dir='ltr'><strong>Christum,</strong></span> <span class='ocrx_word' id='word_1_291' title='bbox 1266 3499 1499 3555; x_wconf 88' lang='lat' dir='ltr'><strong>manebit</strong></span> <span class='ocrx_word' id='word_1_292' title='bbox 1532 3500 1583 3554; x_wconf 92' lang='lat' dir='ltr'><strong>in</strong></span> <span class='ocrx_word' id='word_1_293' title='bbox 1614 3500 1693 3556; x_wconf 87' lang='lat' dir='ltr'><strong>cis</strong></span> <span class='ocrx_word' id='word_1_294' title='bbox 1722 3519 1735 3557; x_wconf 94' lang='lat'>:</span> 
     </span>
    </p>
   </div>
   <div class='ocr_carea' id='block_1_35' title="bbox 153 3588 1737 3666">
    <p class='ocr_par' dir='ltr' id='par_1_35' title="bbox 153 3588 1737 3666">
     <span class='ocr_line' id='line_1_35' title="bbox 153 3588 1737 3666; baseline -0.001 -18"><span class='ocrx_word' id='word_1_295' title='bbox 153 3602 204 3648; x_wconf 83' lang='lat' dir='ltr'><strong>et</strong></span> <span class='ocrx_word' id='word_1_296' title='bbox 222 3598 396 3665; x_wconf 88' lang='lat' dir='ltr'><strong>utique</strong></span> <span class='ocrx_word' id='word_1_297' title='bbox 412 3594 656 3666; x_wconf 64' lang='lat' dir='ltr'><strong>poenales</strong></span> <span class='ocrx_word' id='word_1_298' title='bbox 672 3601 816 3658; x_wconf 90' lang='lat' dir='ltr'><strong>sunt,</strong></span> <span class='ocrx_word' id='word_1_299' title='bbox 841 3610 944 3646; x_wconf 93' lang='lat' dir='ltr'><strong>non</strong></span> <span class='ocrx_word' id='word_1_300' title='bbox 958 3593 1109 3663; x_wconf 89' lang='lat' dir='ltr'><strong>quasi</strong></span> <span class='ocrx_word' id='word_1_301' title='bbox 1132 3599 1405 3647; x_wconf 79' lang='lat' dir='ltr'><strong>nocturna:</strong></span> <span class='ocrx_word' id='word_1_302' title='bbox 1420 3592 1484 3646; x_wconf 89' lang='lat' dir='ltr'><strong>ad</strong></span> <span class='ocrx_word' id='word_1_303' title='bbox 1504 3588 1737 3663; x_wconf 86' lang='lat' dir='ltr'><strong>quietem</strong></span> 
     </span>
    </p>
   </div>
   <div class='ocr_carea' id='block_1_36' title="bbox 155 3685 879 3740">
    <p class='ocr_par' dir='ltr' id='par_1_36' title="bbox 155 3685 879 3740">
     <span class='ocr_line' id='line_1_36' title="bbox 155 3685 879 3740; baseline 0.003 -5"><span class='ocrx_word' id='word_1_304' title='bbox 155 3685 493 3740; x_wconf 83' lang='lat' dir='ltr'><strong>animantium</strong></span> <span class='ocrx_word' id='word_1_305' title='bbox 540 3685 879 3740; x_wconf 69' lang='lat' dir='ltr'><strong>necessariae.</strong></span> 
     </span>
    </p>
   </div>
   <div class='ocr_carea' id='block_1_37' title="bbox 218 3773 1741 3845">
    <p class='ocr_par' dir='ltr' id='par_1_37' title="bbox 218 3773 1741 3845">
     <span class='ocr_line' id='line_1_37' title="bbox 218 3773 1741 3845; baseline -0.004 -12"><span class='ocrx_word' id='word_1_306' title='bbox 218 3776 440 3833; x_wconf 79' lang='lat' dir='ltr'><strong>CAPUT</strong></span> <span class='ocrx_word' id='word_1_307' title='bbox 469 3776 636 3832; x_wconf 76' lang='lat' dir='ltr'><strong>XXV.</strong></span> <span class='ocrx_word' id='word_1_308' title='bbox 660 3806 727 3816; x_wconf 94' lang='lat'><strong>—</strong></span> <span class='ocrx_word' id='word_1_309' title='bbox 752 3774 1004 3830; x_wconf 83' lang='lat' dir='ltr'><strong>Parvulos</strong></span> <span class='ocrx_word' id='word_1_310' title='bbox 1026 3790 1146 3828; x_wconf 79' lang='lat' dir='ltr'><strong>mox</strong></span> <span class='ocrx_word' id='word_1_311' title='bbox 1170 3783 1316 3828; x_wconf 84' lang='lat' dir='ltr'><strong>natos</strong></span> <span class='ocrx_word' id='word_1_312' title='bbox 1332 3773 1612 3828; x_wconf 85' lang='lat' dir='ltr'><strong>illuminari</strong></span> <span class='ocrx_word' id='word_1_313' title='bbox 1633 3774 1741 3845; x_wconf 83' lang='lat' dir='ltr'><strong>qui-</strong></span> 
     </span>
    </p>
   </div>
   <div class='ocr_carea' id='block_1_38' title="bbox 153 3866 1737 3940">
    <p class='ocr_par' dir='ltr' id='par_1_38' title="bbox 153 3866 1737 3940">
     <span class='ocr_line' id='line_1_38' title="bbox 153 3866 1737 3940; baseline 0.001 -20"><span class='ocrx_word' id='word_1_314' title='bbox 153 3872 263 3922; x_wconf 75' lang='lat' dir='ltr'><strong>dam</strong></span> <span class='ocrx_word' id='word_1_315' title='bbox 278 3887 544 3939; x_wconf 81' lang='lat' dir='ltr'><strong>perperam</strong></span> <span class='ocrx_word' id='word_1_316' title='bbox 559 3868 857 3940; x_wconf 85' lang='lat' dir='ltr'><strong>colligebant</strong></span> <span class='ocrx_word' id='word_1_317' title='bbox 875 3883 936 3921; x_wconf 75' lang='lat' dir='ltr'><strong>ex</strong></span> <span class='ocrx_word' id='word_1_318' title='bbox 956 3867 1247 3939; x_wconf 77' lang='lat' dir='ltr'><strong>Evangelia.</strong></span> <span class='ocrx_word' id='word_1_319' title='bbox 1264 3866 1494 3922; x_wconf 88' lang='lat' dir='ltr'><strong>Proinde</strong></span> <span class='ocrx_word' id='word_1_320' title='bbox 1512 3868 1737 3937; x_wconf 74' lang='lat' dir='ltr'><strong>parvuli,</strong></span> 
     </span>
    </p>
   </div>
   <div class='ocr_carea' id='block_1_39' title="bbox 152 3960 1737 4031">
    <p class='ocr_par' dir='ltr' id='par_1_39' title="bbox 152 3960 1737 4031">
     <span class='ocr_line' id='line_1_39' title="bbox 152 3960 1737 4031; baseline 0.002 -18"><span class='ocrx_word' id='word_1_321' title='bbox 152 3962 191 4013; x_wconf 78' lang='lat' dir='ltr'><strong>si</strong></span> <span class='ocrx_word' id='word_1_322' title='bbox 214 3976 305 4031; x_wconf 89' lang='lat' dir='ltr'><strong>per</strong></span> <span class='ocrx_word' id='word_1_323' title='bbox 332 3963 738 4016; x_wconf 87' lang='lat' dir='ltr'><strong>Sacramentum</strong></span> <span class='ocrx_word' id='word_1_324' title='bbox 766 3961 905 4031; x_wconf 84' lang='lat' dir='ltr'><strong>quod</strong></span> <span class='ocrx_word' id='word_1_325' title='bbox 932 3960 997 4015; x_wconf 89' lang='lat' dir='ltr'><strong>ad</strong></span> <span class='ocrx_word' id='word_1_326' title='bbox 1027 3960 1128 4015; x_wconf 90' lang='lat' dir='ltr'><strong>hoc</strong></span> <span class='ocrx_word' id='word_1_327' title='bbox 1160 3960 1412 4015; x_wconf 85' lang='lat' dir='ltr'><strong>divinitus</strong></span> <span class='ocrx_word' id='word_1_328' title='bbox 1442 3962 1737 4017; x_wconf 89' lang='lat' dir='ltr'><strong>institutum</strong></span> 
     </span>
    </p>
   </div>
   <div class='ocr_carea' id='block_1_40' title="bbox 154 4052 1739 4127">
    <p class='ocr_par' dir='ltr' id='par_1_40' title="bbox 154 4052 1739 4127">
     <span class='ocr_line' id='line_1_40' title="bbox 154 4052 1739 4127; baseline 0.005 -24"><span class='ocrx_word' id='word_1_329' title='bbox 154 4061 249 4119; x_wconf 80' lang='lat' dir='ltr'><strong>est,</strong></span> <span class='ocrx_word' id='word_1_330' title='bbox 280 4052 331 4108; x_wconf 92' lang='lat' dir='ltr'><strong>in</strong></span> <span class='ocrx_word' id='word_1_331' title='bbox 357 4055 692 4109; x_wconf 88' lang='lat' dir='ltr'><strong>credentium</strong></span> <span class='ocrx_word' id='word_1_332' title='bbox 724 4068 1002 4109; x_wconf 87' lang='lat' dir='ltr'><strong>numerum</strong></span> <span class='ocrx_word' id='word_1_333' title='bbox 1041 4068 1146 4108; x_wconf 90' lang='lat' dir='ltr'><strong>non</strong></span> <span class='ocrx_word' id='word_1_334' title='bbox 1179 4063 1468 4120; x_wconf 71' lang='lat' dir='ltr'><strong>transeant,</strong></span> <span class='ocrx_word' id='word_1_335' title='bbox 1503 4053 1739 4127; x_wconf 81' lang='lat' dir='ltr'><strong>profecto</strong></span> 
     </span>
    </p>
   </div>
   <div class='ocr_carea' id='block_1_41' title="bbox 155 4146 962 4202">
    <p class='ocr_par' dir='ltr' id='par_1_41' title="bbox 155 4146 962 4202">
     <span class='ocr_line' id='line_1_41' title="bbox 155 4146 962 4202; baseline 0.005 -6"><span class='ocrx_word' id='word_1_336' title='bbox 155 4147 203 4197; x_wconf 92' lang='lat' dir='ltr'><strong>in</strong></span> <span class='ocrx_word' id='word_1_337' title='bbox 227 4146 306 4200; x_wconf 88' lang='lat' dir='ltr'><strong>his</strong></span> <span class='ocrx_word' id='word_1_338' title='bbox 327 4147 570 4201; x_wconf 86' lang='lat' dir='ltr'><strong>tenebris</strong></span> <span class='ocrx_word' id='word_1_339' title='bbox 597 4147 962 4202; x_wconf 90' lang='lat' dir='ltr'><strong>remanebunt.</strong></span> 
     </span>
    </p>
   </div>
   <div class='ocr_carea' id='block_1_42' title="bbox 217 4240 1737 4310">
    <p class='ocr_par' dir='ltr' id='par_1_42' title="bbox 217 4240 1737 4310">
     <span class='ocr_line' id='line_1_42' title="bbox 217 4240 1737 4310; baseline 0.005 -17"><span class='ocrx_word' id='word_1_340' title='bbox 217 4240 303 4293; x_wconf 78' lang='lat'><strong>56.</strong></span> <span class='ocrx_word' id='word_1_341' title='bbox 343 4241 602 4310; x_wconf 83' lang='lat' dir='ltr'><strong>Quamvis</strong></span> <span class='ocrx_word' id='word_1_342' title='bbox 653 4259 746 4295; x_wconf 86' lang='lat' dir='ltr'><strong>eos</strong></span> <span class='ocrx_word' id='word_1_343' title='bbox 796 4242 1035 4296; x_wconf 84' lang='lat' dir='ltr'><strong>nonnulli</strong></span> <span class='ocrx_word' id='word_1_344' title='bbox 1080 4256 1201 4296; x_wconf 78' lang='lat' dir='ltr'><strong>mox</strong></span> <span class='ocrx_word' id='word_1_345' title='bbox 1254 4252 1408 4297; x_wconf 89' lang='lat' dir='ltr'><strong>natos</strong></span> <span class='ocrx_word' id='word_1_346' title='bbox 1452 4242 1737 4299; x_wconf 78' lang='lat' dir='ltr'><strong>illuminari</strong></span> 
     </span>
    </p>
   </div>
   <div class='ocr_carea' id='block_1_43' title="bbox 152 4331 1735 4403">
    <p class='ocr_par' dir='ltr' id='par_1_43' title="bbox 152 4331 1735 4403">
     <span class='ocr_line' id='line_1_43' title="bbox 152 4331 1735 4403; baseline 0.003 -21"><span class='ocrx_word' id='word_1_347' title='bbox 152 4332 380 4398; x_wconf 81' lang='lat' dir='ltr'><strong>credant,</strong></span> <span class='ocrx_word' id='word_1_348' title='bbox 410 4336 490 4388; x_wconf 88' lang='lat' dir='ltr'><strong>sic</strong></span> <span class='ocrx_word' id='word_1_349' title='bbox 521 4332 880 4403; x_wconf 86' lang='lat' dir='ltr'><strong>intelligentes</strong></span> <span class='ocrx_word' id='word_1_350' title='bbox 908 4331 1049 4403; x_wconf 90' lang='lat' dir='ltr'><strong>quod</strong></span> <span class='ocrx_word' id='word_1_351' title='bbox 1079 4334 1334 4403; x_wconf 89' lang='lat' dir='ltr'><strong>scriptum</strong></span> <span class='ocrx_word' id='word_1_352' title='bbox 1365 4342 1468 4398; x_wconf 89' lang='lat' dir='ltr'><strong>est,</strong></span> <span class='ocrx_word' id='word_1_353' title='bbox 1502 4333 1627 4386; x_wconf 75' lang='lat' dir='ltr'><strong>Erat</strong></span> <span class='ocrx_word' id='word_1_354' title='bbox 1652 4332 1735 4387; x_wconf 86' lang='lat' dir='ltr'><strong>lu-</strong></span> 
     </span>
    </p>
   </div>
   <div class='ocr_carea' id='block_1_44' title="bbox 153 4423 1738 4495">
    <p class='ocr_par' dir='ltr' id='par_1_44' title="bbox 153 4423 1738 4495">
     <span class='ocr_line' id='line_1_44' title="bbox 153 4423 1738 4495; baseline 0.006 -24"><span class='ocrx_word' id='word_1_355' title='bbox 153 4437 255 4475; x_wconf 81' lang='lat' dir='ltr'><strong>men</strong></span> <span class='ocrx_word' id='word_1_356' title='bbox 282 4439 470 4489; x_wconf 76' lang='lat' dir='ltr'><strong>verum,</strong></span> <span class='ocrx_word' id='word_1_357' title='bbox 497 4424 633 4495; x_wconf 84' lang='lat' dir='ltr'><strong>quod</strong></span> <span class='ocrx_word' id='word_1_358' title='bbox 659 4423 912 4477; x_wconf 84' lang='lat' dir='ltr'><strong>illuminat</strong></span> <span class='ocrx_word' id='word_1_359' title='bbox 951 4440 1149 4479; x_wconf 83' lang='lat' dir='ltr'><strong>omnem</strong></span> <span class='ocrx_word' id='word_1_360' title='bbox 1179 4425 1433 4477; x_wconf 82' lang='lat' dir='ltr'><strong>hominem</strong></span> <span class='ocrx_word' id='word_1_361' title='bbox 1461 4425 1738 4480; x_wconf 77' lang='lat' dir='ltr'><strong>venientem</strong></span> 
     </span>
    </p>
   </div>
   <div class='ocr_carea' id='block_1_45' title="bbox 153 4514 1737 4586">
    <p class='ocr_par' dir='ltr' id='par_1_45' title="bbox 153 4514 1737 4586">
     <span class='ocr_line' id='line_1_45' title="bbox 153 4514 1737 4586; baseline 0.006 -22"><span class='ocrx_word' id='word_1_362' title='bbox 153 4515 199 4566; x_wconf 84' lang='lat' dir='ltr'><strong>in</strong></span> <span class='ocrx_word' id='word_1_363' title='bbox 227 4514 358 4569; x_wconf 86' lang='lat' dir='ltr'><strong>hunc</strong></span> <span class='ocrx_word' id='word_1_364' title='bbox 384 4516 635 4570; x_wconf 84' lang='lat' dir='ltr'><strong>mundum</strong></span> <span class='ocrx_word' id='word_1_365' title='bbox 684 4514 795 4586; x_wconf 83' lang='lat' dir='ltr'><strong>(Id.</strong></span> <span class='ocrx_word' id='word_1_366' title='bbox 829 4531 865 4583; x_wconf 88' lang='grc' dir='ltr'><strong>ι,</strong></span> <span class='ocrx_word' id='word_1_367' title='bbox 894 4516 971 4586; x_wconf 84' lang='grc'><strong>9).</strong></span> <span class='ocrx_word' id='word_1_368' title='bbox 996 4516 1146 4584; x_wconf 86' lang='lat' dir='ltr'><strong>Quod</strong></span> <span class='ocrx_word' id='word_1_369' title='bbox 1175 4515 1219 4570; x_wconf 91' lang='lat' dir='ltr'><strong>si</strong></span> <span class='ocrx_word' id='word_1_370' title='bbox 1247 4517 1318 4571; x_wconf 89' lang='lat' dir='ltr'><strong>ita</strong></span> <span class='ocrx_word' id='word_1_371' title='bbox 1359 4527 1462 4582; x_wconf 87' lang='lat' dir='ltr'><strong>est,</strong></span> <span class='ocrx_word' id='word_1_372' title='bbox 1510 4518 1737 4574; x_wconf 89' lang='lat' dir='ltr'><strong>multum</strong></span> 
     </span>
    </p>
   </div>
   <div class='ocr_carea' id='block_1_46' title="bbox 156 4605 1736 4678">
    <p class='ocr_par' dir='ltr' id='par_1_46' title="bbox 156 4605 1736 4678">
     <span class='ocr_line' id='line_1_46' title="bbox 156 4605 1736 4678; baseline 0.005 -21"><span class='ocrx_word' id='word_1_373' title='bbox 156 4605 443 4662; x_wconf 87' lang='lat' dir='ltr'><strong>mirandum</strong></span> <span class='ocrx_word' id='word_1_374' title='bbox 490 4617 575 4662; x_wconf 89' lang='lat' dir='ltr'><strong>cst</strong></span> <span class='ocrx_word' id='word_1_375' title='bbox 616 4606 887 4678; x_wconf 87' lang='lat' dir='ltr'><strong>quomodo</strong></span> <span class='ocrx_word' id='word_1_376' title='bbox 935 4606 1217 4661; x_wconf 86' lang='lat' dir='ltr'><strong>illuminati</strong></span> <span class='ocrx_word' id='word_1_377' title='bbox 1264 4606 1334 4662; x_wconf 88' lang='lat' dir='ltr'><strong>ab</strong></span> <span class='ocrx_word' id='word_1_378' title='bbox 1384 4608 1542 4663; x_wconf 91' lang='lat' dir='ltr'><strong>unico</strong></span> <span class='ocrx_word' id='word_1_379' title='bbox 1581 4608 1736 4678; x_wconf 83' lang='lat' dir='ltr'><strong>Filio,</strong></span> 
     </span>
    </p>
   </div>
   <div class='ocr_carea' id='block_1_47' title="bbox 155 4696 1736 4770">
    <p class='ocr_par' dir='ltr' id='par_1_47' title="bbox 155 4696 1736 4770">
     <span class='ocr_line' id='line_1_47' title="bbox 155 4696 1736 4770; baseline 0.008 -24"><span class='ocrx_word' id='word_1_380' title='bbox 155 4696 283 4764; x_wconf 87' lang='lat' dir='ltr'><strong>quod</strong></span> <span class='ocrx_word' id='word_1_381' title='bbox 305 4707 421 4752; x_wconf 87' lang='lat' dir='ltr'><strong>erat</strong></span> <span class='ocrx_word' id='word_1_382' title='bbox 452 4699 504 4753; x_wconf 92' lang='lat' dir='ltr'><strong>in</strong></span> <span class='ocrx_word' id='word_1_383' title='bbox 535 4698 794 4768; x_wconf 88' lang='lat' dir='ltr'><strong>principio</strong></span> <span class='ocrx_word' id='word_1_384' title='bbox 818 4697 1047 4753; x_wconf 83' lang='lat' dir='ltr'><strong>Verbum</strong></span> <span class='ocrx_word' id='word_1_385' title='bbox 1076 4698 1215 4753; x_wconf 88' lang='lat' dir='ltr'><strong>Deus</strong></span> <span class='ocrx_word' id='word_1_386' title='bbox 1243 4698 1383 4770; x_wconf 89' lang='lat' dir='ltr'><strong>apud</strong></span> <span class='ocrx_word' id='word_1_387' title='bbox 1418 4699 1605 4767; x_wconf 90' lang='lat' dir='ltr'><strong>Deum,</strong></span> <span class='ocrx_word' id='word_1_388' title='bbox 1631 4717 1736 4757; x_wconf 91' lang='lat' dir='ltr'><strong>non</strong></span> 
     </span>
    </p>
   </div>
   <div class='ocr_carea' id='block_1_48' title="bbox 157 4786 1734 4864">
    <p class='ocr_par' dir='ltr' id='par_1_48' title="bbox 157 4786 1734 4864">
     <span class='ocr_line' id='line_1_48' title="bbox 157 4786 1734 4864; baseline 0.007 -28"><span class='ocrx_word' id='word_1_389' title='bbox 157 4786 492 4843; x_wconf 80' lang='lat' dir='ltr'><strong>admittuntur</strong></span> <span class='ocrx_word' id='word_1_390' title='bbox 538 4787 605 4844; x_wconf 90' lang='lat' dir='ltr'><strong>ad</strong></span> <span class='ocrx_word' id='word_1_391' title='bbox 650 4804 870 4860; x_wconf 80' lang='lat' dir='ltr'><strong>regnum</strong></span> <span class='ocrx_word' id='word_1_392' title='bbox 913 4789 1028 4853; x_wconf 91' lang='lat' dir='ltr'><strong>Dei,</strong></span> <span class='ocrx_word' id='word_1_393' title='bbox 1061 4805 1159 4845; x_wconf 90' lang='lat' dir='ltr'><strong>nec</strong></span> <span class='ocrx_word' id='word_1_394' title='bbox 1203 4790 1313 4845; x_wconf 89' lang='lat' dir='ltr'><strong>sint</strong></span> <span class='ocrx_word' id='word_1_395' title='bbox 1350 4791 1594 4848; x_wconf 70' lang='lat' dir='ltr'><strong>bwredes</strong></span> <span class='ocrx_word' id='word_1_396' title='bbox 1619 4793 1734 4864; x_wconf 86' lang='lat' dir='ltr'><strong>Dei,</strong></span> 
     </span>
    </p>
   </div>
   <div class='ocr_carea' id='block_1_49' title="bbox 156 4880 1735 4957">
    <p class='ocr_par' dir='ltr' id='par_1_49' title="bbox 156 4880 1735 4957">
     <span class='ocr_line' id='line_1_49' title="bbox 156 4880 1735 4957; baseline 0.007 -26"><span class='ocrx_word' id='word_1_397' title='bbox 156 4880 451 4938; x_wconf 68' lang='grc' dir='ltr'>ωιιειιιιειιυε</span> <span class='ocrx_word' id='word_1_398' title='bbox 478 4895 659 4943; x_wconf 89' lang='lat' dir='ltr'><strong>autem</strong></span> <span class='ocrx_word' id='word_1_399' title='bbox 697 4881 915 4939; x_wconf 83' lang='lat' dir='ltr'><strong>Christi.</strong></span> <span class='ocrx_word' id='word_1_400' title='bbox 945 4884 1055 4939; x_wconf 85' lang='lat' dir='ltr'><strong>Hoc</strong></span> <span class='ocrx_word' id='word_1_401' title='bbox 1084 4886 1226 4939; x_wconf 89' lang='lat' dir='ltr'><strong>enim</strong></span> <span class='ocrx_word' id='word_1_402' title='bbox 1266 4886 1345 4941; x_wconf 89' lang='lat' dir='ltr'><strong>eis</strong></span> <span class='ocrx_word' id='word_1_403' title='bbox 1378 4887 1478 4941; x_wconf 83' lang='lat' dir='ltr'><strong>nisi</strong></span> <span class='ocrx_word' id='word_1_404' title='bbox 1507 4903 1603 4957; x_wconf 89' lang='lat' dir='ltr'><strong>per</strong></span> <span class='ocrx_word' id='word_1_405' title='bbox 1632 4886 1735 4942; x_wconf 88' lang='lat' dir='ltr'><strong>Ba-</strong></span> 
     </span>
    </p>
   </div>
   <div class='ocr_carea' id='block_1_50' title="bbox 159 4971 1735 5046">
    <p class='ocr_par' dir='ltr' id='par_1_50' title="bbox 159 4971 1735 5046">
     <span class='ocr_line' id='line_1_50' title="bbox 159 4971 1735 5046; baseline 0.006 -22"><span class='ocrx_word' id='word_1_406' title='bbox 159 4971 393 5037; x_wconf 73' lang='lat' dir='ltr'><strong>ptisunzm</strong></span> <span class='ocrx_word' id='word_1_407' title='bbox 417 4991 527 5030; x_wconf 91' lang='lat' dir='ltr'><strong>non</strong></span> <span class='ocrx_word' id='word_1_408' title='bbox 558 4976 820 5045; x_wconf 65' lang='lat' dir='ltr'><strong>pratstari,</strong></span> <span class='ocrx_word' id='word_1_409' title='bbox 846 4976 1005 5030; x_wconf 89' lang='lat' dir='ltr'><strong>ctiam</strong></span> <span class='ocrx_word' id='word_1_410' title='bbox 1039 4975 1129 5046; x_wconf 88' lang='lat' dir='ltr'><strong>qui</strong></span> <span class='ocrx_word' id='word_1_411' title='bbox 1159 4976 1260 5031; x_wconf 89' lang='lat' dir='ltr'><strong>hoc</strong></span> <span class='ocrx_word' id='word_1_412' title='bbox 1291 4978 1546 5045; x_wconf 88' lang='lat' dir='ltr'><strong>sentiunt,</strong></span> <span class='ocrx_word' id='word_1_413' title='bbox 1569 4978 1735 5033; x_wconf 85' lang='lat' dir='ltr'><strong>conli-</strong></span> 
     </span>
    </p>
   </div>
   <div class='ocr_carea' id='block_1_51' title="bbox 158 5065 1735 5140">
    <p class='ocr_par' dir='ltr' id='par_1_51' title="bbox 158 5065 1735 5140">
     <span class='ocr_line' id='line_1_51' title="bbox 158 5065 1735 5140; baseline 0.007 -25"><span class='ocrx_word' id='word_1_414' title='bbox 158 5072 339 5119; x_wconf 90' lang='lat' dir='ltr'><strong>tentur.</strong></span> <span class='ocrx_word' id='word_1_415' title='bbox 372 5065 584 5122; x_wconf 72' lang='lat' dir='ltr'><strong>Deinde</strong></span> <span class='ocrx_word' id='word_1_416' title='bbox 624 5066 735 5138; x_wconf 87' lang='lat' dir='ltr'><strong>jam</strong></span> <span class='ocrx_word' id='word_1_417' title='bbox 776 5067 1078 5132; x_wconf 86' lang='lat' dir='ltr'><strong>illuminati,</strong></span> <span class='ocrx_word' id='word_1_418' title='bbox 1115 5068 1159 5122; x_wconf 92' lang='lat' dir='ltr'><strong>si</strong></span> <span class='ocrx_word' id='word_1_419' title='bbox 1192 5068 1261 5124; x_wconf 87' lang='lat' dir='ltr'><strong>ad</strong></span> <span class='ocrx_word' id='word_1_420' title='bbox 1299 5069 1735 5140; x_wconf 74' lang='lat' dir='ltr'><strong>consequendum</strong></span> 
     </span>
    </p>
   </div>
   <div class='ocr_carea' id='block_1_52' title="bbox 157 5157 1738 5231">
    <p class='ocr_par' dir='ltr' id='par_1_52' title="bbox 157 5157 1738 5231">
     <span class='ocr_line' id='line_1_52' title="bbox 157 5157 1738 5231; baseline 0.008 -25"><span class='ocrx_word' id='word_1_421' title='bbox 157 5168 361 5225; x_wconf 89' lang='lat' dir='ltr'><strong>regnum</strong></span> <span class='ocrx_word' id='word_1_422' title='bbox 392 5157 489 5214; x_wconf 87' lang='lat' dir='ltr'><strong>Dei</strong></span> <span class='ocrx_word' id='word_1_423' title='bbox 519 5158 757 5214; x_wconf 88' lang='lat' dir='ltr'><strong>nondum</strong></span> <span class='ocrx_word' id='word_1_424' title='bbox 797 5166 922 5213; x_wconf 90' lang='lat' dir='ltr'><strong>sunt</strong></span> <span class='ocrx_word' id='word_1_425' title='bbox 961 5158 1174 5225; x_wconf 86' lang='lat' dir='ltr'><strong>idonei;</strong></span> <span class='ocrx_word' id='word_1_426' title='bbox 1204 5161 1391 5217; x_wconf 86' lang='lat' dir='ltr'><strong>saltem</strong></span> <span class='ocrx_word' id='word_1_427' title='bbox 1432 5162 1604 5231; x_wconf 87' lang='lat' dir='ltr'><strong>ipsum</strong></span> <span class='ocrx_word' id='word_1_428' title='bbox 1638 5164 1738 5218; x_wconf 80' lang='lat' dir='ltr'><strong>Ba-</strong></span> 
     </span>
    </p>
   </div>
   <div class='ocr_carea' id='block_1_53' title="bbox 157 5248 1735 5325">
    <p class='ocr_par' dir='ltr' id='par_1_53' title="bbox 157 5248 1735 5325">
     <span class='ocr_line' id='line_1_53' title="bbox 157 5248 1735 5325; baseline 0.006 -23"><span class='ocrx_word' id='word_1_429' title='bbox 157 5248 413 5318; x_wconf 80' lang='lat' dir='ltr'><strong>ntismum,</strong></span> <span class='ocrx_word' id='word_1_430' title='bbox 441 5267 555 5323; x_wconf 75' lang='lat' dir='ltr'><strong>quo</strong></span> <span class='ocrx_word' id='word_1_431' title='bbox 584 5249 650 5306; x_wconf 87' lang='lat' dir='ltr'><strong>ad</strong></span> <span class='ocrx_word' id='word_1_432' title='bbox 690 5250 793 5306; x_wconf 83' lang='lat' dir='ltr'><strong>hoc</strong></span> <span class='ocrx_word' id='word_1_433' title='bbox 816 5251 989 5307; x_wconf 83' lang='lat' dir='ltr'><strong>idonei</strong></span> <span class='ocrx_word' id='word_1_434' title='bbox 1020 5252 1171 5317; x_wconf 76' lang='lat' dir='ltr'><strong>fiunt,</strong></span> <span class='ocrx_word' id='word_1_435' title='bbox 1203 5252 1308 5308; x_wconf 69' lang='lat' dir='ltr'><strong>lil’u</strong></span> <span class='ocrx_word' id='word_1_436' title='bbox 1336 5256 1609 5325; x_wconf 84' lang='lat' dir='ltr'><strong>suscipere</strong></span> <span class='ocrx_word' id='word_1_437' title='bbox 1638 5256 1735 5311; x_wconf 88' lang='lat' dir='ltr'><strong>de-</strong></span> 
     </span>
    </p>
   </div>
   <div class='ocr_carea' id='block_1_54' title="bbox 157 5341 1738 5418">
    <p class='ocr_par' dir='ltr' id='par_1_54' title="bbox 157 5341 1738 5418">
     <span class='ocr_line' id='line_1_54' title="bbox 157 5341 1738 5418; baseline 0.006 -25"><span class='ocrx_word' id='word_1_438' title='bbox 157 5341 404 5398; x_wconf 86' lang='lat' dir='ltr'><strong>buerunt:</strong></span> <span class='ocrx_word' id='word_1_439' title='bbox 433 5344 522 5400; x_wconf 89' lang='lat' dir='ltr'><strong>cui</strong></span> <span class='ocrx_word' id='word_1_440' title='bbox 556 5353 733 5400; x_wconf 89' lang='lat' dir='ltr'><strong>tamen</strong></span> <span class='ocrx_word' id='word_1_441' title='bbox 761 5360 855 5399; x_wconf 84' lang='lat' dir='ltr'><strong>eos</strong></span> <span class='ocrx_word' id='word_1_442' title='bbox 879 5345 1120 5400; x_wconf 79' lang='lat' dir='ltr'><strong>videmus</strong></span> <span class='ocrx_word' id='word_1_443' title='bbox 1140 5362 1262 5401; x_wconf 91' lang='lat' dir='ltr'><strong>cum</strong></span> <span class='ocrx_word' id='word_1_444' title='bbox 1288 5347 1498 5418; x_wconf 76' lang='lat' dir='ltr'><strong>magnis</strong></span> <span class='ocrx_word' id='word_1_445' title='bbox 1524 5347 1738 5405; x_wconf 79' lang='lat' dir='ltr'><strong>ﬂetibus</strong></span> 
     </span>
    </p>
   </div>
   <div class='ocr_carea' id='block_1_55' title="bbox 157 5434 1737 5509">
    <p class='ocr_par' dir='ltr' id='par_1_55' title="bbox 157 5434 1737 5509">
     <span class='ocr_line' id='line_1_55' title="bbox 157 5434 1737 5509; baseline 0.006 -23"><span class='ocrx_word' id='word_1_446' title='bbox 157 5434 409 5505; x_wconf 79' lang='lat' dir='ltr'><strong>reluctari,</strong></span> <span class='ocrx_word' id='word_1_447' title='bbox 438 5453 674 5509; x_wconf 80' lang='lat' dir='ltr'><strong>eamque</strong></span> <span class='ocrx_word' id='word_1_448' title='bbox 701 5436 1053 5509; x_wconf 84' lang='lat' dir='ltr'><strong>ignorantiam</strong></span> <span class='ocrx_word' id='word_1_449' title='bbox 1075 5440 1127 5493; x_wconf 90' lang='lat' dir='ltr'><strong>in</strong></span> <span class='ocrx_word' id='word_1_450' title='bbox 1156 5438 1241 5494; x_wconf 92' lang='lat' dir='ltr'><strong>illa</strong></span> <span class='ocrx_word' id='word_1_451' title='bbox 1263 5448 1418 5495; x_wconf 76' lang='lat' dir='ltr'><strong>atate</strong></span> <span class='ocrx_word' id='word_1_452' title='bbox 1438 5442 1737 5495; x_wconf 89' lang='lat' dir='ltr'><strong>contemni-</strong></span> 
     </span>
    </p>
   </div>
   <div class='ocr_carea' id='block_1_56' title="bbox 158 5530 1737 5605">
    <p class='ocr_par' dir='ltr' id='par_1_56' title="bbox 158 5530 1737 5605">
     <span class='ocr_line' id='line_1_56' title="bbox 158 5530 1737 5605; baseline 0.008 -29"><span class='ocrx_word' id='word_1_453' title='bbox 158 5541 281 5593; x_wconf 71' lang='lat' dir='ltr'><strong>unus,</strong></span> <span class='ocrx_word' id='word_1_454' title='bbox 309 5539 367 5584; x_wconf 89' lang='lat' dir='ltr'><strong>ut</strong></span> <span class='ocrx_word' id='word_1_455' title='bbox 402 5530 755 5587; x_wconf 81' lang='lat' dir='ltr'><strong>Sacramenta</strong></span> <span class='ocrx_word' id='word_1_456' title='bbox 784 5546 906 5602; x_wconf 77' lang='lat' dir='ltr'><strong>qua:</strong></span> <span class='ocrx_word' id='word_1_457' title='bbox 948 5531 1051 5586; x_wconf 88' lang='lat' dir='ltr'><strong>illis</strong></span> <span class='ocrx_word' id='word_1_458' title='bbox 1075 5532 1332 5605; x_wconf 73' lang='lat' dir='ltr'><strong>prodesse</strong></span> <span class='ocrx_word' id='word_1_459' title='bbox 1370 5534 1649 5600; x_wconf 81' lang='lat' dir='ltr'><strong>novinms,</strong></span> <span class='ocrx_word' id='word_1_460' title='bbox 1681 5534 1737 5588; x_wconf 91' lang='lat' dir='ltr'><strong>in</strong></span> 
     </span>
    </p>
   </div>
   <div class='ocr_carea' id='block_1_57' title="bbox 157 5617 1738 5696">
    <p class='ocr_par' dir='ltr' id='par_1_57' title="bbox 157 5617 1738 5696">
     <span class='ocr_line' id='line_1_57' title="bbox 157 5617 1738 5696; baseline 0.006 -23"><span class='ocrx_word' id='word_1_461' title='bbox 157 5617 224 5673; x_wconf 76' lang='lat' dir='ltr'><strong>eis</strong></span> <span class='ocrx_word' id='word_1_462' title='bbox 264 5621 423 5677; x_wconf 86' lang='lat' dir='ltr'><strong>etiam</strong></span> <span class='ocrx_word' id='word_1_463' title='bbox 473 5623 863 5680; x_wconf 83' lang='lat' dir='ltr'><strong>reluctantibus</strong></span> <span class='ocrx_word' id='word_1_464' title='bbox 903 5625 1286 5696; x_wconf 86' lang='lat' dir='ltr'><strong>compleamus.</strong></span> <span class='ocrx_word' id='word_1_465' title='bbox 1337 5625 1443 5679; x_wconf 84' lang='lat' dir='ltr'><strong>Cur</strong></span> <span class='ocrx_word' id='word_1_466' title='bbox 1485 5626 1628 5680; x_wconf 87' lang='lat' dir='ltr'><strong>enim</strong></span> <span class='ocrx_word' id='word_1_467' title='bbox 1680 5635 1738 5682; x_wconf 85' lang='lat' dir='ltr'><strong>et</strong></span> 
     </span>
    </p>
   </div>
   <div class='ocr_carea' id='block_1_58' title="bbox 162 5712 1733 5787">
    <p class='ocr_par' dir='ltr' id='par_1_58' title="bbox 162 5712 1733 5787">
     <span class='ocr_line' id='line_1_58' title="bbox 162 5712 1733 5787; baseline 0.003 -20"><span class='ocrx_word' id='word_1_468' title='bbox 162 5712 432 5779; x_wconf 63' lang='lat' dir='ltr'><strong>Apostolus</strong></span> <span class='ocrx_word' id='word_1_469' title='bbox 459 5714 620 5781; x_wconf 89' lang='lat' dir='ltr'><strong>dicit,</strong></span> <span class='ocrx_word' id='word_1_470' title='bbox 647 5714 824 5770; x_wconf 78' lang='lat' dir='ltr'><strong>Nolite</strong></span> <span class='ocrx_word' id='word_1_471' title='bbox 846 5717 990 5787; x_wconf 84' lang='lat' dir='ltr'><strong>pueri</strong></span> <span class='ocrx_word' id='word_1_472' title='bbox 1018 5731 1127 5773; x_wconf 83' lang='lat' dir='ltr'><strong>esse</strong></span> <span class='ocrx_word' id='word_1_473' title='bbox 1146 5718 1394 5772; x_wconf 83' lang='lat' dir='ltr'><strong>mentibus</strong></span> <span class='ocrx_word' id='word_1_474' title='bbox 1414 5715 1462 5785; x_wconf 92' lang='lat' dir='ltr'><strong>(l</strong></span> <span class='ocrx_word' id='word_1_475' title='bbox 1478 5714 1597 5772; x_wconf 88' lang='lat' dir='ltr'><strong>Cor.</strong></span> <span class='ocrx_word' id='word_1_476' title='bbox 1618 5732 1733 5784; x_wconf 59' lang='grc' dir='ltr'>ιιι,</span> 
     </span>
    </p>
   </div>
   <div class='ocr_carea' id='block_1_59' title="bbox 158 5796 1730 5876">
    <p class='ocr_par' dir='ltr' id='par_1_59' title="bbox 158 5796 1730 5876">
     <span class='ocr_line' id='line_1_59' title="bbox 158 5796 1730 5876; baseline 0.004 -20"><span class='ocrx_word' id='word_1_477' title='bbox 158 5796 265 5870; x_wconf 56' lang='lat' dir='ltr'><strong>il);</strong></span> <span class='ocrx_word' id='word_1_478' title='bbox 301 5805 345 5861; x_wconf 78' lang='lat' dir='ltr'><strong>si</strong></span> <span class='ocrx_word' id='word_1_479' title='bbox 377 5806 491 5874; x_wconf 78' lang='lat' dir='ltr'><strong>jam</strong></span> <span class='ocrx_word' id='word_1_480' title='bbox 537 5806 740 5864; x_wconf 89' lang='lat' dir='ltr'><strong>lumine</strong></span> <span class='ocrx_word' id='word_1_481' title='bbox 773 5807 864 5863; x_wconf 83' lang='lat' dir='ltr'><strong>illo</strong></span> <span class='ocrx_word' id='word_1_482' title='bbox 893 5823 1021 5865; x_wconf 86' lang='lat' dir='ltr'><strong>vero</strong></span> <span class='ocrx_word' id='word_1_483' title='bbox 1044 5806 1183 5876; x_wconf 87' lang='lat' dir='ltr'><strong>quod</strong></span> <span class='ocrx_word' id='word_1_484' title='bbox 1228 5808 1458 5864; x_wconf 72' lang='lat' dir='ltr'><strong>Verbum</strong></span> <span class='ocrx_word' id='word_1_485' title='bbox 1502 5809 1590 5863; x_wconf 81' lang='lat' dir='ltr'><strong>Dei</strong></span> <span class='ocrx_word' id='word_1_486' title='bbox 1629 5821 1730 5875; x_wconf 82' lang='lat' dir='ltr'><strong>est,</strong></span> 
     </span>
    </p>
   </div>
   <div class='ocr_carea' id='block_1_60' title="bbox 159 5898 1104 5957">
    <p class='ocr_par' dir='ltr' id='par_1_60' title="bbox 159 5898 1104 5957">
     <span class='ocr_line' id='line_1_60' title="bbox 159 5898 1104 5957; baseline 0.006 -6"><span class='ocrx_word' id='word_1_487' title='bbox 159 5905 324 5951; x_wconf 70' lang='lat' dir='ltr'><strong>eorum</strong></span> <span class='ocrx_word' id='word_1_488' title='bbox 354 5907 570 5955; x_wconf 82' lang='lat' dir='ltr'><strong>mentes</strong></span> <span class='ocrx_word' id='word_1_489' title='bbox 600 5898 910 5957; x_wconf 66' lang='lat' dir='ltr'><strong>illuminat:</strong></span> <span class='ocrx_word' id='word_1_490' title='bbox 938 5903 1104 5957; x_wconf 73' lang='lat' dir='ltr'><strong>sunt?</strong></span> 
     </span>
    </p>
   </div>
   <div class='ocr_carea' id='block_1_61' title="bbox 3363 460 3462 517">
    <p class='ocr_par' dir='ltr' id='par_1_61' title="bbox 3363 460 3462 517">
     <span class='ocr_line' id='line_1_61' title="bbox 3363 460 3462 517; baseline -0.01 -2"><span class='ocrx_word' id='word_1_491' title='bbox 3363 460 3462 517; x_wconf 75' lang='grc' dir='ltr'><strong>1ἷο</strong></span> 
     </span>
    </p>
   </div>
   <div class='ocr_carea' id='block_1_62' title="bbox 1940 559 3455 644">
    <p class='ocr_par' dir='ltr' id='par_1_62' title="bbox 1940 559 3455 644">
     <span class='ocr_line' id='line_1_62' title="bbox 1940 559 3455 644; baseline 0.012 -30"><span class='ocrx_word' id='word_1_492' title='bbox 1940 560 2027 615; x_wconf 78' lang='grc'><strong>57.</strong></span> <span class='ocrx_word' id='word_1_493' title='bbox 2071 559 2250 631; x_wconf 73' lang='lat' dir='ltr'><strong>Itaque</strong></span> <span class='ocrx_word' id='word_1_494' title='bbox 2281 563 2409 619; x_wconf 88' lang='lat' dir='ltr'><strong>illud</strong></span> <span class='ocrx_word' id='word_1_495' title='bbox 2450 568 2592 639; x_wconf 89' lang='lat' dir='ltr'><strong>quod</strong></span> <span class='ocrx_word' id='word_1_496' title='bbox 2640 574 2689 624; x_wconf 85' lang='lat' dir='ltr'><strong>tu</strong></span> <span class='ocrx_word' id='word_1_497' title='bbox 2741 571 3030 643; x_wconf 76' lang='lat' dir='ltr'><strong>Evangelia</strong></span> <span class='ocrx_word' id='word_1_498' title='bbox 3078 576 3305 644; x_wconf 76' lang='lat' dir='ltr'><strong>positum</strong></span> <span class='ocrx_word' id='word_1_499' title='bbox 3354 589 3455 633; x_wconf 86' lang='lat' dir='ltr'><strong>est.</strong></span> 
     </span>
    </p>
   </div>
   <div class='ocr_carea' id='block_1_63' title="bbox 1864 649 3458 731">
    <p class='ocr_par' dir='ltr' id='par_1_63' title="bbox 1864 649 3458 731">
     <span class='ocr_line' id='line_1_63' title="bbox 1864 649 3458 731; baseline 0.011 -25"><span class='ocrx_word' id='word_1_500' title='bbox 1864 649 1991 708; x_wconf 79' lang='lat' dir='ltr'><strong>Erat</strong></span> <span class='ocrx_word' id='word_1_501' title='bbox 2021 654 2188 709; x_wconf 81' lang='lat' dir='ltr'><strong>lumen</strong></span> <span class='ocrx_word' id='word_1_502' title='bbox 2209 660 2552 731; x_wconf 60' lang='lat' dir='ltr'><strong>reruquuod</strong></span> <span class='ocrx_word' id='word_1_503' title='bbox 2579 661 2838 717; x_wconf 85' lang='lat' dir='ltr'><strong>illuminat</strong></span> <span class='ocrx_word' id='word_1_504' title='bbox 2864 682 3062 720; x_wconf 84' lang='lat' dir='ltr'><strong>onmem</strong></span> <span class='ocrx_word' id='word_1_505' title='bbox 3093 668 3347 722; x_wconf 75' lang='lat' dir='ltr'><strong>hominem</strong></span> <span class='ocrx_word' id='word_1_506' title='bbox 3376 685 3458 724; x_wconf 67' lang='lat' dir='ltr'><strong>ue-</strong></span> 
     </span>
    </p>
   </div>
   <div class='ocr_carea' id='block_1_64' title="bbox 1862 745 3455 830">
    <p class='ocr_par' dir='ltr' id='par_1_64' title="bbox 1862 745 3455 830">
     <span class='ocr_line' id='line_1_64' title="bbox 1862 745 3455 830; baseline 0.014 -34"><span class='ocrx_word' id='word_1_507' title='bbox 1862 745 2076 799; x_wconf 85' lang='lat' dir='ltr'><strong>nientem</strong></span> <span class='ocrx_word' id='word_1_508' title='bbox 2101 750 2154 801; x_wconf 89' lang='lat' dir='ltr'><strong>in</strong></span> <span class='ocrx_word' id='word_1_509' title='bbox 2186 746 2320 802; x_wconf 87' lang='lat' dir='ltr'><strong>hunc</strong></span> <span class='ocrx_word' id='word_1_510' title='bbox 2340 752 2604 818; x_wconf 84' lang='lat' dir='ltr'><strong>mundum,</strong></span> <span class='ocrx_word' id='word_1_511' title='bbox 2632 754 2749 809; x_wconf 92' lang='lat' dir='ltr'><strong>idco</strong></span> <span class='ocrx_word' id='word_1_512' title='bbox 2774 756 2973 811; x_wconf 88' lang='lat' dir='ltr'><strong>dictum</strong></span> <span class='ocrx_word' id='word_1_513' title='bbox 3000 770 3101 824; x_wconf 86' lang='lat' dir='ltr'><strong>est,</strong></span> <span class='ocrx_word' id='word_1_514' title='bbox 3132 764 3253 830; x_wconf 87' lang='lat' dir='ltr'><strong>quia</strong></span> <span class='ocrx_word' id='word_1_515' title='bbox 3283 760 3455 819; x_wconf 78' lang='grc' dir='ltr'>ιιυιιυς</span> 
     </span>
    </p>
   </div>
   <div class='ocr_carea' id='block_1_65' title="bbox 1861 834 3453 925">
    <p class='ocr_par' dir='ltr' id='par_1_65' title="bbox 1861 834 3453 925">
     <span class='ocr_line' id='line_1_65' title="bbox 1861 834 3453 925; baseline 0.013 -35"><span class='ocrx_word' id='word_1_516' title='bbox 1861 834 2138 892; x_wconf 86' lang='lat' dir='ltr'><strong>hominum</strong></span> <span class='ocrx_word' id='word_1_517' title='bbox 2169 839 2497 897; x_wconf 78' lang='lat' dir='ltr'><strong>illuminatur</strong></span> <span class='ocrx_word' id='word_1_518' title='bbox 2536 845 2634 899; x_wconf 88' lang='lat' dir='ltr'><strong>nisi</strong></span> <span class='ocrx_word' id='word_1_519' title='bbox 2669 846 2760 902; x_wconf 92' lang='lat' dir='ltr'><strong>illo</strong></span> <span class='ocrx_word' id='word_1_520' title='bbox 2787 846 2985 904; x_wconf 89' lang='lat' dir='ltr'><strong>lumine</strong></span> <span class='ocrx_word' id='word_1_521' title='bbox 3017 852 3277 918; x_wconf 77' lang='lat' dir='ltr'><strong>veritatis,</strong></span> <span class='ocrx_word' id='word_1_522' title='bbox 3311 858 3453 925; x_wconf 80' lang='lat' dir='ltr'><strong>quod</strong></span> 
     </span>
    </p>
   </div>
   <div class='ocr_carea' id='block_1_66' title="bbox 1862 928 3453 1012">
    <p class='ocr_par' dir='ltr' id='par_1_66' title="bbox 1862 928 3453 1012">
     <span class='ocr_line' id='line_1_66' title="bbox 1862 928 3453 1012; baseline 0.011 -31"><span class='ocrx_word' id='word_1_523' title='bbox 1862 928 2006 983; x_wconf 85' lang='lat' dir='ltr'><strong>Deus</strong></span> <span class='ocrx_word' id='word_1_524' title='bbox 2032 939 2113 984; x_wconf 85' lang='lat' dir='ltr'><strong>est</strong></span> <span class='ocrx_word' id='word_1_525' title='bbox 2140 949 2152 984; x_wconf 91' lang='lat'><strong>:</strong></span> <span class='ocrx_word' id='word_1_526' title='bbox 2182 947 2247 986; x_wconf 87' lang='lat' dir='ltr'><strong>ne</strong></span> <span class='ocrx_word' id='word_1_527' title='bbox 2269 935 2548 1005; x_wconf 87' lang='lat' dir='ltr'><strong>quisquam</strong></span> <span class='ocrx_word' id='word_1_528' title='bbox 2582 950 2790 1007; x_wconf 87' lang='lat' dir='ltr'><strong>putaret</strong></span> <span class='ocrx_word' id='word_1_529' title='bbox 2814 942 2883 996; x_wconf 92' lang='lat' dir='ltr'><strong>ab</strong></span> <span class='ocrx_word' id='word_1_530' title='bbox 2910 957 2977 996; x_wconf 89' lang='lat' dir='ltr'><strong>eo</strong></span> <span class='ocrx_word' id='word_1_531' title='bbox 3002 958 3060 996; x_wconf 89' lang='lat' dir='ltr'><strong>se</strong></span> <span class='ocrx_word' id='word_1_532' title='bbox 3089 944 3401 1012; x_wconf 81' lang='lat' dir='ltr'><strong>illuminari,</strong></span> <span class='ocrx_word' id='word_1_533' title='bbox 3426 966 3453 1000; x_wconf 89' lang='lat' dir='ltr'><strong>a</strong></span> 
     </span>
    </p>
   </div>
   <div class='ocr_carea' id='block_1_67' title="bbox 1857 1019 3453 1107">
    <p class='ocr_par' dir='ltr' id='par_1_67' title="bbox 1857 1019 3453 1107">
     <span class='ocr_line' id='line_1_67' title="bbox 1857 1019 3453 1107; baseline 0.014 -36"><span class='ocrx_word' id='word_1_534' title='bbox 1857 1030 1966 1088; x_wconf 87' lang='lat' dir='ltr'><strong>quo</strong></span> <span class='ocrx_word' id='word_1_535' title='bbox 1988 1019 2134 1074; x_wconf 84' lang='lat' dir='ltr'><strong>audit</strong></span> <span class='ocrx_word' id='word_1_536' title='bbox 2160 1022 2174 1053; x_wconf 82' lang='grc'>¹</span> <span class='ocrx_word' id='word_1_537' title='bbox 2202 1031 2258 1077; x_wconf 90' lang='lat' dir='ltr'><strong>ut</strong></span> <span class='ocrx_word' id='word_1_538' title='bbox 2279 1024 2469 1089; x_wconf 79' lang='lat' dir='ltr'><strong>discat,</strong></span> <span class='ocrx_word' id='word_1_539' title='bbox 2498 1042 2601 1081; x_wconf 93' lang='lat' dir='ltr'><strong>non</strong></span> <span class='ocrx_word' id='word_1_540' title='bbox 2629 1029 2770 1092; x_wconf 80' lang='lat' dir='ltr'><strong>dico,</strong></span> <span class='ocrx_word' id='word_1_541' title='bbox 2794 1030 2837 1085; x_wconf 84' lang='lat' dir='ltr'><strong>si</strong></span> <span class='ocrx_word' id='word_1_542' title='bbox 2859 1048 3176 1102; x_wconf 80' lang='lat' dir='ltr'><strong>queinquam</strong></span> <span class='ocrx_word' id='word_1_543' title='bbox 3203 1052 3453 1107; x_wconf 68' lang='lat' dir='ltr'><strong>magunum</strong></span> 
     </span>
    </p>
   </div>
   <div class='ocr_carea' id='block_1_68' title="bbox 1860 1110 3453 1197">
    <p class='ocr_par' dir='ltr' id='par_1_68' title="bbox 1860 1110 3453 1197">
     <span class='ocr_line' id='line_1_68' title="bbox 1860 1110 3453 1197; baseline 0.016 -35"><span class='ocrx_word' id='word_1_544' title='bbox 1860 1110 2161 1180; x_wconf 80' lang='lat' dir='ltr'><strong>hominem,</strong></span> <span class='ocrx_word' id='word_1_545' title='bbox 2196 1116 2289 1171; x_wconf 85' lang='lat' dir='ltr'><strong>sed</strong></span> <span class='ocrx_word' id='word_1_546' title='bbox 2318 1117 2339 1149; x_wconf 79' lang='grc'>⁸</span> <span class='ocrx_word' id='word_1_547' title='bbox 2370 1134 2471 1174; x_wconf 86' lang='lat' dir='ltr'><strong>nec</strong></span> <span class='ocrx_word' id='word_1_548' title='bbox 2508 1119 2552 1173; x_wconf 86' lang='lat' dir='ltr'><strong>si</strong></span> <span class='ocrx_word' id='word_1_549' title='bbox 2583 1123 2826 1191; x_wconf 79' lang='lat' dir='ltr'><strong>angelum</strong></span> <span class='ocrx_word' id='word_1_550' title='bbox 2860 1124 2906 1177; x_wconf 89' lang='lat' dir='ltr'><strong>ei</strong></span> <span class='ocrx_word' id='word_1_551' title='bbox 2952 1128 3226 1197; x_wconf 73' lang='lat' dir='ltr'><strong>t‘Onlingnt</strong></span> <span class='ocrx_word' id='word_1_552' title='bbox 3254 1128 3453 1187; x_wconf 78' lang='lat' dir='ltr'><strong>habere</strong></span> 
     </span>
    </p>
   </div>
   <div class='ocr_carea' id='block_1_69' title="bbox 1857 1200 3454 1275">
    <p class='ocr_par' dir='ltr' id='par_1_69' title="bbox 1857 1200 3454 1275">
     <span class='ocr_line' id='line_1_69' title="bbox 1857 1200 3454 1275; baseline 0.012 -19"><span class='ocrx_word' id='word_1_553' title='bbox 1857 1200 2151 1259; x_wconf 84' lang='lat' dir='ltr'><strong>doctorem.</strong></span> <span class='ocrx_word' id='word_1_554' title='bbox 2179 1208 2476 1265; x_wconf 75' lang='lat' dir='ltr'><strong>Adhibetur</strong></span> <span class='ocrx_word' id='word_1_555' title='bbox 2496 1212 2637 1266; x_wconf 87' lang='lat' dir='ltr'><strong>enim</strong></span> <span class='ocrx_word' id='word_1_556' title='bbox 2661 1227 2838 1267; x_wconf 82' lang='lat' dir='ltr'><strong>sermo</strong></span> <span class='ocrx_word' id='word_1_557' title='bbox 2858 1219 3094 1270; x_wconf 73' lang='lat' dir='ltr'><strong>veritatis</strong></span> <span class='ocrx_word' id='word_1_558' title='bbox 3120 1221 3454 1275; x_wconf 77' lang='lat' dir='ltr'><strong>extrinsecus</strong></span> 
     </span>
    </p>
   </div>
   <div class='ocr_carea' id='block_1_70' title="bbox 1855 1295 3455 1383">
    <p class='ocr_par' dir='ltr' id='par_1_70' title="bbox 1855 1295 3455 1383">
     <span class='ocr_line' id='line_1_70' title="bbox 1855 1295 3455 1383; baseline 0.013 -37"><span class='ocrx_word' id='word_1_559' title='bbox 1855 1295 2004 1348; x_wconf 66' lang='lat' dir='ltr'><strong>vol-is</strong></span> <span class='ocrx_word' id='word_1_560' title='bbox 2032 1296 2326 1353; x_wconf 86' lang='lat' dir='ltr'><strong>ministerio</strong></span> <span class='ocrx_word' id='word_1_561' title='bbox 2364 1303 2694 1371; x_wconf 86' lang='lat' dir='ltr'><strong>corporalis,</strong></span> <span class='ocrx_word' id='word_1_562' title='bbox 2746 1319 3110 1362; x_wconf 72' lang='lat' dir='ltr'><strong>verumtamen</strong></span> <span class='ocrx_word' id='word_1_563' title='bbox 3159 1326 3318 1381; x_wconf 83' lang='lat' dir='ltr'><strong>neque</strong></span> <span class='ocrx_word' id='word_1_564' title='bbox 3363 1314 3455 1383; x_wconf 85' lang='lat' dir='ltr'><strong>qui</strong></span> 
     </span>
    </p>
   </div>
   <div class='ocr_carea' id='block_1_71' title="bbox 1856 1383 3450 1471">
    <p class='ocr_par' dir='ltr' id='par_1_71' title="bbox 1856 1383 3450 1471">
     <span class='ocr_line' id='line_1_71' title="bbox 1856 1383 3450 1471; baseline 0.014 -35"><span class='ocrx_word' id='word_1_565' title='bbox 1856 1383 2054 1455; x_wconf 83' lang='lat' dir='ltr'><strong>plantat</strong></span> <span class='ocrx_word' id='word_1_566' title='bbox 2082 1401 2154 1442; x_wconf 86' lang='lat' dir='ltr'><strong>est</strong></span> <span class='ocrx_word' id='word_1_567' title='bbox 2176 1392 2389 1462; x_wconf 82' lang='lat' dir='ltr'><strong>aliquid,</strong></span> <span class='ocrx_word' id='word_1_568' title='bbox 2410 1411 2566 1467; x_wconf 85' lang='lat' dir='ltr'><strong>neque</strong></span> <span class='ocrx_word' id='word_1_569' title='bbox 2592 1397 2677 1465; x_wconf 84' lang='lat' dir='ltr'><strong>qui</strong></span> <span class='ocrx_word' id='word_1_570' title='bbox 2705 1398 2854 1468; x_wconf 82' lang='lat' dir='ltr'><strong>rigat,</strong></span> <span class='ocrx_word' id='word_1_571' title='bbox 2880 1401 2968 1453; x_wconf 83' lang='lat' dir='ltr'><strong>setl</strong></span> <span class='ocrx_word' id='word_1_572' title='bbox 2988 1401 3075 1471; x_wconf 85' lang='lat' dir='ltr'><strong>qui</strong></span> <span class='ocrx_word' id='word_1_573' title='bbox 3094 1403 3450 1458; x_wconf 78' lang='lat' dir='ltr'><strong>incrementum</strong></span> 
     </span>
    </p>
   </div>
   <div class='ocr_carea' id='block_1_72' title="bbox 1854 1474 3447 1559">
    <p class='ocr_par' dir='ltr' id='par_1_72' title="bbox 1854 1474 3447 1559">
     <span class='ocr_line' id='line_1_72' title="bbox 1854 1474 3447 1559; baseline 0.016 -33"><span class='ocrx_word' id='word_1_574' title='bbox 1854 1476 1941 1528; x_wconf 83' lang='lat' dir='ltr'><strong>dat</strong></span> <span class='ocrx_word' id='word_1_575' title='bbox 1986 1474 2123 1533; x_wconf 84' lang='lat' dir='ltr'><strong>Deus</strong></span> <span class='ocrx_word' id='word_1_576' title='bbox 2151 1479 2331 1548; x_wconf 85' lang='lat' dir='ltr'><strong>(ICor.</strong></span> <span class='ocrx_word' id='word_1_577' title='bbox 2368 1500 2440 1548; x_wconf 91' lang='grc' dir='ltr'>ιιι,</span> <span class='ocrx_word' id='word_1_578' title='bbox 2475 1485 2549 1551; x_wconf 74' lang='grc'><strong>7).</strong></span> <span class='ocrx_word' id='word_1_579' title='bbox 2582 1488 2739 1540; x_wconf 83' lang='lat' dir='ltr'><strong>Audit</strong></span> <span class='ocrx_word' id='word_1_580' title='bbox 2766 1491 2959 1559; x_wconf 79' lang='lat' dir='ltr'><strong>quippe</strong></span> <span class='ocrx_word' id='word_1_581' title='bbox 2992 1492 3150 1545; x_wconf 83' lang='lat' dir='ltr'><strong>homo</strong></span> <span class='ocrx_word' id='word_1_582' title='bbox 3181 1495 3447 1551; x_wconf 86' lang='lat' dir='ltr'><strong>dicentem</strong></span> 
     </span>
    </p>
   </div>
   <div class='ocr_carea' id='block_1_73' title="bbox 1852 1569 3449 1658">
    <p class='ocr_par' dir='ltr' id='par_1_73' title="bbox 1852 1569 3449 1658">
     <span class='ocr_line' id='line_1_73' title="bbox 1852 1569 3449 1658; baseline 0.013 -35"><span class='ocrx_word' id='word_1_583' title='bbox 1852 1570 1936 1624; x_wconf 82' lang='lat' dir='ltr'><strong>vel</strong></span> <span class='ocrx_word' id='word_1_584' title='bbox 1961 1569 2228 1628; x_wconf 87' lang='lat' dir='ltr'><strong>hominem</strong></span> <span class='ocrx_word' id='word_1_585' title='bbox 2254 1578 2333 1631; x_wconf 87' lang='lat' dir='ltr'><strong>vel</strong></span> <span class='ocrx_word' id='word_1_586' title='bbox 2356 1579 2632 1647; x_wconf 79' lang='lat' dir='ltr'><strong>angelum;</strong></span> <span class='ocrx_word' id='word_1_587' title='bbox 2662 1580 2754 1637; x_wconf 84' lang='lat' dir='ltr'><strong>sed</strong></span> <span class='ocrx_word' id='word_1_588' title='bbox 2785 1591 2838 1636; x_wconf 91' lang='lat' dir='ltr'><strong>ut</strong></span> <span class='ocrx_word' id='word_1_589' title='bbox 2866 1585 3059 1639; x_wconf 70' lang='lat' dir='ltr'><strong>sentiat</strong></span> <span class='ocrx_word' id='word_1_590' title='bbox 3080 1594 3132 1640; x_wconf 87' lang='lat' dir='ltr'><strong>cl</strong></span> <span class='ocrx_word' id='word_1_591' title='bbox 3160 1597 3449 1658; x_wconf 79' lang='lat' dir='ltr'><strong>cognoscat</strong></span> 
     </span>
    </p>
   </div>
   <div class='ocr_carea' id='block_1_74' title="bbox 1854 1668 3449 1751">
    <p class='ocr_par' dir='ltr' id='par_1_74' title="bbox 1854 1668 3449 1751">
     <span class='ocr_line' id='line_1_74' title="bbox 1854 1668 3449 1751; baseline 0.012 -35"><span class='ocrx_word' id='word_1_592' title='bbox 1854 1677 2039 1717; x_wconf 81' lang='lat' dir='ltr'><strong>verum</strong></span> <span class='ocrx_word' id='word_1_593' title='bbox 2063 1680 2182 1720; x_wconf 83' lang='lat' dir='ltr'><strong>esse</strong></span> <span class='ocrx_word' id='word_1_594' title='bbox 2209 1668 2348 1737; x_wconf 88' lang='lat' dir='ltr'><strong>quod</strong></span> <span class='ocrx_word' id='word_1_595' title='bbox 2376 1670 2590 1734; x_wconf 87' lang='lat' dir='ltr'><strong>dicitur,</strong></span> <span class='ocrx_word' id='word_1_596' title='bbox 2626 1673 2715 1727; x_wconf 91' lang='lat' dir='ltr'><strong>illo</strong></span> <span class='ocrx_word' id='word_1_597' title='bbox 2746 1673 2945 1730; x_wconf 89' lang='lat' dir='ltr'><strong>lumine</strong></span> <span class='ocrx_word' id='word_1_598' title='bbox 2975 1676 3115 1731; x_wconf 91' lang='lat' dir='ltr'><strong>intus</strong></span> <span class='ocrx_word' id='word_1_599' title='bbox 3146 1694 3296 1735; x_wconf 74' lang='lat' dir='ltr'><strong>meas</strong></span> <span class='ocrx_word' id='word_1_600' title='bbox 3327 1681 3449 1751; x_wconf 87' lang='lat' dir='ltr'><strong>ejus</strong></span> 
     </span>
    </p>
   </div>
   <div class='ocr_carea' id='block_1_75' title="bbox 1852 1757 3450 1837">
    <p class='ocr_par' dir='ltr' id='par_1_75' title="bbox 1852 1757 3450 1837">
     <span class='ocr_line' id='line_1_75' title="bbox 1852 1757 3450 1837; baseline 0.013 -30"><span class='ocrx_word' id='word_1_601' title='bbox 1852 1757 2169 1825; x_wconf 80' lang='lat' dir='ltr'><strong>aspergitur,</strong></span> <span class='ocrx_word' id='word_1_602' title='bbox 2203 1760 2344 1829; x_wconf 87' lang='lat' dir='ltr'><strong>quod</strong></span> <span class='ocrx_word' id='word_1_603' title='bbox 2376 1771 2633 1817; x_wconf 80' lang='lat' dir='ltr'><strong>:cternum</strong></span> <span class='ocrx_word' id='word_1_604' title='bbox 2661 1776 2839 1819; x_wconf 80' lang='lat' dir='ltr'><strong>manet</strong></span> <span class='ocrx_word' id='word_1_605' title='bbox 2864 1765 2906 1831; x_wconf 83' lang='lat'><strong>&#39;,</strong></span> <span class='ocrx_word' id='word_1_606' title='bbox 2930 1768 3073 1837; x_wconf 89' lang='lat' dir='ltr'><strong>quod</strong></span> <span class='ocrx_word' id='word_1_607' title='bbox 3103 1768 3262 1824; x_wconf 88' lang='lat' dir='ltr'><strong>etiam</strong></span> <span class='ocrx_word' id='word_1_608' title='bbox 3290 1771 3339 1826; x_wconf 92' lang='lat' dir='ltr'><strong>in</strong></span> <span class='ocrx_word' id='word_1_609' title='bbox 3373 1783 3450 1828; x_wconf 81' lang='lat' dir='ltr'><strong>te-</strong></span> 
     </span>
    </p>
   </div>
   <div class='ocr_carea' id='block_1_76' title="bbox 1852 1846 3449 1930">
    <p class='ocr_par' dir='ltr' id='par_1_76' title="bbox 1852 1846 3449 1930">
     <span class='ocr_line' id='line_1_76' title="bbox 1852 1846 3449 1930; baseline 0.013 -31"><span class='ocrx_word' id='word_1_610' title='bbox 1852 1846 2032 1900; x_wconf 83' lang='lat' dir='ltr'><strong>nebris</strong></span> <span class='ocrx_word' id='word_1_611' title='bbox 2061 1848 2218 1903; x_wconf 90' lang='lat' dir='ltr'><strong>lucet.</strong></span> <span class='ocrx_word' id='word_1_612' title='bbox 2250 1850 2355 1905; x_wconf 84' lang='lat' dir='ltr'><strong>Sed</strong></span> <span class='ocrx_word' id='word_1_613' title='bbox 2386 1853 2524 1907; x_wconf 89' lang='lat' dir='ltr'><strong>sicut</strong></span> <span class='ocrx_word' id='word_1_614' title='bbox 2547 1855 2627 1909; x_wconf 87' lang='lat' dir='ltr'><strong>sol</strong></span> <span class='ocrx_word' id='word_1_615' title='bbox 2660 1858 2757 1910; x_wconf 89' lang='lat' dir='ltr'><strong>iste</strong></span> <span class='ocrx_word' id='word_1_616' title='bbox 2786 1871 2814 1910; x_wconf 91' lang='lat' dir='ltr'><strong>a</strong></span> <span class='ocrx_word' id='word_1_617' title='bbox 2844 1859 3001 1913; x_wconf 28' lang='lat' dir='ltr'><strong>caecis</strong></span> <span class='ocrx_word' id='word_1_618' title='bbox 3024 1901 3039 1925; x_wconf 93' lang='lat'><strong>,</strong></span> <span class='ocrx_word' id='word_1_619' title='bbox 3088 1863 3331 1930; x_wconf 75' lang='lat' dir='ltr'><strong>quamvis</strong></span> <span class='ocrx_word' id='word_1_620' title='bbox 3356 1880 3449 1919; x_wconf 85' lang='lat' dir='ltr'><strong>eos</strong></span> 
     </span>
    </p>
   </div>
   <div class='ocr_carea' id='block_1_77' title="bbox 1852 1938 3444 2014">
    <p class='ocr_par' dir='ltr' id='par_1_77' title="bbox 1852 1938 3444 2014">
     <span class='ocr_line' id='line_1_77' title="bbox 1852 1938 3444 2014; baseline 0.012 -23"><span class='ocrx_word' id='word_1_621' title='bbox 1852 1938 1963 1992; x_wconf 89' lang='lat' dir='ltr'><strong>suis</strong></span> <span class='ocrx_word' id='word_1_622' title='bbox 1993 1940 2155 1994; x_wconf 83' lang='lat' dir='ltr'><strong>radiis</strong></span> <span class='ocrx_word' id='word_1_623' title='bbox 2182 1940 2410 2011; x_wconf 89' lang='lat' dir='ltr'><strong>quodam</strong></span> <span class='ocrx_word' id='word_1_624' title='bbox 2446 1945 2604 1998; x_wconf 90' lang='lat' dir='ltr'><strong>modo</strong></span> <span class='ocrx_word' id='word_1_625' title='bbox 2631 1948 2854 2014; x_wconf 88' lang='lat' dir='ltr'><strong>vestiat,</strong></span> <span class='ocrx_word' id='word_1_626' title='bbox 2886 1951 2963 2004; x_wconf 92' lang='lat' dir='ltr'><strong>sic</strong></span> <span class='ocrx_word' id='word_1_627' title='bbox 2996 1950 3064 2006; x_wconf 89' lang='lat' dir='ltr'><strong>ab</strong></span> <span class='ocrx_word' id='word_1_628' title='bbox 3089 1953 3327 2009; x_wconf 80' lang='lat' dir='ltr'><strong>stultitia:</strong></span> <span class='ocrx_word' id='word_1_629' title='bbox 3365 1964 3444 2011; x_wconf 70' lang='lat' dir='ltr'><strong>leo</strong></span> 
     </span>
    </p>
   </div>
   <div class='ocr_carea' id='block_1_78' title="bbox 1852 2029 2689 2104">
    <p class='ocr_par' dir='ltr' id='par_1_78' title="bbox 1852 2029 2689 2104">
     <span class='ocr_line' id='line_1_78' title="bbox 1852 2029 2689 2104; baseline 0.013 -23"><span class='ocrx_word' id='word_1_630' title='bbox 1852 2029 2035 2083; x_wconf 87' lang='lat' dir='ltr'><strong>nebris</strong></span> <span class='ocrx_word' id='word_1_631' title='bbox 2062 2047 2166 2086; x_wconf 92' lang='lat' dir='ltr'><strong>non</strong></span> <span class='ocrx_word' id='word_1_632' title='bbox 2197 2035 2689 2104; x_wconf 79' lang='lat' dir='ltr'><strong>comprehenditur.</strong></span> 
     </span>
    </p>
   </div>
   <div class='ocr_carea' id='block_1_79' title="bbox 1922 2121 3443 2202">
    <p class='ocr_par' dir='ltr' id='par_1_79' title="bbox 1922 2121 3443 2202">
     <span class='ocr_line' id='line_1_79' title="bbox 1922 2121 3443 2202; baseline 0.012 -28"><span class='ocrx_word' id='word_1_633' title='bbox 1922 2121 2009 2175; x_wconf 80' lang='grc'><strong>58.</strong></span> <span class='ocrx_word' id='word_1_634' title='bbox 2028 2159 2036 2165; x_wconf 91' lang='grc'><strong><em>-</em></strong></span> <span class='ocrx_word' id='word_1_635' title='bbox 2053 2121 2159 2177; x_wconf 86' lang='lat' dir='ltr'><strong>Cur</strong></span> <span class='ocrx_word' id='word_1_636' title='bbox 2179 2133 2373 2189; x_wconf 88' lang='lat' dir='ltr'><strong>autem,</strong></span> <span class='ocrx_word' id='word_1_637' title='bbox 2400 2142 2520 2181; x_wconf 84' lang='lat' dir='ltr'><strong>cum</strong></span> <span class='ocrx_word' id='word_1_638' title='bbox 2543 2128 2786 2197; x_wconf 68' lang='lat' dir='ltr'><strong>dixisset,</strong></span> <span class='ocrx_word' id='word_1_639' title='bbox 2809 2132 2945 2202; x_wconf 86' lang='lat' dir='ltr'><strong>quod</strong></span> <span class='ocrx_word' id='word_1_640' title='bbox 2964 2133 3224 2188; x_wconf 86' lang='lat' dir='ltr'><strong>illuminat</strong></span> <span class='ocrx_word' id='word_1_641' title='bbox 3243 2151 3443 2192; x_wconf 87' lang='lat' dir='ltr'><strong>omnem</strong></span> 
     </span>
    </p>
   </div>
   <div class='ocr_carea' id='block_1_80' title="bbox 1851 2213 3447 2295">
    <p class='ocr_par' dir='ltr' id='par_1_80' title="bbox 1851 2213 3447 2295">
     <span class='ocr_line' id='line_1_80' title="bbox 1851 2213 3447 2295; baseline 0.014 -30"><span class='ocrx_word' id='word_1_642' title='bbox 1851 2213 2139 2282; x_wconf 81' lang='lat' dir='ltr'><strong>hominem;</strong></span> <span class='ocrx_word' id='word_1_643' title='bbox 2167 2217 2446 2285; x_wconf 74' lang='lat' dir='ltr'><strong>addiderit,</strong></span> <span class='ocrx_word' id='word_1_644' title='bbox 2478 2221 2754 2275; x_wconf 78' lang='lat' dir='ltr'><strong>venientem</strong></span> <span class='ocrx_word' id='word_1_645' title='bbox 2778 2224 2827 2276; x_wconf 87' lang='lat' dir='ltr'><strong>in</strong></span> <span class='ocrx_word' id='word_1_646' title='bbox 2851 2224 2984 2278; x_wconf 89' lang='lat' dir='ltr'><strong>hunc</strong></span> <span class='ocrx_word' id='word_1_647' title='bbox 3006 2227 3283 2295; x_wconf 85' lang='lat' dir='ltr'><strong>mundum;</strong></span> <span class='ocrx_word' id='word_1_648' title='bbox 3307 2231 3447 2287; x_wconf 84' lang='lat' dir='ltr'><strong>unde</strong></span> 
     </span>
    </p>
   </div>
   <div class='ocr_carea' id='block_1_81' title="bbox 1852 2294 3447 2386">
    <p class='ocr_par' dir='ltr' id='par_1_81' title="bbox 1852 2294 3447 2386">
     <span class='ocr_line' id='line_1_81' title="bbox 1852 2294 3447 2386; baseline 0.014 -30"><span class='ocrx_word' id='word_1_649' title='bbox 1852 2303 1965 2357; x_wconf 82' lang='lat' dir='ltr'><strong>ha-c</strong></span> <span class='ocrx_word' id='word_1_650' title='bbox 1992 2294 2174 2375; x_wconf 83' lang='lat' dir='ltr'><strong>opinio</strong></span> <span class='ocrx_word' id='word_1_651' title='bbox 2197 2319 2314 2362; x_wconf 88' lang='lat' dir='ltr'><strong>nata</strong></span> <span class='ocrx_word' id='word_1_652' title='bbox 2338 2320 2439 2374; x_wconf 71' lang='lat' dir='ltr'><strong>est,</strong></span> <span class='ocrx_word' id='word_1_653' title='bbox 2465 2310 2606 2381; x_wconf 88' lang='lat' dir='ltr'><strong>quod</strong></span> <span class='ocrx_word' id='word_1_654' title='bbox 2631 2313 2680 2365; x_wconf 92' lang='lat' dir='ltr'><strong>in</strong></span> <span class='ocrx_word' id='word_1_655' title='bbox 2708 2323 2896 2368; x_wconf 81' lang='lat' dir='ltr'><strong>exortu</strong></span> <span class='ocrx_word' id='word_1_656' title='bbox 2919 2318 3181 2386; x_wconf 82' lang='lat' dir='ltr'><strong>corporali</strong></span> <span class='ocrx_word' id='word_1_657' title='bbox 3203 2294 3270 2373; x_wconf 87' lang='lat' dir='ltr'><strong>ab</strong></span> <span class='ocrx_word' id='word_1_658' title='bbox 3293 2333 3447 2378; x_wconf 81' lang='lat' dir='ltr'><strong>utero</strong></span> 
     </span>
    </p>
   </div>
   <div class='ocr_carea' id='block_1_82' title="bbox 1850 2397 3447 2480">
    <p class='ocr_par' dir='ltr' id='par_1_82' title="bbox 1850 2397 3447 2480">
     <span class='ocr_line' id='line_1_82' title="bbox 1850 2397 3447 2480; baseline 0.01 -31"><span class='ocrx_word' id='word_1_659' title='bbox 1850 2397 2040 2452; x_wconf 88' lang='lat' dir='ltr'><strong>matris</strong></span> <span class='ocrx_word' id='word_1_660' title='bbox 2067 2401 2435 2456; x_wconf 65' lang='lat' dir='ltr'><strong>recentissimo</strong></span> <span class='ocrx_word' id='word_1_661' title='bbox 2458 2402 2717 2458; x_wconf 86' lang='lat' dir='ltr'><strong>illuutinet</strong></span> <span class='ocrx_word' id='word_1_662' title='bbox 2738 2416 2945 2461; x_wconf 86' lang='lat' dir='ltr'><strong>mentes</strong></span> <span class='ocrx_word' id='word_1_663' title='bbox 2968 2412 3296 2463; x_wconf 71' lang='lat' dir='ltr'><strong>nasci°ntiutu</strong></span> <span class='ocrx_word' id='word_1_664' title='bbox 3322 2426 3447 2480; x_wconf 87' lang='lat' dir='ltr'><strong>par-</strong></span> 
     </span>
    </p>
   </div>
   <div class='ocr_carea' id='block_1_83' title="bbox 1848 2488 3445 2575">
    <p class='ocr_par' dir='ltr' id='par_1_83' title="bbox 1848 2488 3445 2575">
     <span class='ocr_line' id='line_1_83' title="bbox 1848 2488 3445 2575; baseline 0.01 -34"><span class='ocrx_word' id='word_1_665' title='bbox 1848 2488 2095 2543; x_wconf 80' lang='lat' dir='ltr'><strong>vulorqu</strong></span> <span class='ocrx_word' id='word_1_666' title='bbox 2124 2508 2137 2545; x_wconf 90' lang='lat'>:</span> <span class='ocrx_word' id='word_1_667' title='bbox 2166 2494 2408 2561; x_wconf 83' lang='lat' dir='ltr'><strong>quamvis</strong></span> <span class='ocrx_word' id='word_1_668' title='bbox 2454 2493 2503 2546; x_wconf 88' lang='lat' dir='ltr'><strong>in</strong></span> <span class='ocrx_word' id='word_1_669' title='bbox 2548 2509 2723 2564; x_wconf 73' lang='lat' dir='ltr'><strong>graeco</strong></span> <span class='ocrx_word' id='word_1_670' title='bbox 2766 2498 2835 2549; x_wconf 84' lang='lat' dir='ltr'><strong>ita</strong></span> <span class='ocrx_word' id='word_1_671' title='bbox 2867 2498 2935 2550; x_wconf 85' lang='lat' dir='ltr'><strong>sit</strong></span> <span class='ocrx_word' id='word_1_672' title='bbox 2981 2499 3208 2568; x_wconf 89' lang='lat' dir='ltr'><strong>positum</strong></span> <span class='ocrx_word' id='word_1_673' title='bbox 3253 2500 3353 2575; x_wconf 86' lang='lat' dir='ltr'><strong>(a),</strong></span> <span class='ocrx_word' id='word_1_674' title='bbox 3388 2512 3445 2558; x_wconf 92' lang='lat' dir='ltr'><strong>ut</strong></span> 
     </span>
    </p>
   </div>
   <div class='ocr_carea' id='block_1_84' title="bbox 1847 2579 3445 2657">
    <p class='ocr_par' dir='ltr' id='par_1_84' title="bbox 1847 2579 3445 2657">
     <span class='ocr_line' id='line_1_84' title="bbox 1847 2579 3445 2657; baseline 0.013 -26"><span class='ocrx_word' id='word_1_675' title='bbox 1847 2579 2015 2649; x_wconf 86' lang='lat' dir='ltr'><strong>possit</strong></span> <span class='ocrx_word' id='word_1_676' title='bbox 2056 2581 2215 2635; x_wconf 85' lang='lat' dir='ltr'><strong>etiam</strong></span> <span class='ocrx_word' id='word_1_677' title='bbox 2249 2583 2466 2655; x_wconf 82' lang='lat' dir='ltr'><strong>intelligi</strong></span> <span class='ocrx_word' id='word_1_678' title='bbox 2507 2584 2684 2640; x_wconf 76' lang='lat' dir='ltr'><strong>lumen</strong></span> <span class='ocrx_word' id='word_1_679' title='bbox 2728 2586 2898 2657; x_wconf 89' lang='lat' dir='ltr'><strong>ipsum</strong></span> <span class='ocrx_word' id='word_1_680' title='bbox 2940 2606 3158 2646; x_wconf 80' lang='lat' dir='ltr'><strong>venn-ns</strong></span> <span class='ocrx_word' id='word_1_681' title='bbox 3204 2593 3256 2649; x_wconf 92' lang='lat' dir='ltr'><strong>in</strong></span> <span class='ocrx_word' id='word_1_682' title='bbox 3304 2594 3445 2651; x_wconf 90' lang='lat' dir='ltr'><strong>hunc</strong></span> 
     </span>
    </p>
   </div>
   <div class='ocr_carea' id='block_1_85' title="bbox 1846 2669 3444 2744">
    <p class='ocr_par' dir='ltr' id='par_1_85' title="bbox 1846 2669 3444 2744">
     <span class='ocr_line' id='line_1_85' title="bbox 1846 2669 3444 2744; baseline 0.012 -20"><span class='ocrx_word' id='word_1_683' title='bbox 1846 2669 2153 2727; x_wconf 87' lang='lat' dir='ltr'><strong>mundum:</strong></span> <span class='ocrx_word' id='word_1_684' title='bbox 2201 2683 2377 2729; x_wconf 87' lang='lat' dir='ltr'><strong>tamen</strong></span> <span class='ocrx_word' id='word_1_685' title='bbox 2428 2676 2472 2730; x_wconf 90' lang='lat' dir='ltr'><strong>si</strong></span> <span class='ocrx_word' id='word_1_686' title='bbox 2520 2674 2790 2733; x_wconf 87' lang='lat' dir='ltr'><strong>hominem</strong></span> <span class='ocrx_word' id='word_1_687' title='bbox 2843 2681 3146 2737; x_wconf 76' lang='lat' dir='ltr'><strong>venientem</strong></span> <span class='ocrx_word' id='word_1_688' title='bbox 3201 2685 3252 2739; x_wconf 93' lang='lat' dir='ltr'><strong>in</strong></span> <span class='ocrx_word' id='word_1_689' title='bbox 3302 2687 3444 2744; x_wconf 90' lang='lat' dir='ltr'><strong>hunc</strong></span> 
     </span>
    </p>
   </div>
   <div class='ocr_carea' id='block_1_86' title="bbox 1846 2762 3441 2841">
    <p class='ocr_par' dir='ltr' id='par_1_86' title="bbox 1846 2762 3441 2841">
     <span class='ocr_line' id='line_1_86' title="bbox 1846 2762 3441 2841; baseline 0.011 -26"><span class='ocrx_word' id='word_1_690' title='bbox 1846 2762 2103 2816; x_wconf 88' lang='lat' dir='ltr'><strong>mundum</strong></span> <span class='ocrx_word' id='word_1_691' title='bbox 2126 2803 2141 2828; x_wconf 92' lang='lat'><strong>,</strong></span> <span class='ocrx_word' id='word_1_692' title='bbox 2174 2779 2395 2819; x_wconf 90' lang='lat' dir='ltr'><strong>necesse</strong></span> <span class='ocrx_word' id='word_1_693' title='bbox 2432 2775 2513 2821; x_wconf 89' lang='lat' dir='ltr'><strong>est</strong></span> <span class='ocrx_word' id='word_1_694' title='bbox 2540 2768 2747 2838; x_wconf 81' lang='lat' dir='ltr'><strong>accipi,</strong></span> <span class='ocrx_word' id='word_1_695' title='bbox 2778 2778 2869 2824; x_wconf 89' lang='lat' dir='ltr'><strong>aut</strong></span> <span class='ocrx_word' id='word_1_696' title='bbox 2897 2771 3215 2841; x_wconf 88' lang='lat' dir='ltr'><strong>simpliciter</strong></span> <span class='ocrx_word' id='word_1_697' title='bbox 3238 2775 3441 2833; x_wconf 89' lang='lat' dir='ltr'><strong>dictum</strong></span> 
     </span>
    </p>
   </div>
   <div class='ocr_carea' id='block_1_87' title="bbox 1846 2851 3442 2938">
    <p class='ocr_par' dir='ltr' id='par_1_87' title="bbox 1846 2851 3442 2938">
     <span class='ocr_line' id='line_1_87' title="bbox 1846 2851 3442 2938; baseline 0.014 -34"><span class='ocrx_word' id='word_1_698' title='bbox 1846 2851 2098 2921; x_wconf 86' lang='lat' dir='ltr'><strong>arbitror,</strong></span> <span class='ocrx_word' id='word_1_699' title='bbox 2122 2854 2259 2910; x_wconf 83' lang='lat' dir='ltr'><strong>sicut</strong></span> <span class='ocrx_word' id='word_1_700' title='bbox 2284 2856 2446 2911; x_wconf 89' lang='lat' dir='ltr'><strong>multa</strong></span> <span class='ocrx_word' id='word_1_701' title='bbox 2472 2858 2522 2912; x_wconf 90' lang='lat' dir='ltr'><strong>in</strong></span> <span class='ocrx_word' id='word_1_702' title='bbox 2551 2860 2840 2929; x_wconf 87' lang='lat' dir='ltr'><strong>Scripturis</strong></span> <span class='ocrx_word' id='word_1_703' title='bbox 2864 2866 3224 2932; x_wconf 88' lang='lat' dir='ltr'><strong>reperiuntur,</strong></span> <span class='ocrx_word' id='word_1_704' title='bbox 3248 2869 3442 2938; x_wconf 84' lang='lat' dir='ltr'><strong>quibus</strong></span> 
     </span>
    </p>
   </div>
   <div class='ocr_carea' id='block_1_88' title="bbox 1845 2944 3445 3029">
    <p class='ocr_par' dir='ltr' id='par_1_88' title="bbox 1845 2944 3445 3029">
     <span class='ocr_line' id='line_1_88' title="bbox 1845 2944 3445 3029; baseline 0.013 -33"><span class='ocrx_word' id='word_1_705' title='bbox 1845 2944 2006 2998; x_wconf 86' lang='lat' dir='ltr'><strong>etiam</strong></span> <span class='ocrx_word' id='word_1_706' title='bbox 2037 2944 2290 3002; x_wconf 87' lang='lat' dir='ltr'><strong>detractis</strong></span> <span class='ocrx_word' id='word_1_707' title='bbox 2319 2948 2448 3003; x_wconf 88' lang='lat' dir='ltr'><strong>nihil</strong></span> <span class='ocrx_word' id='word_1_708' title='bbox 2478 2952 2760 3006; x_wconf 71' lang='lat' dir='ltr'><strong>sententia!</strong></span> <span class='ocrx_word' id='word_1_709' title='bbox 2787 2955 3090 3021; x_wconf 81' lang='lat' dir='ltr'><strong>minuatur;</strong></span> <span class='ocrx_word' id='word_1_710' title='bbox 3122 2971 3215 3011; x_wconf 89' lang='lat' dir='ltr'><strong>aut</strong></span> <span class='ocrx_word' id='word_1_711' title='bbox 3244 2959 3287 3013; x_wconf 84' lang='lat' dir='ltr'><strong>si</strong></span> <span class='ocrx_word' id='word_1_712' title='bbox 3321 2977 3445 3029; x_wconf 88' lang='lat' dir='ltr'><strong>pro-</strong></span> 
     </span>
    </p>
   </div>
   <div class='ocr_carea' id='block_1_89' title="bbox 1846 3038 3441 3110">
    <p class='ocr_par' dir='ltr' id='par_1_89' title="bbox 1846 3038 3441 3110">
     <span class='ocr_line' id='line_1_89' title="bbox 1846 3038 3441 3110; baseline 0.012 -19"><span class='ocrx_word' id='word_1_713' title='bbox 1846 3045 1966 3107; x_wconf 90' lang='lat' dir='ltr'><strong>pter</strong></span> <span class='ocrx_word' id='word_1_714' title='bbox 1989 3038 2220 3110; x_wconf 90' lang='lat' dir='ltr'><strong>aliquam</strong></span> <span class='ocrx_word' id='word_1_715' title='bbox 2260 3039 2655 3097; x_wconf 86' lang='lat' dir='ltr'><strong>distiuctionem</strong></span> <span class='ocrx_word' id='word_1_716' title='bbox 2689 3043 2923 3099; x_wconf 89' lang='lat' dir='ltr'><strong>additum</strong></span> <span class='ocrx_word' id='word_1_717' title='bbox 2970 3060 3089 3101; x_wconf 88' lang='lat' dir='ltr'><strong>esse</strong></span> <span class='ocrx_word' id='word_1_718' title='bbox 3115 3049 3441 3110; x_wconf 87' lang='lat' dir='ltr'><strong>credendum</strong></span> 
     </span>
    </p>
   </div>
   <div class='ocr_carea' id='block_1_90' title="bbox 1847 3128 3441 3213">
    <p class='ocr_par' dir='ltr' id='par_1_90' title="bbox 1847 3128 3441 3213">
     <span class='ocr_line' id='line_1_90' title="bbox 1847 3128 3441 3213; baseline 0.011 -30"><span class='ocrx_word' id='word_1_719' title='bbox 1847 3139 1948 3195; x_wconf 87' lang='lat' dir='ltr'><strong>est,</strong></span> <span class='ocrx_word' id='word_1_720' title='bbox 1976 3128 2204 3186; x_wconf 80' lang='lat' dir='ltr'><strong>fortasse</strong></span> <span class='ocrx_word' id='word_1_721' title='bbox 2233 3130 2334 3187; x_wconf 91' lang='lat' dir='ltr'><strong>hoc</strong></span> <span class='ocrx_word' id='word_1_722' title='bbox 2364 3133 2563 3188; x_wconf 73' lang='lat' dir='ltr'><strong>dictum</strong></span> <span class='ocrx_word' id='word_1_723' title='bbox 2591 3145 2671 3189; x_wconf 91' lang='lat' dir='ltr'><strong>est</strong></span> <span class='ocrx_word' id='word_1_724' title='bbox 2695 3176 2711 3199; x_wconf 90' lang='lat'><strong>,</strong></span> <span class='ocrx_word' id='word_1_725' title='bbox 2742 3137 2808 3190; x_wconf 87' lang='lat' dir='ltr'><strong>ad</strong></span> <span class='ocrx_word' id='word_1_726' title='bbox 2837 3136 3245 3195; x_wconf 81' lang='lat' dir='ltr'><strong>discernendum</strong></span> <span class='ocrx_word' id='word_1_727' title='bbox 3274 3146 3441 3213; x_wconf 83' lang='lat' dir='ltr'><strong>spiri-</strong></span> 
     </span>
    </p>
   </div>
   <div class='ocr_carea' id='block_1_91' title="bbox 1848 3221 3444 3309">
    <p class='ocr_par' dir='ltr' id='par_1_91' title="bbox 1848 3221 3444 3309">
     <span class='ocr_line' id='line_1_91' title="bbox 1848 3221 3444 3309; baseline 0.013 -35"><span class='ocrx_word' id='word_1_728' title='bbox 1848 3221 2042 3276; x_wconf 89' lang='lat' dir='ltr'><strong>tualem</strong></span> <span class='ocrx_word' id='word_1_729' title='bbox 2067 3221 2508 3280; x_wconf 78' lang='lat' dir='ltr'><strong>illuminationem</strong></span> <span class='ocrx_word' id='word_1_730' title='bbox 2537 3227 2603 3281; x_wconf 89' lang='lat' dir='ltr'><strong>ab</strong></span> <span class='ocrx_word' id='word_1_731' title='bbox 2629 3233 2726 3281; x_wconf 86' lang='lat' dir='ltr'><strong>ista</strong></span> <span class='ocrx_word' id='word_1_732' title='bbox 2751 3232 3038 3299; x_wconf 87' lang='lat' dir='ltr'><strong>corporali,</strong></span> <span class='ocrx_word' id='word_1_733' title='bbox 3063 3249 3182 3303; x_wconf 75' lang='lat' dir='ltr'><strong>qua:</strong></span> <span class='ocrx_word' id='word_1_734' title='bbox 3200 3236 3318 3292; x_wconf 76' lang='lat' dir='ltr'><strong>sive</strong></span> <span class='ocrx_word' id='word_1_735' title='bbox 3345 3252 3444 3309; x_wconf 89' lang='lat' dir='ltr'><strong>per</strong></span> 
     </span>
    </p>
   </div>
   <div class='ocr_carea' id='block_1_92' title="bbox 1844 3313 3445 3392">
    <p class='ocr_par' dir='ltr' id='par_1_92' title="bbox 1844 3313 3445 3392">
     <span class='ocr_line' id='line_1_92' title="bbox 1844 3313 3445 3392; baseline 0.011 -24"><span class='ocrx_word' id='word_1_736' title='bbox 1844 3313 1966 3368; x_wconf 66' lang='grc' dir='ltr'>(διιειὶ</span> <span class='ocrx_word' id='word_1_737' title='bbox 1991 3314 2291 3380; x_wconf 86' lang='lat' dir='ltr'><strong>luminaria,</strong></span> <span class='ocrx_word' id='word_1_738' title='bbox 2313 3316 2424 3371; x_wconf 87' lang='lat' dir='ltr'><strong>sive</strong></span> <span class='ocrx_word' id='word_1_739' title='bbox 2441 3318 2736 3390; x_wconf 76' lang='lat' dir='ltr'><strong>quibusque</strong></span> <span class='ocrx_word' id='word_1_740' title='bbox 2754 3319 2774 3350; x_wconf 72' lang='grc'>⁸</span> <span class='ocrx_word' id='word_1_741' title='bbox 2799 3321 3005 3392; x_wconf 80' lang='lat' dir='ltr'><strong>ignibus</strong></span> <span class='ocrx_word' id='word_1_742' title='bbox 3028 3324 3289 3381; x_wconf 83' lang='lat' dir='ltr'><strong>illuminat</strong></span> <span class='ocrx_word' id='word_1_743' title='bbox 3315 3344 3445 3385; x_wconf 78' lang='lat' dir='ltr'><strong>ocu-</strong></span> 
     </span>
    </p>
   </div>
   <div class='ocr_carea' id='block_1_93' title="bbox 1846 3400 3438 3479">
    <p class='ocr_par' dir='ltr' id='par_1_93' title="bbox 1846 3400 3438 3479">
     <span class='ocr_line' id='line_1_93' title="bbox 1846 3400 3438 3479; baseline 0.013 -20"><span class='ocrx_word' id='word_1_744' title='bbox 1846 3405 1925 3460; x_wconf 75' lang='lat' dir='ltr'><strong>los</strong></span> <span class='ocrx_word' id='word_1_745' title='bbox 1952 3407 2160 3473; x_wconf 88' lang='lat' dir='ltr'><strong>carnis;</strong></span> <span class='ocrx_word' id='word_1_746' title='bbox 2185 3423 2240 3462; x_wconf 88' lang='lat' dir='ltr'><strong>ut</strong></span> <span class='ocrx_word' id='word_1_747' title='bbox 2268 3408 2537 3465; x_wconf 86' lang='lat' dir='ltr'><strong>hominem</strong></span> <span class='ocrx_word' id='word_1_748' title='bbox 2566 3412 2873 3468; x_wconf 72' lang='lat' dir='ltr'><strong>interiorem</strong></span> <span class='ocrx_word' id='word_1_749' title='bbox 2903 3416 3102 3471; x_wconf 78' lang='lat' dir='ltr'><strong>dixerit</strong></span> <span class='ocrx_word' id='word_1_750' title='bbox 3134 3400 3438 3479; x_wconf 86' lang='lat' dir='ltr'><strong>venientem</strong></span> 
     </span>
    </p>
   </div>
   <div class='ocr_carea' id='block_1_94' title="bbox 1845 3496 3443 3573">
    <p class='ocr_par' dir='ltr' id='par_1_94' title="bbox 1845 3496 3443 3573">
     <span class='ocr_line' id='line_1_94' title="bbox 1845 3496 3443 3573; baseline 0.011 -23"><span class='ocrx_word' id='word_1_751' title='bbox 1845 3496 1899 3550; x_wconf 92' lang='lat' dir='ltr'><strong>in</strong></span> <span class='ocrx_word' id='word_1_752' title='bbox 1934 3497 2075 3551; x_wconf 90' lang='lat' dir='ltr'><strong>hunc</strong></span> <span class='ocrx_word' id='word_1_753' title='bbox 2104 3497 2378 3561; x_wconf 85' lang='lat' dir='ltr'><strong>mundum,</strong></span> <span class='ocrx_word' id='word_1_754' title='bbox 2429 3502 2550 3570; x_wconf 90' lang='lat' dir='ltr'><strong>quia</strong></span> <span class='ocrx_word' id='word_1_755' title='bbox 2580 3505 2817 3558; x_wconf 75' lang='lat' dir='ltr'><strong>exterior</strong></span> <span class='ocrx_word' id='word_1_756' title='bbox 2844 3519 3138 3573; x_wconf 73' lang='lat' dir='ltr'><strong>corporeus</strong></span> <span class='ocrx_word' id='word_1_757' title='bbox 3163 3521 3265 3571; x_wconf 83' lang='lat' dir='ltr'><strong>est.</strong></span> <span class='ocrx_word' id='word_1_758' title='bbox 3306 3512 3443 3568; x_wconf 87' lang='lat' dir='ltr'><strong>sicut</strong></span> 
     </span>
    </p>
   </div>
   <div class='ocr_carea' id='block_1_95' title="bbox 1846 3586 3443 3662">
    <p class='ocr_par' dir='ltr' id='par_1_95' title="bbox 1846 3586 3443 3662">
     <span class='ocr_line' id='line_1_95' title="bbox 1846 3586 3443 3662; baseline 0.011 -21"><span class='ocrx_word' id='word_1_759' title='bbox 1846 3586 1932 3642; x_wconf 86' lang='lat' dir='ltr'><strong>hic</strong></span> <span class='ocrx_word' id='word_1_760' title='bbox 1963 3588 2232 3656; x_wconf 91' lang='lat' dir='ltr'><strong>mundus;</strong></span> <span class='ocrx_word' id='word_1_761' title='bbox 2266 3601 2513 3662; x_wconf 89' lang='lat' dir='ltr'><strong>tanquam</strong></span> <span class='ocrx_word' id='word_1_762' title='bbox 2544 3593 2767 3662; x_wconf 86' lang='lat' dir='ltr'><strong>diceret,</strong></span> <span class='ocrx_word' id='word_1_763' title='bbox 2811 3596 3077 3653; x_wconf 87' lang='lat' dir='ltr'><strong>Illnminat</strong></span> <span class='ocrx_word' id='word_1_764' title='bbox 3102 3615 3316 3658; x_wconf 90' lang='lat' dir='ltr'><strong>omnem</strong></span> <span class='ocrx_word' id='word_1_765' title='bbox 3346 3604 3443 3659; x_wconf 64' lang='lat' dir='ltr'><strong>hoc</strong></span> 
     </span>
    </p>
   </div>
   <div class='ocr_carea' id='block_1_96' title="bbox 1846 3682 3440 3767">
    <p class='ocr_par' dir='ltr' id='par_1_96' title="bbox 1846 3682 3440 3767">
     <span class='ocr_line' id='line_1_96' title="bbox 1846 3682 3440 3767; baseline 0.011 -31"><span class='ocrx_word' id='word_1_766' title='bbox 1846 3682 2043 3736; x_wconf 86' lang='lat' dir='ltr'><strong>minem</strong></span> <span class='ocrx_word' id='word_1_767' title='bbox 2076 3684 2375 3738; x_wconf 87' lang='lat' dir='ltr'><strong>venientem</strong></span> <span class='ocrx_word' id='word_1_768' title='bbox 2424 3686 2475 3739; x_wconf 90' lang='lat' dir='ltr'><strong>in</strong></span> <span class='ocrx_word' id='word_1_769' title='bbox 2517 3700 2748 3757; x_wconf 83' lang='lat' dir='ltr'><strong>corpus,</strong></span> <span class='ocrx_word' id='word_1_770' title='bbox 2781 3692 3073 3747; x_wconf 87' lang='lat' dir='ltr'><strong>secmnlum</strong></span> <span class='ocrx_word' id='word_1_771' title='bbox 3120 3695 3249 3749; x_wconf 89' lang='lat' dir='ltr'><strong>illud</strong></span> <span class='ocrx_word' id='word_1_772' title='bbox 3298 3697 3440 3767; x_wconf 71' lang='lat' dir='ltr'><strong>quini</strong></span> 
     </span>
    </p>
   </div>
   <div class='ocr_carea' id='block_1_97' title="bbox 1845 3774 3442 3849">
    <p class='ocr_par' dir='ltr' id='par_1_97' title="bbox 1845 3774 3442 3849">
     <span class='ocr_line' id='line_1_97' title="bbox 1845 3774 3442 3849; baseline 0.009 -21"><span class='ocrx_word' id='word_1_773' title='bbox 1845 3774 2100 3843; x_wconf 87' lang='lat' dir='ltr'><strong>scriptum</strong></span> <span class='ocrx_word' id='word_1_774' title='bbox 2129 3783 2248 3828; x_wconf 86' lang='lat' dir='ltr'><strong>est:</strong></span> <span class='ocrx_word' id='word_1_775' title='bbox 2278 3775 2503 3831; x_wconf 86' lang='lat' dir='ltr'><strong>Sortitus</strong></span> <span class='ocrx_word' id='word_1_776' title='bbox 2532 3794 2645 3831; x_wconf 89' lang='lat' dir='ltr'><strong>sum</strong></span> <span class='ocrx_word' id='word_1_777' title='bbox 2671 3781 2893 3833; x_wconf 82' lang='lat' dir='ltr'><strong>animum</strong></span> <span class='ocrx_word' id='word_1_778' title='bbox 2919 3780 3102 3836; x_wconf 85' lang='lat' dir='ltr'><strong>bonam</strong></span> <span class='ocrx_word' id='word_1_779' title='bbox 3126 3826 3141 3849; x_wconf 95' lang='lat'><strong>,</strong></span> <span class='ocrx_word' id='word_1_780' title='bbox 3174 3795 3218 3840; x_wconf 92' lang='lat' dir='ltr'><strong>et</strong></span> <span class='ocrx_word' id='word_1_781' title='bbox 3245 3787 3356 3840; x_wconf 75' lang='lat' dir='ltr'><strong>verti</strong></span> <span class='ocrx_word' id='word_1_782' title='bbox 3387 3788 3442 3843; x_wconf 85' lang='lat' dir='ltr'><strong>in</strong></span> 
     </span>
    </p>
   </div>
   <div class='ocr_carea' id='block_1_98' title="bbox 1844 3866 3442 3945">
    <p class='ocr_par' dir='ltr' id='par_1_98' title="bbox 1844 3866 3442 3945">
     <span class='ocr_line' id='line_1_98' title="bbox 1844 3866 3442 3945; baseline 0.01 -26"><span class='ocrx_word' id='word_1_783' title='bbox 1844 3880 2028 3937; x_wconf 86' lang='lat' dir='ltr'><strong>corpus</strong></span> <span class='ocrx_word' id='word_1_784' title='bbox 2069 3866 2499 3936; x_wconf 85' lang='lat' dir='ltr'><strong>iucoinquinatum</strong></span> <span class='ocrx_word' id='word_1_785' title='bbox 2539 3868 2708 3941; x_wconf 75' lang='lat' dir='ltr'><strong>(Sep.</strong></span> <span class='ocrx_word' id='word_1_786' title='bbox 2738 3886 2833 3927; x_wconf 81' lang='lat' dir='ltr'><strong>vm</strong></span> <span class='ocrx_word' id='word_1_787' title='bbox 2856 3914 2871 3939; x_wconf 93' lang='lat'><strong>,</strong></span> <span class='ocrx_word' id='word_1_788' title='bbox 2904 3873 2972 3929; x_wconf 77' lang='lat' dir='ltr'><strong>l9</strong></span> <span class='ocrx_word' id='word_1_789' title='bbox 2991 3917 3005 3941; x_wconf 93' lang='lat'><strong>,</strong></span> <span class='ocrx_word' id='word_1_790' title='bbox 3051 3874 3122 3931; x_wconf 70' lang='lat'><strong>9.0</strong></span> <span class='ocrx_word' id='word_1_791' title='bbox 3147 3882 3185 3945; x_wconf 92' lang='lat'><strong>).</strong></span> <span class='ocrx_word' id='word_1_792' title='bbox 3214 3878 3321 3933; x_wconf 82' lang='lat' dir='ltr'><strong>Aut</strong></span> <span class='ocrx_word' id='word_1_793' title='bbox 3350 3896 3442 3935; x_wconf 82' lang='lat' dir='ltr'><strong>er-</strong></span> 
     </span>
    </p>
   </div>
   <div class='ocr_carea' id='block_1_99' title="bbox 1818 3957 3435 4040">
    <p class='ocr_par' dir='ltr' id='par_1_99' title="bbox 1818 3957 3435 4040">
     <span class='ocr_line' id='line_1_99' title="bbox 1818 3957 3435 4040; baseline 0.012 -33"><span class='ocrx_word' id='word_1_794' title='bbox 1818 3971 1912 4027; x_wconf 83' lang='lat' dir='ltr'><strong>.go</strong></span> <span class='ocrx_word' id='word_1_795' title='bbox 1963 3957 2040 4012; x_wconf 90' lang='lat' dir='ltr'><strong>sic</strong></span> <span class='ocrx_word' id='word_1_796' title='bbox 2092 3958 2288 4013; x_wconf 91' lang='lat' dir='ltr'><strong>dictum</strong></span> <span class='ocrx_word' id='word_1_797' title='bbox 2339 3970 2451 4024; x_wconf 85' lang='lat' dir='ltr'><strong>est,</strong></span> <span class='ocrx_word' id='word_1_798' title='bbox 2498 3961 2543 4015; x_wconf 90' lang='lat' dir='ltr'><strong>si</strong></span> <span class='ocrx_word' id='word_1_799' title='bbox 2593 3961 2953 4020; x_wconf 88' lang='lat' dir='ltr'><strong>distinctionis</strong></span> <span class='ocrx_word' id='word_1_800' title='bbox 2990 3966 3216 4036; x_wconf 75' lang='lat' dir='ltr'><strong>alicujus</strong></span> <span class='ocrx_word' id='word_1_801' title='bbox 3263 3972 3435 4040; x_wconf 85' lang='lat' dir='ltr'><strong>gratia</strong></span> 
     </span>
    </p>
   </div>
   <div class='ocr_carea' id='block_1_100' title="bbox 1844 4048 3439 4117">
    <p class='ocr_par' dir='ltr' id='par_1_100' title="bbox 1844 4048 3439 4117">
     <span class='ocr_line' id='line_1_100' title="bbox 1844 4048 3439 4117; baseline 0.009 -15"><span class='ocrx_word' id='word_1_802' title='bbox 1844 4048 2043 4103; x_wconf 90' lang='lat' dir='ltr'><strong>dictum</strong></span> <span class='ocrx_word' id='word_1_803' title='bbox 2096 4058 2227 4114; x_wconf 88' lang='lat' dir='ltr'><strong>est;</strong></span> <span class='ocrx_word' id='word_1_804' title='bbox 2282 4048 2549 4106; x_wconf 87' lang='lat' dir='ltr'><strong>Illuminat</strong></span> <span class='ocrx_word' id='word_1_805' title='bbox 2597 4069 2793 4108; x_wconf 89' lang='lat' dir='ltr'><strong>omnem</strong></span> <span class='ocrx_word' id='word_1_806' title='bbox 2847 4056 3100 4111; x_wconf 87' lang='lat' dir='ltr'><strong>hominem</strong></span> <span class='ocrx_word' id='word_1_807' title='bbox 3157 4064 3439 4117; x_wconf 72' lang='lat' dir='ltr'><strong>venientem</strong></span> 
     </span>
    </p>
   </div>
   <div class='ocr_carea' id='block_1_101' title="bbox 1844 4139 3441 4214">
    <p class='ocr_par' dir='ltr' id='par_1_101' title="bbox 1844 4139 3441 4214">
     <span class='ocr_line' id='line_1_101' title="bbox 1844 4139 3441 4214; baseline 0.01 -21"><span class='ocrx_word' id='word_1_808' title='bbox 1844 4140 1896 4193; x_wconf 79' lang='lat' dir='ltr'><strong>in</strong></span> <span class='ocrx_word' id='word_1_809' title='bbox 1918 4139 2049 4193; x_wconf 86' lang='lat' dir='ltr'><strong>hunc</strong></span> <span class='ocrx_word' id='word_1_810' title='bbox 2093 4139 2372 4208; x_wconf 84' lang='lat' dir='ltr'><strong>mundum;</strong></span> <span class='ocrx_word' id='word_1_811' title='bbox 2418 4152 2666 4212; x_wconf 86' lang='lat' dir='ltr'><strong>tanquam</strong></span> <span class='ocrx_word' id='word_1_812' title='bbox 2710 4144 2910 4200; x_wconf 73' lang='lat' dir='ltr'><strong>dictum</strong></span> <span class='ocrx_word' id='word_1_813' title='bbox 2952 4159 3127 4214; x_wconf 79' lang='lat' dir='ltr'><strong>eSSct,</strong></span> <span class='ocrx_word' id='word_1_814' title='bbox 3177 4152 3441 4209; x_wconf 85' lang='lat' dir='ltr'><strong>lllnminat</strong></span> 
     </span>
    </p>
   </div>
   <div class='ocr_carea' id='block_1_102' title="bbox 1845 4234 3443 4310">
    <p class='ocr_par' dir='ltr' id='par_1_102' title="bbox 1845 4234 3443 4310">
     <span class='ocr_line' id='line_1_102' title="bbox 1845 4234 3443 4310; baseline 0.011 -24"><span class='ocrx_word' id='word_1_815' title='bbox 1845 4247 2061 4288; x_wconf 89' lang='lat' dir='ltr'><strong>onmem</strong></span> <span class='ocrx_word' id='word_1_816' title='bbox 2128 4234 2435 4290; x_wconf 87' lang='lat' dir='ltr'><strong>interiorem</strong></span> <span class='ocrx_word' id='word_1_817' title='bbox 2485 4236 2791 4305; x_wconf 85' lang='lat' dir='ltr'><strong>hominem,</strong></span> <span class='ocrx_word' id='word_1_818' title='bbox 2839 4241 2961 4310; x_wconf 85' lang='lat' dir='ltr'><strong>quia</strong></span> <span class='ocrx_word' id='word_1_819' title='bbox 3008 4240 3167 4297; x_wconf 84' lang='lat' dir='ltr'><strong>homo</strong></span> <span class='ocrx_word' id='word_1_820' title='bbox 3217 4244 3443 4302; x_wconf 78' lang='lat' dir='ltr'><strong>interior</strong></span> 
     </span>
    </p>
   </div>
   <div class='ocr_carea' id='block_1_103' title="bbox 1843 4325 3442 4396">
    <p class='ocr_par' dir='ltr' id='par_1_103' title="bbox 1843 4325 3442 4396">
     <span class='ocr_line' id='line_1_103' title="bbox 1843 4325 3442 4396; baseline 0.009 -18"><span class='ocrx_word' id='word_1_821' title='bbox 1843 4338 1965 4378; x_wconf 90' lang='lat' dir='ltr'><strong>cum</strong></span> <span class='ocrx_word' id='word_1_822' title='bbox 2017 4326 2275 4380; x_wconf 87' lang='lat' dir='ltr'><strong>veraciter</strong></span> <span class='ocrx_word' id='word_1_823' title='bbox 2312 4325 2370 4379; x_wconf 87' lang='lat' dir='ltr'><strong>lit</strong></span> <span class='ocrx_word' id='word_1_824' title='bbox 2415 4326 2629 4396; x_wconf 78' lang='lat' dir='ltr'><strong>sapiens</strong></span> <span class='ocrx_word' id='word_1_825' title='bbox 2665 4369 2679 4391; x_wconf 95' lang='lat'><strong>,</strong></span> <span class='ocrx_word' id='word_1_826' title='bbox 2737 4331 2947 4386; x_wconf 82' lang='lat' dir='ltr'><strong>nonnisi</strong></span> <span class='ocrx_word' id='word_1_827' title='bbox 2997 4332 3066 4387; x_wconf 87' lang='lat' dir='ltr'><strong>ab</strong></span> <span class='ocrx_word' id='word_1_828' title='bbox 3102 4334 3193 4388; x_wconf 91' lang='lat' dir='ltr'><strong>illo</strong></span> <span class='ocrx_word' id='word_1_829' title='bbox 3244 4335 3442 4393; x_wconf 81' lang='lat' dir='ltr'><strong>illumi-</strong></span> 
     </span>
    </p>
   </div>
   <div class='ocr_carea' id='block_1_104' title="bbox 1846 4417 3438 4497">
    <p class='ocr_par' dir='ltr' id='par_1_104' title="bbox 1846 4417 3438 4497">
     <span class='ocr_line' id='line_1_104' title="bbox 1846 4417 3438 4497; baseline 0.008 -26"><span class='ocrx_word' id='word_1_830' title='bbox 1846 4425 2002 4471; x_wconf 88' lang='lat' dir='ltr'><strong>natur</strong></span> <span class='ocrx_word' id='word_1_831' title='bbox 2026 4418 2113 4488; x_wconf 87' lang='lat' dir='ltr'><strong>qui</strong></span> <span class='ocrx_word' id='word_1_832' title='bbox 2136 4417 2160 4450; x_wconf 82' lang='grc'>⁸</span> <span class='ocrx_word' id='word_1_833' title='bbox 2185 4426 2267 4473; x_wconf 90' lang='lat' dir='ltr'><strong>est</strong></span> <span class='ocrx_word' id='word_1_834' title='bbox 2287 4419 2465 4473; x_wconf 88' lang='lat' dir='ltr'><strong>lumen</strong></span> <span class='ocrx_word' id='word_1_835' title='bbox 2497 4434 2678 4474; x_wconf 86' lang='lat' dir='ltr'><strong>verum</strong></span> <span class='ocrx_word' id='word_1_836' title='bbox 2707 4439 2718 4474; x_wconf 90' lang='lat'><strong>:</strong></span> <span class='ocrx_word' id='word_1_837' title='bbox 2744 4431 2837 4476; x_wconf 86' lang='lat' dir='ltr'><strong>aut</strong></span> <span class='ocrx_word' id='word_1_838' title='bbox 2860 4422 2904 4477; x_wconf 79' lang='lat' dir='ltr'><strong>si</strong></span> <span class='ocrx_word' id='word_1_839' title='bbox 2934 4424 3194 4479; x_wconf 89' lang='lat' dir='ltr'><strong>rationem</strong></span> <span class='ocrx_word' id='word_1_840' title='bbox 3231 4427 3400 4497; x_wconf 87' lang='lat' dir='ltr'><strong>ipsam</strong></span> <span class='ocrx_word' id='word_1_841' title='bbox 3422 4472 3438 4494; x_wconf 90' lang='lat'><strong>,</strong></span> 
     </span>
    </p>
   </div>
   <div class='ocr_carea' id='block_1_105' title="bbox 1843 4510 3442 4590">
    <p class='ocr_par' dir='ltr' id='par_1_105' title="bbox 1843 4510 3442 4590">
     <span class='ocr_line' id='line_1_105' title="bbox 1843 4510 3442 4590; baseline 0.009 -26"><span class='ocrx_word' id='word_1_842' title='bbox 1843 4526 1947 4582; x_wconf 88' lang='lat' dir='ltr'><strong>qua</strong></span> <span class='ocrx_word' id='word_1_843' title='bbox 1985 4510 2215 4566; x_wconf 86' lang='lat' dir='ltr'><strong>humana</strong></span> <span class='ocrx_word' id='word_1_844' title='bbox 2255 4513 2431 4567; x_wconf 87' lang='lat' dir='ltr'><strong>anima</strong></span> <span class='ocrx_word' id='word_1_845' title='bbox 2472 4514 2745 4569; x_wconf 85' lang='lat' dir='ltr'><strong>rationalis</strong></span> <span class='ocrx_word' id='word_1_846' title='bbox 2788 4517 3107 4586; x_wconf 86' lang='lat' dir='ltr'><strong>appellatur,</strong></span> <span class='ocrx_word' id='word_1_847' title='bbox 3152 4536 3273 4590; x_wconf 77' lang='lat' dir='ltr'><strong>qua:</strong></span> <span class='ocrx_word' id='word_1_848' title='bbox 3306 4524 3442 4578; x_wconf 72' lang='lat' dir='ltr'><strong>ratio</strong></span> 
     </span>
    </p>
   </div>
   <div class='ocr_carea' id='block_1_106' title="bbox 1843 4602 3439 4677">
    <p class='ocr_par' dir='ltr' id='par_1_106' title="bbox 1843 4602 3439 4677">
     <span class='ocr_line' id='line_1_106' title="bbox 1843 4602 3439 4677; baseline 0.008 -20"><span class='ocrx_word' id='word_1_849' title='bbox 1843 4603 2018 4657; x_wconf 89' lang='lat' dir='ltr'><strong>adhuc</strong></span> <span class='ocrx_word' id='word_1_850' title='bbox 2059 4602 2205 4658; x_wconf 88' lang='lat' dir='ltr'><strong>velut</strong></span> <span class='ocrx_word' id='word_1_851' title='bbox 2249 4603 2426 4674; x_wconf 87' lang='lat' dir='ltr'><strong>quieta</strong></span> <span class='ocrx_word' id='word_1_852' title='bbox 2464 4612 2521 4659; x_wconf 90' lang='lat' dir='ltr'><strong>et</strong></span> <span class='ocrx_word' id='word_1_853' title='bbox 2555 4606 2705 4675; x_wconf 88' lang='lat' dir='ltr'><strong>quasi</strong></span> <span class='ocrx_word' id='word_1_854' title='bbox 2743 4608 2934 4677; x_wconf 88' lang='lat' dir='ltr'><strong>sopita,</strong></span> <span class='ocrx_word' id='word_1_855' title='bbox 2984 4618 3161 4665; x_wconf 89' lang='lat' dir='ltr'><strong>tamen</strong></span> <span class='ocrx_word' id='word_1_856' title='bbox 3204 4612 3357 4668; x_wconf 87' lang='lat' dir='ltr'><strong>insita</strong></span> <span class='ocrx_word' id='word_1_857' title='bbox 3385 4625 3439 4670; x_wconf 85' lang='lat' dir='ltr'><strong>ct</strong></span> 
     </span>
    </p>
   </div>
   <div class='ocr_carea' id='block_1_107' title="bbox 1844 4693 3436 4766">
    <p class='ocr_par' dir='ltr' id='par_1_107' title="bbox 1844 4693 3436 4766">
     <span class='ocr_line' id='line_1_107' title="bbox 1844 4693 3436 4766; baseline 0.007 -19"><span class='ocrx_word' id='word_1_858' title='bbox 1844 4693 2073 4764; x_wconf 88' lang='lat' dir='ltr'><strong>quodam</strong></span> <span class='ocrx_word' id='word_1_859' title='bbox 2115 4693 2274 4748; x_wconf 89' lang='lat' dir='ltr'><strong>modo</strong></span> <span class='ocrx_word' id='word_1_860' title='bbox 2303 4694 2617 4750; x_wconf 89' lang='lat' dir='ltr'><strong>inseminata</strong></span> <span class='ocrx_word' id='word_1_861' title='bbox 2648 4696 2702 4751; x_wconf 91' lang='lat' dir='ltr'><strong>in</strong></span> <span class='ocrx_word' id='word_1_862' title='bbox 2728 4698 2960 4766; x_wconf 64' lang='lat' dir='ltr'><strong>pariulis</strong></span> <span class='ocrx_word' id='word_1_863' title='bbox 2987 4699 3133 4766; x_wconf 82' lang='lat' dir='ltr'><strong>latet,</strong></span> <span class='ocrx_word' id='word_1_864' title='bbox 3163 4701 3436 4757; x_wconf 77' lang='lat' dir='ltr'><strong>illumina-</strong></span> 
     </span>
    </p>
   </div>
   <div class='ocr_carea' id='block_1_108' title="bbox 1845 4785 3439 4857">
    <p class='ocr_par' dir='ltr' id='par_1_108' title="bbox 1845 4785 3439 4857">
     <span class='ocr_line' id='line_1_108' title="bbox 1845 4785 3439 4857; baseline 0.006 -17"><span class='ocrx_word' id='word_1_865' title='bbox 1845 4785 2044 4841; x_wconf 89' lang='lat' dir='ltr'><strong>tionem</strong></span> <span class='ocrx_word' id='word_1_866' title='bbox 2101 4785 2271 4840; x_wconf 86' lang='lat' dir='ltr'><strong>voluit</strong></span> <span class='ocrx_word' id='word_1_867' title='bbox 2315 4787 2615 4857; x_wconf 89' lang='lat' dir='ltr'><strong>appellare,</strong></span> <span class='ocrx_word' id='word_1_868' title='bbox 2676 4795 2925 4857; x_wconf 82' lang='lat' dir='ltr'><strong>tanquam</strong></span> <span class='ocrx_word' id='word_1_869' title='bbox 2978 4791 3250 4847; x_wconf 88' lang='lat' dir='ltr'><strong>interioris</strong></span> <span class='ocrx_word' id='word_1_870' title='bbox 3294 4795 3439 4851; x_wconf 82' lang='lat' dir='ltr'><strong>oculi</strong></span> 
     </span>
    </p>
   </div>
   <div class='ocr_carea' id='block_1_109' title="bbox 1842 4879 3437 4952">
    <p class='ocr_par' dir='ltr' id='par_1_109' title="bbox 1842 4879 3437 4952">
     <span class='ocr_line' id='line_1_109' title="bbox 1842 4879 3437 4952; baseline 0.006 -17"><span class='ocrx_word' id='word_1_871' title='bbox 1842 4879 2168 4935; x_wconf 88' lang='lat' dir='ltr'><strong>creationem</strong></span> <span class='ocrx_word' id='word_1_872' title='bbox 2186 4895 2200 4943; x_wconf 93' lang='lat'><strong>;</strong></span> <span class='ocrx_word' id='word_1_873' title='bbox 2218 4892 2321 4933; x_wconf 90' lang='lat' dir='ltr'><strong>non</strong></span> <span class='ocrx_word' id='word_1_874' title='bbox 2341 4880 2694 4935; x_wconf 87' lang='lat' dir='ltr'><strong>resistendum</strong></span> <span class='ocrx_word' id='word_1_875' title='bbox 2722 4889 2824 4946; x_wconf 84' lang='lat' dir='ltr'><strong>est,</strong></span> <span class='ocrx_word' id='word_1_876' title='bbox 2845 4890 2968 4937; x_wconf 88' lang='lat' dir='ltr'><strong>tunc</strong></span> <span class='ocrx_word' id='word_1_877' title='bbox 2992 4896 3112 4937; x_wconf 90' lang='lat' dir='ltr'><strong>eam</strong></span> <span class='ocrx_word' id='word_1_878' title='bbox 3141 4885 3252 4939; x_wconf 74' lang='grc' dir='ltr'><strong>ηυιὶ</strong></span> <span class='ocrx_word' id='word_1_879' title='bbox 3275 4902 3289 4952; x_wconf 89' lang='grc'>;</span> <span class='ocrx_word' id='word_1_880' title='bbox 3313 4901 3437 4943; x_wconf 81' lang='lat' dir='ltr'><strong>cum</strong></span> 
     </span>
    </p>
   </div>
   <div class='ocr_carea' id='block_1_110' title="bbox 1842 4970 3438 5047">
    <p class='ocr_par' dir='ltr' id='par_1_110' title="bbox 1842 4970 3438 5047">
     <span class='ocr_line' id='line_1_110' title="bbox 1842 4970 3438 5047; baseline 0.008 -23"><span class='ocrx_word' id='word_1_881' title='bbox 1842 4970 2020 5025; x_wconf 89' lang='lat' dir='ltr'><strong>anima</strong></span> <span class='ocrx_word' id='word_1_882' title='bbox 2069 4979 2301 5037; x_wconf 89' lang='lat' dir='ltr'><strong>creatur,</strong></span> <span class='ocrx_word' id='word_1_883' title='bbox 2355 4978 2409 5027; x_wconf 89' lang='lat' dir='ltr'><strong>et</strong></span> <span class='ocrx_word' id='word_1_884' title='bbox 2451 4986 2557 5025; x_wconf 92' lang='lat' dir='ltr'><strong>non</strong></span> <span class='ocrx_word' id='word_1_885' title='bbox 2607 4970 2836 5025; x_wconf 85' lang='lat' dir='ltr'><strong>absurde</strong></span> <span class='ocrx_word' id='word_1_886' title='bbox 2884 4972 2985 5029; x_wconf 89' lang='lat' dir='ltr'><strong>hoc</strong></span> <span class='ocrx_word' id='word_1_887' title='bbox 3030 4975 3269 5047; x_wconf 87' lang='lat' dir='ltr'><strong>intelligi,</strong></span> <span class='ocrx_word' id='word_1_888' title='bbox 3314 4994 3438 5036; x_wconf 84' lang='lat' dir='ltr'><strong>cum</strong></span> 
     </span>
    </p>
   </div>
   <div class='ocr_carea' id='block_1_111' title="bbox 1845 5060 3437 5141">
    <p class='ocr_par' dir='ltr' id='par_1_111' title="bbox 1845 5060 3437 5141">
     <span class='ocr_line' id='line_1_111' title="bbox 1845 5060 3437 5141; baseline 0.004 -26"><span class='ocrx_word' id='word_1_889' title='bbox 1845 5061 2008 5115; x_wconf 83' lang='lat' dir='ltr'><strong>homo</strong></span> <span class='ocrx_word' id='word_1_890' title='bbox 2044 5060 2191 5115; x_wconf 87' lang='lat' dir='ltr'><strong>venit</strong></span> <span class='ocrx_word' id='word_1_891' title='bbox 2236 5060 2289 5115; x_wconf 92' lang='lat' dir='ltr'><strong>in</strong></span> <span class='ocrx_word' id='word_1_892' title='bbox 2334 5063 2612 5115; x_wconf 90' lang='lat' dir='ltr'><strong>mundum.</strong></span> <span class='ocrx_word' id='word_1_893' title='bbox 2663 5060 3040 5119; x_wconf 85' lang='lat' dir='ltr'><strong>Verumtamen</strong></span> <span class='ocrx_word' id='word_1_894' title='bbox 3085 5067 3245 5122; x_wconf 78' lang='lat' dir='ltr'><strong>etiam</strong></span> <span class='ocrx_word' id='word_1_895' title='bbox 3297 5070 3437 5141; x_wconf 75' lang='lat' dir='ltr'><strong>ipso,</strong></span> 
     </span>
    </p>
   </div>
   <div class='ocr_carea' id='block_1_112' title="bbox 1842 5152 3439 5224">
    <p class='ocr_par' dir='ltr' id='par_1_112' title="bbox 1842 5152 3439 5224">
     <span class='ocr_line' id='line_1_112' title="bbox 1842 5152 3439 5224; baseline 0.008 -18"><span class='ocrx_word' id='word_1_896' title='bbox 1842 5152 2084 5224; x_wconf 85' lang='lat' dir='ltr'><strong>quamvis</strong></span> <span class='ocrx_word' id='word_1_897' title='bbox 2107 5155 2215 5222; x_wconf 87' lang='lat' dir='ltr'><strong>jam</strong></span> <span class='ocrx_word' id='word_1_898' title='bbox 2247 5160 2455 5208; x_wconf 83' lang='lat' dir='ltr'><strong>creatus</strong></span> <span class='ocrx_word' id='word_1_899' title='bbox 2492 5152 2678 5207; x_wconf 87' lang='lat' dir='ltr'><strong>oculus</strong></span> <span class='ocrx_word' id='word_1_900' title='bbox 2706 5195 2720 5217; x_wconf 93' lang='lat'><strong>,</strong></span> <span class='ocrx_word' id='word_1_901' title='bbox 2764 5170 2986 5212; x_wconf 88' lang='lat' dir='ltr'><strong>necesse</strong></span> <span class='ocrx_word' id='word_1_902' title='bbox 3010 5168 3090 5213; x_wconf 86' lang='lat' dir='ltr'><strong>est</strong></span> <span class='ocrx_word' id='word_1_903' title='bbox 3118 5159 3170 5214; x_wconf 93' lang='lat' dir='ltr'><strong>in</strong></span> <span class='ocrx_word' id='word_1_904' title='bbox 3203 5164 3439 5218; x_wconf 81' lang='lat' dir='ltr'><strong>tenebris</strong></span> 
     </span>
    </p>
   </div>
   <div class='ocr_carea' id='block_1_113' title="bbox 1843 5241 3432 5323">
    <p class='ocr_par' dir='ltr' id='par_1_113' title="bbox 1843 5241 3432 5323">
     <span class='ocr_line' id='line_1_113' title="bbox 1843 5241 3432 5323; baseline 0.006 -24"><span class='ocrx_word' id='word_1_905' title='bbox 1843 5254 2075 5308; x_wconf 85' lang='lat' dir='ltr'><strong>maneat,</strong></span> <span class='ocrx_word' id='word_1_906' title='bbox 2103 5244 2148 5298; x_wconf 91' lang='lat' dir='ltr'><strong>si</strong></span> <span class='ocrx_word' id='word_1_907' title='bbox 2177 5257 2282 5298; x_wconf 89' lang='lat' dir='ltr'><strong>non</strong></span> <span class='ocrx_word' id='word_1_908' title='bbox 2322 5241 2508 5298; x_wconf 86' lang='lat' dir='ltr'><strong>credat</strong></span> <span class='ocrx_word' id='word_1_909' title='bbox 2535 5243 2589 5297; x_wconf 91' lang='lat' dir='ltr'><strong>in</strong></span> <span class='ocrx_word' id='word_1_910' title='bbox 2637 5259 2758 5299; x_wconf 89' lang='lat' dir='ltr'><strong>eum</strong></span> <span class='ocrx_word' id='word_1_911' title='bbox 2803 5247 2891 5316; x_wconf 92' lang='lat' dir='ltr'><strong>qui</strong></span> <span class='ocrx_word' id='word_1_912' title='bbox 2927 5247 3082 5313; x_wconf 75' lang='lat' dir='ltr'><strong>dixit,</strong></span> <span class='ocrx_word' id='word_1_913' title='bbox 3122 5249 3233 5323; x_wconf 78' lang='lat' dir='ltr'><strong>Ego</strong></span> <span class='ocrx_word' id='word_1_914' title='bbox 3258 5253 3351 5308; x_wconf 77' lang='lat' dir='ltr'><strong>tua:</strong></span> <span class='ocrx_word' id='word_1_915' title='bbox 3375 5257 3432 5308; x_wconf 74' lang='lat' dir='ltr'><strong>in</strong></span> 
     </span>
    </p>
   </div>
   <div class='ocr_carea' id='block_1_114' title="bbox 1906 5351 3435 5428">
    <p class='ocr_par' dir='ltr' id='par_1_114' title="bbox 1906 5351 3435 5428">
     <span class='ocr_line' id='line_1_114' title="bbox 1906 5351 3435 5428; baseline 0.008 -24"><span class='ocrx_word' id='word_1_916' title='bbox 1906 5356 1935 5428; x_wconf 70' lang='lat'><strong>&#39;_</strong></span> <span class='ocrx_word' id='word_1_917' title='bbox 1959 5354 2110 5428; x_wconf 54' lang='lat' dir='ltr'><strong>Fsliti,</strong></span> <span class='ocrx_word' id='word_1_918' title='bbox 2150 5368 2182 5405; x_wconf 89' lang='lat' dir='ltr'><strong>a</strong></span> <span class='ocrx_word' id='word_1_919' title='bbox 2206 5366 2300 5419; x_wconf 84' lang='lat' dir='ltr'><strong>quo</strong></span> <span class='ocrx_word' id='word_1_920' title='bbox 2319 5351 2505 5419; x_wconf 82' lang='lat' dir='ltr'><strong>aliquid</strong></span> <span class='ocrx_word' id='word_1_921' title='bbox 2528 5351 2685 5405; x_wconf 82' lang='lat' dir='ltr'><strong>audit.</strong></span> <span class='ocrx_word' id='word_1_922' title='bbox 2726 5356 2911 5421; x_wconf 79' lang='lat' dir='ltr'><strong>Abest,</strong></span> <span class='ocrx_word' id='word_1_923' title='bbox 2947 5357 3165 5426; x_wconf 73' lang='lat' dir='ltr'><strong>aliquid,</strong></span> <span class='ocrx_word' id='word_1_924' title='bbox 3213 5375 3242 5413; x_wconf 84' lang='lat' dir='ltr'><strong>a</strong></span> <span class='ocrx_word' id='word_1_925' title='bbox 3265 5374 3435 5416; x_wconf 77' lang='lat' dir='ltr'><strong>mna-</strong></span> 
     </span>
    </p>
   </div>
   <div class='ocr_carea' id='block_1_115' title="bbox 1842 5420 3437 5557">
    <p class='ocr_par' dir='ltr' id='par_1_115' title="bbox 1842 5420 3437 5557">
     <span class='ocr_line' id='line_1_115' title="bbox 1842 5420 3437 5557; baseline 0.001 0"><span class='ocrx_word' id='word_1_926' title='bbox 1842 5420 2218 5557; x_wconf 58' lang='grc' dir='ltr'><strong>⁸ῗ¹ῗ¹ἰῗέιῗιίςξιιεο</strong></span> <span class='ocrx_word' id='word_1_927' title='bbox 2256 5478 2702 5557; x_wconf 56' lang='grc' dir='ltr'><strong>εείίεὲἓεῖξὲῗέδέν</strong></span> <span class='ocrx_word' id='word_1_928' title='bbox 2725 5491 2814 5557; x_wconf 62' lang='grc' dir='ltr'><strong>περ</strong></span> <span class='ocrx_word' id='word_1_929' title='bbox 2837 5479 2883 5557; x_wconf 69' lang='grc' dir='ltr'><strong>εί</strong></span> <span class='ocrx_word' id='word_1_930' title='bbox 2904 5453 3161 5557; x_wconf 65' lang='lat' dir='ltr'><strong>mum.</strong></span> <span class='ocrx_word' id='word_1_931' title='bbox 3190 5487 3437 5550; x_wconf 65' lang='lat' dir='ltr'><strong>pra-mm</strong></span> 
     </span>
    </p>
   </div>
   <div class='ocr_carea' id='block_1_116' title="bbox 1841 5547 3094 5607">
    <p class='ocr_par' dir='ltr' id='par_1_116' title="bbox 1841 5547 3094 5607">
     <span class='ocr_line' id='line_1_116' title="bbox 1841 5547 3094 5607; baseline 0.005 -18"><span class='ocrx_word' id='word_1_932' title='bbox 1841 5549 2035 5607; x_wconf 77' lang='lat' dir='ltr'><strong>potest;</strong></span> <span class='ocrx_word' id='word_1_933' title='bbox 2077 5550 2130 5593; x_wconf 84' lang='lat' dir='ltr'><strong>et</strong></span> <span class='ocrx_word' id='word_1_934' title='bbox 2159 5554 2337 5607; x_wconf 80' lang='lat' dir='ltr'><strong>revera</strong></span> <span class='ocrx_word' id='word_1_935' title='bbox 2360 5547 2637 5603; x_wconf 69' lang='lat' dir='ltr'><strong>praeteritur</strong></span> <span class='ocrx_word' id='word_1_936' title='bbox 2664 5547 2713 5592; x_wconf 87' lang='lat' dir='ltr'><strong>in</strong></span> <span class='ocrx_word' id='word_1_937' title='bbox 2738 5547 3094 5607; x_wconf 55' lang='lat' dir='ltr'><strong>manuscripts.</strong></span> 
     </span>
    </p>
   </div>
   <div class='ocr_carea' id='block_1_117' title="bbox 1906 5603 3438 5672">
    <p class='ocr_par' dir='ltr' id='par_1_117' title="bbox 1906 5603 3438 5672">
     <span class='ocr_line' id='line_1_117' title="bbox 1906 5603 3438 5672; baseline 0.005 -20"><span class='ocrx_word' id='word_1_938' title='bbox 1906 5603 1927 5672; x_wconf 64' lang='grc' dir='ltr'><strong>ξ</strong></span> <span class='ocrx_word' id='word_1_939' title='bbox 1960 5609 2071 5652; x_wconf 72' lang='grc' dir='ltr'><strong>ων.</strong></span> <span class='ocrx_word' id='word_1_940' title='bbox 2098 5639 2114 5664; x_wconf 93' lang='grc'><strong>,</strong></span> <span class='ocrx_word' id='word_1_941' title='bbox 2154 5605 2282 5665; x_wconf 85' lang='lat' dir='ltr'><strong>quod</strong></span> <span class='ocrx_word' id='word_1_942' title='bbox 2315 5603 2365 5672; x_wconf 79' lang='lat' dir='ltr'><strong>in</strong></span> <span class='ocrx_word' id='word_1_943' title='bbox 2391 5609 2638 5672; x_wconf 53' lang='lat' dir='ltr'><strong>intermori</strong></span> <span class='ocrx_word' id='word_1_944' title='bbox 2661 5612 2841 5656; x_wconf 86' lang='lat' dir='ltr'><strong>manet.</strong></span> <span class='ocrx_word' id='word_1_945' title='bbox 2885 5603 3053 5669; x_wconf 72' lang='lat' dir='ltr'><strong>Abest,</strong></span> <span class='ocrx_word' id='word_1_946' title='bbox 3088 5607 3162 5672; x_wconf 78' lang='lat' dir='ltr'><strong>in,</strong></span> <span class='ocrx_word' id='word_1_947' title='bbox 3203 5608 3266 5658; x_wconf 87' lang='lat' dir='ltr'><strong>ab</strong></span> <span class='ocrx_word' id='word_1_948' title='bbox 3288 5608 3438 5660; x_wconf 73' lang='lat' dir='ltr'><strong>etst</strong></span> 
     </span>
    </p>
   </div>
   <div class='ocr_carea' id='block_1_118' title="bbox 1839 5662 2448 5727">
    <p class='ocr_par' dir='ltr' id='par_1_118' title="bbox 1839 5662 2448 5727">
     <span class='ocr_line' id='line_1_118' title="bbox 1839 5662 2448 5727; baseline -0.002 -13"><span class='ocrx_word' id='word_1_949' title='bbox 1839 5662 1947 5714; x_wconf 84' lang='lat' dir='ltr'><strong>aliis</strong></span> <span class='ocrx_word' id='word_1_950' title='bbox 1971 5673 2024 5715; x_wconf 87' lang='lat' dir='ltr'><strong>et</strong></span> <span class='ocrx_word' id='word_1_951' title='bbox 2044 5677 2076 5713; x_wconf 83' lang='lat' dir='ltr'><strong>a</strong></span> <span class='ocrx_word' id='word_1_952' title='bbox 2094 5662 2448 5727; x_wconf 64' lang='lat' dir='ltr'><strong>manum-imis.</strong></span> 
     </span>
    </p>
   </div>
   <div class='ocr_carea' id='block_1_119' title="bbox 1906 5726 3432 5796">
    <p class='ocr_par' dir='ltr' id='par_1_119' title="bbox 1906 5726 3432 5796">
     <span class='ocr_line' id='line_1_119' title="bbox 1906 5726 3432 5796; baseline 0.005 -21"><span class='ocrx_word' id='word_1_953' title='bbox 1906 5734 1928 5759; x_wconf 72' lang='grc' dir='ltr'><strong>ο</strong></span> <span class='ocrx_word' id='word_1_954' title='bbox 1958 5726 2110 5796; x_wconf 72' lang='lat' dir='ltr'><strong>milio</strong></span> <span class='ocrx_word' id='word_1_955' title='bbox 2129 5735 2260 5789; x_wconf 59' lang='lat' dir='ltr'><strong>Ima,</strong></span> <span class='ocrx_word' id='word_1_956' title='bbox 2281 5726 2671 5796; x_wconf 65' lang='lat' dir='ltr'><strong>quibuscumque.</strong></span> <span class='ocrx_word' id='word_1_957' title='bbox 2710 5727 2802 5779; x_wconf 86' lang='lat' dir='ltr'><strong>sed</strong></span> <span class='ocrx_word' id='word_1_958' title='bbox 2834 5729 3010 5791; x_wconf 72' lang='lat' dir='ltr'><strong>passim</strong></span> <span class='ocrx_word' id='word_1_959' title='bbox 3052 5731 3177 5796; x_wconf 79' lang='lat' dir='ltr'><strong>apud</strong></span> <span class='ocrx_word' id='word_1_960' title='bbox 3213 5732 3432 5795; x_wconf 70' lang='lat' dir='ltr'><strong>augusti-</strong></span> 
     </span>
    </p>
   </div>
   <div class='ocr_carea' id='block_1_120' title="bbox 1842 5785 2851 5853">
    <p class='ocr_par' dir='ltr' id='par_1_120' title="bbox 1842 5785 2851 5853">
     <span class='ocr_line' id='line_1_120' title="bbox 1842 5785 2851 5853; baseline 0.005 -19"><span class='ocrx_word' id='word_1_961' title='bbox 1842 5800 1957 5853; x_wconf 67' lang='lat' dir='ltr'><strong>nugn</strong></span> <span class='ocrx_word' id='word_1_962' title='bbox 1973 5821 1988 5846; x_wconf 92' lang='lat'><strong>,</strong></span> <span class='ocrx_word' id='word_1_963' title='bbox 2010 5785 2305 5851; x_wconf 57' lang='lat' dir='ltr'><strong>quibusque:</strong></span> <span class='ocrx_word' id='word_1_964' title='bbox 2330 5804 2436 5853; x_wconf 81' lang='lat' dir='ltr'><strong>pro,</strong></span> <span class='ocrx_word' id='word_1_965' title='bbox 2460 5785 2851 5853; x_wconf 64' lang='lat' dir='ltr'><strong>qtabitseumque&#39;.</strong></span> 
     </span>
    </p>
   </div>
   <div class='ocr_carea' id='block_1_121' title="bbox 1904 5850 2711 5910">
    <p class='ocr_par' dir='ltr' id='par_1_121' title="bbox 1904 5850 2711 5910">
     <span class='ocr_line' id='line_1_121' title="bbox 1904 5850 2711 5910; baseline 0.001 -11"><span class='ocrx_word' id='word_1_966' title='bbox 1904 5851 1925 5882; x_wconf 83' lang='grc'><strong><em>⁸</em></strong></span> <span class='ocrx_word' id='word_1_967' title='bbox 1956 5859 2136 5900; x_wconf 81' lang='lat' dir='ltr'><strong>Otones</strong></span> <span class='ocrx_word' id='word_1_968' title='bbox 2159 5859 2265 5901; x_wconf 77' lang='lat' dir='ltr'><strong>Mss.</strong></span> <span class='ocrx_word' id='word_1_969' title='bbox 2292 5850 2402 5901; x_wconf 80' lang='lat' dir='ltr'><strong>cum</strong></span> <span class='ocrx_word' id='word_1_970' title='bbox 2429 5862 2546 5905; x_wconf 67' lang='lat' dir='ltr'><strong>sun,</strong></span> <span class='ocrx_word' id='word_1_971' title='bbox 2567 5850 2711 5910; x_wconf 81' lang='lat' dir='ltr'><strong>quod.</strong></span> 
     </span>
    </p>
   </div>
   <div class='ocr_carea' id='block_1_122' title="bbox 1904 5911 2350 5973">
    <p class='ocr_par' dir='ltr' id='par_1_122' title="bbox 1904 5911 2350 5973">
     <span class='ocr_line' id='line_1_122' title="bbox 1904 5911 2350 5973; baseline 0 -14"><span class='ocrx_word' id='word_1_972' title='bbox 1904 5911 1975 5973; x_wconf 81' lang='grc' dir='ltr'><strong>(α)</strong></span> <span class='ocrx_word' id='word_1_973' title='bbox 2011 5918 2350 5971; x_wconf 68' lang='grc' dir='ltr'><strong>εντιιοιηιιηί-η.</strong></span> 
     </span>
    </p>
   </div>
  </div>
