  <div class='ocr_page' id='page_1' title='image "/cluster/home/n/w/nwhite01/storage/ocr_20150623/44-45/uc1.31175026792435/073.png"; bbox 0 0 4176 6530; ppageno 0'>
   <div class='ocr_carea' id='block_1_1' title="bbox 644 424 739 481">
    <p class='ocr_par' dir='ltr' id='par_1_1' title="bbox 644 424 739 481">
     <span class='ocr_line' id='line_1_1' title="bbox 644 424 739 481; baseline -0.011 -1"><span class='ocrx_word' id='word_1_1' title='bbox 644 424 739 481; x_wconf 65' lang='lat' dir='ltr'><strong>SM</strong></span> 
     </span>
    </p>
   </div>
   <div class='ocr_carea' id='block_1_2' title="bbox 640 507 2236 595">
    <p class='ocr_par' dir='ltr' id='par_1_2' title="bbox 640 507 2236 595">
     <span class='ocr_line' id='line_1_2' title="bbox 640 507 2236 595; baseline -0.02 -6"><span class='ocrx_word' id='word_1_2' title='bbox 640 534 883 589; x_wconf 69' lang='lat' dir='ltr'><strong>secutum</strong></span> <span class='ocrx_word' id='word_1_3' title='bbox 908 529 1017 584; x_wconf 80' lang='lat' dir='ltr'><strong>veni</strong></span> <span class='ocrx_word' id='word_1_4' title='bbox 1039 569 1057 595; x_wconf 95' lang='lat'><strong>,</strong></span> <span class='ocrx_word' id='word_1_5' title='bbox 1083 536 1133 579; x_wconf 89' lang='lat' dir='ltr'><strong>nt</strong></span> <span class='ocrx_word' id='word_1_6' title='bbox 1161 524 1325 579; x_wconf 82' lang='lat' dir='ltr'><strong>ontnis</strong></span> <span class='ocrx_word' id='word_1_7' title='bbox 1346 521 1431 593; x_wconf 89' lang='lat' dir='ltr'><strong>qui</strong></span> <span class='ocrx_word' id='word_1_8' title='bbox 1456 520 1613 574; x_wconf 87' lang='lat' dir='ltr'><strong>credit</strong></span> <span class='ocrx_word' id='word_1_9' title='bbox 1640 521 1691 571; x_wconf 86' lang='lat' dir='ltr'><strong>in</strong></span> <span class='ocrx_word' id='word_1_10' title='bbox 1728 532 1804 569; x_wconf 89' lang='lat' dir='ltr'><strong>me</strong></span> <span class='ocrx_word' id='word_1_11' title='bbox 1830 531 1929 567; x_wconf 86' lang='lat' dir='ltr'><strong>non</strong></span> <span class='ocrx_word' id='word_1_12' title='bbox 1959 516 2156 563; x_wconf 82' lang='lat' dir='ltr'><strong>maneat</strong></span> <span class='ocrx_word' id='word_1_13' title='bbox 2186 507 2236 558; x_wconf 86' lang='lat' dir='ltr'><strong>in</strong></span> 
     </span>
    </p>
   </div>
   <div class='ocr_carea' id='block_1_3' title="bbox 645 600 2239 688">
    <p class='ocr_par' dir='ltr' id='par_1_3' title="bbox 645 600 2239 688">
     <span class='ocr_line' id='line_1_3' title="bbox 645 600 2239 688; baseline -0.019 -8"><span class='ocrx_word' id='word_1_14' title='bbox 645 625 877 680; x_wconf 80' lang='lat' dir='ltr'><strong>tenebris.</strong></span> <span class='ocrx_word' id='word_1_15' title='bbox 901 617 1055 688; x_wconf 84' lang='lat' dir='ltr'><strong>Quod</strong></span> <span class='ocrx_word' id='word_1_16' title='bbox 1094 632 1188 687; x_wconf 89' lang='lat' dir='ltr'><strong>per</strong></span> <span class='ocrx_word' id='word_1_17' title='bbox 1212 622 1609 670; x_wconf 77' lang='lat' dir='ltr'><strong>sacramentum</strong></span> <span class='ocrx_word' id='word_1_18' title='bbox 1634 603 1975 677; x_wconf 86' lang='lat' dir='ltr'><strong>Baptismatis</strong></span> <span class='ocrx_word' id='word_1_19' title='bbox 1998 604 2013 632; x_wconf 76' lang='lat'><em>‘</em></span> <span class='ocrx_word' id='word_1_20' title='bbox 2040 600 2092 654; x_wconf 87' lang='lat' dir='ltr'><strong>in</strong></span> <span class='ocrx_word' id='word_1_21' title='bbox 2118 614 2239 669; x_wconf 79' lang='lat' dir='ltr'><strong>par-</strong></span> 
     </span>
    </p>
   </div>
   <div class='ocr_carea' id='block_1_4' title="bbox 647 688 2237 770">
    <p class='ocr_par' dir='ltr' id='par_1_4' title="bbox 647 688 2237 770">
     <span class='ocr_line' id='line_1_4' title="bbox 647 688 2237 770; baseline -0.019 0"><span class='ocrx_word' id='word_1_22' title='bbox 647 715 781 770; x_wconf 77' lang='lat' dir='ltr'><strong>vulis</strong></span> <span class='ocrx_word' id='word_1_23' title='bbox 812 712 925 767; x_wconf 82' lang='lat' dir='ltr'><strong>ﬁeri</strong></span> <span class='ocrx_word' id='word_1_24' title='bbox 956 726 1060 764; x_wconf 89' lang='lat' dir='ltr'><strong>non</strong></span> <span class='ocrx_word' id='word_1_25' title='bbox 1088 705 1295 761; x_wconf 76' lang='lat' dir='ltr'><strong>dubitat</strong></span> <span class='ocrx_word' id='word_1_26' title='bbox 1321 714 1493 758; x_wconf 89' lang='lat' dir='ltr'><strong>mater</strong></span> <span class='ocrx_word' id='word_1_27' title='bbox 1520 697 1783 759; x_wconf 88' lang='lat' dir='ltr'><strong>Ecclesia,</strong></span> <span class='ocrx_word' id='word_1_28' title='bbox 1806 710 1925 765; x_wconf 81' lang='lat' dir='ltr'><strong>qtue</strong></span> <span class='ocrx_word' id='word_1_29' title='bbox 1941 707 2035 745; x_wconf 88' lang='lat' dir='ltr'><strong>cor</strong></span> <span class='ocrx_word' id='word_1_30' title='bbox 2055 698 2111 743; x_wconf 88' lang='lat' dir='ltr'><strong>et</strong></span> <span class='ocrx_word' id='word_1_31' title='bbox 2129 702 2190 742; x_wconf 83' lang='lat' dir='ltr'><strong>os</strong></span> <span class='ocrx_word' id='word_1_32' title='bbox 2216 688 2237 718; x_wconf 82' lang='grc'><strong><em>⁸</em></strong></span> 
     </span>
    </p>
   </div>
   <div class='ocr_carea' id='block_1_5' title="bbox 645 785 2236 869">
    <p class='ocr_par' dir='ltr' id='par_1_5' title="bbox 645 785 2236 869">
     <span class='ocr_line' id='line_1_5' title="bbox 645 785 2236 869; baseline -0.018 -8"><span class='ocrx_word' id='word_1_33' title='bbox 645 818 944 860; x_wconf 87' lang='lat' dir='ltr'><strong>tuaternum</strong></span> <span class='ocrx_word' id='word_1_34' title='bbox 973 802 1051 855; x_wconf 89' lang='lat' dir='ltr'><strong>eis</strong></span> <span class='ocrx_word' id='word_1_35' title='bbox 1076 807 1309 869; x_wconf 58' lang='lat' dir='ltr'><strong>praestat,</strong></span> <span class='ocrx_word' id='word_1_36' title='bbox 1335 807 1389 849; x_wconf 93' lang='lat' dir='ltr'><strong>ut</strong></span> <span class='ocrx_word' id='word_1_37' title='bbox 1413 794 1582 851; x_wconf 86' lang='lat' dir='ltr'><strong>sacris</strong></span> <span class='ocrx_word' id='word_1_38' title='bbox 1600 789 1870 861; x_wconf 80' lang='lat' dir='ltr'><strong>mysteriis</strong></span> <span class='ocrx_word' id='word_1_39' title='bbox 1899 785 2236 844; x_wconf 78' lang='lat' dir='ltr'><strong>imbuuntur;</strong></span> 
     </span>
    </p>
   </div>
   <div class='ocr_carea' id='block_1_6' title="bbox 645 873 2242 967">
    <p class='ocr_par' dir='ltr' id='par_1_6' title="bbox 645 873 2242 967">
     <span class='ocr_line' id='line_1_6' title="bbox 645 873 2242 967; baseline -0.014 -19"><span class='ocrx_word' id='word_1_40' title='bbox 645 899 765 967; x_wconf 85' lang='lat' dir='ltr'><strong>quia</strong></span> <span class='ocrx_word' id='word_1_41' title='bbox 799 894 1030 948; x_wconf 88' lang='lat' dir='ltr'><strong>nondum</strong></span> <span class='ocrx_word' id='word_1_42' title='bbox 1067 900 1289 959; x_wconf 85' lang='lat' dir='ltr'><strong>possunt</strong></span> <span class='ocrx_word' id='word_1_43' title='bbox 1318 885 1479 941; x_wconf 86' lang='lat' dir='ltr'><strong>corde</strong></span> <span class='ocrx_word' id='word_1_44' title='bbox 1512 884 1728 959; x_wconf 86' lang='lat' dir='ltr'><strong>proprio</strong></span> <span class='ocrx_word' id='word_1_45' title='bbox 1753 878 1971 934; x_wconf 83' lang='lat' dir='ltr'><strong>credere</strong></span> <span class='ocrx_word' id='word_1_46' title='bbox 1993 875 2058 929; x_wconf 90' lang='lat' dir='ltr'><strong>ad</strong></span> <span class='ocrx_word' id='word_1_47' title='bbox 2084 873 2242 943; x_wconf 87' lang='lat' dir='ltr'><strong>justi-</strong></span> 
     </span>
    </p>
   </div>
   <div class='ocr_carea' id='block_1_7' title="bbox 646 967 2237 1051">
    <p class='ocr_par' dir='ltr' id='par_1_7' title="bbox 646 967 2237 1051">
     <span class='ocr_line' id='line_1_7' title="bbox 646 967 2237 1051; baseline -0.016 -10"><span class='ocrx_word' id='word_1_48' title='bbox 646 992 792 1050; x_wconf 88' lang='lat' dir='ltr'><strong>tiam,</strong></span> <span class='ocrx_word' id='word_1_49' title='bbox 827 1000 923 1040; x_wconf 87' lang='lat' dir='ltr'><strong>nec</strong></span> <span class='ocrx_word' id='word_1_50' title='bbox 947 999 1041 1037; x_wconf 88' lang='lat' dir='ltr'><strong>ore</strong></span> <span class='ocrx_word' id='word_1_51' title='bbox 1074 980 1287 1051; x_wconf 86' lang='lat' dir='ltr'><strong>proprio</strong></span> <span class='ocrx_word' id='word_1_52' title='bbox 1316 975 1560 1032; x_wconf 87' lang='lat' dir='ltr'><strong>conliteri</strong></span> <span class='ocrx_word' id='word_1_53' title='bbox 1600 973 1667 1027; x_wconf 88' lang='lat' dir='ltr'><strong>ad</strong></span> <span class='ocrx_word' id='word_1_54' title='bbox 1709 972 1937 1025; x_wconf 88' lang='lat' dir='ltr'><strong>salutem</strong></span> <span class='ocrx_word' id='word_1_55' title='bbox 1964 967 2142 1037; x_wconf 84' lang='lat' dir='ltr'><strong>(Rom.</strong></span> <span class='ocrx_word' id='word_1_56' title='bbox 2178 979 2237 1031; x_wconf 80' lang='lat' dir='ltr'><strong>x,</strong></span> 
     </span>
    </p>
   </div>
   <div class='ocr_carea' id='block_1_8' title="bbox 654 1056 2244 1147">
    <p class='ocr_par' dir='ltr' id='par_1_8' title="bbox 654 1056 2244 1147">
     <span class='ocr_line' id='line_1_8' title="bbox 654 1056 2244 1147; baseline -0.015 -15"><span class='ocrx_word' id='word_1_57' title='bbox 654 1079 775 1147; x_wconf 91' lang='lat' dir='ltr'><strong>l0).</strong></span> <span class='ocrx_word' id='word_1_58' title='bbox 816 1074 927 1129; x_wconf 83' lang='lat' dir='ltr'><strong>Nec</strong></span> <span class='ocrx_word' id='word_1_59' title='bbox 977 1072 1097 1127; x_wconf 90' lang='lat' dir='ltr'><strong>ideo</strong></span> <span class='ocrx_word' id='word_1_60' title='bbox 1141 1081 1316 1124; x_wconf 86' lang='lat' dir='ltr'><strong>tamen</strong></span> <span class='ocrx_word' id='word_1_61' title='bbox 1345 1082 1439 1122; x_wconf 91' lang='lat' dir='ltr'><strong>eos</strong></span> <span class='ocrx_word' id='word_1_62' title='bbox 1468 1066 1746 1136; x_wconf 86' lang='lat' dir='ltr'><strong>quisquam</strong></span> <span class='ocrx_word' id='word_1_63' title='bbox 1787 1060 2024 1115; x_wconf 75' lang='lat' dir='ltr'><strong>fidelium</strong></span> <span class='ocrx_word' id='word_1_64' title='bbox 2056 1056 2244 1109; x_wconf 83' lang='lat' dir='ltr'><strong>ﬁdeles</strong></span> 
     </span>
    </p>
   </div>
   <div class='ocr_carea' id='block_1_9' title="bbox 648 1151 2242 1238">
    <p class='ocr_par' dir='ltr' id='par_1_9' title="bbox 648 1151 2242 1238">
     <span class='ocr_line' id='line_1_9' title="bbox 648 1151 2242 1238; baseline -0.014 -16"><span class='ocrx_word' id='word_1_65' title='bbox 648 1169 917 1238; x_wconf 71' lang='lat' dir='ltr'><strong>appellare</strong></span> <span class='ocrx_word' id='word_1_66' title='bbox 960 1172 1260 1225; x_wconf 90' lang='lat' dir='ltr'><strong>cunctatur,</strong></span> <span class='ocrx_word' id='word_1_67' title='bbox 1290 1158 1432 1231; x_wconf 87' lang='lat' dir='ltr'><strong>quod</strong></span> <span class='ocrx_word' id='word_1_68' title='bbox 1471 1174 1500 1210; x_wconf 87' lang='lat' dir='ltr'><strong>a</strong></span> <span class='ocrx_word' id='word_1_69' title='bbox 1531 1153 1800 1210; x_wconf 85' lang='lat' dir='ltr'><strong>credendo</strong></span> <span class='ocrx_word' id='word_1_70' title='bbox 1832 1151 2015 1220; x_wconf 82' lang='lat' dir='ltr'><strong>utique</strong></span> <span class='ocrx_word' id='word_1_71' title='bbox 2046 1161 2242 1200; x_wconf 81' lang='lat' dir='ltr'><strong>nomen</strong></span> 
     </span>
    </p>
   </div>
   <div class='ocr_carea' id='block_1_10' title="bbox 647 1242 2242 1326">
    <p class='ocr_par' dir='ltr' id='par_1_10' title="bbox 647 1242 2242 1326">
     <span class='ocr_line' id='line_1_10' title="bbox 647 1242 2242 1326; baseline -0.015 -10"><span class='ocrx_word' id='word_1_72' title='bbox 647 1271 730 1316; x_wconf 87' lang='lat' dir='ltr'><strong>est</strong></span> <span class='ocrx_word' id='word_1_73' title='bbox 760 1278 774 1314; x_wconf 90' lang='lat'><strong>:</strong></span> <span class='ocrx_word' id='word_1_74' title='bbox 803 1259 1045 1326; x_wconf 76' lang='lat' dir='ltr'><strong>quamvis</strong></span> <span class='ocrx_word' id='word_1_75' title='bbox 1072 1257 1174 1309; x_wconf 90' lang='lat' dir='ltr'><strong>hoc</strong></span> <span class='ocrx_word' id='word_1_76' title='bbox 1205 1270 1308 1307; x_wconf 92' lang='lat' dir='ltr'><strong>non</strong></span> <span class='ocrx_word' id='word_1_77' title='bbox 1353 1251 1490 1321; x_wconf 93' lang='lat' dir='ltr'><strong>ipsi,</strong></span> <span class='ocrx_word' id='word_1_78' title='bbox 1519 1248 1614 1304; x_wconf 88' lang='lat' dir='ltr'><strong>sed</strong></span> <span class='ocrx_word' id='word_1_79' title='bbox 1645 1247 1732 1303; x_wconf 85' lang='lat' dir='ltr'><strong>alii</strong></span> <span class='ocrx_word' id='word_1_80' title='bbox 1761 1261 1857 1316; x_wconf 89' lang='lat' dir='ltr'><strong>pro</strong></span> <span class='ocrx_word' id='word_1_81' title='bbox 1880 1244 1963 1299; x_wconf 90' lang='lat' dir='ltr'><strong>eis</strong></span> <span class='ocrx_word' id='word_1_82' title='bbox 1985 1242 2124 1297; x_wconf 87' lang='lat' dir='ltr'><strong>inter</strong></span> <span class='ocrx_word' id='word_1_83' title='bbox 2153 1254 2242 1294; x_wconf 93' lang='lat' dir='ltr'><strong>sa-</strong></span> 
     </span>
    </p>
   </div>
   <div class='ocr_carea' id='block_1_11' title="bbox 648 1344 1355 1417">
    <p class='ocr_par' dir='ltr' id='par_1_11' title="bbox 648 1344 1355 1417">
     <span class='ocr_line' id='line_1_11' title="bbox 648 1344 1355 1417; baseline -0.018 -8"><span class='ocrx_word' id='word_1_84' title='bbox 648 1361 927 1408; x_wconf 88' lang='lat' dir='ltr'><strong>cramenta</strong></span> <span class='ocrx_word' id='word_1_85' title='bbox 960 1344 1355 1417; x_wconf 82' lang='lat' dir='ltr'><strong>responderint.</strong></span> 
     </span>
    </p>
   </div>
   <div class='ocr_carea' id='block_1_12' title="bbox 720 1421 2245 1499">
    <p class='ocr_par' dir='ltr' id='par_1_12' title="bbox 720 1421 2245 1499">
     <span class='ocr_line' id='line_1_12' title="bbox 720 1421 2245 1499; baseline -0.017 1"><span class='ocrx_word' id='word_1_86' title='bbox 720 1440 946 1499; x_wconf 79' lang='lat' dir='ltr'><strong>CAPUT</strong></span> <span class='ocrx_word' id='word_1_87' title='bbox 987 1437 1176 1494; x_wconf 72' lang='lat' dir='ltr'><strong>XXVI.</strong></span> <span class='ocrx_word' id='word_1_88' title='bbox 1210 1465 1272 1478; x_wconf 89' lang='lat'><strong>-—</strong></span> <span class='ocrx_word' id='word_1_89' title='bbox 1320 1433 1409 1490; x_wconf 80' lang='lat'><strong>59.</strong></span> <span class='ocrx_word' id='word_1_90' title='bbox 1460 1429 1726 1488; x_wconf 76' lang='lat' dir='ltr'><strong>Concludit</strong></span> <span class='ocrx_word' id='word_1_91' title='bbox 1777 1433 1981 1499; x_wconf 83' lang='lat' dir='ltr'><strong>peccato</strong></span> <span class='ocrx_word' id='word_1_92' title='bbox 2035 1421 2245 1494; x_wconf 87' lang='lat' dir='ltr'><strong>originis</strong></span> 
     </span>
    </p>
   </div>
   <div class='ocr_carea' id='block_1_13' title="bbox 651 1515 2245 1595">
    <p class='ocr_par' dir='ltr' id='par_1_13' title="bbox 651 1515 2245 1595">
     <span class='ocr_line' id='line_1_13' title="bbox 651 1515 2245 1595; baseline -0.015 -6"><span class='ocrx_word' id='word_1_93' title='bbox 651 1552 823 1590; x_wconf 84' lang='lat' dir='ltr'><strong>omnes</strong></span> <span class='ocrx_word' id='word_1_94' title='bbox 852 1533 1113 1587; x_wconf 79' lang='lat' dir='ltr'><strong>obncrios.</strong></span> <span class='ocrx_word' id='word_1_95' title='bbox 1144 1528 1313 1584; x_wconf 84' lang='lat' dir='ltr'><strong>Nimis</strong></span> <span class='ocrx_word' id='word_1_96' title='bbox 1334 1528 1547 1595; x_wconf 78' lang='lat' dir='ltr'><strong>longum</strong></span> <span class='ocrx_word' id='word_1_97' title='bbox 1576 1525 1686 1585; x_wconf 84' lang='lat' dir='ltr'><strong>lict,</strong></span> <span class='ocrx_word' id='word_1_98' title='bbox 1720 1521 1764 1573; x_wconf 90' lang='lat' dir='ltr'><strong>si</strong></span> <span class='ocrx_word' id='word_1_99' title='bbox 1794 1518 1861 1573; x_wconf 90' lang='lat' dir='ltr'><strong>ad</strong></span> <span class='ocrx_word' id='word_1_100' title='bbox 1907 1515 2116 1586; x_wconf 79' lang='lat' dir='ltr'><strong>singula</strong></span> <span class='ocrx_word' id='word_1_101' title='bbox 2169 1520 2245 1566; x_wconf 85' lang='lat' dir='ltr'><strong>te-</strong></span> 
     </span>
    </p>
   </div>
   <div class='ocr_carea' id='block_1_14' title="bbox 653 1604 2249 1689">
    <p class='ocr_par' dir='ltr' id='par_1_14' title="bbox 653 1604 2249 1689">
     <span class='ocr_line' id='line_1_14' title="bbox 653 1604 2249 1689; baseline -0.013 -7"><span class='ocrx_word' id='word_1_102' title='bbox 653 1626 903 1682; x_wconf 84' lang='lat' dir='ltr'><strong>stimonia</strong></span> <span class='ocrx_word' id='word_1_103' title='bbox 939 1623 1186 1680; x_wconf 83' lang='lat' dir='ltr'><strong>similiter</strong></span> <span class='ocrx_word' id='word_1_104' title='bbox 1207 1604 1558 1689; x_wconf 58' lang='lat' dir='ltr'><strong>disputemus.</strong></span> <span class='ocrx_word' id='word_1_105' title='bbox 1589 1613 1744 1671; x_wconf 91' lang='lat' dir='ltr'><strong>Unde</strong></span> <span class='ocrx_word' id='word_1_106' title='bbox 1770 1610 2103 1668; x_wconf 90' lang='lat' dir='ltr'><strong>commodius</strong></span> <span class='ocrx_word' id='word_1_107' title='bbox 2128 1621 2249 1662; x_wconf 86' lang='lat' dir='ltr'><strong>esse</strong></span> 
     </span>
    </p>
   </div>
   <div class='ocr_carea' id='block_1_15' title="bbox 654 1698 2245 1780">
    <p class='ocr_par' dir='ltr' id='par_1_15' title="bbox 654 1698 2245 1780">
     <span class='ocr_line' id='line_1_15' title="bbox 654 1698 2245 1780; baseline -0.014 -8"><span class='ocrx_word' id='word_1_108' title='bbox 654 1720 907 1780; x_wconf 89' lang='lat' dir='ltr'><strong>arbitror,</strong></span> <span class='ocrx_word' id='word_1_109' title='bbox 933 1712 1221 1769; x_wconf 81' lang='lat' dir='ltr'><strong>aeerVatim</strong></span> <span class='ocrx_word' id='word_1_110' title='bbox 1253 1724 1464 1780; x_wconf 77' lang='lat' dir='ltr'><strong>cogere,</strong></span> <span class='ocrx_word' id='word_1_111' title='bbox 1505 1722 1625 1777; x_wconf 63' lang='lat' dir='ltr'><strong>quae</strong></span> <span class='ocrx_word' id='word_1_112' title='bbox 1654 1717 1939 1759; x_wconf 85' lang='lat' dir='ltr'><strong>occurrere</strong></span> <span class='ocrx_word' id='word_1_113' title='bbox 1959 1698 2245 1770; x_wconf 86' lang='lat' dir='ltr'><strong>potuerint,</strong></span> 
     </span>
    </p>
   </div>
   <div class='ocr_carea' id='block_1_16' title="bbox 656 1787 2253 1878">
    <p class='ocr_par' dir='ltr' id='par_1_16' title="bbox 656 1787 2253 1878">
     <span class='ocr_line' id='line_1_16' title="bbox 656 1787 2253 1878; baseline -0.014 -16"><span class='ocrx_word' id='word_1_114' title='bbox 656 1809 739 1863; x_wconf 76' lang='lat' dir='ltr'><strong>Vel</strong></span> <span class='ocrx_word' id='word_1_115' title='bbox 759 1825 877 1878; x_wconf 61' lang='lat' dir='ltr'><strong>quae</strong></span> <span class='ocrx_word' id='word_1_116' title='bbox 903 1804 1153 1860; x_wconf 80' lang='lat' dir='ltr'><strong>sullicere</strong></span> <span class='ocrx_word' id='word_1_117' title='bbox 1194 1802 1534 1864; x_wconf 80' lang='lat' dir='ltr'><strong>videbuntur,</strong></span> <span class='ocrx_word' id='word_1_118' title='bbox 1565 1797 1762 1867; x_wconf 78' lang='lat' dir='ltr'><strong>quibus</strong></span> <span class='ocrx_word' id='word_1_119' title='bbox 1791 1802 2044 1864; x_wconf 89' lang='lat' dir='ltr'><strong>appareat</strong></span> <span class='ocrx_word' id='word_1_120' title='bbox 2071 1787 2253 1845; x_wconf 87' lang='lat' dir='ltr'><strong>Domi-</strong></span> 
     </span>
    </p>
   </div>
   <div class='ocr_carea' id='block_1_17' title="bbox 654 1883 2251 1956">
    <p class='ocr_par' dir='ltr' id='par_1_17' title="bbox 654 1883 2251 1956">
     <span class='ocr_line' id='line_1_17' title="bbox 654 1883 2251 1956; baseline -0.013 0"><span class='ocrx_word' id='word_1_121' title='bbox 654 1915 780 1956; x_wconf 85' lang='lat' dir='ltr'><strong>num</strong></span> <span class='ocrx_word' id='word_1_122' title='bbox 812 1897 995 1954; x_wconf 60' lang='grc' dir='ltr'><strong>ΙΙιξηιιιιι</strong></span> <span class='ocrx_word' id='word_1_123' title='bbox 1025 1895 1295 1950; x_wconf 86' lang='lat' dir='ltr'><strong>Christum</strong></span> <span class='ocrx_word' id='word_1_124' title='bbox 1333 1908 1444 1946; x_wconf 88' lang='lat' dir='ltr'><strong>non</strong></span> <span class='ocrx_word' id='word_1_125' title='bbox 1475 1890 1632 1944; x_wconf 86' lang='lat' dir='ltr'><strong>aliam</strong></span> <span class='ocrx_word' id='word_1_126' title='bbox 1662 1889 1734 1940; x_wconf 88' lang='lat' dir='ltr'><strong>ob</strong></span> <span class='ocrx_word' id='word_1_127' title='bbox 1759 1899 1975 1941; x_wconf 89' lang='lat' dir='ltr'><strong>causam</strong></span> <span class='ocrx_word' id='word_1_128' title='bbox 2009 1883 2060 1936; x_wconf 89' lang='lat' dir='ltr'><strong>itt</strong></span> <span class='ocrx_word' id='word_1_129' title='bbox 2090 1893 2251 1935; x_wconf 89' lang='lat' dir='ltr'><strong>carne</strong></span> 
     </span>
    </p>
   </div>
   <div class='ocr_carea' id='block_1_18' title="bbox 656 1976 2250 2054">
    <p class='ocr_par' dir='ltr' id='par_1_18' title="bbox 656 1976 2250 2054">
     <span class='ocr_line' id='line_1_18' title="bbox 656 1976 2250 2054; baseline -0.013 -8"><span class='ocrx_word' id='word_1_130' title='bbox 656 1992 887 2054; x_wconf 73' lang='lat' dir='ltr'><strong>venisse,</strong></span> <span class='ocrx_word' id='word_1_131' title='bbox 930 2003 994 2043; x_wconf 91' lang='lat' dir='ltr'><strong>ac</strong></span> <span class='ocrx_word' id='word_1_132' title='bbox 1038 1987 1205 2041; x_wconf 82' lang='lat' dir='ltr'><strong>forma</strong></span> <span class='ocrx_word' id='word_1_133' title='bbox 1250 1984 1390 2039; x_wconf 66' lang='lat' dir='ltr'><strong>servi</strong></span> <span class='ocrx_word' id='word_1_134' title='bbox 1425 1990 1641 2053; x_wconf 86' lang='lat' dir='ltr'><strong>accepta</strong></span> <span class='ocrx_word' id='word_1_135' title='bbox 1676 1978 1873 2033; x_wconf 79' lang='lat' dir='ltr'><strong>factum</strong></span> <span class='ocrx_word' id='word_1_136' title='bbox 1911 1976 2250 2031; x_wconf 88' lang='lat' dir='ltr'><strong>obedientem</strong></span> 
     </span>
    </p>
   </div>
   <div class='ocr_carea' id='block_1_19' title="bbox 651 2065 2252 2153">
    <p class='ocr_par' dir='ltr' id='par_1_19' title="bbox 651 2065 2252 2153">
     <span class='ocr_line' id='line_1_19' title="bbox 651 2065 2252 2153; baseline -0.011 -17"><span class='ocrx_word' id='word_1_137' title='bbox 651 2100 817 2153; x_wconf 83' lang='lat' dir='ltr'><strong>usque</strong></span> <span class='ocrx_word' id='word_1_138' title='bbox 845 2080 912 2135; x_wconf 88' lang='lat' dir='ltr'><strong>ad</strong></span> <span class='ocrx_word' id='word_1_139' title='bbox 940 2090 1165 2133; x_wconf 86' lang='lat' dir='ltr'><strong>mortem</strong></span> <span class='ocrx_word' id='word_1_140' title='bbox 1195 2080 1371 2131; x_wconf 89' lang='lat' dir='ltr'><strong>crucis</strong></span> <span class='ocrx_word' id='word_1_141' title='bbox 1400 2072 1659 2145; x_wconf 79' lang='lat' dir='ltr'><strong>(Philipp.</strong></span> <span class='ocrx_word' id='word_1_142' title='bbox 1683 2087 1739 2135; x_wconf 87' lang='grc' dir='ltr'><strong>ιι,</strong></span> <span class='ocrx_word' id='word_1_143' title='bbox 1760 2071 1812 2133; x_wconf 87' lang='grc'>7,</span> <span class='ocrx_word' id='word_1_144' title='bbox 1834 2066 1913 2141; x_wconf 89' lang='lat'><strong>8),</strong></span> <span class='ocrx_word' id='word_1_145' title='bbox 1942 2066 2041 2121; x_wconf 86' lang='lat' dir='ltr'><strong>nisi</strong></span> <span class='ocrx_word' id='word_1_146' title='bbox 2077 2076 2130 2118; x_wconf 91' lang='lat' dir='ltr'><strong>ut</strong></span> <span class='ocrx_word' id='word_1_147' title='bbox 2154 2065 2252 2118; x_wconf 90' lang='lat' dir='ltr'><strong>hac</strong></span> 
     </span>
    </p>
   </div>
   <div class='ocr_carea' id='block_1_20' title="bbox 654 2155 2253 2244">
    <p class='ocr_par' dir='ltr' id='par_1_20' title="bbox 654 2155 2253 2244">
     <span class='ocr_line' id='line_1_20' title="bbox 654 2155 2253 2244; baseline -0.013 -13"><span class='ocrx_word' id='word_1_148' title='bbox 654 2174 1052 2244; x_wconf 65' lang='lat' dir='ltr'><strong>dispensatione</strong></span> <span class='ocrx_word' id='word_1_149' title='bbox 1079 2168 1593 2223; x_wconf 80' lang='lat' dir='ltr'><strong>misericordissinne</strong></span> <span class='ocrx_word' id='word_1_150' title='bbox 1616 2164 1801 2234; x_wconf 77' lang='lat' dir='ltr'><strong>gratia:</strong></span> <span class='ocrx_word' id='word_1_151' title='bbox 1828 2174 2035 2223; x_wconf 91' lang='lat' dir='ltr'><strong>onmes,</strong></span> <span class='ocrx_word' id='word_1_152' title='bbox 2060 2155 2253 2227; x_wconf 84' lang='lat' dir='ltr'><strong>quibus</strong></span> 
     </span>
    </p>
   </div>
   <div class='ocr_carea' id='block_1_21' title="bbox 657 2251 2256 2337">
    <p class='ocr_par' dir='ltr' id='par_1_21' title="bbox 657 2251 2256 2337">
     <span class='ocr_line' id='line_1_21' title="bbox 657 2251 2256 2337; baseline -0.013 -16"><span class='ocrx_word' id='word_1_153' title='bbox 657 2278 907 2337; x_wconf 81' lang='lat' dir='ltr'><strong>tanquam</strong></span> <span class='ocrx_word' id='word_1_154' title='bbox 960 2261 1216 2317; x_wconf 76' lang='lat' dir='ltr'><strong>membris</strong></span> <span class='ocrx_word' id='word_1_155' title='bbox 1270 2259 1323 2335; x_wconf 77' lang='lat' dir='ltr'><strong>in</strong></span> <span class='ocrx_word' id='word_1_156' title='bbox 1378 2274 1476 2312; x_wconf 85' lang='lat' dir='ltr'><strong>suo</strong></span> <span class='ocrx_word' id='word_1_157' title='bbox 1512 2268 1741 2325; x_wconf 86' lang='lat' dir='ltr'><strong>corpore</strong></span> <span class='ocrx_word' id='word_1_158' title='bbox 1766 2251 2066 2307; x_wconf 76' lang='lat' dir='ltr'><strong>constitutis</strong></span> <span class='ocrx_word' id='word_1_159' title='bbox 2095 2254 2256 2317; x_wconf 83' lang='lat' dir='ltr'><strong>caput</strong></span> 
     </span>
    </p>
   </div>
   <div class='ocr_carea' id='block_1_22' title="bbox 656 2342 2252 2424">
    <p class='ocr_par' dir='ltr' id='par_1_22' title="bbox 656 2342 2252 2424">
     <span class='ocr_line' id='line_1_22' title="bbox 656 2342 2252 2424; baseline -0.012 -11"><span class='ocrx_word' id='word_1_160' title='bbox 656 2372 740 2413; x_wconf 84' lang='lat' dir='ltr'><strong>eSt</strong></span> <span class='ocrx_word' id='word_1_161' title='bbox 782 2357 848 2411; x_wconf 89' lang='lat' dir='ltr'><strong>ad</strong></span> <span class='ocrx_word' id='word_1_162' title='bbox 906 2353 1293 2424; x_wconf 87' lang='lat' dir='ltr'><strong>capessendum</strong></span> <span class='ocrx_word' id='word_1_163' title='bbox 1345 2365 1567 2421; x_wconf 79' lang='lat' dir='ltr'><strong>regnum</strong></span> <span class='ocrx_word' id='word_1_164' title='bbox 1610 2347 1891 2411; x_wconf 76' lang='lat' dir='ltr'><strong>cmlorum,</strong></span> <span class='ocrx_word' id='word_1_165' title='bbox 1938 2342 2252 2407; x_wconf 75' lang='lat' dir='ltr'><strong>vivificaret,</strong></span> 
     </span>
    </p>
   </div>
   <div class='ocr_carea' id='block_1_23' title="bbox 657 2432 2255 2509">
    <p class='ocr_par' dir='ltr' id='par_1_23' title="bbox 657 2432 2255 2509">
     <span class='ocr_line' id='line_1_23' title="bbox 657 2432 2255 2509; baseline -0.011 -5"><span class='ocrx_word' id='word_1_166' title='bbox 657 2450 835 2504; x_wconf 76' lang='lat' dir='ltr'><strong>salvos</strong></span> <span class='ocrx_word' id='word_1_167' title='bbox 866 2448 1083 2509; x_wconf 80' lang='lat' dir='ltr'><strong>faceret,</strong></span> <span class='ocrx_word' id='word_1_168' title='bbox 1117 2445 1391 2508; x_wconf 72' lang='lat' dir='ltr'><strong>liberaret,</strong></span> <span class='ocrx_word' id='word_1_169' title='bbox 1426 2440 1736 2503; x_wconf 89' lang='lat' dir='ltr'><strong>redimeret,</strong></span> <span class='ocrx_word' id='word_1_170' title='bbox 1783 2435 2125 2499; x_wconf 90' lang='lat' dir='ltr'><strong>illutninaret,</strong></span> <span class='ocrx_word' id='word_1_171' title='bbox 2164 2432 2255 2503; x_wconf 85' lang='lat' dir='ltr'><strong>qui</strong></span> 
     </span>
    </p>
   </div>
   <div class='ocr_carea' id='block_1_24' title="bbox 660 2524 2256 2609">
    <p class='ocr_par' dir='ltr' id='par_1_24' title="bbox 660 2524 2256 2609">
     <span class='ocr_line' id='line_1_24' title="bbox 660 2524 2256 2609; baseline -0.011 -18"><span class='ocrx_word' id='word_1_172' title='bbox 660 2539 806 2609; x_wconf 84' lang='lat' dir='ltr'><strong>prius</strong></span> <span class='ocrx_word' id='word_1_173' title='bbox 832 2537 1055 2590; x_wconf 68' lang='lat' dir='ltr'><strong>fuissent</strong></span> <span class='ocrx_word' id='word_1_174' title='bbox 1085 2535 1134 2588; x_wconf 89' lang='lat' dir='ltr'><strong>in</strong></span> <span class='ocrx_word' id='word_1_175' title='bbox 1166 2541 1510 2604; x_wconf 88' lang='lat' dir='ltr'><strong>peccatorum</strong></span> <span class='ocrx_word' id='word_1_176' title='bbox 1533 2537 1724 2593; x_wconf 90' lang='lat' dir='ltr'><strong>morte,</strong></span> <span class='ocrx_word' id='word_1_177' title='bbox 1756 2524 2117 2595; x_wconf 78' lang='lat' dir='ltr'><strong>languoribus,</strong></span> <span class='ocrx_word' id='word_1_178' title='bbox 2142 2536 2256 2576; x_wconf 76' lang='lat' dir='ltr'><strong>ser-</strong></span> 
     </span>
    </p>
   </div>
   <div class='ocr_carea' id='block_1_25' title="bbox 657 2616 2256 2697">
    <p class='ocr_par' dir='ltr' id='par_1_25' title="bbox 657 2616 2256 2697">
     <span class='ocr_line' id='line_1_25' title="bbox 657 2616 2256 2697; baseline -0.011 -13"><span class='ocrx_word' id='word_1_179' title='bbox 657 2632 846 2695; x_wconf 80' lang='lat' dir='ltr'><strong>\itute,</strong></span> <span class='ocrx_word' id='word_1_180' title='bbox 879 2628 1206 2697; x_wconf 70' lang='lat' dir='ltr'><strong>captivitate,</strong></span> <span class='ocrx_word' id='word_1_181' title='bbox 1249 2624 1482 2679; x_wconf 91' lang='lat' dir='ltr'><strong>tenebris</strong></span> <span class='ocrx_word' id='word_1_182' title='bbox 1523 2619 1819 2684; x_wconf 86' lang='lat' dir='ltr'><strong>constituti,</strong></span> <span class='ocrx_word' id='word_1_183' title='bbox 1869 2616 1969 2672; x_wconf 89' lang='lat' dir='ltr'><strong>sub</strong></span> <span class='ocrx_word' id='word_1_184' title='bbox 1996 2622 2256 2685; x_wconf 79' lang='lat' dir='ltr'><strong>potestate</strong></span> 
     </span>
    </p>
   </div>
   <div class='ocr_carea' id='block_1_26' title="bbox 660 2707 2258 2793">
    <p class='ocr_par' dir='ltr' id='par_1_26' title="bbox 660 2707 2258 2793">
     <span class='ocr_line' id='line_1_26' title="bbox 660 2707 2258 2793; baseline -0.013 -12"><span class='ocrx_word' id='word_1_185' title='bbox 660 2727 856 2781; x_wconf 87' lang='lat' dir='ltr'><strong>diaboli</strong></span> <span class='ocrx_word' id='word_1_186' title='bbox 890 2723 1141 2793; x_wconf 75' lang='lat' dir='ltr'><strong>principis</strong></span> <span class='ocrx_word' id='word_1_187' title='bbox 1179 2728 1517 2790; x_wconf 80' lang='lat' dir='ltr'><strong>peccatorum</strong></span> <span class='ocrx_word' id='word_1_188' title='bbox 1545 2733 1559 2770; x_wconf 90' lang='lat'><strong>:</strong></span> <span class='ocrx_word' id='word_1_189' title='bbox 1587 2729 1650 2768; x_wconf 87' lang='lat' dir='ltr'><strong>ac</strong></span> <span class='ocrx_word' id='word_1_190' title='bbox 1674 2714 1753 2767; x_wconf 92' lang='lat' dir='ltr'><strong>sic</strong></span> <span class='ocrx_word' id='word_1_191' title='bbox 1801 2712 1952 2765; x_wconf 89' lang='lat' dir='ltr'><strong>lierct</strong></span> <span class='ocrx_word' id='word_1_192' title='bbox 1996 2707 2258 2763; x_wconf 84' lang='lat' dir='ltr'><strong>mediator</strong></span> 
     </span>
    </p>
   </div>
   <div class='ocr_carea' id='block_1_27' title="bbox 665 2797 2257 2880">
    <p class='ocr_par' dir='ltr' id='par_1_27' title="bbox 665 2797 2257 2880">
     <span class='ocr_line' id='line_1_27' title="bbox 665 2797 2257 2880; baseline -0.013 -9"><span class='ocrx_word' id='word_1_193' title='bbox 665 2820 756 2874; x_wconf 81' lang='lat' dir='ltr'><strong>Dei</strong></span> <span class='ocrx_word' id='word_1_194' title='bbox 786 2828 838 2870; x_wconf 90' lang='lat' dir='ltr'><strong>et</strong></span> <span class='ocrx_word' id='word_1_195' title='bbox 871 2815 1167 2876; x_wconf 76' lang='lat' dir='ltr'><strong>hominum,</strong></span> <span class='ocrx_word' id='word_1_196' title='bbox 1199 2826 1294 2880; x_wconf 90' lang='lat' dir='ltr'><strong>per</strong></span> <span class='ocrx_word' id='word_1_197' title='bbox 1314 2823 1470 2879; x_wconf 89' lang='lat' dir='ltr'><strong>quem</strong></span> <span class='ocrx_word' id='word_1_198' title='bbox 1496 2816 1613 2875; x_wconf 88' lang='lat' dir='ltr'><strong>post</strong></span> <span class='ocrx_word' id='word_1_199' title='bbox 1640 2802 1944 2858; x_wconf 87' lang='lat' dir='ltr'><strong>inimicitias</strong></span> <span class='ocrx_word' id='word_1_200' title='bbox 1969 2797 2257 2870; x_wconf 84' lang='lat' dir='ltr'><strong>impietatis</strong></span> 
     </span>
    </p>
   </div>
   <div class='ocr_carea' id='block_1_28' title="bbox 662 2890 2259 2974">
    <p class='ocr_par' dir='ltr' id='par_1_28' title="bbox 662 2890 2259 2974">
     <span class='ocr_line' id='line_1_28' title="bbox 662 2890 2259 2974; baseline -0.014 -12"><span class='ocrx_word' id='word_1_201' title='bbox 662 2920 896 2969; x_wconf 64' lang='lat' dir='ltr'><strong>nostra),</strong></span> <span class='ocrx_word' id='word_1_202' title='bbox 946 2906 1088 2958; x_wconf 90' lang='lat' dir='ltr'><strong>illius</strong></span> <span class='ocrx_word' id='word_1_203' title='bbox 1126 2904 1313 2974; x_wconf 73' lang='lat' dir='ltr'><strong>gratia:</strong></span> <span class='ocrx_word' id='word_1_204' title='bbox 1360 2914 1488 2968; x_wconf 86' lang='lat' dir='ltr'><strong>pace</strong></span> <span class='ocrx_word' id='word_1_205' title='bbox 1530 2897 1736 2959; x_wconf 79' lang='lat' dir='ltr'><strong>linitas,</strong></span> <span class='ocrx_word' id='word_1_206' title='bbox 1786 2890 2259 2946; x_wconf 74' lang='lat' dir='ltr'><strong>reconciliarentur</strong></span> 
     </span>
    </p>
   </div>
   <div class='ocr_carea' id='block_1_29' title="bbox 663 2980 2257 3060">
    <p class='ocr_par' dir='ltr' id='par_1_29' title="bbox 663 2980 2257 3060">
     <span class='ocr_line' id='line_1_29' title="bbox 663 2980 2257 3060; baseline -0.013 -6"><span class='ocrx_word' id='word_1_207' title='bbox 663 3002 772 3055; x_wconf 80' lang='lat' dir='ltr'><strong>Deo</strong></span> <span class='ocrx_word' id='word_1_208' title='bbox 801 3002 851 3052; x_wconf 93' lang='lat' dir='ltr'><strong>in</strong></span> <span class='ocrx_word' id='word_1_209' title='bbox 877 3008 1134 3051; x_wconf 72' lang='lat' dir='ltr'><strong>telcrttatn</strong></span> <span class='ocrx_word' id='word_1_210' title='bbox 1164 2995 1347 3056; x_wconf 83' lang='lat' dir='ltr'><strong>vitam,</strong></span> <span class='ocrx_word' id='word_1_211' title='bbox 1376 2990 1443 3043; x_wconf 91' lang='lat' dir='ltr'><strong>ab</strong></span> <span class='ocrx_word' id='word_1_212' title='bbox 1472 2998 1673 3043; x_wconf 85' lang='lat' dir='ltr'><strong>:cterna</strong></span> <span class='ocrx_word' id='word_1_213' title='bbox 1713 2995 1890 3060; x_wconf 76' lang='lat' dir='ltr'><strong>morte</strong></span> <span class='ocrx_word' id='word_1_214' title='bbox 1916 2998 2037 3053; x_wconf 83' lang='lat' dir='ltr'><strong>qtue</strong></span> <span class='ocrx_word' id='word_1_215' title='bbox 2066 2980 2257 3034; x_wconf 86' lang='lat' dir='ltr'><strong>talibus</strong></span> 
     </span>
    </p>
   </div>
   <div class='ocr_carea' id='block_1_30' title="bbox 665 3072 2255 3160">
    <p class='ocr_par' dir='ltr' id='par_1_30' title="bbox 665 3072 2255 3160">
     <span class='ocr_line' id='line_1_30' title="bbox 665 3072 2255 3160; baseline -0.016 -13"><span class='ocrx_word' id='word_1_216' title='bbox 665 3089 1007 3160; x_wconf 86' lang='lat' dir='ltr'><strong>impendebat</strong></span> <span class='ocrx_word' id='word_1_217' title='bbox 1029 3086 1218 3153; x_wconf 76' lang='lat' dir='ltr'><strong>erepti.</strong></span> <span class='ocrx_word' id='word_1_218' title='bbox 1251 3085 1361 3138; x_wconf 89' lang='lat' dir='ltr'><strong>lloe</strong></span> <span class='ocrx_word' id='word_1_219' title='bbox 1390 3082 1530 3135; x_wconf 90' lang='lat' dir='ltr'><strong>enim</strong></span> <span class='ocrx_word' id='word_1_220' title='bbox 1561 3094 1682 3132; x_wconf 92' lang='lat' dir='ltr'><strong>cum</strong></span> <span class='ocrx_word' id='word_1_221' title='bbox 1706 3072 2061 3129; x_wconf 90' lang='lat' dir='ltr'><strong>abumlamius</strong></span> <span class='ocrx_word' id='word_1_222' title='bbox 2089 3084 2255 3139; x_wconf 85' lang='lat' dir='ltr'><strong>appa-</strong></span> 
     </span>
    </p>
   </div>
   <div class='ocr_carea' id='block_1_31' title="bbox 665 3163 2257 3247">
    <p class='ocr_par' dir='ltr' id='par_1_31' title="bbox 665 3163 2257 3247">
     <span class='ocr_line' id='line_1_31' title="bbox 665 3163 2257 3247; baseline -0.016 -10"><span class='ocrx_word' id='word_1_223' title='bbox 665 3182 853 3247; x_wconf 82' lang='lat' dir='ltr'><strong>ruerit,</strong></span> <span class='ocrx_word' id='word_1_224' title='bbox 885 3190 1220 3246; x_wconf 68' lang='lat' dir='ltr'><strong>Consequens</strong></span> <span class='ocrx_word' id='word_1_225' title='bbox 1245 3174 1347 3228; x_wconf 91' lang='lat' dir='ltr'><strong>erit</strong></span> <span class='ocrx_word' id='word_1_226' title='bbox 1378 3182 1430 3225; x_wconf 91' lang='lat' dir='ltr'><strong>ut</strong></span> <span class='ocrx_word' id='word_1_227' title='bbox 1472 3170 1537 3223; x_wconf 90' lang='lat' dir='ltr'><strong>ad</strong></span> <span class='ocrx_word' id='word_1_228' title='bbox 1566 3172 1721 3223; x_wconf 83' lang='lat' dir='ltr'><strong>istam</strong></span> <span class='ocrx_word' id='word_1_229' title='bbox 1749 3166 1944 3247; x_wconf 69' lang='lat' dir='ltr'><strong>Christi</strong></span> <span class='ocrx_word' id='word_1_230' title='bbox 1976 3163 2257 3231; x_wconf 81' lang='lat' dir='ltr'><strong>diSpeusa-</strong></span> 
     </span>
    </p>
   </div>
   <div class='ocr_carea' id='block_1_32' title="bbox 665 3244 2259 3341">
    <p class='ocr_par' dir='ltr' id='par_1_32' title="bbox 665 3244 2259 3341">
     <span class='ocr_line' id='line_1_32' title="bbox 665 3244 2259 3341; baseline -0.013 -16"><span class='ocrx_word' id='word_1_231' title='bbox 665 3244 888 3336; x_wconf 85' lang='lat' dir='ltr'><strong>tio..em,</strong></span> <span class='ocrx_word' id='word_1_232' title='bbox 916 3287 1033 3341; x_wconf 76' lang='lat' dir='ltr'><strong>qua:</strong></span> <span class='ocrx_word' id='word_1_233' title='bbox 1058 3244 1152 3339; x_wconf 84' lang='lat' dir='ltr'><strong>per</strong></span> <span class='ocrx_word' id='word_1_234' title='bbox 1177 3266 1292 3335; x_wconf 81' lang='lat' dir='ltr'><strong>ejus</strong></span> <span class='ocrx_word' id='word_1_235' title='bbox 1315 3262 1667 3318; x_wconf 89' lang='lat' dir='ltr'><strong>lmmilitatem</strong></span> <span class='ocrx_word' id='word_1_236' title='bbox 1693 3258 1828 3312; x_wconf 78' lang='lat' dir='ltr'><strong>facta</strong></span> <span class='ocrx_word' id='word_1_237' title='bbox 1854 3244 1956 3317; x_wconf 87' lang='lat' dir='ltr'><strong>est,</strong></span> <span class='ocrx_word' id='word_1_238' title='bbox 1991 3253 2259 3324; x_wconf 90' lang='lat' dir='ltr'><strong>pertinere</strong></span> 
     </span>
    </p>
   </div>
   <div class='ocr_carea' id='block_1_33' title="bbox 665 3346 2253 3436">
    <p class='ocr_par' dir='ltr' id='par_1_33' title="bbox 665 3346 2253 3436">
     <span class='ocr_line' id='line_1_33' title="bbox 665 3346 2253 3436; baseline -0.016 -14"><span class='ocrx_word' id='word_1_239' title='bbox 665 3385 768 3422; x_wconf 78' lang='lat' dir='ltr'><strong>non</strong></span> <span class='ocrx_word' id='word_1_240' title='bbox 789 3367 1012 3436; x_wconf 85' lang='lat' dir='ltr'><strong>possint,</strong></span> <span class='ocrx_word' id='word_1_241' title='bbox 1032 3363 1120 3432; x_wconf 90' lang='lat' dir='ltr'><strong>qui</strong></span> <span class='ocrx_word' id='word_1_242' title='bbox 1140 3360 1263 3421; x_wconf 69' lang='lat' dir='ltr'><strong>vita,</strong></span> <span class='ocrx_word' id='word_1_243' title='bbox 1288 3358 1482 3418; x_wconf 85' lang='lat' dir='ltr'><strong>salute,</strong></span> <span class='ocrx_word' id='word_1_244' title='bbox 1512 3351 1847 3413; x_wconf 89' lang='lat' dir='ltr'><strong>liberatione,</strong></span> <span class='ocrx_word' id='word_1_245' title='bbox 1869 3346 2253 3414; x_wconf 86' lang='lat' dir='ltr'><strong>redemptione,</strong></span> 
     </span>
    </p>
   </div>
   <div class='ocr_carea' id='block_1_34' title="bbox 667 3437 2261 3520">
    <p class='ocr_par' dir='ltr' id='par_1_34' title="bbox 667 3437 2261 3520">
     <span class='ocr_line' id='line_1_34' title="bbox 667 3437 2261 3520; baseline -0.015 -8"><span class='ocrx_word' id='word_1_246' title='bbox 667 3458 1052 3516; x_wconf 87' lang='lat' dir='ltr'><strong>illuminatione</strong></span> <span class='ocrx_word' id='word_1_247' title='bbox 1068 3471 1171 3507; x_wconf 89' lang='lat' dir='ltr'><strong>tton</strong></span> <span class='ocrx_word' id='word_1_248' title='bbox 1186 3450 1441 3520; x_wconf 72' lang='lat' dir='ltr'><strong>indigent.</strong></span> <span class='ocrx_word' id='word_1_249' title='bbox 1462 3445 1524 3500; x_wconf 67' lang='lat' dir='ltr'><strong>lit</strong></span> <span class='ocrx_word' id='word_1_250' title='bbox 1540 3444 1790 3514; x_wconf 89' lang='lat' dir='ltr'><strong>qttoniatu</strong></span> <span class='ocrx_word' id='word_1_251' title='bbox 1803 3440 1866 3494; x_wconf 91' lang='lat' dir='ltr'><strong>ad</strong></span> <span class='ocrx_word' id='word_1_252' title='bbox 1884 3440 2017 3492; x_wconf 88' lang='lat' dir='ltr'><strong>hanc</strong></span> <span class='ocrx_word' id='word_1_253' title='bbox 2033 3437 2261 3507; x_wconf 75' lang='lat' dir='ltr'><strong>pertinet</strong></span> 
     </span>
    </p>
   </div>
   <div class='ocr_carea' id='block_1_35' title="bbox 663 3533 2259 3619">
    <p class='ocr_par' dir='ltr' id='par_1_35' title="bbox 663 3533 2259 3619">
     <span class='ocr_line' id='line_1_35' title="bbox 663 3533 2259 3619; baseline -0.016 -13"><span class='ocrx_word' id='word_1_254' title='bbox 663 3544 1333 3619; x_wconf 70' lang='lat' dir='ltr'><strong>liaptisnms,quoChristo</strong></span> <span class='ocrx_word' id='word_1_255' title='bbox 1361 3536 1886 3606; x_wconf 89' lang='lat' dir='ltr'><strong>consepeliuutur,ut</strong></span> <span class='ocrx_word' id='word_1_256' title='bbox 1909 3533 2259 3599; x_wconf 80' lang='lat' dir='ltr'><strong>incorporeu-</strong></span> 
     </span>
    </p>
   </div>
   <div class='ocr_carea' id='block_1_36' title="bbox 666 3624 2261 3705">
    <p class='ocr_par' dir='ltr' id='par_1_36' title="bbox 666 3624 2261 3705">
     <span class='ocr_line' id='line_1_36' title="bbox 666 3624 2261 3705; baseline -0.017 -7"><span class='ocrx_word' id='word_1_257' title='bbox 666 3657 750 3698; x_wconf 88' lang='lat' dir='ltr'><strong>tnr</strong></span> <span class='ocrx_word' id='word_1_258' title='bbox 768 3642 840 3697; x_wconf 85' lang='lat' dir='ltr'><strong>illi</strong></span> <span class='ocrx_word' id='word_1_259' title='bbox 868 3639 1103 3695; x_wconf 88' lang='lat' dir='ltr'><strong>membra</strong></span> <span class='ocrx_word' id='word_1_260' title='bbox 1133 3637 1270 3705; x_wconf 84' lang='lat' dir='ltr'><strong>ejus,</strong></span> <span class='ocrx_word' id='word_1_261' title='bbox 1293 3636 1391 3686; x_wconf 89' lang='lat' dir='ltr'><strong>hoc</strong></span> <span class='ocrx_word' id='word_1_262' title='bbox 1405 3640 1488 3686; x_wconf 88' lang='lat' dir='ltr'><strong>est</strong></span> <span class='ocrx_word' id='word_1_263' title='bbox 1520 3630 1704 3683; x_wconf 88' lang='lat' dir='ltr'><strong>lidelcs</strong></span> <span class='ocrx_word' id='word_1_264' title='bbox 1731 3627 1846 3695; x_wconf 89' lang='lat' dir='ltr'><strong>ejus</strong></span> <span class='ocrx_word' id='word_1_265' title='bbox 1870 3642 1884 3679; x_wconf 90' lang='lat'><strong>:</strong></span> <span class='ocrx_word' id='word_1_266' title='bbox 1910 3624 2261 3694; x_wconf 80' lang='lat' dir='ltr'><strong>prol&#39;cctonec</strong></span> 
     </span>
    </p>
   </div>
   <div class='ocr_carea' id='block_1_37' title="bbox 668 3715 2264 3805">
    <p class='ocr_par' dir='ltr' id='par_1_37' title="bbox 668 3715 2264 3805">
     <span class='ocr_line' id='line_1_37' title="bbox 668 3715 2264 3805; baseline -0.014 -16"><span class='ocrx_word' id='word_1_267' title='bbox 668 3737 972 3805; x_wconf 67' lang='lat' dir='ltr'><strong>liaptismus</strong></span> <span class='ocrx_word' id='word_1_268' title='bbox 1001 3738 1085 3785; x_wconf 85' lang='lat' dir='ltr'><strong>est</strong></span> <span class='ocrx_word' id='word_1_269' title='bbox 1124 3725 1460 3782; x_wconf 80' lang='lat' dir='ltr'><strong>necessarius</strong></span> <span class='ocrx_word' id='word_1_270' title='bbox 1492 3723 1574 3776; x_wconf 91' lang='lat' dir='ltr'><strong>eis</strong></span> <span class='ocrx_word' id='word_1_271' title='bbox 1602 3720 1691 3789; x_wconf 89' lang='lat' dir='ltr'><strong>qui</strong></span> <span class='ocrx_word' id='word_1_272' title='bbox 1720 3719 1813 3772; x_wconf 88' lang='lat' dir='ltr'><strong>illo</strong></span> <span class='ocrx_word' id='word_1_273' title='bbox 1848 3715 2178 3771; x_wconf 73' lang='lat' dir='ltr'><strong>remissionis</strong></span> <span class='ocrx_word' id='word_1_274' title='bbox 2207 3721 2264 3768; x_wconf 86' lang='lat' dir='ltr'><strong>et</strong></span> 
     </span>
    </p>
   </div>
   <div class='ocr_carea' id='block_1_38' title="bbox 672 3806 2260 3881">
    <p class='ocr_par' dir='ltr' id='par_1_38' title="bbox 672 3806 2260 3881">
     <span class='ocr_line' id='line_1_38' title="bbox 672 3806 2260 3881; baseline -0.016 -2"><span class='ocrx_word' id='word_1_275' title='bbox 672 3821 1123 3881; x_wconf 79' lang='lat' dir='ltr'><strong>tceonciliatimtis</strong></span> <span class='ocrx_word' id='word_1_276' title='bbox 1163 3816 1443 3875; x_wconf 85' lang='lat' dir='ltr'><strong>benelicio,</strong></span> <span class='ocrx_word' id='word_1_277' title='bbox 1479 3828 1600 3881; x_wconf 69' lang='lat' dir='ltr'><strong>qttze</strong></span> <span class='ocrx_word' id='word_1_278' title='bbox 1650 3812 1707 3862; x_wconf 90' lang='lat' dir='ltr'><strong>lit</strong></span> <span class='ocrx_word' id='word_1_279' title='bbox 1752 3823 1845 3878; x_wconf 89' lang='lat' dir='ltr'><strong>per</strong></span> <span class='ocrx_word' id='word_1_280' title='bbox 1889 3806 2260 3865; x_wconf 78' lang='lat' dir='ltr'><strong>mediatorum,</strong></span> 
     </span>
    </p>
   </div>
   <div class='ocr_carea' id='block_1_39' title="bbox 672 3895 2265 3984">
    <p class='ocr_par' dir='ltr' id='par_1_39' title="bbox 672 3895 2265 3984">
     <span class='ocr_line' id='line_1_39' title="bbox 672 3895 2265 3984; baseline -0.014 -12"><span class='ocrx_word' id='word_1_281' title='bbox 672 3934 777 3972; x_wconf 87' lang='lat' dir='ltr'><strong>non</strong></span> <span class='ocrx_word' id='word_1_282' title='bbox 820 3929 955 3984; x_wconf 91' lang='lat' dir='ltr'><strong>opus</strong></span> <span class='ocrx_word' id='word_1_283' title='bbox 1000 3911 1218 3965; x_wconf 90' lang='lat' dir='ltr'><strong>habent.</strong></span> <span class='ocrx_word' id='word_1_284' title='bbox 1270 3909 1434 3960; x_wconf 71' lang='lat' dir='ltr'><strong>l‘orro</strong></span> <span class='ocrx_word' id='word_1_285' title='bbox 1471 3904 1595 3975; x_wconf 86' lang='lat' dir='ltr'><strong>quia</strong></span> <span class='ocrx_word' id='word_1_286' title='bbox 1638 3901 1884 3971; x_wconf 77' lang='lat' dir='ltr'><strong>parvulos</strong></span> <span class='ocrx_word' id='word_1_287' title='bbox 1923 3895 2265 3968; x_wconf 74' lang='lat' dir='ltr'><strong>lutptizandos</strong></span> 
     </span>
    </p>
   </div>
   <div class='ocr_carea' id='block_1_40' title="bbox 669 3986 2268 4070">
    <p class='ocr_par' dir='ltr' id='par_1_40' title="bbox 669 3986 2268 4070">
     <span class='ocr_line' id='line_1_40' title="bbox 669 3986 2268 4070; baseline -0.013 -10"><span class='ocrx_word' id='word_1_288' title='bbox 669 4024 793 4063; x_wconf 85' lang='lat' dir='ltr'><strong>esse</strong></span> <span class='ocrx_word' id='word_1_289' title='bbox 820 4003 1143 4065; x_wconf 78' lang='lat' dir='ltr'><strong>Concedunt,</strong></span> <span class='ocrx_word' id='word_1_290' title='bbox 1168 4001 1257 4070; x_wconf 90' lang='lat' dir='ltr'><strong>qtti</strong></span> <span class='ocrx_word' id='word_1_291' title='bbox 1276 4006 1461 4051; x_wconf 83' lang='lat' dir='ltr'><strong>contra</strong></span> <span class='ocrx_word' id='word_1_292' title='bbox 1483 3995 1856 4049; x_wconf 88' lang='lat' dir='ltr'><strong>auctoritatem</strong></span> <span class='ocrx_word' id='word_1_293' title='bbox 1882 3990 2141 4044; x_wconf 59' lang='lat' dir='ltr'><strong>universae</strong></span> <span class='ocrx_word' id='word_1_294' title='bbox 2164 3986 2268 4041; x_wconf 81' lang='lat' dir='ltr'><strong>Ee-</strong></span> 
     </span>
    </p>
   </div>
   <div class='ocr_carea' id='block_1_41' title="bbox 673 4079 2268 4166">
    <p class='ocr_par' dir='ltr' id='par_1_41' title="bbox 673 4079 2268 4166">
     <span class='ocr_line' id='line_1_41' title="bbox 673 4079 2268 4166; baseline -0.016 -12"><span class='ocrx_word' id='word_1_295' title='bbox 673 4100 875 4162; x_wconf 81' lang='lat' dir='ltr'><strong>clesi:t.-,</strong></span> <span class='ocrx_word' id='word_1_296' title='bbox 908 4094 1087 4166; x_wconf 83' lang='lat' dir='ltr'><strong>procul</strong></span> <span class='ocrx_word' id='word_1_297' title='bbox 1115 4092 1279 4147; x_wconf 87' lang='lat' dir='ltr'><strong>dubio</strong></span> <span class='ocrx_word' id='word_1_298' title='bbox 1306 4105 1397 4159; x_wconf 90' lang='lat' dir='ltr'><strong>per</strong></span> <span class='ocrx_word' id='word_1_299' title='bbox 1430 4088 1711 4142; x_wconf 86' lang='lat' dir='ltr'><strong>Dominum</strong></span> <span class='ocrx_word' id='word_1_300' title='bbox 1742 4094 1796 4138; x_wconf 92' lang='lat' dir='ltr'><strong>et</strong></span> <span class='ocrx_word' id='word_1_301' title='bbox 1832 4079 2117 4153; x_wconf 76' lang='lat' dir='ltr'><strong>ApOstolos</strong></span> <span class='ocrx_word' id='word_1_302' title='bbox 2163 4088 2268 4132; x_wconf 81' lang='lat' dir='ltr'><strong>tra-</strong></span> 
     </span>
    </p>
   </div>
   <div class='ocr_carea' id='block_1_42' title="bbox 673 4175 2268 4255">
    <p class='ocr_par' dir='ltr' id='par_1_42' title="bbox 673 4175 2268 4255">
     <span class='ocr_line' id='line_1_42' title="bbox 673 4175 2268 4255; baseline -0.014 -8"><span class='ocrx_word' id='word_1_303' title='bbox 673 4193 863 4255; x_wconf 83' lang='lat' dir='ltr'><strong>ditam,</strong></span> <span class='ocrx_word' id='word_1_304' title='bbox 907 4188 1089 4243; x_wconf 74' lang='lat' dir='ltr'><strong>venire</strong></span> <span class='ocrx_word' id='word_1_305' title='bbox 1137 4201 1242 4238; x_wconf 88' lang='lat' dir='ltr'><strong>non</strong></span> <span class='ocrx_word' id='word_1_306' title='bbox 1291 4188 1554 4252; x_wconf 77' lang='lat' dir='ltr'><strong>possunt:</strong></span> <span class='ocrx_word' id='word_1_307' title='bbox 1586 4175 1881 4233; x_wconf 86' lang='lat' dir='ltr'><strong>concedant</strong></span> <span class='ocrx_word' id='word_1_308' title='bbox 1925 4181 2137 4243; x_wconf 87' lang='lat' dir='ltr'><strong>oportet</strong></span> <span class='ocrx_word' id='word_1_309' title='bbox 2173 4186 2268 4224; x_wconf 89' lang='lat' dir='ltr'><strong>eos</strong></span> 
     </span>
    </p>
   </div>
   <div class='ocr_carea' id='block_1_43' title="bbox 674 4265 2270 4353">
    <p class='ocr_par' dir='ltr' id='par_1_43' title="bbox 674 4265 2270 4353">
     <span class='ocr_line' id='line_1_43' title="bbox 674 4265 2270 4353; baseline -0.014 -15"><span class='ocrx_word' id='word_1_310' title='bbox 674 4300 833 4353; x_wconf 83' lang='lat' dir='ltr'><strong>egere</strong></span> <span class='ocrx_word' id='word_1_311' title='bbox 864 4281 969 4336; x_wconf 82' lang='lat' dir='ltr'><strong>illis</strong></span> <span class='ocrx_word' id='word_1_312' title='bbox 998 4276 1272 4332; x_wconf 89' lang='lat' dir='ltr'><strong>bencliciis</strong></span> <span class='ocrx_word' id='word_1_313' title='bbox 1300 4272 1626 4334; x_wconf 84' lang='lat' dir='ltr'><strong>mediatoris,</strong></span> <span class='ocrx_word' id='word_1_314' title='bbox 1651 4277 1709 4323; x_wconf 86' lang='grc' dir='ltr'><strong>ιιι</strong></span> <span class='ocrx_word' id='word_1_315' title='bbox 1734 4266 1932 4322; x_wconf 74' lang='lat' dir='ltr'><strong>abluti’</strong></span> <span class='ocrx_word' id='word_1_316' title='bbox 1962 4281 2053 4336; x_wconf 89' lang='lat' dir='ltr'><strong>per</strong></span> <span class='ocrx_word' id='word_1_317' title='bbox 2080 4265 2270 4319; x_wconf 80' lang='lat' dir='ltr'><strong>Sacra-</strong></span> 
     </span>
    </p>
   </div>
   <div class='ocr_carea' id='block_1_44' title="bbox 679 4356 2268 4436">
    <p class='ocr_par' dir='ltr' id='par_1_44' title="bbox 679 4356 2268 4436">
     <span class='ocr_line' id='line_1_44' title="bbox 679 4356 2268 4436; baseline -0.013 -7"><span class='ocrx_word' id='word_1_318' title='bbox 679 4384 916 4429; x_wconf 76' lang='lat' dir='ltr'><strong>lttettlttttt</strong></span> <span class='ocrx_word' id='word_1_319' title='bbox 960 4372 1382 4436; x_wconf 76' lang='lat' dir='ltr'><strong>cbaritatemque</strong></span> <span class='ocrx_word' id='word_1_320' title='bbox 1423 4365 1679 4426; x_wconf 86' lang='lat' dir='ltr'><strong>lidelium,</strong></span> <span class='ocrx_word' id='word_1_321' title='bbox 1733 4376 1796 4415; x_wconf 86' lang='lat' dir='ltr'><strong>ac</strong></span> <span class='ocrx_word' id='word_1_322' title='bbox 1843 4356 2268 4425; x_wconf 87' lang='lat' dir='ltr'><strong>sicineorporati</strong></span> 
     </span>
    </p>
   </div>
   <div class='ocr_carea' id='block_1_45' title="bbox 678 4451 2268 4532">
    <p class='ocr_par' dir='ltr' id='par_1_45' title="bbox 678 4451 2268 4532">
     <span class='ocr_line' id='line_1_45' title="bbox 678 4451 2268 4532; baseline -0.013 -10"><span class='ocrx_word' id='word_1_323' title='bbox 678 4464 877 4521; x_wconf 64' lang='lat' dir='ltr'><strong>chi-isti</strong></span> <span class='ocrx_word' id='word_1_324' title='bbox 898 4463 1132 4532; x_wconf 86' lang='lat' dir='ltr'><strong>corpori,</strong></span> <span class='ocrx_word' id='word_1_325' title='bbox 1150 4459 1290 4529; x_wconf 89' lang='lat' dir='ltr'><strong>quod</strong></span> <span class='ocrx_word' id='word_1_326' title='bbox 1313 4470 1392 4513; x_wconf 88' lang='lat' dir='ltr'><strong>est</strong></span> <span class='ocrx_word' id='word_1_327' title='bbox 1423 4457 1677 4526; x_wconf 77' lang='lat' dir='ltr'><strong>Ecclesia,</strong></span> <span class='ocrx_word' id='word_1_328' title='bbox 1701 4451 2115 4508; x_wconf 75' lang='lat' dir='ltr'><strong>reconcilientur</strong></span> <span class='ocrx_word' id='word_1_329' title='bbox 2138 4452 2268 4514; x_wconf 80' lang='lat' dir='ltr'><strong>Deo,</strong></span> 
     </span>
    </p>
   </div>
   <div class='ocr_carea' id='block_1_46' title="bbox 680 4540 2266 4619">
    <p class='ocr_par' dir='ltr' id='par_1_46' title="bbox 680 4540 2266 4619">
     <span class='ocr_line' id='line_1_46' title="bbox 680 4540 2266 4619; baseline -0.013 -7"><span class='ocrx_word' id='word_1_330' title='bbox 680 4567 737 4612; x_wconf 90' lang='lat' dir='ltr'><strong>ut</strong></span> <span class='ocrx_word' id='word_1_331' title='bbox 767 4558 821 4610; x_wconf 91' lang='lat' dir='ltr'><strong>in</strong></span> <span class='ocrx_word' id='word_1_332' title='bbox 851 4556 941 4609; x_wconf 85' lang='lat' dir='ltr'><strong>illo</strong></span> <span class='ocrx_word' id='word_1_333' title='bbox 960 4553 1085 4619; x_wconf 65' lang='lat' dir='ltr'><strong>vivi,</strong></span> <span class='ocrx_word' id='word_1_334' title='bbox 1117 4562 1171 4605; x_wconf 90' lang='lat' dir='ltr'><strong>ttt</strong></span> <span class='ocrx_word' id='word_1_335' title='bbox 1199 4550 1353 4612; x_wconf 73' lang='lat' dir='ltr'><strong>salvi,</strong></span> <span class='ocrx_word' id='word_1_336' title='bbox 1387 4556 1443 4601; x_wconf 88' lang='grc' dir='ltr'><strong>ιιι</strong></span> <span class='ocrx_word' id='word_1_337' title='bbox 1463 4545 1693 4605; x_wconf 85' lang='lat' dir='ltr'><strong>liberati,</strong></span> <span class='ocrx_word' id='word_1_338' title='bbox 1721 4554 1778 4597; x_wconf 91' lang='lat' dir='ltr'><strong>ut</strong></span> <span class='ocrx_word' id='word_1_339' title='bbox 1800 4541 2082 4610; x_wconf 87' lang='lat' dir='ltr'><strong>redempti,</strong></span> <span class='ocrx_word' id='word_1_340' title='bbox 2116 4550 2170 4592; x_wconf 88' lang='lat' dir='ltr'><strong>ut</strong></span> <span class='ocrx_word' id='word_1_341' title='bbox 2202 4540 2266 4593; x_wconf 91' lang='lat' dir='ltr'><strong>il-</strong></span> 
     </span>
    </p>
   </div>
   <div class='ocr_carea' id='block_1_47' title="bbox 681 4632 2265 4708">
    <p class='ocr_par' dir='ltr' id='par_1_47' title="bbox 681 4632 2265 4708">
     <span class='ocr_line' id='line_1_47' title="bbox 681 4632 2265 4708; baseline -0.011 -4"><span class='ocrx_word' id='word_1_342' title='bbox 681 4650 921 4707; x_wconf 87' lang='lat' dir='ltr'><strong>luminati</strong></span> <span class='ocrx_word' id='word_1_343' title='bbox 953 4652 1079 4702; x_wconf 89' lang='lat' dir='ltr'><strong>liant</strong></span> <span class='ocrx_word' id='word_1_344' title='bbox 1108 4664 1121 4700; x_wconf 91' lang='lat'><strong>:</strong></span> <span class='ocrx_word' id='word_1_345' title='bbox 1151 4645 1312 4708; x_wconf 87' lang='lat' dir='ltr'><strong>ttmle,</strong></span> <span class='ocrx_word' id='word_1_346' title='bbox 1344 4643 1443 4696; x_wconf 87' lang='lat' dir='ltr'><strong>nisi</strong></span> <span class='ocrx_word' id='word_1_347' title='bbox 1465 4659 1493 4693; x_wconf 79' lang='grc' dir='ltr'><strong>ιι</strong></span> <span class='ocrx_word' id='word_1_348' title='bbox 1523 4652 1712 4700; x_wconf 82' lang='lat' dir='ltr'><strong>morte,</strong></span> <span class='ocrx_word' id='word_1_349' title='bbox 1747 4637 1908 4693; x_wconf 75' lang='lat' dir='ltr'><strong>vitiis.</strong></span> <span class='ocrx_word' id='word_1_350' title='bbox 1938 4647 2109 4695; x_wconf 85' lang='lat' dir='ltr'><strong>reatu,</strong></span> <span class='ocrx_word' id='word_1_351' title='bbox 2138 4632 2265 4687; x_wconf 82' lang='lat' dir='ltr'><strong>sub-</strong></span> 
     </span>
    </p>
   </div>
   <div class='ocr_carea' id='block_1_48' title="bbox 679 4725 2279 4813">
    <p class='ocr_par' dir='ltr' id='par_1_48' title="bbox 679 4725 2279 4813">
     <span class='ocr_line' id='line_1_48' title="bbox 679 4725 2279 4813; baseline -0.013 -16"><span class='ocrx_word' id='word_1_352' title='bbox 679 4743 930 4813; x_wconf 68' lang='lat' dir='ltr'><strong>iectione,</strong></span> <span class='ocrx_word' id='word_1_353' title='bbox 959 4738 1195 4794; x_wconf 87' lang='lat' dir='ltr'><strong>tenebris</strong></span> <span class='ocrx_word' id='word_1_354' title='bbox 1220 4731 1595 4805; x_wconf 89' lang='lat' dir='ltr'><strong>peccatormn?</strong></span> <span class='ocrx_word' id='word_1_355' title='bbox 1622 4746 1740 4799; x_wconf 73' lang='lat' dir='ltr'><strong>qua:</strong></span> <span class='ocrx_word' id='word_1_356' title='bbox 1767 4728 2017 4798; x_wconf 83' lang='lat' dir='ltr'><strong>quoniam</strong></span> <span class='ocrx_word' id='word_1_357' title='bbox 2051 4726 2190 4779; x_wconf 84' lang='lat' dir='ltr'><strong>nulla</strong></span> <span class='ocrx_word' id='word_1_358' title='bbox 2220 4725 2279 4783; x_wconf 72' lang='lat' dir='ltr'><strong>in</strong></span> 
     </span>
    </p>
   </div>
   <div class='ocr_carea' id='block_1_49' title="bbox 682 4819 2273 4901">
    <p class='ocr_par' dir='ltr' id='par_1_49' title="bbox 682 4819 2273 4901">
     <span class='ocr_line' id='line_1_49' title="bbox 682 4819 2273 4901; baseline -0.011 -14"><span class='ocrx_word' id='word_1_359' title='bbox 682 4854 741 4888; x_wconf 85' lang='lat' dir='ltr'><strong>ea</strong></span> <span class='ocrx_word' id='word_1_360' title='bbox 764 4844 922 4889; x_wconf 83' lang='lat' dir='ltr'><strong>a-tate</strong></span> <span class='ocrx_word' id='word_1_361' title='bbox 952 4848 1045 4901; x_wconf 84' lang='lat' dir='ltr'><strong>per</strong></span> <span class='ocrx_word' id='word_1_362' title='bbox 1071 4845 1222 4883; x_wconf 75' lang='lat' dir='ltr'><strong>suam</strong></span> <span class='ocrx_word' id='word_1_363' title='bbox 1257 4828 1416 4880; x_wconf 77' lang='lat' dir='ltr'><strong>vitam</strong></span> <span class='ocrx_word' id='word_1_364' title='bbox 1450 4819 1716 4895; x_wconf 81' lang='lat' dir='ltr'><strong>propriam</strong></span> <span class='ocrx_word' id='word_1_365' title='bbox 1748 4819 2108 4875; x_wconf 74' lang='lat' dir='ltr'><strong>commiserim</strong></span> <span class='ocrx_word' id='word_1_366' title='bbox 2139 4857 2155 4883; x_wconf 92' lang='lat'><strong>,</strong></span> <span class='ocrx_word' id='word_1_367' title='bbox 2184 4833 2273 4871; x_wconf 84' lang='lat' dir='ltr'><strong>re-</strong></span> 
     </span>
    </p>
   </div>
   <div class='ocr_carea' id='block_1_50' title="bbox 683 4922 1391 4992">
    <p class='ocr_par' dir='ltr' id='par_1_50' title="bbox 683 4922 1391 4992">
     <span class='ocr_line' id='line_1_50' title="bbox 683 4922 1391 4992; baseline -0.014 -12"><span class='ocrx_word' id='word_1_368' title='bbox 683 4936 788 4980; x_wconf 84' lang='lat' dir='ltr'><strong>stat</strong></span> <span class='ocrx_word' id='word_1_369' title='bbox 808 4922 1065 4992; x_wconf 77' lang='lat' dir='ltr'><strong>originale</strong></span> <span class='ocrx_word' id='word_1_370' title='bbox 1094 4930 1391 4990; x_wconf 77' lang='lat' dir='ltr'><strong>peceatum.</strong></span> 
     </span>
    </p>
   </div>
   <div class='ocr_carea' id='block_1_51' title="bbox 756 5000 2283 5078">
    <p class='ocr_par' dir='ltr' id='par_1_51' title="bbox 756 5000 2283 5078">
     <span class='ocr_line' id='line_1_51' title="bbox 756 5000 2283 5078; baseline -0.011 -9"><span class='ocrx_word' id='word_1_371' title='bbox 756 5013 983 5069; x_wconf 72' lang='lat' dir='ltr'><strong>CAPUT</strong></span> <span class='ocrx_word' id='word_1_372' title='bbox 1022 5012 1234 5067; x_wconf 71' lang='lat' dir='ltr'><strong>XXVII.</strong></span> <span class='ocrx_word' id='word_1_373' title='bbox 1256 5040 1324 5051; x_wconf 92' lang='lat'><strong>—</strong></span> <span class='ocrx_word' id='word_1_374' title='bbox 1350 5008 1445 5065; x_wconf 66' lang='grc'>40.</span> <span class='ocrx_word' id='word_1_375' title='bbox 1483 5006 1716 5078; x_wconf 70' lang='lat' dir='ltr'><strong>(iungerit</strong></span> <span class='ocrx_word' id='word_1_376' title='bbox 1738 5002 2018 5058; x_wconf 81' lang='lat' dir='ltr'><strong>testimonia</strong></span> <span class='ocrx_word' id='word_1_377' title='bbox 2040 5000 2283 5071; x_wconf 77' lang='lat' dir='ltr'><strong>Scriptu-</strong></span> 
     </span>
    </p>
   </div>
   <div class='ocr_carea' id='block_1_52' title="bbox 690 5098 2281 5164">
    <p class='ocr_par' dir='ltr' id='par_1_52' title="bbox 690 5098 2281 5164">
     <span class='ocr_line' id='line_1_52' title="bbox 690 5098 2281 5164; baseline -0.009 -1"><span class='ocrx_word' id='word_1_378' title='bbox 690 5124 883 5163; x_wconf 78' lang='lat' dir='ltr'><strong>return.</strong></span> <span class='ocrx_word' id='word_1_379' title='bbox 915 5109 1039 5160; x_wconf 64' lang='lat' dir='ltr'><strong>ilice</strong></span> <span class='ocrx_word' id='word_1_380' title='bbox 1066 5104 1396 5158; x_wconf 85' lang='lat' dir='ltr'><strong>ratiocinatio</strong></span> <span class='ocrx_word' id='word_1_381' title='bbox 1426 5113 1551 5157; x_wconf 88' lang='lat' dir='ltr'><strong>tunc</strong></span> <span class='ocrx_word' id='word_1_382' title='bbox 1579 5102 1679 5155; x_wconf 91' lang='lat' dir='ltr'><strong>erit</strong></span> <span class='ocrx_word' id='word_1_383' title='bbox 1700 5098 1889 5153; x_wconf 72' lang='lat' dir='ltr'><strong>fortior</strong></span> <span class='ocrx_word' id='word_1_384' title='bbox 1918 5113 2040 5150; x_wconf 82' lang='lat' dir='ltr'><strong>rum</strong></span> <span class='ocrx_word' id='word_1_385' title='bbox 2071 5111 2132 5150; x_wconf 91' lang='lat' dir='ltr'><strong>ea</strong></span> <span class='ocrx_word' id='word_1_386' title='bbox 2161 5109 2281 5164; x_wconf 75' lang='lat' dir='ltr'><strong>qua:</strong></span> 
     </span>
    </p>
   </div>
   <div class='ocr_carea' id='block_1_53' title="bbox 694 5189 2284 5271">
    <p class='ocr_par' dir='ltr' id='par_1_53' title="bbox 694 5189 2284 5271">
     <span class='ocr_line' id='line_1_53' title="bbox 694 5189 2284 5271; baseline -0.011 -15"><span class='ocrx_word' id='word_1_387' title='bbox 694 5202 913 5271; x_wconf 78' lang='lat' dir='ltr'><strong>promisi</strong></span> <span class='ocrx_word' id='word_1_388' title='bbox 945 5198 1242 5252; x_wconf 67' lang='lat' dir='ltr'><strong>testimonia</strong></span> <span class='ocrx_word' id='word_1_389' title='bbox 1271 5196 1433 5250; x_wconf 88' lang='lat' dir='ltr'><strong>tuulta</strong></span> <span class='ocrx_word' id='word_1_390' title='bbox 1472 5207 1815 5263; x_wconf 74' lang='lat' dir='ltr'><strong>congessere.</strong></span> <span class='ocrx_word' id='word_1_391' title='bbox 1858 5189 1972 5246; x_wconf 85' lang='lat' dir='ltr'><strong>Jam</strong></span> <span class='ocrx_word' id='word_1_392' title='bbox 2003 5204 2160 5257; x_wconf 88' lang='lat' dir='ltr'><strong>supra</strong></span> <span class='ocrx_word' id='word_1_393' title='bbox 2190 5204 2284 5256; x_wconf 82' lang='lat' dir='ltr'><strong>po-</strong></span> 
     </span>
    </p>
   </div>
   <div class='ocr_carea' id='block_1_54' title="bbox 692 5278 2284 5358">
    <p class='ocr_par' dir='ltr' id='par_1_54' title="bbox 692 5278 2284 5358">
     <span class='ocr_line' id='line_1_54' title="bbox 692 5278 2284 5358; baseline -0.013 -7"><span class='ocrx_word' id='word_1_394' title='bbox 692 5295 898 5351; x_wconf 72' lang='lat' dir='ltr'><strong>suimus</strong></span> <span class='ocrx_word' id='word_1_395' title='bbox 925 5309 938 5346; x_wconf 89' lang='lat'><strong>:</strong></span> <span class='ocrx_word' id='word_1_396' title='bbox 976 5289 1096 5344; x_wconf 68' lang='lat' dir='ltr'><strong>Non</strong></span> <span class='ocrx_word' id='word_1_397' title='bbox 1124 5288 1230 5342; x_wconf 82' lang='lat' dir='ltr'><strong>veni</strong></span> <span class='ocrx_word' id='word_1_398' title='bbox 1272 5302 1448 5341; x_wconf 81' lang='lat' dir='ltr'><strong>vocare</strong></span> <span class='ocrx_word' id='word_1_399' title='bbox 1475 5286 1659 5358; x_wconf 79' lang='lat' dir='ltr'><strong>juslos,</strong></span> <span class='ocrx_word' id='word_1_400' title='bbox 1692 5282 1777 5338; x_wconf 79' lang='lat' dir='ltr'><strong>sed</strong></span> <span class='ocrx_word' id='word_1_401' title='bbox 1807 5293 2089 5354; x_wconf 79' lang='lat' dir='ltr'><strong>peccatores</strong></span> <span class='ocrx_word' id='word_1_402' title='bbox 2115 5278 2284 5351; x_wconf 85' lang='lat' dir='ltr'><strong>(Luc.</strong></span> 
     </span>
    </p>
   </div>
   <div class='ocr_carea' id='block_1_55' title="bbox 698 5367 2288 5453">
    <p class='ocr_par' dir='ltr' id='par_1_55' title="bbox 698 5367 2288 5453">
     <span class='ocr_line' id='line_1_55' title="bbox 698 5367 2288 5453; baseline -0.013 -12"><span class='ocrx_word' id='word_1_403' title='bbox 698 5404 750 5453; x_wconf 78' lang='grc' dir='ltr'>ν,</span> <span class='ocrx_word' id='word_1_404' title='bbox 775 5385 844 5441; x_wconf 70' lang='lat'><strong>3:2</strong></span> <span class='ocrx_word' id='word_1_405' title='bbox 863 5388 902 5452; x_wconf 92' lang='lat'><strong>).</strong></span> <span class='ocrx_word' id='word_1_406' title='bbox 936 5384 1064 5437; x_wconf 88' lang='lat' dir='ltr'><strong>ltem</strong></span> <span class='ocrx_word' id='word_1_407' title='bbox 1092 5397 1212 5435; x_wconf 88' lang='lat' dir='ltr'><strong>eum</strong></span> <span class='ocrx_word' id='word_1_408' title='bbox 1239 5379 1302 5433; x_wconf 91' lang='lat' dir='ltr'><strong>ad</strong></span> <span class='ocrx_word' id='word_1_409' title='bbox 1326 5378 1640 5433; x_wconf 66' lang='lat' dir='ltr'><strong>Zaechaann</strong></span> <span class='ocrx_word' id='word_1_410' title='bbox 1672 5387 1816 5431; x_wconf 80' lang='lat' dir='ltr'><strong>esset</strong></span> <span class='ocrx_word' id='word_1_411' title='bbox 1843 5376 2146 5444; x_wconf 80' lang='lat' dir='ltr'><strong>ingressus:</strong></span> <span class='ocrx_word' id='word_1_412' title='bbox 2175 5367 2288 5422; x_wconf 84' lang='grc' dir='ltr'>ιιο.</span> 
     </span>
    </p>
   </div>
   <div class='ocr_carea' id='block_1_56' title="bbox 757 5510 2127 5581">
    <p class='ocr_par' dir='ltr' id='par_1_56' title="bbox 757 5510 2127 5581">
     <span class='ocr_line' id='line_1_56' title="bbox 757 5510 2127 5581; baseline -0.01 -10"><span class='ocrx_word' id='word_1_413' title='bbox 757 5528 773 5559; x_wconf 77' lang='grc' dir='ltr'>ί</span> <span class='ocrx_word' id='word_1_414' title='bbox 810 5532 910 5572; x_wconf 74' lang='lat' dir='ltr'><strong>vox</strong></span> <span class='ocrx_word' id='word_1_415' title='bbox 928 5559 940 5580; x_wconf 96' lang='lat'><strong>,</strong></span> <span class='ocrx_word' id='word_1_416' title='bbox 976 5516 1299 5581; x_wconf 57' lang='lat' dir='ltr'><strong>amittamus,</strong></span> <span class='ocrx_word' id='word_1_417' title='bbox 1323 5517 1463 5565; x_wconf 86' lang='lat' dir='ltr'><strong>abest</strong></span> <span class='ocrx_word' id='word_1_418' title='bbox 1486 5514 1550 5564; x_wconf 82' lang='lat' dir='ltr'><strong>ah</strong></span> <span class='ocrx_word' id='word_1_419' title='bbox 1571 5513 1755 5581; x_wconf 77' lang='lat' dir='ltr'><strong>aliquot</strong></span> <span class='ocrx_word' id='word_1_420' title='bbox 1773 5510 2127 5581; x_wconf 66' lang='lat' dir='ltr'><strong>mnuserirtis.</strong></span> 
     </span>
    </p>
   </div>
   <div class='ocr_carea' id='block_1_57' title="bbox 756 5573 2288 5638">
    <p class='ocr_par' dir='ltr' id='par_1_57' title="bbox 756 5573 2288 5638">
     <span class='ocr_line' id='line_1_57' title="bbox 756 5573 2288 5638; baseline -0.012 -3"><span class='ocrx_word' id='word_1_421' title='bbox 756 5590 778 5621; x_wconf 71' lang='grc'><strong><em>⁸</em></strong></span> <span class='ocrx_word' id='word_1_422' title='bbox 813 5593 862 5635; x_wconf 82' lang='grc' dir='ltr'><strong>ιιι</strong></span> <span class='ocrx_word' id='word_1_423' title='bbox 909 5573 1053 5633; x_wconf 65' lang='lat' dir='ltr'><strong>editis</strong></span> <span class='ocrx_word' id='word_1_424' title='bbox 1075 5573 1336 5638; x_wconf 63' lang='lat' dir='ltr'><strong>amisson},</strong></span> <span class='ocrx_word' id='word_1_425' title='bbox 1381 5584 1425 5627; x_wconf 81' lang='lat' dir='ltr'><strong>et</strong></span> <span class='ocrx_word' id='word_1_426' title='bbox 1449 5588 1517 5626; x_wconf 70' lang='lat' dir='ltr'><strong>Os.</strong></span> <span class='ocrx_word' id='word_1_427' title='bbox 1545 5573 1706 5625; x_wconf 65' lang='lat' dir='ltr'><strong>mea</strong></span> <span class='ocrx_word' id='word_1_428' title='bbox 1735 5575 1781 5621; x_wconf 89' lang='lat' dir='ltr'><strong>in</strong></span> <span class='ocrx_word' id='word_1_429' title='bbox 1814 5573 2217 5638; x_wconf 68' lang='lat' dir='ltr'><strong>itit-liorilius_tt.ss.</strong></span> <span class='ocrx_word' id='word_1_430' title='bbox 2238 5575 2288 5618; x_wconf 87' lang='lat' dir='ltr'><strong>In</strong></span> 
     </span>
    </p>
   </div>
   <div class='ocr_carea' id='block_1_58' title="bbox 699 5633 2291 5712">
    <p class='ocr_par' dir='ltr' id='par_1_58' title="bbox 699 5633 2291 5712">
     <span class='ocr_line' id='line_1_58' title="bbox 699 5633 2291 5712; baseline -0.01 -13"><span class='ocrx_word' id='word_1_431' title='bbox 699 5633 892 5699; x_wconf 62' lang='lat' dir='ltr'><strong>ueteris</strong></span> <span class='ocrx_word' id='word_1_432' title='bbox 914 5652 1079 5712; x_wconf 65' lang='lat' dir='ltr'><strong>amum</strong></span> <span class='ocrx_word' id='word_1_433' title='bbox 1103 5633 1334 5712; x_wconf 67' lang='lat' dir='ltr'><strong>corruptii</strong></span> <span class='ocrx_word' id='word_1_434' title='bbox 1350 5640 1552 5712; x_wconf 52' lang='lat' dir='ltr'><strong>lygitur,</strong></span> <span class='ocrx_word' id='word_1_435' title='bbox 1572 5643 1846 5712; x_wconf 64' lang='lat' dir='ltr'><strong>correctos;</strong></span> <span class='ocrx_word' id='word_1_436' title='bbox 1869 5644 1970 5691; x_wconf 82' lang='lat' dir='ltr'><strong>aut,</strong></span> <span class='ocrx_word' id='word_1_437' title='bbox 1984 5633 2137 5712; x_wconf 57' lang='lat' dir='ltr'><strong>corde</strong></span> <span class='ocrx_word' id='word_1_438' title='bbox 2161 5639 2291 5712; x_wconf 59' lang='lat' dir='ltr'><strong>rego</strong></span> 
     </span>
    </p>
   </div>
   <div class='ocr_carea' id='block_1_59' title="bbox 699 5695 2289 5769">
    <p class='ocr_par' dir='ltr' id='par_1_59' title="bbox 699 5695 2289 5769">
     <span class='ocr_line' id='line_1_59' title="bbox 699 5695 2289 5769; baseline -0.009 -7"><span class='ocrx_word' id='word_1_439' title='bbox 699 5695 969 5762; x_wconf 4' lang='lat' dir='ltr'><strong>obtinentium</strong></span> <span class='ocrx_word' id='word_1_440' title='bbox 990 5709 1059 5769; x_wconf 75' lang='lat' dir='ltr'><strong>eis</strong></span> <span class='ocrx_word' id='word_1_441' title='bbox 1084 5695 1280 5769; x_wconf 66' lang='lat' dir='ltr'><strong>priuauit</strong></span> <span class='ocrx_word' id='word_1_442' title='bbox 1307 5716 1325 5754; x_wconf 76' lang='lat'><strong>.‘</strong></span> <span class='ocrx_word' id='word_1_443' title='bbox 1352 5695 1519 5766; x_wconf 78' lang='lat' dir='ltr'><strong>ibique</strong></span> <span class='ocrx_word' id='word_1_444' title='bbox 1541 5701 1592 5751; x_wconf 83' lang='lat' dir='ltr'><strong>tu</strong></span> <span class='ocrx_word' id='word_1_445' title='bbox 1614 5697 1902 5763; x_wconf 80' lang='lat' dir='ltr'><strong>quibusdam</strong></span> <span class='ocrx_word' id='word_1_446' title='bbox 1936 5697 2143 5757; x_wconf 83' lang='lat' dir='ltr'><strong>additur,</strong></span> <span class='ocrx_word' id='word_1_447' title='bbox 2169 5695 2289 5759; x_wconf 74' lang='lat' dir='ltr'><strong>am:-</strong></span> 
     </span>
    </p>
   </div>
   <div class='ocr_carea' id='block_1_60' title="bbox 699 5767 1186 5832">
    <p class='ocr_par' dir='ltr' id='par_1_60' title="bbox 699 5767 1186 5832">
     <span class='ocr_line' id='line_1_60' title="bbox 699 5767 1186 5832; baseline -0.014 -10"><span class='ocrx_word' id='word_1_448' title='bbox 699 5780 860 5832; x_wconf 77' lang='lat' dir='ltr'><strong>aunt;</strong></span> <span class='ocrx_word' id='word_1_449' title='bbox 884 5769 985 5829; x_wconf 73' lang='lat' dir='ltr'><strong>vel,</strong></span> <span class='ocrx_word' id='word_1_450' title='bbox 1009 5767 1186 5818; x_wconf 81' lang='lat' dir='ltr'><strong>sinum.</strong></span> 
     </span>
    </p>
   </div>
   <div class='ocr_carea' id='block_1_61' title="bbox 766 5819 2289 5896">
    <p class='ocr_par' dir='ltr' id='par_1_61' title="bbox 766 5819 2289 5896">
     <span class='ocr_line' id='line_1_61' title="bbox 766 5819 2289 5896; baseline -0.014 -10"><span class='ocrx_word' id='word_1_451' title='bbox 766 5819 1064 5896; x_wconf 40' lang='lat' dir='ltr'><strong>{tilitiohes</strong></span> <span class='ocrx_word' id='word_1_452' title='bbox 1093 5839 1192 5878; x_wconf 79' lang='lat' dir='ltr'><strong>Am.</strong></span> <span class='ocrx_word' id='word_1_453' title='bbox 1220 5832 1529 5896; x_wconf 11' lang='grc' dir='ltr'><strong>Εινηξρῑᾲμιτη</strong></span> <span class='ocrx_word' id='word_1_454' title='bbox 1566 5829 1618 5876; x_wconf 78' lang='lat' dir='ltr'><strong>ut</strong></span> <span class='ocrx_word' id='word_1_455' title='bbox 1638 5819 1801 5875; x_wconf 71' lang='lat' dir='ltr'><strong>oblati.</strong></span> <span class='ocrx_word' id='word_1_456' title='bbox 1829 5821 2134 5883; x_wconf 70' lang='lat' dir='ltr'><strong>Antitpttores</strong></span> <span class='ocrx_word' id='word_1_457' title='bbox 2169 5832 2289 5871; x_wconf 66' lang='lat' dir='ltr'><strong>vero</strong></span> 
     </span>
    </p>
   </div>
   <div class='ocr_carea' id='block_1_62' title="bbox 702 5887 1427 5959">
    <p class='ocr_par' dir='ltr' id='par_1_62' title="bbox 702 5887 1427 5959">
     <span class='ocr_line' id='line_1_62' title="bbox 702 5887 1427 5959; baseline -0.014 -11"><span class='ocrx_word' id='word_1_458' title='bbox 702 5908 759 5948; x_wconf 78' lang='lat' dir='ltr'><strong>Ic</strong></span> <span class='ocrx_word' id='word_1_459' title='bbox 786 5892 1010 5959; x_wconf 74' lang='lat' dir='ltr'><strong>plerique</strong></span> <span class='ocrx_word' id='word_1_460' title='bbox 1033 5899 1162 5954; x_wconf 62' lang='lat' dir='ltr'><strong>atas,</strong></span> <span class='ocrx_word' id='word_1_461' title='bbox 1187 5896 1235 5942; x_wconf 87' lang='lat' dir='ltr'><strong>ut</strong></span> <span class='ocrx_word' id='word_1_462' title='bbox 1258 5887 1427 5940; x_wconf 74' lang='grc' dir='ltr'>αιοιυιι.</span> 
     </span>
    </p>
   </div>
   <div class='ocr_carea' id='block_1_63' title="bbox 1274 378 3290 464">
    <p class='ocr_par' dir='ltr' id='par_1_63' title="bbox 1274 378 3290 464">
     <span class='ocr_line' id='line_1_63' title="bbox 1274 378 3290 464; baseline -0.012 0"><span class='ocrx_word' id='word_1_463' title='bbox 1274 408 1362 464; x_wconf 81' lang='lat' dir='ltr'><strong>DE</strong></span> <span class='ocrx_word' id='word_1_464' title='bbox 1401 399 1861 463; x_wconf 71' lang='lat' dir='ltr'><strong>PECCATORUM</strong></span> <span class='ocrx_word' id='word_1_465' title='bbox 1903 393 2180 454; x_wconf 67' lang='lat' dir='ltr'><strong>MERITIS</strong></span> <span class='ocrx_word' id='word_1_466' title='bbox 2220 393 2305 450; x_wconf 73' lang='grc' dir='ltr'><strong>ΕΤ</strong></span> <span class='ocrx_word' id='word_1_467' title='bbox 2350 390 2779 451; x_wconf 59' lang='lat' dir='ltr'><strong>REIdlSSlOXE.</strong></span> <span class='ocrx_word' id='word_1_468' title='bbox 2822 390 2880 444; x_wconf 84' lang='lat' dir='ltr'><strong>S.</strong></span> <span class='ocrx_word' id='word_1_469' title='bbox 2923 378 3290 445; x_wconf 68' lang='lat' dir='ltr'><strong>AUCUSTINI</strong></span> 
     </span>
    </p>
   </div>
   <div class='ocr_carea' id='block_1_64' title="bbox 3832 385 3933 439">
    <p class='ocr_par' dir='ltr' id='par_1_64' title="bbox 3832 385 3933 439">
     <span class='ocr_line' id='line_1_64' title="bbox 3832 385 3933 439; baseline -0.01 0"><span class='ocrx_word' id='word_1_470' title='bbox 3832 385 3933 439; x_wconf 64' lang='lat'><strong>{$2</strong></span> 
     </span>
    </p>
   </div>
   <div class='ocr_carea' id='block_1_65' title="bbox 2347 497 3943 572">
    <p class='ocr_par' dir='ltr' id='par_1_65' title="bbox 2347 497 3943 572">
     <span class='ocr_line' id='line_1_65' title="bbox 2347 497 3943 572; baseline -0.004 -16"><span class='ocrx_word' id='word_1_471' title='bbox 2347 505 2443 563; x_wconf 84' lang='lat' dir='ltr'><strong>die,</strong></span> <span class='ocrx_word' id='word_1_472' title='bbox 2473 502 2657 572; x_wconf 80' lang='lat' dir='ltr'><strong>inquit,</strong></span> <span class='ocrx_word' id='word_1_473' title='bbox 2702 503 2839 553; x_wconf 82' lang='lat' dir='ltr'><strong>salus</strong></span> <span class='ocrx_word' id='word_1_474' title='bbox 2883 502 3055 554; x_wconf 85' lang='lat' dir='ltr'><strong>domui</strong></span> <span class='ocrx_word' id='word_1_475' title='bbox 3084 501 3199 553; x_wconf 87' lang='lat' dir='ltr'><strong>huic</strong></span> <span class='ocrx_word' id='word_1_476' title='bbox 3228 505 3362 570; x_wconf 80' lang='lat' dir='ltr'><strong>facta</strong></span> <span class='ocrx_word' id='word_1_477' title='bbox 3390 508 3483 565; x_wconf 83' lang='lat' dir='ltr'><strong>est,</strong></span> <span class='ocrx_word' id='word_1_478' title='bbox 3507 497 3749 569; x_wconf 84' lang='lat' dir='ltr'><strong>quoniam</strong></span> <span class='ocrx_word' id='word_1_479' title='bbox 3773 508 3823 551; x_wconf 80' lang='lat' dir='ltr'><strong>et</strong></span> <span class='ocrx_word' id='word_1_480' title='bbox 3851 499 3943 550; x_wconf 69' lang='lat' dir='ltr'><strong>ista</strong></span> 
     </span>
    </p>
   </div>
   <div class='ocr_carea' id='block_1_66' title="bbox 2345 588 3945 663">
    <p class='ocr_par' dir='ltr' id='par_1_66' title="bbox 2345 588 3945 663">
     <span class='ocr_line' id='line_1_66' title="bbox 2345 588 3945 663; baseline -0.004 -16"><span class='ocrx_word' id='word_1_481' title='bbox 2345 594 2482 663; x_wconf 84' lang='lat' dir='ltr'><strong>[ilius</strong></span> <span class='ocrx_word' id='word_1_482' title='bbox 2509 604 2580 647; x_wconf 85' lang='lat' dir='ltr'><strong>est</strong></span> <span class='ocrx_word' id='word_1_483' title='bbox 2607 592 2845 646; x_wconf 66' lang='lat' dir='ltr'><strong>Abrahae.</strong></span> <span class='ocrx_word' id='word_1_484' title='bbox 2893 589 3034 645; x_wconf 84' lang='lat' dir='ltr'><strong>Venit</strong></span> <span class='ocrx_word' id='word_1_485' title='bbox 3058 593 3190 644; x_wconf 88' lang='lat' dir='ltr'><strong>enim</strong></span> <span class='ocrx_word' id='word_1_486' title='bbox 3213 588 3379 643; x_wconf 79' lang='lat' dir='ltr'><strong>Filius</strong></span> <span class='ocrx_word' id='word_1_487' title='bbox 3405 589 3624 643; x_wconf 77' lang='lat' dir='ltr'><strong>hominis</strong></span> <span class='ocrx_word' id='word_1_488' title='bbox 3651 603 3880 655; x_wconf 63' lang='lat' dir='ltr'><strong>querere</strong></span> <span class='ocrx_word' id='word_1_489' title='bbox 3899 599 3945 641; x_wconf 79' lang='lat' dir='ltr'><strong>et</strong></span> 
     </span>
    </p>
   </div>
   <div class='ocr_carea' id='block_1_67' title="bbox 2344 673 3949 755">
    <p class='ocr_par' dir='ltr' id='par_1_67' title="bbox 2344 673 3949 755">
     <span class='ocr_line' id='line_1_67' title="bbox 2344 673 3949 755; baseline -0.001 -16"><span class='ocrx_word' id='word_1_490' title='bbox 2344 685 2539 740; x_wconf 77' lang='lat' dir='ltr'><strong>saivare</strong></span> <span class='ocrx_word' id='word_1_491' title='bbox 2566 685 2702 755; x_wconf 85' lang='lat' dir='ltr'><strong>quod</strong></span> <span class='ocrx_word' id='word_1_492' title='bbox 2734 683 3115 755; x_wconf 84' lang='lat' dir='ltr'><strong>perierat(Luc.</strong></span> <span class='ocrx_word' id='word_1_493' title='bbox 3149 699 3262 748; x_wconf 76' lang='lat' dir='ltr'><strong>xIx,</strong></span> <span class='ocrx_word' id='word_1_494' title='bbox 3291 673 3491 754; x_wconf 41' lang='lat'><strong>9,.10).</strong></span> <span class='ocrx_word' id='word_1_495' title='bbox 3525 682 3637 738; x_wconf 86' lang='lat' dir='ltr'><strong>Hoc</strong></span> <span class='ocrx_word' id='word_1_496' title='bbox 3657 682 3805 739; x_wconf 89' lang='lat' dir='ltr'><strong>etde</strong></span> <span class='ocrx_word' id='word_1_497' title='bbox 3848 697 3949 738; x_wconf 73' lang='lat' dir='ltr'><strong>cve</strong></span> 
     </span>
    </p>
   </div>
   <div class='ocr_carea' id='block_1_68' title="bbox 2346 774 3947 847">
    <p class='ocr_par' dir='ltr' id='par_1_68' title="bbox 2346 774 3947 847">
     <span class='ocr_line' id='line_1_68' title="bbox 2346 774 3947 847; baseline -0.004 -15"><span class='ocrx_word' id='word_1_498' title='bbox 2346 776 2551 847; x_wconf 84' lang='lat' dir='ltr'><strong>perdita</strong></span> <span class='ocrx_word' id='word_1_499' title='bbox 2566 787 2618 830; x_wconf 88' lang='lat' dir='ltr'><strong>et</strong></span> <span class='ocrx_word' id='word_1_500' title='bbox 2639 776 2837 830; x_wconf 87' lang='lat' dir='ltr'><strong>relictis</strong></span> <span class='ocrx_word' id='word_1_501' title='bbox 2867 779 3148 846; x_wconf 81' lang='lat' dir='ltr'><strong>nonaginta</strong></span> <span class='ocrx_word' id='word_1_502' title='bbox 3181 789 3369 828; x_wconf 79' lang='lat' dir='ltr'><strong>novem</strong></span> <span class='ocrx_word' id='word_1_503' title='bbox 3391 782 3611 844; x_wconf 71' lang='lat' dir='ltr'><strong>quaesita</strong></span> <span class='ocrx_word' id='word_1_504' title='bbox 3633 784 3688 828; x_wconf 91' lang='lat' dir='ltr'><strong>et</strong></span> <span class='ocrx_word' id='word_1_505' title='bbox 3707 774 3947 836; x_wconf 79' lang='lat' dir='ltr'><strong>inventa;</strong></span> 
     </span>
    </p>
   </div>
   <div class='ocr_carea' id='block_1_69' title="bbox 2346 863 3949 937">
    <p class='ocr_par' dir='ltr' id='par_1_69' title="bbox 2346 863 3949 937">
     <span class='ocr_line' id='line_1_69' title="bbox 2346 863 3949 937; baseline -0.002 -15"><span class='ocrx_word' id='word_1_506' title='bbox 2346 870 2447 922; x_wconf 87' lang='lat' dir='ltr'><strong>hoc</strong></span> <span class='ocrx_word' id='word_1_507' title='bbox 2464 880 2517 922; x_wconf 89' lang='lat' dir='ltr'><strong>et</strong></span> <span class='ocrx_word' id='word_1_508' title='bbox 2535 868 2600 923; x_wconf 89' lang='lat' dir='ltr'><strong>de</strong></span> <span class='ocrx_word' id='word_1_509' title='bbox 2617 867 2869 922; x_wconf 85' lang='lat' dir='ltr'><strong>drachma</strong></span> <span class='ocrx_word' id='word_1_510' title='bbox 2886 884 3004 937; x_wconf 79' lang='lat' dir='ltr'><strong>quze</strong></span> <span class='ocrx_word' id='word_1_511' title='bbox 3024 866 3524 937; x_wconf 79' lang='lat' dir='ltr'><strong>perieratexdeeem</strong></span> <span class='ocrx_word' id='word_1_512' title='bbox 3545 864 3656 932; x_wconf 95' lang='lat' dir='ltr'><strong>(Id.</strong></span> <span class='ocrx_word' id='word_1_513' title='bbox 3672 880 3760 929; x_wconf 79' lang='lat' dir='ltr'><strong>xv,</strong></span> <span class='ocrx_word' id='word_1_514' title='bbox 3778 866 3857 920; x_wconf 79' lang='grc'><strong>5-1</strong></span> <span class='ocrx_word' id='word_1_515' title='bbox 3870 863 3949 935; x_wconf 86' lang='grc'><strong>0).</strong></span> 
     </span>
    </p>
   </div>
   <div class='ocr_carea' id='block_1_70' title="bbox 2348 957 3944 1030">
    <p class='ocr_par' dir='ltr' id='par_1_70' title="bbox 2348 957 3944 1030">
     <span class='ocr_line' id='line_1_70' title="bbox 2348 957 3944 1030; baseline -0.004 -14"><span class='ocrx_word' id='word_1_516' title='bbox 2348 959 2499 1016; x_wconf 89' lang='lat' dir='ltr'><strong>Unde</strong></span> <span class='ocrx_word' id='word_1_517' title='bbox 2528 959 2807 1030; x_wconf 79' lang='lat' dir='ltr'><strong>oportebat,</strong></span> <span class='ocrx_word' id='word_1_518' title='bbox 2843 968 2899 1012; x_wconf 92' lang='lat' dir='ltr'><strong>ut</strong></span> <span class='ocrx_word' id='word_1_519' title='bbox 2931 958 3079 1023; x_wconf 90' lang='lat' dir='ltr'><strong>dicit,</strong></span> <span class='ocrx_word' id='word_1_520' title='bbox 3110 958 3375 1029; x_wconf 79' lang='lat' dir='ltr'><strong>prwdicari</strong></span> <span class='ocrx_word' id='word_1_521' title='bbox 3400 958 3451 1010; x_wconf 90' lang='lat' dir='ltr'><strong>in</strong></span> <span class='ocrx_word' id='word_1_522' title='bbox 3477 958 3681 1010; x_wconf 78' lang='lat' dir='ltr'><strong>nomine</strong></span> <span class='ocrx_word' id='word_1_523' title='bbox 3700 957 3815 1027; x_wconf 86' lang='lat' dir='ltr'><strong>ejus</strong></span> <span class='ocrx_word' id='word_1_524' title='bbox 3845 971 3944 1024; x_wconf 53' lang='lat' dir='ltr'><strong>pm.</strong></span> 
     </span>
    </p>
   </div>
   <div class='ocr_carea' id='block_1_71' title="bbox 2347 1049 3951 1120">
    <p class='ocr_par' dir='ltr' id='par_1_71' title="bbox 2347 1049 3951 1120">
     <span class='ocr_line' id='line_1_71' title="bbox 2347 1049 3951 1120; baseline -0.003 -16"><span class='ocrx_word' id='word_1_525' title='bbox 2347 1052 2606 1104; x_wconf 77' lang='lat' dir='ltr'><strong>nitentium</strong></span> <span class='ocrx_word' id='word_1_526' title='bbox 2631 1061 2676 1103; x_wconf 88' lang='lat' dir='ltr'><strong>et</strong></span> <span class='ocrx_word' id='word_1_527' title='bbox 2700 1050 3039 1103; x_wconf 72' lang='lat' dir='ltr'><strong>remissionem</strong></span> <span class='ocrx_word' id='word_1_528' title='bbox 3081 1058 3402 1118; x_wconf 83' lang='lat' dir='ltr'><strong>peccatorum</strong></span> <span class='ocrx_word' id='word_1_529' title='bbox 3443 1049 3496 1101; x_wconf 89' lang='lat' dir='ltr'><strong>in</strong></span> <span class='ocrx_word' id='word_1_530' title='bbox 3535 1066 3710 1102; x_wconf 82' lang='lat' dir='ltr'><strong>omnes</strong></span> <span class='ocrx_word' id='word_1_531' title='bbox 3754 1059 3951 1120; x_wconf 74' lang='lat' dir='ltr'><strong>gentes,</strong></span> 
     </span>
    </p>
   </div>
   <div class='ocr_carea' id='block_1_72' title="bbox 2348 1139 3955 1212">
    <p class='ocr_par' dir='ltr' id='par_1_72' title="bbox 2348 1139 3955 1212">
     <span class='ocr_line' id='line_1_72' title="bbox 2348 1139 3955 1212; baseline 0 -16"><span class='ocrx_word' id='word_1_532' title='bbox 2348 1142 2700 1211; x_wconf 76' lang='lat' dir='ltr'><strong>incipientibus</strong></span> <span class='ocrx_word' id='word_1_533' title='bbox 2727 1142 2787 1193; x_wconf 85' lang='lat' dir='ltr'><strong>ab</strong></span> <span class='ocrx_word' id='word_1_534' title='bbox 2815 1139 3100 1195; x_wconf 80' lang='lat' dir='ltr'><strong>Jerusalem</strong></span> <span class='ocrx_word' id='word_1_535' title='bbox 3131 1140 3244 1209; x_wconf 84' lang='lat' dir='ltr'><strong>(Id.</strong></span> <span class='ocrx_word' id='word_1_536' title='bbox 3276 1156 3421 1206; x_wconf 79' lang='lat' dir='ltr'><strong>xxiv,</strong></span> <span class='ocrx_word' id='word_1_537' title='bbox 3451 1142 3542 1207; x_wconf 70' lang='grc'><strong>46,</strong></span> <span class='ocrx_word' id='word_1_538' title='bbox 3581 1139 3708 1212; x_wconf 70' lang='grc'>47).</span> <span class='ocrx_word' id='word_1_539' title='bbox 3741 1142 3955 1198; x_wconf 71' lang='lat' dir='ltr'><strong>Marem</strong></span> 
     </span>
    </p>
   </div>
   <div class='ocr_carea' id='block_1_73' title="bbox 2348 1231 3952 1302">
    <p class='ocr_par' dir='ltr' id='par_1_73' title="bbox 2348 1231 3952 1302">
     <span class='ocr_line' id='line_1_73' title="bbox 2348 1231 3952 1302; baseline -0.001 -15"><span class='ocrx_word' id='word_1_540' title='bbox 2348 1235 2510 1287; x_wconf 89' lang='lat' dir='ltr'><strong>etiam</strong></span> <span class='ocrx_word' id='word_1_541' title='bbox 2541 1233 2590 1286; x_wconf 92' lang='lat' dir='ltr'><strong>in</strong></span> <span class='ocrx_word' id='word_1_542' title='bbox 2613 1232 2715 1286; x_wconf 86' lang='lat' dir='ltr'><strong>line</strong></span> <span class='ocrx_word' id='word_1_543' title='bbox 2737 1232 3004 1302; x_wconf 82' lang='lat' dir='ltr'><strong>Evangelii</strong></span> <span class='ocrx_word' id='word_1_544' title='bbox 3023 1232 3104 1285; x_wconf 83' lang='lat' dir='ltr'><strong>sui</strong></span> <span class='ocrx_word' id='word_1_545' title='bbox 3131 1232 3413 1285; x_wconf 89' lang='lat' dir='ltr'><strong>Dominum</strong></span> <span class='ocrx_word' id='word_1_546' title='bbox 3444 1231 3646 1285; x_wconf 84' lang='lat' dir='ltr'><strong>dixisse</strong></span> <span class='ocrx_word' id='word_1_547' title='bbox 3677 1240 3908 1285; x_wconf 84' lang='lat' dir='ltr'><strong>testatur</strong></span> <span class='ocrx_word' id='word_1_548' title='bbox 3935 1248 3952 1286; x_wconf 90' lang='lat'><strong>:</strong></span> 
     </span>
    </p>
   </div>
   <div class='ocr_carea' id='block_1_74' title="bbox 2350 1320 3951 1393">
    <p class='ocr_par' dir='ltr' id='par_1_74' title="bbox 2350 1320 3951 1393">
     <span class='ocr_line' id='line_1_74' title="bbox 2350 1320 3951 1393; baseline -0.002 -16"><span class='ocrx_word' id='word_1_549' title='bbox 2350 1322 2542 1377; x_wconf 74' lang='lat' dir='ltr'><strong>Euntes</strong></span> <span class='ocrx_word' id='word_1_550' title='bbox 2580 1323 2633 1376; x_wconf 89' lang='lat' dir='ltr'><strong>in</strong></span> <span class='ocrx_word' id='word_1_551' title='bbox 2679 1323 2923 1375; x_wconf 71' lang='lat' dir='ltr'><strong>mandunt</strong></span> <span class='ocrx_word' id='word_1_552' title='bbox 2968 1323 3253 1376; x_wconf 81' lang='lat' dir='ltr'><strong>universum</strong></span> <span class='ocrx_word' id='word_1_553' title='bbox 3296 1323 3571 1393; x_wconf 74' lang='lat' dir='ltr'><strong>prtedicute</strong></span> <span class='ocrx_word' id='word_1_554' title='bbox 3610 1320 3951 1393; x_wconf 71' lang='lat' dir='ltr'><strong>Euangelizans</strong></span> 
     </span>
    </p>
   </div>
   <div class='ocr_carea' id='block_1_75' title="bbox 2350 1412 3951 1485">
    <p class='ocr_par' dir='ltr' id='par_1_75' title="bbox 2350 1412 3951 1485">
     <span class='ocr_line' id='line_1_75' title="bbox 2350 1412 3951 1485; baseline -0.001 -18"><span class='ocrx_word' id='word_1_555' title='bbox 2350 1413 2487 1467; x_wconf 87' lang='lat' dir='ltr'><strong>omni</strong></span> <span class='ocrx_word' id='word_1_556' title='bbox 2515 1424 2779 1466; x_wconf 62' lang='lat' dir='ltr'><strong>creaturas.</strong></span> <span class='ocrx_word' id='word_1_557' title='bbox 2817 1412 2916 1479; x_wconf 85' lang='lat' dir='ltr'><strong>Qui</strong></span> <span class='ocrx_word' id='word_1_558' title='bbox 2950 1412 3215 1465; x_wconf 83' lang='lat' dir='ltr'><strong>crediderit</strong></span> <span class='ocrx_word' id='word_1_559' title='bbox 3244 1424 3290 1466; x_wconf 87' lang='lat' dir='ltr'><strong>et</strong></span> <span class='ocrx_word' id='word_1_560' title='bbox 3327 1413 3612 1483; x_wconf 72' lang='lat' dir='ltr'><strong>baptizatus</strong></span> <span class='ocrx_word' id='word_1_561' title='bbox 3641 1415 3821 1485; x_wconf 76' lang='lat' dir='ltr'><strong>fuerit,</strong></span> <span class='ocrx_word' id='word_1_562' title='bbox 3843 1412 3951 1466; x_wconf 77' lang='lat' dir='ltr'><strong>sal-</strong></span> 
     </span>
    </p>
   </div>
   <div class='ocr_carea' id='block_1_76' title="bbox 2351 1504 3952 1576">
    <p class='ocr_par' dir='ltr' id='par_1_76' title="bbox 2351 1504 3952 1576">
     <span class='ocr_line' id='line_1_76' title="bbox 2351 1504 3952 1576; baseline 0.001 -17"><span class='ocrx_word' id='word_1_563' title='bbox 2351 1522 2439 1561; x_wconf 79' lang='lat' dir='ltr'><strong>vus</strong></span> <span class='ocrx_word' id='word_1_564' title='bbox 2465 1506 2557 1559; x_wconf 87' lang='lat' dir='ltr'><strong>erit</strong></span> <span class='ocrx_word' id='word_1_565' title='bbox 2575 1521 2594 1559; x_wconf 88' lang='lat'><strong><em>:</em></strong></span> <span class='ocrx_word' id='word_1_566' title='bbox 2620 1506 2704 1576; x_wconf 89' lang='lat' dir='ltr'><strong>qui</strong></span> <span class='ocrx_word' id='word_1_567' title='bbox 2726 1521 2837 1558; x_wconf 80' lang='lat' dir='ltr'><strong>vero</strong></span> <span class='ocrx_word' id='word_1_568' title='bbox 2863 1521 2962 1559; x_wconf 89' lang='lat' dir='ltr'><strong>non</strong></span> <span class='ocrx_word' id='word_1_569' title='bbox 2985 1504 3275 1571; x_wconf 87' lang='lat' dir='ltr'><strong>crediderit,</strong></span> <span class='ocrx_word' id='word_1_570' title='bbox 3309 1506 3725 1559; x_wconf 83' lang='lat' dir='ltr'><strong>condemnabitur</strong></span> <span class='ocrx_word' id='word_1_571' title='bbox 3759 1504 3952 1576; x_wconf 79' lang='lat' dir='ltr'><strong>(Marc.</strong></span> 
     </span>
    </p>
   </div>
   <div class='ocr_carea' id='block_1_77' title="bbox 2352 1597 3953 1671">
    <p class='ocr_par' dir='ltr' id='par_1_77' title="bbox 2352 1597 3953 1671">
     <span class='ocr_line' id='line_1_77' title="bbox 2352 1597 3953 1671; baseline 0 -18"><span class='ocrx_word' id='word_1_572' title='bbox 2352 1615 2461 1664; x_wconf 71' lang='lat' dir='ltr'><strong>xw,</strong></span> <span class='ocrx_word' id='word_1_573' title='bbox 2496 1599 2583 1665; x_wconf 82' lang='grc'><strong>15,</strong></span> <span class='ocrx_word' id='word_1_574' title='bbox 2617 1597 2725 1671; x_wconf 82' lang='grc'>16).</span> <span class='ocrx_word' id='word_1_575' title='bbox 2750 1598 2880 1664; x_wconf 86' lang='lat' dir='ltr'><strong>Quis</strong></span> <span class='ocrx_word' id='word_1_576' title='bbox 2904 1608 3083 1652; x_wconf 88' lang='lat' dir='ltr'><strong>autem</strong></span> <span class='ocrx_word' id='word_1_577' title='bbox 3111 1599 3332 1663; x_wconf 90' lang='lat' dir='ltr'><strong>nesciat,</strong></span> <span class='ocrx_word' id='word_1_578' title='bbox 3370 1598 3590 1653; x_wconf 85' lang='lat' dir='ltr'><strong>credere</strong></span> <span class='ocrx_word' id='word_1_579' title='bbox 3614 1615 3735 1654; x_wconf 89' lang='lat' dir='ltr'><strong>esse</strong></span> <span class='ocrx_word' id='word_1_580' title='bbox 3778 1598 3953 1653; x_wconf 80' lang='lat' dir='ltr'><strong>infati-</strong></span> 
     </span>
    </p>
   </div>
   <div class='ocr_carea' id='block_1_78' title="bbox 2354 1688 3956 1767">
    <p class='ocr_par' dir='ltr' id='par_1_78' title="bbox 2354 1688 3956 1767">
     <span class='ocr_line' id='line_1_78' title="bbox 2354 1688 3956 1767; baseline -0.001 -22"><span class='ocrx_word' id='word_1_581' title='bbox 2354 1691 2496 1745; x_wconf 90' lang='lat' dir='ltr'><strong>tibus</strong></span> <span class='ocrx_word' id='word_1_582' title='bbox 2521 1690 2798 1760; x_wconf 77' lang='lat' dir='ltr'><strong>baptizari,</strong></span> <span class='ocrx_word' id='word_1_583' title='bbox 2831 1706 2935 1744; x_wconf 88' lang='lat' dir='ltr'><strong>non</strong></span> <span class='ocrx_word' id='word_1_584' title='bbox 2981 1691 3204 1745; x_wconf 83' lang='lat' dir='ltr'><strong>credere</strong></span> <span class='ocrx_word' id='word_1_585' title='bbox 3252 1699 3463 1757; x_wconf 90' lang='lat' dir='ltr'><strong>autem,</strong></span> <span class='ocrx_word' id='word_1_586' title='bbox 3511 1706 3616 1767; x_wconf 82' lang='lat' dir='ltr'><strong>non</strong></span> <span class='ocrx_word' id='word_1_587' title='bbox 3657 1688 3956 1760; x_wconf 69' lang='lat' dir='ltr'><strong>baptizari?</strong></span> 
     </span>
    </p>
   </div>
   <div class='ocr_carea' id='block_1_79' title="bbox 2355 1782 3956 1854">
    <p class='ocr_par' dir='ltr' id='par_1_79' title="bbox 2355 1782 3956 1854">
     <span class='ocr_line' id='line_1_79' title="bbox 2355 1782 3956 1854; baseline 0.001 -16"><span class='ocrx_word' id='word_1_588' title='bbox 2355 1783 2433 1838; x_wconf 81' lang='lat' dir='ltr'><strong>Ex</strong></span> <span class='ocrx_word' id='word_1_589' title='bbox 2463 1783 2684 1838; x_wconf 82' lang='lat' dir='ltr'><strong>Joannis</strong></span> <span class='ocrx_word' id='word_1_590' title='bbox 2720 1792 2899 1839; x_wconf 90' lang='lat' dir='ltr'><strong>autem</strong></span> <span class='ocrx_word' id='word_1_591' title='bbox 2953 1783 3240 1854; x_wconf 78' lang='lat' dir='ltr'><strong>Evangelio</strong></span> <span class='ocrx_word' id='word_1_592' title='bbox 3276 1782 3520 1853; x_wconf 83' lang='lat' dir='ltr'><strong>quamvis</strong></span> <span class='ocrx_word' id='word_1_593' title='bbox 3553 1784 3665 1853; x_wconf 86' lang='lat' dir='ltr'><strong>jam</strong></span> <span class='ocrx_word' id='word_1_594' title='bbox 3699 1783 3956 1839; x_wconf 62' lang='lat' dir='ltr'><strong>nonnulli</strong></span> 
     </span>
    </p>
   </div>
   <div class='ocr_carea' id='block_1_80' title="bbox 2355 1873 3958 1945">
    <p class='ocr_par' dir='ltr' id='par_1_80' title="bbox 2355 1873 3958 1945">
     <span class='ocr_line' id='line_1_80' title="bbox 2355 1873 3958 1945; baseline 0.001 -18"><span class='ocrx_word' id='word_1_595' title='bbox 2355 1876 2711 1945; x_wconf 87' lang='lat' dir='ltr'><strong>posuerimus,</strong></span> <span class='ocrx_word' id='word_1_596' title='bbox 2754 1873 2969 1929; x_wconf 85' lang='lat' dir='ltr'><strong>attende</strong></span> <span class='ocrx_word' id='word_1_597' title='bbox 3002 1875 3163 1930; x_wconf 89' lang='lat' dir='ltr'><strong>etiam</strong></span> <span class='ocrx_word' id='word_1_598' title='bbox 3203 1874 3324 1929; x_wconf 89' lang='lat' dir='ltr'><strong>ista.</strong></span> <span class='ocrx_word' id='word_1_599' title='bbox 3357 1874 3593 1930; x_wconf 82' lang='lat' dir='ltr'><strong>Joannes</strong></span> <span class='ocrx_word' id='word_1_600' title='bbox 3616 1874 3860 1945; x_wconf 81' lang='lat' dir='ltr'><strong>Baptista</strong></span> <span class='ocrx_word' id='word_1_601' title='bbox 3887 1874 3958 1929; x_wconf 75' lang='lat' dir='ltr'><strong>de</strong></span> 
     </span>
    </p>
   </div>
   <div class='ocr_carea' id='block_1_81' title="bbox 2355 1965 3960 2038">
    <p class='ocr_par' dir='ltr' id='par_1_81' title="bbox 2355 1965 3960 2038">
     <span class='ocr_line' id='line_1_81' title="bbox 2355 1965 3960 2038; baseline -0.001 -17"><span class='ocrx_word' id='word_1_602' title='bbox 2355 1967 2483 2023; x_wconf 87' lang='lat' dir='ltr'><strong>illo:</strong></span> <span class='ocrx_word' id='word_1_603' title='bbox 2520 1965 2655 2020; x_wconf 75' lang='lat' dir='ltr'><strong>Ecce</strong></span> <span class='ocrx_word' id='word_1_604' title='bbox 2696 1968 2870 2038; x_wconf 72' lang='lat' dir='ltr'><strong>Agnus</strong></span> <span class='ocrx_word' id='word_1_605' title='bbox 2908 1965 3025 2030; x_wconf 87' lang='lat' dir='ltr'><strong>Dei,</strong></span> <span class='ocrx_word' id='word_1_606' title='bbox 3071 1982 3183 2021; x_wconf 80' lang='lat' dir='ltr'><strong>ecce</strong></span> <span class='ocrx_word' id='word_1_607' title='bbox 3225 1968 3311 2036; x_wconf 85' lang='lat' dir='ltr'><strong>qui</strong></span> <span class='ocrx_word' id='word_1_608' title='bbox 3354 1967 3483 2019; x_wconf 86' lang='lat' dir='ltr'><strong>tollit</strong></span> <span class='ocrx_word' id='word_1_609' title='bbox 3522 1978 3725 2035; x_wconf 85' lang='lat' dir='ltr'><strong>peccata</strong></span> <span class='ocrx_word' id='word_1_610' title='bbox 3777 1966 3960 2020; x_wconf 85' lang='lat' dir='ltr'><strong>mundi</strong></span> 
     </span>
    </p>
   </div>
   <div class='ocr_carea' id='block_1_82' title="bbox 2358 2057 3954 2128">
    <p class='ocr_par' dir='ltr' id='par_1_82' title="bbox 2358 2057 3954 2128">
     <span class='ocr_line' id='line_1_82' title="bbox 2358 2057 3954 2128; baseline -0.001 -17"><span class='ocrx_word' id='word_1_611' title='bbox 2358 2057 2538 2127; x_wconf 84' lang='lat' dir='ltr'><strong>(Joan.</strong></span> <span class='ocrx_word' id='word_1_612' title='bbox 2572 2074 2608 2123; x_wconf 88' lang='grc' dir='ltr'><strong>ι,</strong></span> <span class='ocrx_word' id='word_1_613' title='bbox 2638 2057 2754 2128; x_wconf 70' lang='lat'><strong>29).</strong></span> <span class='ocrx_word' id='word_1_614' title='bbox 2806 2057 2874 2112; x_wconf 87' lang='lat' dir='ltr'><strong>Et</strong></span> <span class='ocrx_word' id='word_1_615' title='bbox 2902 2058 3014 2127; x_wconf 87' lang='lat' dir='ltr'><strong>ipse</strong></span> <span class='ocrx_word' id='word_1_616' title='bbox 3041 2057 3110 2112; x_wconf 78' lang='lat' dir='ltr'><strong>tle</strong></span> <span class='ocrx_word' id='word_1_617' title='bbox 3134 2072 3193 2112; x_wconf 84' lang='lat' dir='ltr'><strong>se</strong></span> <span class='ocrx_word' id='word_1_618' title='bbox 3219 2059 3335 2126; x_wconf 87' lang='lat' dir='ltr'><strong>ipso</strong></span> <span class='ocrx_word' id='word_1_619' title='bbox 3362 2074 3375 2110; x_wconf 90' lang='lat'>:</span> <span class='ocrx_word' id='word_1_620' title='bbox 3408 2058 3509 2125; x_wconf 84' lang='lat' dir='ltr'><strong>Qui</strong></span> <span class='ocrx_word' id='word_1_621' title='bbox 3532 2058 3595 2110; x_wconf 89' lang='lat' dir='ltr'><strong>de</strong></span> <span class='ocrx_word' id='word_1_622' title='bbox 3621 2057 3796 2111; x_wconf 78' lang='lat' dir='ltr'><strong>oribus</strong></span> <span class='ocrx_word' id='word_1_623' title='bbox 3829 2060 3954 2110; x_wconf 80' lang='lat' dir='ltr'><strong>meis</strong></span> 
     </span>
    </p>
   </div>
   <div class='ocr_carea' id='block_1_83' title="bbox 2358 2150 3959 2222">
    <p class='ocr_par' dir='ltr' id='par_1_83' title="bbox 2358 2150 3959 2222">
     <span class='ocr_line' id='line_1_83' title="bbox 2358 2150 3959 2222; baseline 0 -18"><span class='ocrx_word' id='word_1_624' title='bbox 2358 2160 2495 2215; x_wconf 83' lang='lat' dir='ltr'><strong>sunt,</strong></span> <span class='ocrx_word' id='word_1_625' title='bbox 2523 2166 2690 2204; x_wconf 82' lang='lat' dir='ltr'><strong>vocent</strong></span> <span class='ocrx_word' id='word_1_626' title='bbox 2718 2166 2879 2203; x_wconf 81' lang='lat' dir='ltr'><strong>meum</strong></span> <span class='ocrx_word' id='word_1_627' title='bbox 2898 2150 3150 2218; x_wconf 86' lang='lat' dir='ltr'><strong>audiunt;</strong></span> <span class='ocrx_word' id='word_1_628' title='bbox 3181 2161 3226 2203; x_wconf 91' lang='lat' dir='ltr'><strong>et</strong></span> <span class='ocrx_word' id='word_1_629' title='bbox 3248 2166 3339 2222; x_wconf 86' lang='lat' dir='ltr'><strong>ego</strong></span> <span class='ocrx_word' id='word_1_630' title='bbox 3365 2151 3478 2204; x_wconf 76' lang='lat' dir='ltr'><strong>novi</strong></span> <span class='ocrx_word' id='word_1_631' title='bbox 3506 2151 3645 2212; x_wconf 86' lang='lat' dir='ltr'><strong>illas,</strong></span> <span class='ocrx_word' id='word_1_632' title='bbox 3668 2160 3714 2204; x_wconf 87' lang='lat' dir='ltr'><strong>et</strong></span> <span class='ocrx_word' id='word_1_633' title='bbox 3737 2167 3959 2221; x_wconf 81' lang='lat' dir='ltr'><strong>sequun-</strong></span> 
     </span>
    </p>
   </div>
   <div class='ocr_carea' id='block_1_84' title="bbox 2358 2243 3960 2314">
    <p class='ocr_par' dir='ltr' id='par_1_84' title="bbox 2358 2243 3960 2314">
     <span class='ocr_line' id='line_1_84' title="bbox 2358 2243 3960 2314; baseline -0.001 -18"><span class='ocrx_word' id='word_1_634' title='bbox 2358 2252 2439 2296; x_wconf 88' lang='lat' dir='ltr'><strong>tur</strong></span> <span class='ocrx_word' id='word_1_635' title='bbox 2467 2259 2581 2308; x_wconf 86' lang='lat' dir='ltr'><strong>nte;</strong></span> <span class='ocrx_word' id='word_1_636' title='bbox 2607 2252 2654 2295; x_wconf 86' lang='lat' dir='ltr'><strong>et</strong></span> <span class='ocrx_word' id='word_1_637' title='bbox 2671 2258 2763 2314; x_wconf 83' lang='lat' dir='ltr'><strong>ego</strong></span> <span class='ocrx_word' id='word_1_638' title='bbox 2790 2244 2943 2296; x_wconf 79' lang='lat' dir='ltr'><strong>vitam</strong></span> <span class='ocrx_word' id='word_1_639' title='bbox 2971 2253 3213 2297; x_wconf 83' lang='lat' dir='ltr'><strong>a&#39;ternam</strong></span> <span class='ocrx_word' id='word_1_640' title='bbox 3253 2243 3319 2295; x_wconf 86' lang='lat' dir='ltr'><strong>do</strong></span> <span class='ocrx_word' id='word_1_641' title='bbox 3346 2244 3469 2309; x_wconf 81' lang='lat' dir='ltr'><strong>illis,</strong></span> <span class='ocrx_word' id='word_1_642' title='bbox 3517 2253 3563 2298; x_wconf 85' lang='lat' dir='ltr'><strong>et</strong></span> <span class='ocrx_word' id='word_1_643' title='bbox 3595 2259 3695 2296; x_wconf 90' lang='lat' dir='ltr'><strong>non</strong></span> <span class='ocrx_word' id='word_1_644' title='bbox 3723 2244 3960 2310; x_wconf 78' lang='lat' dir='ltr'><strong>peribunt</strong></span> 
     </span>
    </p>
   </div>
   <div class='ocr_carea' id='block_1_85' title="bbox 2359 2332 3961 2403">
    <p class='ocr_par' dir='ltr' id='par_1_85' title="bbox 2359 2332 3961 2403">
     <span class='ocr_line' id='line_1_85' title="bbox 2359 2332 3961 2403; baseline 0 -17"><span class='ocrx_word' id='word_1_645' title='bbox 2359 2334 2411 2386; x_wconf 89' lang='lat' dir='ltr'><strong>in</strong></span> <span class='ocrx_word' id='word_1_646' title='bbox 2434 2342 2677 2386; x_wconf 77' lang='lat' dir='ltr'><strong>wternum</strong></span> <span class='ocrx_word' id='word_1_647' title='bbox 2703 2332 2817 2403; x_wconf 89' lang='lat' dir='ltr'><strong>(Id.</strong></span> <span class='ocrx_word' id='word_1_648' title='bbox 2845 2348 2899 2400; x_wconf 87' lang='lat' dir='ltr'><strong>x,</strong></span> <span class='ocrx_word' id='word_1_649' title='bbox 2926 2332 3020 2398; x_wconf 76' lang='lat'><strong>9.7,</strong></span> <span class='ocrx_word' id='word_1_650' title='bbox 3048 2332 3166 2403; x_wconf 71' lang='grc'>28).</span> <span class='ocrx_word' id='word_1_651' title='bbox 3196 2332 3328 2400; x_wconf 85' lang='lat' dir='ltr'><strong>Quia</strong></span> <span class='ocrx_word' id='word_1_652' title='bbox 3362 2348 3491 2403; x_wconf 79' lang='lat' dir='ltr'><strong>ergo</strong></span> <span class='ocrx_word' id='word_1_653' title='bbox 3527 2333 3595 2388; x_wconf 91' lang='lat' dir='ltr'><strong>de</strong></span> <span class='ocrx_word' id='word_1_654' title='bbox 3620 2333 3814 2388; x_wconf 71' lang='lat' dir='ltr'><strong>ovibus</strong></span> <span class='ocrx_word' id='word_1_655' title='bbox 3839 2332 3961 2403; x_wconf 74' lang='lat' dir='ltr'><strong>ejus</strong></span> 
     </span>
    </p>
   </div>
   <div class='ocr_carea' id='block_1_86' title="bbox 2361 2426 3961 2497">
    <p class='ocr_par' dir='ltr' id='par_1_86' title="bbox 2361 2426 3961 2497">
     <span class='ocr_line' id='line_1_86' title="bbox 2361 2426 3961 2497; baseline -0.001 -16"><span class='ocrx_word' id='word_1_656' title='bbox 2361 2444 2467 2482; x_wconf 86' lang='lat' dir='ltr'><strong>non</strong></span> <span class='ocrx_word' id='word_1_657' title='bbox 2497 2442 2617 2482; x_wconf 89' lang='lat' dir='ltr'><strong>csse</strong></span> <span class='ocrx_word' id='word_1_658' title='bbox 2647 2428 2897 2496; x_wconf 90' lang='lat' dir='ltr'><strong>incipiunt</strong></span> <span class='ocrx_word' id='word_1_659' title='bbox 2924 2427 3149 2497; x_wconf 75' lang='lat' dir='ltr'><strong>paruuli,</strong></span> <span class='ocrx_word' id='word_1_660' title='bbox 3194 2427 3292 2481; x_wconf 86' lang='lat' dir='ltr'><strong>nisi</strong></span> <span class='ocrx_word' id='word_1_661' title='bbox 3324 2443 3417 2496; x_wconf 88' lang='lat' dir='ltr'><strong>per</strong></span> <span class='ocrx_word' id='word_1_662' title='bbox 3443 2426 3801 2496; x_wconf 62' lang='lat' dir='ltr'><strong>liaptismum;</strong></span> <span class='ocrx_word' id='word_1_663' title='bbox 3834 2442 3961 2496; x_wconf 88' lang='lat' dir='ltr'><strong>pro-</strong></span> 
     </span>
    </p>
   </div>
   <div class='ocr_carea' id='block_1_87' title="bbox 2360 2518 3958 2589">
    <p class='ocr_par' dir='ltr' id='par_1_87' title="bbox 2360 2518 3958 2589">
     <span class='ocr_line' id='line_1_87' title="bbox 2360 2518 3958 2589; baseline -0.001 -17"><span class='ocrx_word' id='word_1_664' title='bbox 2360 2520 2501 2573; x_wconf 77' lang='lat' dir='ltr'><strong>fecto</strong></span> <span class='ocrx_word' id='word_1_665' title='bbox 2547 2519 2590 2573; x_wconf 89' lang='lat' dir='ltr'><strong>si</strong></span> <span class='ocrx_word' id='word_1_666' title='bbox 2643 2519 2745 2573; x_wconf 88' lang='lat' dir='ltr'><strong>hoc</strong></span> <span class='ocrx_word' id='word_1_667' title='bbox 2788 2534 2895 2573; x_wconf 91' lang='lat' dir='ltr'><strong>non</strong></span> <span class='ocrx_word' id='word_1_668' title='bbox 2933 2520 3222 2589; x_wconf 91' lang='lat' dir='ltr'><strong>accipiunt,</strong></span> <span class='ocrx_word' id='word_1_669' title='bbox 3270 2519 3552 2587; x_wconf 85' lang='lat' dir='ltr'><strong>peribunt:</strong></span> <span class='ocrx_word' id='word_1_670' title='bbox 3603 2519 3765 2573; x_wconf 76' lang='lat' dir='ltr'><strong>vitam</strong></span> <span class='ocrx_word' id='word_1_671' title='bbox 3809 2518 3958 2573; x_wconf 88' lang='lat' dir='ltr'><strong>enim</strong></span> 
     </span>
    </p>
   </div>
   <div class='ocr_carea' id='block_1_88' title="bbox 2361 2610 3959 2681">
    <p class='ocr_par' dir='ltr' id='par_1_88' title="bbox 2361 2610 3959 2681">
     <span class='ocr_line' id='line_1_88' title="bbox 2361 2610 3959 2681; baseline -0.002 -16"><span class='ocrx_word' id='word_1_672' title='bbox 2361 2620 2637 2677; x_wconf 79' lang='lat' dir='ltr'><strong>:etcrnam,</strong></span> <span class='ocrx_word' id='word_1_673' title='bbox 2676 2626 2836 2681; x_wconf 88' lang='lat' dir='ltr'><strong>quam</strong></span> <span class='ocrx_word' id='word_1_674' title='bbox 2883 2611 2994 2666; x_wconf 84' lang='lat' dir='ltr'><strong>suis</strong></span> <span class='ocrx_word' id='word_1_675' title='bbox 3052 2610 3197 2665; x_wconf 88' lang='lat' dir='ltr'><strong>dabit</strong></span> <span class='ocrx_word' id='word_1_676' title='bbox 3245 2610 3469 2675; x_wconf 69' lang='lat' dir='ltr'><strong>oxibus,</strong></span> <span class='ocrx_word' id='word_1_677' title='bbox 3507 2626 3612 2664; x_wconf 90' lang='lat' dir='ltr'><strong>non</strong></span> <span class='ocrx_word' id='word_1_678' title='bbox 3661 2610 3959 2664; x_wconf 86' lang='lat' dir='ltr'><strong>habebunt.</strong></span> 
     </span>
    </p>
   </div>
   <div class='ocr_carea' id='block_1_89' title="bbox 2364 2699 3960 2775">
    <p class='ocr_par' dir='ltr' id='par_1_89' title="bbox 2364 2699 3960 2775">
     <span class='ocr_line' id='line_1_89' title="bbox 2364 2699 3960 2775; baseline -0.001 -17"><span class='ocrx_word' id='word_1_679' title='bbox 2364 2704 2492 2758; x_wconf 87' lang='lat' dir='ltr'><strong>Item</strong></span> <span class='ocrx_word' id='word_1_680' title='bbox 2518 2704 2626 2757; x_wconf 89' lang='lat' dir='ltr'><strong>alio</strong></span> <span class='ocrx_word' id='word_1_681' title='bbox 2668 2704 2785 2757; x_wconf 92' lang='lat' dir='ltr'><strong>loco</strong></span> <span class='ocrx_word' id='word_1_682' title='bbox 2816 2720 2830 2757; x_wconf 90' lang='lat'><strong>:</strong></span> <span class='ocrx_word' id='word_1_683' title='bbox 2858 2702 2969 2775; x_wconf 80' lang='lat' dir='ltr'><strong>Ego</strong></span> <span class='ocrx_word' id='word_1_684' title='bbox 3012 2720 3124 2756; x_wconf 84' lang='lat' dir='ltr'><strong>sum</strong></span> <span class='ocrx_word' id='word_1_685' title='bbox 3150 2701 3261 2766; x_wconf 70' lang='lat' dir='ltr'><strong>&#39;viu,</strong></span> <span class='ocrx_word' id='word_1_686' title='bbox 3307 2703 3488 2756; x_wconf 75' lang='lat' dir='ltr'><strong>veritas</strong></span> <span class='ocrx_word' id='word_1_687' title='bbox 3530 2712 3578 2756; x_wconf 88' lang='lat' dir='ltr'><strong>et</strong></span> <span class='ocrx_word' id='word_1_688' title='bbox 3621 2703 3743 2756; x_wconf 82' lang='lat' dir='ltr'><strong>rita.</strong></span> <span class='ocrx_word' id='word_1_689' title='bbox 3787 2699 3960 2758; x_wconf 71' lang='lat' dir='ltr'><strong>Nemo</strong></span> 
     </span>
    </p>
   </div>
   <div class='ocr_carea' id='block_1_90' title="bbox 2360 2794 3545 2866">
    <p class='ocr_par' dir='ltr' id='par_1_90' title="bbox 2360 2794 3545 2866">
     <span class='ocr_line' id='line_1_90' title="bbox 2360 2794 3545 2866; baseline 0 -17"><span class='ocrx_word' id='word_1_690' title='bbox 2360 2796 2493 2849; x_wconf 84' lang='lat' dir='ltr'><strong>venit</strong></span> <span class='ocrx_word' id='word_1_691' title='bbox 2517 2796 2585 2850; x_wconf 88' lang='lat' dir='ltr'><strong>ad</strong></span> <span class='ocrx_word' id='word_1_692' title='bbox 2614 2794 2823 2849; x_wconf 83' lang='lat' dir='ltr'><strong>Patrem</strong></span> <span class='ocrx_word' id='word_1_693' title='bbox 2853 2797 2949 2849; x_wconf 81' lang='lat' dir='ltr'><strong>nisi</strong></span> <span class='ocrx_word' id='word_1_694' title='bbox 2973 2812 3065 2866; x_wconf 82' lang='lat' dir='ltr'><strong>per</strong></span> <span class='ocrx_word' id='word_1_695' title='bbox 3089 2812 3167 2850; x_wconf 86' lang='lat' dir='ltr'><strong>me</strong></span> <span class='ocrx_word' id='word_1_696' title='bbox 3192 2794 3304 2866; x_wconf 87' lang='lat' dir='ltr'><strong>(Id.</strong></span> <span class='ocrx_word' id='word_1_697' title='bbox 3330 2812 3437 2861; x_wconf 80' lang='lat' dir='ltr'><strong>xw,</strong></span> <span class='ocrx_word' id='word_1_698' title='bbox 3464 2796 3545 2866; x_wconf 84' lang='lat'><strong>6).</strong></span> 
     </span>
    </p>
   </div>
   <div class='ocr_carea' id='block_1_91' title="bbox 2431 2886 3963 2956">
    <p class='ocr_par' dir='ltr' id='par_1_91' title="bbox 2431 2886 3963 2956">
     <span class='ocr_line' id='line_1_91' title="bbox 2431 2886 3963 2956; baseline 0.001 -15"><span class='ocrx_word' id='word_1_699' title='bbox 2431 2888 2523 2942; x_wconf 75' lang='grc'>41.</span> <span class='ocrx_word' id='word_1_700' title='bbox 2583 2886 2729 2942; x_wconf 88' lang='lat' dir='ltr'><strong>llanc</strong></span> <span class='ocrx_word' id='word_1_701' title='bbox 2774 2886 3073 2941; x_wconf 83' lang='lat' dir='ltr'><strong>doctrinam</strong></span> <span class='ocrx_word' id='word_1_702' title='bbox 3123 2887 3478 2954; x_wconf 86' lang='lat' dir='ltr'><strong>suscipientes</strong></span> <span class='ocrx_word' id='word_1_703' title='bbox 3527 2886 3793 2956; x_wconf 80' lang='lat' dir='ltr'><strong>Apostoli,</strong></span> <span class='ocrx_word' id='word_1_704' title='bbox 3836 2886 3963 2942; x_wconf 71' lang='lat' dir='ltr'><strong>vide</strong></span> 
     </span>
    </p>
   </div>
   <div class='ocr_carea' id='block_1_92' title="bbox 2361 2978 3963 3049">
    <p class='ocr_par' dir='ltr' id='par_1_92' title="bbox 2361 2978 3963 3049">
     <span class='ocr_line' id='line_1_92' title="bbox 2361 2978 3963 3049; baseline -0.001 -17"><span class='ocrx_word' id='word_1_705' title='bbox 2361 2987 2557 3049; x_wconf 84' lang='lat' dir='ltr'><strong>quanta</strong></span> <span class='ocrx_word' id='word_1_706' title='bbox 2596 2980 2983 3034; x_wconf 87' lang='lat' dir='ltr'><strong>eontestatione</strong></span> <span class='ocrx_word' id='word_1_707' title='bbox 3012 2978 3301 3035; x_wconf 85' lang='lat' dir='ltr'><strong>declarent.</strong></span> <span class='ocrx_word' id='word_1_708' title='bbox 3344 2979 3530 3033; x_wconf 83' lang='lat' dir='ltr'><strong>I’etrus</strong></span> <span class='ocrx_word' id='word_1_709' title='bbox 3551 2979 3602 3032; x_wconf 92' lang='lat' dir='ltr'><strong>in</strong></span> <span class='ocrx_word' id='word_1_710' title='bbox 3632 2979 3801 3048; x_wconf 86' lang='lat' dir='ltr'><strong>prima</strong></span> <span class='ocrx_word' id='word_1_711' title='bbox 3833 2978 3963 3049; x_wconf 73' lang='lat' dir='ltr'><strong>Epi-</strong></span> 
     </span>
    </p>
   </div>
   <div class='ocr_carea' id='block_1_93' title="bbox 2360 3069 3965 3142">
    <p class='ocr_par' dir='ltr' id='par_1_93' title="bbox 2360 3069 3965 3142">
     <span class='ocr_line' id='line_1_93' title="bbox 2360 3069 3965 3142; baseline -0.001 -16"><span class='ocrx_word' id='word_1_712' title='bbox 2360 3077 2496 3126; x_wconf 85' lang='lat' dir='ltr'><strong>stola</strong></span> <span class='ocrx_word' id='word_1_713' title='bbox 2530 3089 2545 3128; x_wconf 89' lang='lat'><strong>:</strong></span> <span class='ocrx_word' id='word_1_714' title='bbox 2577 3069 2899 3139; x_wconf 85' lang='lat' dir='ltr'><strong>Benedictus,</strong></span> <span class='ocrx_word' id='word_1_715' title='bbox 2948 3073 3138 3142; x_wconf 90' lang='lat' dir='ltr'><strong>inqttit,</strong></span> <span class='ocrx_word' id='word_1_716' title='bbox 3170 3072 3305 3127; x_wconf 78' lang='lat' dir='ltr'><strong>Dens</strong></span> <span class='ocrx_word' id='word_1_717' title='bbox 3342 3085 3387 3125; x_wconf 86' lang='lat' dir='ltr'><strong>et</strong></span> <span class='ocrx_word' id='word_1_718' title='bbox 3443 3071 3595 3124; x_wconf 80' lang='lat' dir='ltr'><strong>I’uter</strong></span> <span class='ocrx_word' id='word_1_719' title='bbox 3628 3072 3834 3124; x_wconf 86' lang='lat' dir='ltr'><strong>Domini</strong></span> <span class='ocrx_word' id='word_1_720' title='bbox 3870 3088 3965 3125; x_wconf 81' lang='lat' dir='ltr'><strong>no-</strong></span> 
     </span>
    </p>
   </div>
   <div class='ocr_carea' id='block_1_94' title="bbox 2360 3161 3968 3226">
    <p class='ocr_par' dir='ltr' id='par_1_94' title="bbox 2360 3161 3968 3226">
     <span class='ocr_line' id='line_1_94' title="bbox 2360 3161 3968 3226; baseline -0.001 -8"><span class='ocrx_word' id='word_1_721' title='bbox 2360 3163 2454 3218; x_wconf 74' lang='lat' dir='ltr'><strong>stri</strong></span> <span class='ocrx_word' id='word_1_722' title='bbox 2476 3161 2601 3218; x_wconf 82' lang='lat' dir='ltr'><strong>Jcsn</strong></span> <span class='ocrx_word' id='word_1_723' title='bbox 2629 3161 2836 3226; x_wconf 75' lang='lat' dir='ltr'><strong>Christi,</strong></span> <span class='ocrx_word' id='word_1_724' title='bbox 2868 3164 3144 3216; x_wconf 80' lang='lat' dir='ltr'><strong>secundum</strong></span> <span class='ocrx_word' id='word_1_725' title='bbox 3189 3163 3556 3216; x_wconf 83' lang='lat' dir='ltr'><strong>multilmlinrm</strong></span> <span class='ocrx_word' id='word_1_726' title='bbox 3601 3162 3968 3216; x_wconf 69' lang='lat' dir='ltr'><strong>ntisericordire</strong></span> 
     </span>
    </p>
   </div>
   <div class='ocr_carea' id='block_1_95' title="bbox 2361 3254 3968 3327">
    <p class='ocr_par' dir='ltr' id='par_1_95' title="bbox 2361 3254 3968 3327">
     <span class='ocr_line' id='line_1_95' title="bbox 2361 3254 3968 3327; baseline -0.002 -18"><span class='ocrx_word' id='word_1_727' title='bbox 2361 3270 2486 3321; x_wconf 68' lang='lat' dir='ltr'><strong>suat,</strong></span> <span class='ocrx_word' id='word_1_728' title='bbox 2512 3256 2600 3327; x_wconf 88' lang='lat' dir='ltr'><strong>qtti</strong></span> <span class='ocrx_word' id='word_1_729' title='bbox 2636 3255 2940 3325; x_wconf 78' lang='lat' dir='ltr'><strong>regencrnrit</strong></span> <span class='ocrx_word' id='word_1_730' title='bbox 2967 3272 3061 3309; x_wconf 82' lang='lat' dir='ltr'><strong>nes</strong></span> <span class='ocrx_word' id='word_1_731' title='bbox 3084 3255 3096 3285; x_wconf 84' lang='lat'>&#39;</span> <span class='ocrx_word' id='word_1_732' title='bbox 3130 3254 3182 3308; x_wconf 89' lang='lat' dir='ltr'><strong>in</strong></span> <span class='ocrx_word' id='word_1_733' title='bbox 3210 3271 3347 3324; x_wconf 71' lang='lat' dir='ltr'><strong>spem</strong></span> <span class='ocrx_word' id='word_1_734' title='bbox 3374 3256 3484 3307; x_wconf 73' lang='lat' dir='ltr'><strong>vilic</strong></span> <span class='ocrx_word' id='word_1_735' title='bbox 3509 3265 3732 3311; x_wconf 75' lang='lat' dir='ltr'><strong>(uterum.</strong></span> <span class='ocrx_word' id='word_1_736' title='bbox 3767 3271 3859 3323; x_wconf 80' lang='lat' dir='ltr'><strong>per</strong></span> <span class='ocrx_word' id='word_1_737' title='bbox 3885 3271 3968 3307; x_wconf 84' lang='lat' dir='ltr'><strong>re-</strong></span> 
     </span>
    </p>
   </div>
   <div class='ocr_carea' id='block_1_96' title="bbox 2362 3344 3967 3410">
    <p class='ocr_par' dir='ltr' id='par_1_96' title="bbox 2362 3344 3967 3410">
     <span class='ocr_line' id='line_1_96' title="bbox 2362 3344 3967 3410; baseline -0.002 -10"><span class='ocrx_word' id='word_1_738' title='bbox 2362 3347 2719 3401; x_wconf 81' lang='lat' dir='ltr'><strong>surrectionem</strong></span> <span class='ocrx_word' id='word_1_739' title='bbox 2745 3345 2869 3400; x_wconf 83' lang='lat' dir='ltr'><strong>Jesu</strong></span> <span class='ocrx_word' id='word_1_740' title='bbox 2900 3346 3107 3410; x_wconf 78' lang='lat' dir='ltr'><strong>Christi,</strong></span> <span class='ocrx_word' id='word_1_741' title='bbox 3150 3346 3201 3398; x_wconf 89' lang='lat' dir='ltr'><strong>in</strong></span> <span class='ocrx_word' id='word_1_742' title='bbox 3242 3346 3581 3398; x_wconf 79' lang='lat' dir='ltr'><strong>[nereditatem</strong></span> <span class='ocrx_word' id='word_1_743' title='bbox 3625 3344 3967 3398; x_wconf 71' lang='lat' dir='ltr'><strong>immortalth</strong></span> 
     </span>
    </p>
   </div>
   <div class='ocr_carea' id='block_1_97' title="bbox 2361 3437 3969 3508">
    <p class='ocr_par' dir='ltr' id='par_1_97' title="bbox 2361 3437 3969 3508">
     <span class='ocr_line' id='line_1_97' title="bbox 2361 3437 3969 3508; baseline -0.004 -14"><span class='ocrx_word' id='word_1_744' title='bbox 2361 3440 2416 3494; x_wconf 81' lang='lat' dir='ltr'><strong>et</strong></span> <span class='ocrx_word' id='word_1_745' title='bbox 2453 3439 2899 3491; x_wconf 75' lang='lat' dir='ltr'><strong>im&#39;ontaminatum</strong></span> <span class='ocrx_word' id='word_1_746' title='bbox 2934 3440 2978 3502; x_wconf 77' lang='lat'><strong>’,</strong></span> <span class='ocrx_word' id='word_1_747' title='bbox 3008 3439 3290 3508; x_wconf 79' lang='lat' dir='ltr'><strong>ﬂorentem,</strong></span> <span class='ocrx_word' id='word_1_748' title='bbox 3319 3447 3563 3490; x_wconf 78' lang='lat' dir='ltr'><strong>sereatmn</strong></span> <span class='ocrx_word' id='word_1_749' title='bbox 3596 3437 3646 3489; x_wconf 92' lang='lat' dir='ltr'><strong>in</strong></span> <span class='ocrx_word' id='word_1_750' title='bbox 3678 3437 3837 3496; x_wconf 68' lang='lat' dir='ltr'><strong>radis.</strong></span> <span class='ocrx_word' id='word_1_751' title='bbox 3875 3454 3969 3490; x_wconf 68' lang='grc' dir='ltr'><strong>νο-</strong></span> 
     </span>
    </p>
   </div>
   <div class='ocr_carea' id='block_1_98' title="bbox 2362 3527 3968 3600">
    <p class='ocr_par' dir='ltr' id='par_1_98' title="bbox 2362 3527 3968 3600">
     <span class='ocr_line' id='line_1_98' title="bbox 2362 3527 3968 3600; baseline -0.002 -16"><span class='ocrx_word' id='word_1_752' title='bbox 2362 3530 2438 3585; x_wconf 86' lang='lat' dir='ltr'><strong>bis</strong></span> <span class='ocrx_word' id='word_1_753' title='bbox 2463 3532 2550 3600; x_wconf 88' lang='lat' dir='ltr'><strong>qui</strong></span> <span class='ocrx_word' id='word_1_754' title='bbox 2578 3530 2628 3584; x_wconf 91' lang='lat' dir='ltr'><strong>in</strong></span> <span class='ocrx_word' id='word_1_755' title='bbox 2649 3531 2826 3584; x_wconf 83' lang='lat' dir='ltr'><strong>rirtute</strong></span> <span class='ocrx_word' id='word_1_756' title='bbox 2844 3531 2863 3561; x_wconf 86' lang='grc'><strong>³</strong></span> <span class='ocrx_word' id='word_1_757' title='bbox 2885 3529 2975 3583; x_wconf 84' lang='lat' dir='ltr'><strong>Dei</strong></span> <span class='ocrx_word' id='word_1_758' title='bbox 2995 3529 3359 3584; x_wconf 78' lang='lat' dir='ltr'><strong>conservamini</strong></span> <span class='ocrx_word' id='word_1_759' title='bbox 3376 3546 3465 3599; x_wconf 83' lang='lat' dir='ltr'><strong>per</strong></span> <span class='ocrx_word' id='word_1_760' title='bbox 3482 3528 3634 3597; x_wconf 74' lang='lat' dir='ltr'><strong>[idem</strong></span> <span class='ocrx_word' id='word_1_761' title='bbox 3665 3528 3715 3579; x_wconf 93' lang='lat' dir='ltr'><strong>in</strong></span> <span class='ocrx_word' id='word_1_762' title='bbox 3746 3527 3968 3581; x_wconf 82' lang='lat' dir='ltr'><strong>salutent</strong></span> 
     </span>
    </p>
   </div>
   <div class='ocr_carea' id='block_1_99' title="bbox 2365 3606 3971 3694">
    <p class='ocr_par' dir='ltr' id='par_1_99' title="bbox 2365 3606 3971 3694">
     <span class='ocr_line' id='line_1_99' title="bbox 2365 3606 3971 3694; baseline -0.002 -18"><span class='ocrx_word' id='word_1_763' title='bbox 2365 3635 2595 3694; x_wconf 89' lang='lat' dir='ltr'><strong>paratant</strong></span> <span class='ocrx_word' id='word_1_764' title='bbox 2644 3624 2813 3693; x_wconf 85' lang='lat' dir='ltr'><strong>pulum</strong></span> <span class='ocrx_word' id='word_1_765' title='bbox 2860 3621 2972 3691; x_wconf 69' lang='lat' dir='ltr'><strong>ﬁeri</strong></span> <span class='ocrx_word' id='word_1_766' title='bbox 3013 3622 3065 3674; x_wconf 91' lang='lat' dir='ltr'><strong>in</strong></span> <span class='ocrx_word' id='word_1_767' title='bbox 3104 3606 3328 3690; x_wconf 83' lang='lat' dir='ltr'><strong>tempore</strong></span> <span class='ocrx_word' id='word_1_768' title='bbox 3374 3620 3662 3672; x_wconf 77' lang='lat' dir='ltr'><strong>ttut&#39;issittto.</strong></span> <span class='ocrx_word' id='word_1_769' title='bbox 3697 3618 3761 3671; x_wconf 69' lang='lat' dir='ltr'><strong>lit</strong></span> <span class='ocrx_word' id='word_1_770' title='bbox 3805 3617 3971 3687; x_wconf 88' lang='lat' dir='ltr'><strong>paulo</strong></span> 
     </span>
    </p>
   </div>
   <div class='ocr_carea' id='block_1_100' title="bbox 2368 3708 3973 3785">
    <p class='ocr_par' dir='ltr' id='par_1_100' title="bbox 2368 3708 3973 3785">
     <span class='ocr_line' id='line_1_100' title="bbox 2368 3708 3973 3785; baseline -0.001 -18"><span class='ocrx_word' id='word_1_771' title='bbox 2368 3726 2485 3785; x_wconf 90' lang='lat' dir='ltr'><strong>post</strong></span> <span class='ocrx_word' id='word_1_772' title='bbox 2513 3732 2526 3768; x_wconf 89' lang='lat'>:</span> <span class='ocrx_word' id='word_1_773' title='bbox 2562 3714 2918 3780; x_wconf 78' lang='lat' dir='ltr'><strong>Inveniamini,</strong></span> <span class='ocrx_word' id='word_1_774' title='bbox 2948 3713 3137 3783; x_wconf 87' lang='lat' dir='ltr'><strong>inquit,</strong></span> <span class='ocrx_word' id='word_1_775' title='bbox 3165 3715 3216 3767; x_wconf 89' lang='lat' dir='ltr'><strong>in</strong></span> <span class='ocrx_word' id='word_1_776' title='bbox 3245 3714 3444 3768; x_wconf 81' lang='lat' dir='ltr'><strong>Iaudem</strong></span> <span class='ocrx_word' id='word_1_777' title='bbox 3482 3723 3528 3766; x_wconf 83' lang='lat' dir='ltr'><strong>et</strong></span> <span class='ocrx_word' id='word_1_778' title='bbox 3550 3713 3792 3766; x_wconf 85' lang='lat' dir='ltr'><strong>honorent</strong></span> <span class='ocrx_word' id='word_1_779' title='bbox 3838 3708 3872 3763; x_wconf 87' lang='lat' dir='ltr'><strong><em>J</em></strong></span> <span class='ocrx_word' id='word_1_780' title='bbox 3881 3724 3973 3766; x_wconf 80' lang='lat' dir='ltr'><strong>esu</strong></span> 
     </span>
    </p>
   </div>
   <div class='ocr_carea' id='block_1_101' title="bbox 2368 3792 3975 3879">
    <p class='ocr_par' dir='ltr' id='par_1_101' title="bbox 2368 3792 3975 3879">
     <span class='ocr_line' id='line_1_101' title="bbox 2368 3792 3975 3879; baseline -0.004 -16"><span class='ocrx_word' id='word_1_781' title='bbox 2368 3809 2574 3873; x_wconf 81' lang='lat' dir='ltr'><strong>Christi,</strong></span> <span class='ocrx_word' id='word_1_782' title='bbox 2605 3825 2751 3877; x_wconf 88' lang='lat' dir='ltr'><strong>quem</strong></span> <span class='ocrx_word' id='word_1_783' title='bbox 2791 3807 3132 3878; x_wconf 82' lang='lat' dir='ltr'><strong>ignorabntis;</strong></span> <span class='ocrx_word' id='word_1_784' title='bbox 3162 3808 3214 3860; x_wconf 91' lang='lat' dir='ltr'><strong>in</strong></span> <span class='ocrx_word' id='word_1_785' title='bbox 3239 3792 3386 3879; x_wconf 83' lang='lat' dir='ltr'><strong>quem</strong></span> <span class='ocrx_word' id='word_1_786' title='bbox 3419 3805 3568 3859; x_wconf 90' lang='lat' dir='ltr'><strong>modo</strong></span> <span class='ocrx_word' id='word_1_787' title='bbox 3608 3822 3709 3858; x_wconf 91' lang='lat' dir='ltr'><strong>non</strong></span> <span class='ocrx_word' id='word_1_788' title='bbox 3746 3804 3975 3860; x_wconf 75' lang='lat' dir='ltr'><strong>videntes</strong></span> 
     </span>
    </p>
   </div>
   <div class='ocr_carea' id='block_1_102' title="bbox 2367 3896 3977 3971">
    <p class='ocr_par' dir='ltr' id='par_1_102' title="bbox 2367 3896 3977 3971">
     <span class='ocr_line' id='line_1_102' title="bbox 2367 3896 3977 3971; baseline -0.006 -15"><span class='ocrx_word' id='word_1_789' title='bbox 2367 3902 2593 3967; x_wconf 82' lang='lat' dir='ltr'><strong>creditis,</strong></span> <span class='ocrx_word' id='word_1_790' title='bbox 2620 3917 2762 3971; x_wconf 86' lang='lat' dir='ltr'><strong>quem</strong></span> <span class='ocrx_word' id='word_1_791' title='bbox 2794 3916 2907 3954; x_wconf 80' lang='lat' dir='ltr'><strong>cum</strong></span> <span class='ocrx_word' id='word_1_792' title='bbox 2935 3899 3174 3964; x_wconf 74' lang='lat' dir='ltr'><strong>videritis,</strong></span> <span class='ocrx_word' id='word_1_793' title='bbox 3204 3896 3516 3953; x_wconf 73' lang='lat' dir='ltr'><strong>ca&#39;snltabitis</strong></span> <span class='ocrx_word' id='word_1_794' title='bbox 3553 3897 3743 3967; x_wconf 81' lang='lat' dir='ltr'><strong>gaudio</strong></span> <span class='ocrx_word' id='word_1_795' title='bbox 3763 3896 3977 3948; x_wconf 84' lang='lat' dir='ltr'><strong>inenar-</strong></span> 
     </span>
    </p>
   </div>
   <div class='ocr_carea' id='block_1_103' title="bbox 2368 3986 3978 4063">
    <p class='ocr_par' dir='ltr' id='par_1_103' title="bbox 2368 3986 3978 4063">
     <span class='ocr_line' id='line_1_103' title="bbox 2368 3986 3978 4063; baseline -0.004 -15"><span class='ocrx_word' id='word_1_796' title='bbox 2368 3994 2519 4049; x_wconf 87' lang='lat' dir='ltr'><strong>rabili</strong></span> <span class='ocrx_word' id='word_1_797' title='bbox 2539 4033 2555 4060; x_wconf 95' lang='lat'><strong>,</strong></span> <span class='ocrx_word' id='word_1_798' title='bbox 2591 4004 2635 4047; x_wconf 86' lang='lat' dir='ltr'><strong>et</strong></span> <span class='ocrx_word' id='word_1_799' title='bbox 2677 3994 2922 4047; x_wconf 90' lang='lat' dir='ltr'><strong>honorato</strong></span> <span class='ocrx_word' id='word_1_800' title='bbox 2960 3993 3149 4063; x_wconf 84' lang='lat' dir='ltr'><strong>gaudio</strong></span> <span class='ocrx_word' id='word_1_801' title='bbox 3172 3992 3214 4057; x_wconf 63' lang='grc' dir='ltr'><strong>θ,</strong></span> <span class='ocrx_word' id='word_1_802' title='bbox 3257 3990 3580 4061; x_wconf 83' lang='lat' dir='ltr'><strong>percipieutes</strong></span> <span class='ocrx_word' id='word_1_803' title='bbox 3617 3986 3978 4042; x_wconf 66' lang='lat' dir='ltr'><strong>tis-tamentam</strong></span> 
     </span>
    </p>
   </div>
   <div class='ocr_carea' id='block_1_104' title="bbox 2371 4080 3975 4156">
    <p class='ocr_par' dir='ltr' id='par_1_104' title="bbox 2371 4080 3975 4156">
     <span class='ocr_line' id='line_1_104' title="bbox 2371 4080 3975 4156; baseline -0.002 -18"><span class='ocrx_word' id='word_1_804' title='bbox 2371 4087 2509 4156; x_wconf 79' lang='lat' dir='ltr'><strong>ﬁdei,</strong></span> <span class='ocrx_word' id='word_1_805' title='bbox 2555 4085 2770 4140; x_wconf 78' lang='lat' dir='ltr'><strong>salutem</strong></span> <span class='ocrx_word' id='word_1_806' title='bbox 2820 4085 3107 4137; x_wconf 83' lang='lat' dir='ltr'><strong>animarum</strong></span> <span class='ocrx_word' id='word_1_807' title='bbox 3151 4094 3430 4136; x_wconf 81' lang='lat' dir='ltr'><strong>vestrarum</strong></span> <span class='ocrx_word' id='word_1_808' title='bbox 3473 4080 3527 4151; x_wconf 88' lang='lat' dir='ltr'><strong>(l</strong></span> <span class='ocrx_word' id='word_1_809' title='bbox 3561 4080 3698 4134; x_wconf 82' lang='lat' dir='ltr'><strong>Petr.</strong></span> <span class='ocrx_word' id='word_1_810' title='bbox 3733 4094 3770 4142; x_wconf 86' lang='grc' dir='ltr'><strong>ι,</strong></span> <span class='ocrx_word' id='word_1_811' title='bbox 3807 4080 3975 4151; x_wconf 76' lang='grc'>5-9).</span> 
     </span>
    </p>
   </div>
   <div class='ocr_carea' id='block_1_105' title="bbox 2366 4172 3981 4242">
    <p class='ocr_par' dir='ltr' id='par_1_105' title="bbox 2366 4172 3981 4242">
     <span class='ocr_line' id='line_1_105' title="bbox 2366 4172 3981 4242; baseline -0.004 -12"><span class='ocrx_word' id='word_1_812' title='bbox 2366 4177 2502 4232; x_wconf 75' lang='lat' dir='ltr'><strong>item</strong></span> <span class='ocrx_word' id='word_1_813' title='bbox 2531 4178 2637 4230; x_wconf 90' lang='lat' dir='ltr'><strong>alio</strong></span> <span class='ocrx_word' id='word_1_814' title='bbox 2659 4177 2776 4231; x_wconf 88' lang='lat' dir='ltr'><strong>loco</strong></span> <span class='ocrx_word' id='word_1_815' title='bbox 2810 4193 2822 4229; x_wconf 90' lang='lat'>:</span> <span class='ocrx_word' id='word_1_816' title='bbox 2862 4173 2959 4228; x_wconf 78' lang='lat' dir='ltr'><strong>Vos</strong></span> <span class='ocrx_word' id='word_1_817' title='bbox 2990 4185 3177 4238; x_wconf 84' lang='lat' dir='ltr'><strong>autem,</strong></span> <span class='ocrx_word' id='word_1_818' title='bbox 3208 4173 3394 4242; x_wconf 89' lang='lat' dir='ltr'><strong>inquit,</strong></span> <span class='ocrx_word' id='word_1_819' title='bbox 3432 4188 3587 4242; x_wconf 81' lang='lat' dir='ltr'><strong>genus</strong></span> <span class='ocrx_word' id='word_1_820' title='bbox 3628 4172 3861 4231; x_wconf 84' lang='lat' dir='ltr'><strong>electum,</strong></span> <span class='ocrx_word' id='word_1_821' title='bbox 3895 4186 3981 4224; x_wconf 75' lang='lat' dir='ltr'><strong>re-</strong></span> 
     </span>
    </p>
   </div>
   <div class='ocr_carea' id='block_1_106' title="bbox 2372 4263 3979 4343">
    <p class='ocr_par' dir='ltr' id='par_1_106' title="bbox 2372 4263 3979 4343">
     <span class='ocr_line' id='line_1_106' title="bbox 2372 4263 3979 4343; baseline -0.004 -21"><span class='ocrx_word' id='word_1_822' title='bbox 2372 4271 2486 4343; x_wconf 85' lang='lat' dir='ltr'><strong>gale</strong></span> <span class='ocrx_word' id='word_1_823' title='bbox 2509 4269 2867 4333; x_wconf 84' lang='lat' dir='ltr'><strong>sacerdotium,</strong></span> <span class='ocrx_word' id='word_1_824' title='bbox 2895 4284 3017 4339; x_wconf 83' lang='lat' dir='ltr'><strong>gens</strong></span> <span class='ocrx_word' id='word_1_825' title='bbox 3042 4276 3235 4325; x_wconf 84' lang='lat' dir='ltr'><strong>sancta,</strong></span> <span class='ocrx_word' id='word_1_826' title='bbox 3264 4266 3485 4337; x_wconf 85' lang='lat' dir='ltr'><strong>populus</strong></span> <span class='ocrx_word' id='word_1_827' title='bbox 3514 4265 3565 4317; x_wconf 91' lang='lat' dir='ltr'><strong>in</strong></span> <span class='ocrx_word' id='word_1_828' title='bbox 3590 4263 3889 4331; x_wconf 87' lang='lat' dir='ltr'><strong>adaptione,</strong></span> <span class='ocrx_word' id='word_1_829' title='bbox 3920 4271 3979 4315; x_wconf 86' lang='lat' dir='ltr'><strong>ut</strong></span> 
     </span>
    </p>
   </div>
   <div class='ocr_carea' id='block_1_107' title="bbox 2373 4352 3983 4430">
    <p class='ocr_par' dir='ltr' id='par_1_107' title="bbox 2373 4352 3983 4430">
     <span class='ocr_line' id='line_1_107' title="bbox 2373 4352 3983 4430; baseline -0.008 -12"><span class='ocrx_word' id='word_1_830' title='bbox 2373 4365 2579 4418; x_wconf 80' lang='lat' dir='ltr'><strong>virtutes</strong></span> <span class='ocrx_word' id='word_1_831' title='bbox 2600 4361 2867 4416; x_wconf 80' lang='lat' dir='ltr'><strong>enuntielis</strong></span> <span class='ocrx_word' id='word_1_832' title='bbox 2896 4361 3026 4430; x_wconf 80' lang='lat' dir='ltr'><strong>ejus,</strong></span> <span class='ocrx_word' id='word_1_833' title='bbox 3053 4360 3137 4429; x_wconf 86' lang='lat' dir='ltr'><strong>qui</strong></span> <span class='ocrx_word' id='word_1_834' title='bbox 3158 4374 3242 4413; x_wconf 75' lang='lat' dir='ltr'><strong>vos</strong></span> <span class='ocrx_word' id='word_1_835' title='bbox 3266 4358 3327 4410; x_wconf 83' lang='lat' dir='ltr'><strong>de</strong></span> <span class='ocrx_word' id='word_1_836' title='bbox 3349 4357 3560 4411; x_wconf 74' lang='lat' dir='ltr'><strong>tenebris</strong></span> <span class='ocrx_word' id='word_1_837' title='bbox 3581 4356 3774 4409; x_wconf 80' lang='lat' dir='ltr'><strong>vocavit</strong></span> <span class='ocrx_word' id='word_1_838' title='bbox 3802 4354 3855 4407; x_wconf 89' lang='lat' dir='ltr'><strong>in</strong></span> <span class='ocrx_word' id='word_1_839' title='bbox 3882 4352 3983 4405; x_wconf 65' lang='lat' dir='ltr'><strong>edo</strong></span> 
     </span>
    </p>
   </div>
   <div class='ocr_carea' id='block_1_108' title="bbox 2373 4446 3978 4524">
    <p class='ocr_par' dir='ltr' id='par_1_108' title="bbox 2373 4446 3978 4524">
     <span class='ocr_line' id='line_1_108' title="bbox 2373 4446 3978 4524; baseline -0.009 -11"><span class='ocrx_word' id='word_1_840' title='bbox 2373 4458 2603 4514; x_wconf 84' lang='lat' dir='ltr'><strong>mirabile</strong></span> <span class='ocrx_word' id='word_1_841' title='bbox 2623 4459 2790 4511; x_wconf 82' lang='lat' dir='ltr'><strong>ltunen</strong></span> <span class='ocrx_word' id='word_1_842' title='bbox 2812 4472 2959 4510; x_wconf 86' lang='lat' dir='ltr'><strong>suum</strong></span> <span class='ocrx_word' id='word_1_843' title='bbox 3000 4453 3110 4524; x_wconf 87' lang='lat' dir='ltr'><strong>(ld.</strong></span> <span class='ocrx_word' id='word_1_844' title='bbox 3154 4470 3213 4519; x_wconf 84' lang='lat' dir='ltr'><strong>tt,</strong></span> <span class='ocrx_word' id='word_1_845' title='bbox 3253 4453 3332 4521; x_wconf 89' lang='lat'><strong>9).</strong></span> <span class='ocrx_word' id='word_1_846' title='bbox 3363 4450 3427 4507; x_wconf 88' lang='lat' dir='ltr'><strong>Et</strong></span> <span class='ocrx_word' id='word_1_847' title='bbox 3453 4452 3640 4505; x_wconf 87' lang='lat' dir='ltr'><strong>iterum</strong></span> <span class='ocrx_word' id='word_1_848' title='bbox 3671 4466 3685 4501; x_wconf 72' lang='grc' dir='ltr'>ε</span> <span class='ocrx_word' id='word_1_849' title='bbox 3720 4446 3978 4511; x_wconf 83' lang='lat' dir='ltr'><strong>Christus,</strong></span> 
     </span>
    </p>
   </div>
   <div class='ocr_carea' id='block_1_109' title="bbox 2378 4541 3982 4632">
    <p class='ocr_par' dir='ltr' id='par_1_109' title="bbox 2378 4541 3982 4632">
     <span class='ocr_line' id='line_1_109' title="bbox 2378 4541 3982 4632; baseline -0.007 -27"><span class='ocrx_word' id='word_1_850' title='bbox 2378 4552 2568 4620; x_wconf 88' lang='lat' dir='ltr'><strong>iuqttit,</strong></span> <span class='ocrx_word' id='word_1_851' title='bbox 2601 4566 2692 4620; x_wconf 86' lang='lat' dir='ltr'><strong>pro</strong></span> <span class='ocrx_word' id='word_1_852' title='bbox 2716 4549 2932 4618; x_wconf 79' lang='lat' dir='ltr'><strong>peccatis</strong></span> <span class='ocrx_word' id='word_1_853' title='bbox 2968 4548 3151 4600; x_wconf 82' lang='lat' dir='ltr'><strong>nostris</strong></span> <span class='ocrx_word' id='word_1_854' title='bbox 3179 4562 3357 4613; x_wconf 84' lang='lat' dir='ltr'><strong>passus</strong></span> <span class='ocrx_word' id='word_1_855' title='bbox 3385 4554 3477 4608; x_wconf 83' lang='lat' dir='ltr'><strong>est,</strong></span> <span class='ocrx_word' id='word_1_856' title='bbox 3512 4545 3689 4632; x_wconf 65' lang='lat' dir='ltr'><strong>justu:</strong></span> <span class='ocrx_word' id='word_1_857' title='bbox 3714 4558 3810 4611; x_wconf 86' lang='lat' dir='ltr'><strong>pro</strong></span> <span class='ocrx_word' id='word_1_858' title='bbox 3839 4541 3982 4611; x_wconf 75' lang='lat' dir='ltr'><strong>inju-</strong></span> 
     </span>
    </p>
   </div>
   <div class='ocr_carea' id='block_1_110' title="bbox 2378 4636 3985 4708">
    <p class='ocr_par' dir='ltr' id='par_1_110' title="bbox 2378 4636 3985 4708">
     <span class='ocr_line' id='line_1_110' title="bbox 2378 4636 3985 4708; baseline -0.008 -10"><span class='ocrx_word' id='word_1_859' title='bbox 2378 4646 2489 4708; x_wconf 85' lang='lat' dir='ltr'><strong>slis,</strong></span> <span class='ocrx_word' id='word_1_860' title='bbox 2520 4653 2574 4696; x_wconf 91' lang='lat' dir='ltr'><strong>ut</strong></span> <span class='ocrx_word' id='word_1_861' title='bbox 2596 4659 2686 4696; x_wconf 87' lang='lat' dir='ltr'><strong>nos</strong></span> <span class='ocrx_word' id='word_1_862' title='bbox 2716 4641 2937 4694; x_wconf 87' lang='lat' dir='ltr'><strong>adducat</strong></span> <span class='ocrx_word' id='word_1_863' title='bbox 2962 4640 3029 4692; x_wconf 89' lang='lat' dir='ltr'><strong>ad</strong></span> <span class='ocrx_word' id='word_1_864' title='bbox 3073 4637 3260 4691; x_wconf 86' lang='lat' dir='ltr'><strong>Deum.</strong></span> <span class='ocrx_word' id='word_1_865' title='bbox 3303 4636 3433 4691; x_wconf 85' lang='lat' dir='ltr'><strong>Item</strong></span> <span class='ocrx_word' id='word_1_866' title='bbox 3476 4651 3599 4690; x_wconf 90' lang='lat' dir='ltr'><strong>cum</strong></span> <span class='ocrx_word' id='word_1_867' title='bbox 3646 4647 3985 4688; x_wconf 83' lang='lat' dir='ltr'><strong>commemo-</strong></span> 
     </span>
    </p>
   </div>
   <div class='ocr_carea' id='block_1_111' title="bbox 2381 4724 3980 4799">
    <p class='ocr_par' dir='ltr' id='par_1_111' title="bbox 2381 4724 3980 4799">
     <span class='ocr_line' id='line_1_111' title="bbox 2381 4724 3980 4799; baseline -0.008 -7"><span class='ocrx_word' id='word_1_868' title='bbox 2381 4746 2553 4792; x_wconf 84' lang='lat' dir='ltr'><strong>rasset</strong></span> <span class='ocrx_word' id='word_1_869' title='bbox 2582 4736 2634 4789; x_wconf 91' lang='lat' dir='ltr'><strong>in</strong></span> <span class='ocrx_word' id='word_1_870' title='bbox 2660 4750 2782 4788; x_wconf 86' lang='lat' dir='ltr'><strong>arca</strong></span> <span class='ocrx_word' id='word_1_871' title='bbox 2810 4732 2941 4799; x_wconf 80' lang='lat' dir='ltr'><strong>Noe,</strong></span> <span class='ocrx_word' id='word_1_872' title='bbox 2969 4742 3092 4787; x_wconf 61' lang='lat' dir='ltr'><strong>octo</strong></span> <span class='ocrx_word' id='word_1_873' title='bbox 3127 4731 3371 4785; x_wconf 86' lang='lat' dir='ltr'><strong>homines</strong></span> <span class='ocrx_word' id='word_1_874' title='bbox 3417 4731 3595 4783; x_wconf 76' lang='lat' dir='ltr'><strong>salvos</strong></span> <span class='ocrx_word' id='word_1_875' title='bbox 3638 4726 3809 4781; x_wconf 80' lang='lat' dir='ltr'><strong>factos</strong></span> <span class='ocrx_word' id='word_1_876' title='bbox 3842 4744 3855 4778; x_wconf 92' lang='lat'><strong>:</strong></span> <span class='ocrx_word' id='word_1_877' title='bbox 3884 4724 3980 4781; x_wconf 81' lang='lat' dir='ltr'><strong>Sic</strong></span> 
     </span>
    </p>
   </div>
   <div class='ocr_carea' id='block_1_112' title="bbox 2380 4821 3987 4896">
    <p class='ocr_par' dir='ltr' id='par_1_112' title="bbox 2380 4821 3987 4896">
     <span class='ocr_line' id='line_1_112' title="bbox 2380 4821 3987 4896; baseline -0.006 -11"><span class='ocrx_word' id='word_1_878' title='bbox 2380 4840 2428 4885; x_wconf 84' lang='lat' dir='ltr'><strong>et</strong></span> <span class='ocrx_word' id='word_1_879' title='bbox 2471 4845 2585 4891; x_wconf 83' lang='lat' dir='ltr'><strong>vos,</strong></span> <span class='ocrx_word' id='word_1_880' title='bbox 2645 4827 2869 4896; x_wconf 37' lang='lat' dir='ltr'><strong>inquitt</strong></span> <span class='ocrx_word' id='word_1_881' title='bbox 2902 4827 3056 4880; x_wconf 86' lang='lat' dir='ltr'><strong>simili</strong></span> <span class='ocrx_word' id='word_1_882' title='bbox 3105 4829 3272 4895; x_wconf 78' lang='lat' dir='ltr'><strong>[arma</strong></span> <span class='ocrx_word' id='word_1_883' title='bbox 3327 4822 3591 4893; x_wconf 83' lang='lat' dir='ltr'><strong>Baptisma</strong></span> <span class='ocrx_word' id='word_1_884' title='bbox 3641 4822 3811 4876; x_wconf 76' lang='lat' dir='ltr'><strong>salvos</strong></span> <span class='ocrx_word' id='word_1_885' title='bbox 3858 4821 3987 4887; x_wconf 80' lang='lat' dir='ltr'><strong>facit</strong></span> 
     </span>
    </p>
   </div>
   <div class='ocr_carea' id='block_1_113' title="bbox 2384 4912 3988 4997">
    <p class='ocr_par' dir='ltr' id='par_1_113' title="bbox 2384 4912 3988 4997">
     <span class='ocr_line' id='line_1_113' title="bbox 2384 4912 3988 4997; baseline -0.007 -19"><span class='ocrx_word' id='word_1_886' title='bbox 2384 4923 2495 4997; x_wconf 85' lang='lat' dir='ltr'><strong>(Id.</strong></span> <span class='ocrx_word' id='word_1_887' title='bbox 2541 4938 2637 4988; x_wconf 85' lang='grc' dir='ltr'>ιιι,</span> <span class='ocrx_word' id='word_1_888' title='bbox 2672 4920 2854 4988; x_wconf 51' lang='lat' dir='ltr'><strong>l8o‘2l)</strong></span> <span class='ocrx_word' id='word_1_889' title='bbox 2898 4921 2981 4975; x_wconf 78' lang='lat' dir='ltr'><strong>Ab</strong></span> <span class='ocrx_word' id='word_1_890' title='bbox 3019 4921 3118 4973; x_wconf 89' lang='lat' dir='ltr'><strong>hac</strong></span> <span class='ocrx_word' id='word_1_891' title='bbox 3139 4934 3267 4987; x_wconf 76' lang='lat' dir='ltr'><strong>ergo</strong></span> <span class='ocrx_word' id='word_1_892' title='bbox 3293 4917 3465 4971; x_wconf 89' lang='lat' dir='ltr'><strong>salute</strong></span> <span class='ocrx_word' id='word_1_893' title='bbox 3499 4926 3552 4971; x_wconf 89' lang='lat' dir='ltr'><strong>et</strong></span> <span class='ocrx_word' id='word_1_894' title='bbox 3589 4915 3793 4969; x_wconf 88' lang='lat' dir='ltr'><strong>lmuinc</strong></span> <span class='ocrx_word' id='word_1_895' title='bbox 3819 4912 3988 4967; x_wconf 86' lang='lat' dir='ltr'><strong>alieni</strong></span> 
     </span>
    </p>
   </div>
   <div class='ocr_carea' id='block_1_114' title="bbox 2384 5007 3988 5087">
    <p class='ocr_par' dir='ltr' id='par_1_114' title="bbox 2384 5007 3988 5087">
     <span class='ocr_line' id='line_1_114' title="bbox 2384 5007 3988 5087; baseline -0.01 -14"><span class='ocrx_word' id='word_1_896' title='bbox 2384 5028 2506 5073; x_wconf 85' lang='lat' dir='ltr'><strong>sunt</strong></span> <span class='ocrx_word' id='word_1_897' title='bbox 2533 5016 2758 5087; x_wconf 70' lang='lat' dir='ltr'><strong>parvuli,</strong></span> <span class='ocrx_word' id='word_1_898' title='bbox 2776 5023 2829 5067; x_wconf 81' lang='lat' dir='ltr'><strong>et</strong></span> <span class='ocrx_word' id='word_1_899' title='bbox 2854 5014 2905 5066; x_wconf 92' lang='lat' dir='ltr'><strong>in</strong></span> <span class='ocrx_word' id='word_1_900' title='bbox 2934 5011 3231 5082; x_wconf 85' lang='lat' dir='ltr'><strong>perditione</strong></span> <span class='ocrx_word' id='word_1_901' title='bbox 3259 5024 3322 5064; x_wconf 84' lang='lat' dir='ltr'><strong>ac</strong></span> <span class='ocrx_word' id='word_1_902' title='bbox 3340 5008 3577 5062; x_wconf 91' lang='lat' dir='ltr'><strong>tenebris</strong></span> <span class='ocrx_word' id='word_1_903' title='bbox 3604 5007 3988 5070; x_wconf 83' lang='lat' dir='ltr'><strong>remanebunt,</strong></span> 
     </span>
    </p>
   </div>
   <div class='ocr_carea' id='block_1_115' title="bbox 2386 5098 3994 5177">
    <p class='ocr_par' dir='ltr' id='par_1_115' title="bbox 2386 5098 3994 5177">
     <span class='ocr_line' id='line_1_115' title="bbox 2386 5098 3994 5177; baseline -0.009 -13"><span class='ocrx_word' id='word_1_904' title='bbox 2386 5110 2487 5165; x_wconf 88' lang='lat' dir='ltr'><strong>nisi</strong></span> <span class='ocrx_word' id='word_1_905' title='bbox 2516 5126 2608 5177; x_wconf 86' lang='lat' dir='ltr'><strong>per</strong></span> <span class='ocrx_word' id='word_1_906' title='bbox 2634 5107 2976 5176; x_wconf 87' lang='lat' dir='ltr'><strong>adoptionem</strong></span> <span class='ocrx_word' id='word_1_907' title='bbox 2997 5104 3192 5175; x_wconf 80' lang='lat' dir='ltr'><strong>pOpIIlO</strong></span> <span class='ocrx_word' id='word_1_908' title='bbox 3214 5102 3305 5157; x_wconf 90' lang='lat' dir='ltr'><strong>Dei</strong></span> <span class='ocrx_word' id='word_1_909' title='bbox 3340 5102 3535 5156; x_wconf 81' lang='lat' dir='ltr'><strong>fuerint</strong></span> <span class='ocrx_word' id='word_1_910' title='bbox 3556 5098 3767 5158; x_wconf 74' lang='lat' dir='ltr'><strong>scriati,</strong></span> <span class='ocrx_word' id='word_1_911' title='bbox 3794 5108 3994 5152; x_wconf 84' lang='lat' dir='ltr'><strong>tenen-</strong></span> 
     </span>
    </p>
   </div>
   <div class='ocr_carea' id='block_1_116' title="bbox 2388 5188 3993 5267">
    <p class='ocr_par' dir='ltr' id='par_1_116' title="bbox 2388 5188 3993 5267">
     <span class='ocr_line' id='line_1_116' title="bbox 2388 5188 3993 5267; baseline -0.008 -11"><span class='ocrx_word' id='word_1_912' title='bbox 2388 5213 2467 5257; x_wconf 86' lang='lat' dir='ltr'><strong>tes</strong></span> <span class='ocrx_word' id='word_1_913' title='bbox 2492 5200 2761 5256; x_wconf 79' lang='lat' dir='ltr'><strong>Christum</strong></span> <span class='ocrx_word' id='word_1_914' title='bbox 2795 5196 3233 5267; x_wconf 86' lang='lat' dir='ltr'><strong>passumjustum</strong></span> <span class='ocrx_word' id='word_1_915' title='bbox 3275 5208 3372 5264; x_wconf 90' lang='lat' dir='ltr'><strong>pro</strong></span> <span class='ocrx_word' id='word_1_916' title='bbox 3411 5192 3645 5263; x_wconf 83' lang='lat' dir='ltr'><strong>injustis,</strong></span> <span class='ocrx_word' id='word_1_917' title='bbox 3674 5200 3732 5246; x_wconf 93' lang='lat' dir='ltr'><strong>ut</strong></span> <span class='ocrx_word' id='word_1_918' title='bbox 3768 5206 3867 5246; x_wconf 86' lang='lat' dir='ltr'><strong>eos</strong></span> <span class='ocrx_word' id='word_1_919' title='bbox 3895 5188 3993 5243; x_wconf 82' lang='lat' dir='ltr'><strong>ad-</strong></span> 
     </span>
    </p>
   </div>
   <div class='ocr_carea' id='block_1_117' title="bbox 2387 5290 2851 5348">
    <p class='ocr_par' dir='ltr' id='par_1_117' title="bbox 2387 5290 2851 5348">
     <span class='ocr_line' id='line_1_117' title="bbox 2387 5290 2851 5348; baseline -0.013 0"><span class='ocrx_word' id='word_1_920' title='bbox 2387 5292 2548 5348; x_wconf 88' lang='lat' dir='ltr'><strong>ducat</strong></span> <span class='ocrx_word' id='word_1_921' title='bbox 2570 5290 2635 5343; x_wconf 91' lang='lat' dir='ltr'><strong>ad</strong></span> <span class='ocrx_word' id='word_1_922' title='bbox 2663 5290 2851 5343; x_wconf 83' lang='lat' dir='ltr'><strong>Deum.</strong></span> 
     </span>
    </p>
   </div>
   <div class='ocr_carea' id='block_1_118' title="bbox 2459 5371 3989 5449">
    <p class='ocr_par' dir='ltr' id='par_1_118' title="bbox 2459 5371 3989 5449">
     <span class='ocr_line' id='line_1_118' title="bbox 2459 5371 3989 5449; baseline -0.007 -13"><span class='ocrx_word' id='word_1_923' title='bbox 2459 5381 2550 5437; x_wconf 70' lang='grc'><strong>42.</strong></span> <span class='ocrx_word' id='word_1_924' title='bbox 2594 5380 2672 5435; x_wconf 79' lang='lat' dir='ltr'><strong>Ex</strong></span> <span class='ocrx_word' id='word_1_925' title='bbox 2703 5378 2935 5449; x_wconf 82' lang='lat' dir='ltr'><strong>Epistola</strong></span> <span class='ocrx_word' id='word_1_926' title='bbox 2962 5377 3123 5431; x_wconf 86' lang='lat' dir='ltr'><strong>etiam</strong></span> <span class='ocrx_word' id='word_1_927' title='bbox 3160 5372 3383 5430; x_wconf 81' lang='lat' dir='ltr'><strong>Joannis</strong></span> <span class='ocrx_word' id='word_1_928' title='bbox 3412 5372 3529 5428; x_wconf 73' lang='lat' dir='ltr'><strong>hmc</strong></span> <span class='ocrx_word' id='word_1_929' title='bbox 3572 5371 3702 5426; x_wconf 90' lang='lat' dir='ltr'><strong>mihi</strong></span> <span class='ocrx_word' id='word_1_930' title='bbox 3729 5385 3989 5427; x_wconf 85' lang='lat' dir='ltr'><strong>occurre-</strong></span> 
     </span>
    </p>
   </div>
   <div class='ocr_carea' id='block_1_119' title="bbox 2392 5461 3995 5544">
    <p class='ocr_par' dir='ltr' id='par_1_119' title="bbox 2392 5461 3995 5544">
     <span class='ocr_line' id='line_1_119' title="bbox 2392 5461 3995 5544; baseline -0.009 -14"><span class='ocrx_word' id='word_1_931' title='bbox 2392 5484 2536 5540; x_wconf 89' lang='lat' dir='ltr'><strong>runt,</strong></span> <span class='ocrx_word' id='word_1_932' title='bbox 2563 5488 2682 5544; x_wconf 69' lang='lat' dir='ltr'><strong>quae</strong></span> <span class='ocrx_word' id='word_1_933' title='bbox 2707 5470 2832 5526; x_wconf 85' lang='lat' dir='ltr'><strong>huic</strong></span> <span class='ocrx_word' id='word_1_934' title='bbox 2860 5467 3143 5540; x_wconf 65' lang='lat' dir='ltr'><strong>qttmstioni</strong></span> <span class='ocrx_word' id='word_1_935' title='bbox 3176 5464 3481 5523; x_wconf 88' lang='lat' dir='ltr'><strong>necessaria</strong></span> <span class='ocrx_word' id='word_1_936' title='bbox 3508 5463 3622 5519; x_wconf 70' lang='lat' dir='ltr'><strong>visa</strong></span> <span class='ocrx_word' id='word_1_937' title='bbox 3650 5471 3801 5517; x_wconf 88' lang='lat' dir='ltr'><strong>sunt.</strong></span> <span class='ocrx_word' id='word_1_938' title='bbox 3837 5461 3995 5531; x_wconf 78' lang='lat' dir='ltr'><strong>Quod</strong></span> 
     </span>
    </p>
   </div>
   <div class='ocr_carea' id='block_1_120' title="bbox 2458 5615 4002 5696">
    <p class='ocr_par' dir='ltr' id='par_1_120' title="bbox 2458 5615 4002 5696">
     <span class='ocr_line' id='line_1_120' title="bbox 2458 5615 4002 5696; baseline -0.01 -14"><span class='ocrx_word' id='word_1_939' title='bbox 2458 5635 2488 5696; x_wconf 70' lang='lat'><strong>&#39;_</strong></span> <span class='ocrx_word' id='word_1_940' title='bbox 2508 5628 2878 5696; x_wconf 59' lang='lat' dir='ltr'><strong>trygirannensis</strong></span> <span class='ocrx_word' id='word_1_941' title='bbox 2897 5624 3052 5675; x_wconf 81' lang='lat' dir='ltr'><strong>codex</strong></span> <span class='ocrx_word' id='word_1_942' title='bbox 3070 5659 3115 5696; x_wconf 23' lang='grc' dir='ltr'><strong>..Α</strong></span> <span class='ocrx_word' id='word_1_943' title='bbox 3130 5620 3216 5685; x_wconf 83' lang='lat' dir='ltr'><strong>qui</strong></span> <span class='ocrx_word' id='word_1_944' title='bbox 3235 5620 3500 5673; x_wconf 75' lang='lat' dir='ltr'><strong>secundm</strong></span> <span class='ocrx_word' id='word_1_945' title='bbox 3521 5615 3886 5671; x_wconf 70' lang='lat' dir='ltr'><strong>multitudinm</strong></span> <span class='ocrx_word' id='word_1_946' title='bbox 3904 5629 4002 5671; x_wconf 79' lang='lat' dir='ltr'><strong>ms-</strong></span> 
     </span>
    </p>
   </div>
   <div class='ocr_carea' id='block_1_121' title="bbox 2391 5692 3243 5761">
    <p class='ocr_par' dir='ltr' id='par_1_121' title="bbox 2391 5692 3243 5761">
     <span class='ocr_line' id='line_1_121' title="bbox 2391 5692 3243 5761; baseline -0.009 -17"><span class='ocrx_word' id='word_1_947' title='bbox 2391 5692 2796 5761; x_wconf 46' lang='lat' dir='ltr'><strong>serfico’rdia’snte</strong></span> <span class='ocrx_word' id='word_1_948' title='bbox 2820 5692 3117 5761; x_wconf 73' lang='lat' dir='ltr'><strong>regeneth</strong></span> <span class='ocrx_word' id='word_1_949' title='bbox 3139 5698 3243 5737; x_wconf 70' lang='lat' dir='ltr'><strong>nos.</strong></span> 
     </span>
    </p>
   </div>
   <div class='ocr_carea' id='block_1_122' title="bbox 2455 5752 3023 5810">
    <p class='ocr_par' dir='ltr' id='par_1_122' title="bbox 2455 5752 3023 5810">
     <span class='ocr_line' id='line_1_122' title="bbox 2455 5752 3023 5810; baseline -0.014 -4"><span class='ocrx_word' id='word_1_950' title='bbox 2455 5760 2476 5791; x_wconf 87' lang='grc'>³</span> <span class='ocrx_word' id='word_1_951' title='bbox 2509 5762 2617 5806; x_wconf 71' lang='lat' dir='ltr'><strong>uss.</strong></span> <span class='ocrx_word' id='word_1_952' title='bbox 2632 5792 2646 5810; x_wconf 81' lang='lat'><strong>,</strong></span> <span class='ocrx_word' id='word_1_953' title='bbox 2675 5752 3023 5803; x_wconf 72' lang='lat' dir='ltr'><strong>inluminatam.</strong></span> 
     </span>
    </p>
   </div>
   <div class='ocr_carea' id='block_1_123' title="bbox 2457 5809 3400 5878">
    <p class='ocr_par' dir='ltr' id='par_1_123' title="bbox 2457 5809 3400 5878">
     <span class='ocr_line' id='line_1_123' title="bbox 2457 5809 3400 5878; baseline -0.005 -11"><span class='ocrx_word' id='word_1_954' title='bbox 2457 5818 2479 5851; x_wconf 81' lang='grc'>³</span> <span class='ocrx_word' id='word_1_955' title='bbox 2513 5809 2738 5878; x_wconf 80' lang='lat' dir='ltr'><strong>Plerique</strong></span> <span class='ocrx_word' id='word_1_956' title='bbox 2762 5822 2890 5871; x_wconf 67' lang='lat' dir='ltr'><strong>Mss,</strong></span> <span class='ocrx_word' id='word_1_957' title='bbox 2910 5809 3237 5878; x_wconf 67' lang='lat' dir='ltr'><strong>itt_9eritate._</strong></span> <span class='ocrx_word' id='word_1_958' title='bbox 3323 5874 3332 5878; x_wconf 92' lang='lat'><em>_</em></span> <span class='ocrx_word' id='word_1_959' title='bbox 3396 5858 3400 5862; x_wconf 82' lang='lat'><strong>.</strong></span> 
     </span>
    </p>
   </div>
   <div class='ocr_carea' id='block_1_124' title="bbox 2457 5871 3582 5934">
    <p class='ocr_par' dir='ltr' id='par_1_124' title="bbox 2457 5871 3582 5934">
     <span class='ocr_line' id='line_1_124' title="bbox 2457 5871 3582 5934; baseline -0.012 -4"><span class='ocrx_word' id='word_1_960' title='bbox 2457 5880 2477 5912; x_wconf 71' lang='grc' dir='ltr'>δ</span> <span class='ocrx_word' id='word_1_961' title='bbox 2510 5887 2606 5929; x_wconf 77' lang='lat' dir='ltr'><strong>Hoc</strong></span> <span class='ocrx_word' id='word_1_962' title='bbox 2629 5871 2732 5928; x_wconf 81' lang='lat' dir='ltr'><strong>loco</strong></span> <span class='ocrx_word' id='word_1_963' title='bbox 2754 5888 2781 5926; x_wconf 73' lang='grc' dir='ltr'><strong>ο</strong></span> <span class='ocrx_word' id='word_1_964' title='bbox 2804 5873 3050 5926; x_wconf 74' lang='lat' dir='ltr'><strong>nonnullis</strong></span> <span class='ocrx_word' id='word_1_965' title='bbox 3065 5881 3170 5923; x_wconf 64' lang='lat' dir='ltr'><strong>me.</strong></span> <span class='ocrx_word' id='word_1_966' title='bbox 3195 5871 3355 5932; x_wconf 75' lang='lat' dir='ltr'><strong>abest,</strong></span> <span class='ocrx_word' id='word_1_967' title='bbox 3380 5872 3582 5934; x_wconf 75' lang='lat' dir='ltr'><strong>gaudio.</strong></span> 
     </span>
    </p>
   </div>
  </div>
