4168 6536
238 408 330 460 lZSS
1579 392 1781 452 LIBER
1821 392 2094 453 PRIMUS.

230 543 270 574 si
293 538 344 575 in
371 520 582 584 lumine,
616 517 806 588 inquit.
832 513 1274 582 ambulaverintus,
1304 513 1431 568 sicut
1455 521 1502 564 et
1528 512 1636 582 ipse
1673 509 1824 566 estin

236 611 445 677 luntine,
471 610 757 664 societatem
783 605 1022 662 habemus
1049 605 1104 660 in
1140 606 1372 669 invicem,
1400 613 1447 657 et
1472 603 1678 674 sanguis
1699 597 1735 656 J
1739 617 1828 656 esu

232 703 416 759 Christi
439 702 534 769 tua
558 700 668 772 ejus
699 686 932 771 puigatu
973 715 1067 753 nos
1112 699 1172 752 ab
1197 697 1335 751 omni
1376 696 1557 750 delicto
1583 695 1635 768 (ι
1665 691 1824 748 toan.

230 816 266 865 ι,
299 797 388 867 7).
418 794 548 850 Item
575 794 682 848 alio
703 792 822 847 loco
842 812 853 846 :
875 791 938 846 Si
959 789 1316 855 testimonium,
1348 789 1537 858 inquit,
1567 787 1826 842 hominum

228 887 520 959 accipimus,
552 884 889 938 testimonium
919 881 1015 936 Dei
1045 881 1210 953 majus
1239 892 1348 946 est;
1383 879 1502 948 quia
1534 878 1628 931 hoc
1653 887 1726 931 est
1755 886 1830 930 te-

229 980 513 1038 stiinonium
541 976 654 1040 Dei,
698 974 835 1046 quod
855 973 1022 1044 majus
1047 984 1117 1025 est
1137 972 1176 1033 ¹,
1204 971 1323 1042 quia
1347 969 1642 1038 testiﬁcatus
1673 959 1828 1020 estde

236 1070 363 1125 Filio
389 1084 502 1122 suo.
535 1065 637 1132 Qui
665 1065 934 1120 crediderit
968 1065 1021 1117 in
1049 1060 1243 1116 Filium
1271 1061 1384 1125 Dei,
1418 1061 1562 1113 habet
1602 1058 1828 1112 testimo-

230 1165 362 1217 nium
381 1164 402 1194 ³
428 1162 479 1215 in
510 1160 796 1231 semetipso.
825 1159 924 1225 Qui
949 1175 1048 1212 non
1071 1157 1340 1228 crediderit
1382 1155 1506 1220 Deo,
1534 1153 1826 1208 mendacem

225 1253 347 1323 facit
374 1269 486 1306 eum
507 1269 526 1316 ;
555 1252 677 1321 quia
703 1267 804 1304 non
832 1247 1080 1303 credidit'
1101 1249 1153 1302 in
1172 1247 1511 1302 testimonium
1532 1244 1668 1315 quod
1689 1245 1826 1298 testi-

227 1347 409 1414 ﬁcatus
435 1353 509 1398 est
549 1344 612 1398 de
645 1341 782 1398 Filio
807 1359 921 1397 suo.
955 1341 1022 1396 Et
1064 1341 1158 1395 hoc
1195 1350 1267 1396 est
1303 1339 1662 1405 testimonium,
1704 1337 1825 1412 quia

225 1435 373 1490 ritum
400 1444 638 1489 wternam
667 1434 804 1488 dedit
840 1434 982 1488 nobis
1021 1432 1197 1498 Deus;
1241 1442 1288 1487 et
1318 1433 1426 1486 lucc
1453 1433 1555 1486 vita
1593 1432 1645 1486 in
1683 1429 1824 1484 Filio

225 1527 335 1598 ejus
364 1533 460 1581 est.
489 1524 590 1593 Qui
617 1525 765 1578 habet
789 1524 1004 1595 Filium,
1035 1525 1180 1578 habet
1210 1525 1362 1576 vitam
1395 1538 1415 1578 :
1438 1524 1523 1596 qui
1550 1540 1653 1577 non
1677 1522 1825 1577 habet

225 1617 442 1681 Filium,
474 1632 576 1670 non
604 1615 752 1669 habet
781 1617 934 1670 uitam
958 1613 1068 1689 (Id.
1098 1631 1154 1681 γ,
1185 1613 1355 1685 912).
1383 1613 1500 1669 Non
1526 1613 1698 1668 solum
1727 1613 1824 1684 igi-

224 1721 310 1766 tur
351 1724 578 1780 regnum
623 1708 912 1774 oculorum,
953 1706 1049 1762 sed
1089 1723 1189 1762 nec
1227 1707 1390 1760 vitam
1432 1705 1634 1776 parvuli
1663 1705 1826 1760 habe-

221 1809 374 1866 uuut,
415 1799 460 1856 si
495 1799 688 1855 Filium
731 1813 837 1854 non
869 1798 1158 1864 habebunt,
1185 1813 1344 1868 quem
1382 1796 1484 1851 nisi
1525 1811 1619 1866 per
1645 1793 1822 1866 Bapti-

219 1907 395 1950 smum
433 1891 552 1962 ejus
585 1889 787 1946 habere
820 1905 928 1944 non
968 1897 1214 1961 possunt.
1245 1887 1378 1944 Item
1419 1889 1526 1943 alio
1557 1887 1676 1942 loco
1708 1905 1722 1942 :
1753 1884 1822 1942 In

220 1994 334 2052 hoc,
358 1985 554 2056 inquit,
581 1983 932 2053 manifestatus
959 1991 1034 2037 est
1065 1980 1235 2036 Filius
1258 1981 1376 2048 Dei,
1400 1989 1454 2034 ut
1481 1981 1644 2036 soluat
1667 1996 1821 2052 opera

220 2077 408 2132 diaboli
437 2073 550 2147 (Id.
576 2089 656 2142 in,
685 2074 764 2148 8).
805 2074 923 2130 Non
965 2089 1094 2146 ergo
1125 2073 1470 2145 pertinebunt
1507 2071 1714 2144 parvuli
1752 2071 1819 2128 ad

225 2167 452 2237 gratiam
483 2163 925 2221 manifestutionis
941 2162 1059 2220 Filii
1085 2165 1196 2231 Dei,
1229 2163 1275 2220 si
1301 2179 1408 2219 non
1429 2165 1479 2218 in
1505 2163 1585 2220 eis
1611 2163 1780 2219 solvet
1797 2159 1820 2193 ‘

216 2273 381 2330 opera
415 2257 637 2312 diaboli.

289 2349 382 2404 45.
415 2348 536 2404 Jam
582 2363 723 2403 nunc
759 2346 980 2404 attende
1018 2347 1075 2402 in
1103 2347 1240 2402 hanc
1270 2362 1383 2402 rem
1410 2346 1558 2402 Pauli
1588 2347 1816 2417 apostoli

219 2441 550 2504 testimonia,
577 2449 723 2494 tanto
751 2441 932 2510 utique
965 2440 1138 2510 plura,
1167 2449 1369 2507 quanto
1395 2439 1574 2511 plures
1599 2439 1818 2509 Episto-

216 2533 293 2588 las
311 2533 551 2602 scripsit,
571 2540 625 2587 et
647 2544 849 2604 quanto
871 2531 1178 2603 diligentius
1203 2534 1411 2588 curarit
1437 2534 1818 2590 commendare

215 2632 440 2698 gratiam
467 2627 559 2680 Dei
580 2626 836 2681 adversus
864 2641 958 2680 eos
987 2626 1077 2696 qui
1103 2625 1125 2658 ⁵
1150 2626 1401 2696 operibus
1427 2625 1816 2698 gloriabantur,

213 2733 376 2792 atque
408 2722 718 2792 ignorantes
743 2719 834 2774 Dei
855 2719 1139 2789 justitiam,
1163 2728 1217 2774 et
1243 2733 1395 2775 suam
1417 2719 1658 2775 volentes
1687 2735 1820 2776 con-

213 2813 458 2876 stiluere,
480 2811 703 2881 justitia:
727 2810 820 2865 Dei
861 2826 967 2864 non
994 2820 1149 2864 erant
1171 2810 1398 2878 subjecti
1425 2809 1608 2885 (llam.
1634 2827 1688 2882 ξ,
1721 2812 1814 2886 ὅ).

211 2911 268 2965 in
295 2910 540 2982 Epistula
565 2907 629 2962 ad
661 2908 930 2962 Itonianos
959 2924 974 2960 :
1001 2905 1238 2974 Justitia,
1270 2905 1461 2976 inquit,
1495 2905 1590 2962 Dei
1625 2907 1678 2961 in
1706 2923 1816 2962 om-

211 3021 294 3058 nes
317 3003 408 3074 qui
426 3001 640 3056 credunt
672 3015 692 3056 :
737 3018 838 3056 non
877 3000 1010 3055 enim
1030 3009 1102 3055 est
1131 2999 1412 3054 distinctio.
1456 2998 1642 3054 Omnes
1681 3002 1816 3056 enim

214 3094 567 3165 peccauerunt,
596 3101 640 3148 et
676 3101 820 3164 egent
867 3092 1033 3163 gloria
1077 3089 1222 3146 Dei:
1251 3092 1524 3164 justi/icati
1543 3093 1704 3164 gratis
1725 3109 1818 3162 per

212 3185 427 3256 gratiam
457 3183 644 3253 ipsius,
673 3200 763 3253 per
803 3183 1196 3252 redemptionem
1243 3197 1358 3254 gnte
1391 3192 1464 3237 est
1518 3183 1573 3238 in
1614 3184 1816 3240 Christo

210 3277 332 3333 Jesu
351 3294 370 3333 .'
409 3293 564 3348 quem
595 3277 852 3348 proposuit
883 3275 1026 3331 Deus
1063 3277 1514 3348 propitiatorium‘
1546 3294 1637 3350 per
1659 3278 1816 3349 ﬁdem

210 3373 262 3426 in
289 3371 550 3442 sanguine
573 3369 753 3441 ipsius,
775 3369 845 3422 ad
859 3369 1195 3423 ostensioncm
1216 3369 1436 3441 justitia:
1468 3371 1581 3442 ejus
1608 3382 1816 3440 propter

208 3464 527 3535 propositum
539 3463 561 3489 "
578 3460 962 3534 prazcedentium
985 3472 1303 3532 peccatorum
1323 3462 1378 3515 in
1401 3460 1497 3515 Dei
1513 3463 1755 3532 patientia
1769 3466 1810 3525 ³,

206 3557 275 3609 ad
291 3555 662 3609 ostendendam
679 3553 934 3624 justitiam
963 3553 1123 3622 ipsius
1152 3553 1204 3606 in
1235 3553 1330 3607 hoc
1358 3565 1602 3623 tempore,
1649 3564 1704 3607 ut
1749 3556 1814 3609 sit

203 3650 368 3719 justus
395 3658 442 3701 et
477 3647 778 3718 justiﬁcans
807 3662 920 3699 eum
950 3646 1036 3716 qui
1061 3661 1124 3699 ea;
1159 3645 1263 3714 ﬁde
1301 3657 1372 3700 est
1413 3645 1539 3700 Jesu
1576 3645 1684 3712 (Id.
1735 3663 1811 3713 Ill,

204 3739 417 3802 Ξε-εω.
444 3739 582 3794 Item
605 3739 712 3793 alio
735 3739 854 3792 loco
880 3757 893 3790 :
925 3737 988 3792 Ei
1017 3739 1104 3807 qui
1129 3749 1384 3808 operatur,
1413 3740 1602 3808 inquit,
1628 3756 1814 3793 merces

205 3850 303 3886 non
338 3835 632 3903 imputatur
673 3832 947 3886 secundum
992 3832 1229 3901 gratiam,
1273 3829 1362 3886 sed
1399 3833 1671 3885 secundum
1717 3832 1782 3885 de

203 3923 381 3976 bitum.
434 3923 502 3978 Ei
531 3939 646 3976 vero
690 3923 774 3992 qui
807 3940 908 3976 non
947 3933 1216 3994 operatur,
1247 3922 1406 3976 credit
1427 3933 1594 3976 autent
1618 3925 1668 3976 in
1697 3939 1811 3976 eunt

201 4016 284 4084 qui
299 4017 562 4084 justi/ient
587 4014 828 4083 impium,
853 4014 1122 4082 deputatur
1150 4013 1276 4083 [ides
1303 4015 1412 4086 ejus
1445 4016 1514 4067 ad
1537 4016 1808 4086 justitiam.

202 4104 346 4162 Sicut
373 4117 423 4160 et
451 4105 626 4159 Dauid
649 4105 769 4159 dicit
801 4105 1158 4159 beatitudinem
1189 4107 1434 4171 hominis,
1458 4106 1542 4160 cui
1572 4104 1708 4160 Deus
1728 4122 1812 4160 ac-

202 4211 340 4268 cepto
364 4205 465 4270 fert
477 4199 742 4270 justitiam
765 4199 872 4252 sine
899 4199 1166 4269 operibus:
1183 4197 1325 4252 Beati
1349 4215 1563 4268 quorum
1588 4199 1814 4255 remissa!

201 4303 309 4346 sunt
326 4293 650 4363 iniquitates,
669 4301 714 4346 et
743 4307 953 4361 quorum
978 4300 1105 4345 tecta
1121 4301 1236 4344 sunt
1265 4303 1488 4362 peccata.
1521 4291 1708 4348 Beatus
1735 4293 1812 4348 vir

200 4386 276 4438 cui
303 4403 406 4440 non
430 4385 707 4455 imputauit
729 4382 974 4437 Dominus
994 4392 1274 4453 peccaturis.
1296 4383 1426 4436 Item
1459 4385 1614 4452 paulo
1640 4393 1759 4455 post
1789 4403 1804 4442 :

203 4475 318 4533 Non
361 4487 438 4535 est
459 4486 638 4533 autem
663 4477 928 4548 scriptum,
963 4476 1150 4548 inquit,
1184 4487 1391 4548 prapter
1418 4476 1566 4532 illum
1587 4488 1804 4545 tantum,

286 4743 305 4776 ί
354 4742 500 4801 (mod
559 4739 721 4794 maius
763 4745 865 4800 est,
911 4754 1027 4801 quon
1064 4739 1278 4789 habetur
1329 4739 1408 4789 hic
1468 4741 1517 4790 in
1555 4739 1806 4790 Gallicanis

197 4810 296 4853 uss.
354 4800 530 4854 Exstat.
569 4803 773 4863 quidem
816 4803 864 4850 iu
907 4800 1059 4852 latino
1109 4809 1249 4851 textu
1290 4803 1506 4863 Vulgata:
1547 4803 1800 4863 editionis,

203 4877 277 4916 Sen
295 4879 323 4917 ει
342 4863 717 4929 grmcoabest.
749 4863 916 4929 I'Iu_r__es
932 4877 994 4912 ex
1025 4864 1198 4929 iisdem
1223 4865 1560 4929 manuscriptis
1596 4874 1803 4928 printer-

196 4937 311 4978 eunt
335 4923 388 4978 Et
412 4927 562 4984 illud,
584 4923 1010 4990 quiritesti/icatns
1029 4933 1098 4990 est
1123 4927 1184 4975 de
1210 4924 1333 4990 tilio
1353 4923 1476 4974 suo.‘
1523 4923 1536 4938 '

254 4991 274 5022 ³
307 4997 444 5048 t.ov.,
476 4986 808 5038 testimonium
835 4986 959 5037 'Dei.
987 4989 1103 5036 tliuc
1128 5000 1246 5036 vero
1276 4987 1418 5037 abest
1443 4999 1557 5044 vos,
1587 4986 1687 5044 Dei,
1714 5000 1804 5036 no-

195 5053 305 5101 stris
334 5054 384 5103 in
422 5050 779 5124 manuscriptis
805 5056 857 5101 et
893 5050 945 5099 in
971 5050 1116 5100 editis
1136 5058 1237 5098 Am.
1279 5057 1332 5099 et
1370 5056 1465 5111 Εικ,
1499 5065 1597 5100 nee
1631 5058 1710 5100 est.
1751 5051 1804 5100 in

195 5124 350 5173 graeco
372 5122 521 5164 textu
546 5119 764 5161 Joannis.

437 5175 523 5224 hic
547 5174 708 5224 editio
729 5179 861 5236 hom,
900 5184 998 5224 non
1037 5171 1213 5224 credit.
1238 5179 1402 5223 Graece
1427 5179 1532 5234 est,
1559 5184 1622 5222 ou
1663 5170 1802 5238 pepi-

253 5250 452 5348 imo
484 5303 569 5347 Er.
588 5294 740 5360 Lugd.
767 5302 886 5360 (ea.
912 5302 1046 5355 ιον..
1071 5294 1254 5360 soleat,
1276 5301 1362 5360 LM.

249 5361 274 5392 ⁵
305 5362 387 5410 Hic
407 5362 460 5410 in
479 5357 690 5409 excusis
712 5357 844 5408 nulla
881 5361 1176 5409 necessitate
1198 5357 1428 5416 additum,
1453 5357 1532 5408 de.

253 5420 276 5453 '
306 5427 443 5481 ων..
467 5419 864 5486 prapitiatorent.
902 5421 1021 5471 Editi
1045 5419 1128 5486 alii
1150 5417 1753 5486 et__ilss.,_uropitiatarium
1779 5433 1799 5472 :

198 5491 247 5532 ut
265 5496 441 5534 omnes
461 5481 672 5533 rursum
707 5481 814 5531 lihri
837 5495 947 5531 cum
980 5489 1088 5531 Iov.
1117 5483 1166 5532 in
1189 5481 1315 5531 libro
1336 5481 1400 5530 de
1432 5481 1606 5544 Spiritu
1631 5491 1684 5532 et
1707 5484 1800 5533 Lit-

199 5551 296 5579 lm
343 5559 372 5579 η
419 5545 480 5579 οι
529 5553 706 5579 om
729 5552 819 5579 nu.
846 5542 1091 5579 “netis-inn

199 5551 314 5602 tera,
342 5559 394 5594 ιι.
419 5545 503 5596 Si.
529 5553 706 5594 Graec
729 5552 825 5602 est,
846 5543 1110 5594 ilastérion.
1464 5543 1474 5544 ’

204 5665 219 5677 _
252 5607 272 5640 "
305 5608 446 5667 aliti,
471 5613 685 5677 propter
708 5605 1050 5677 rennssionem.
1092 5605 1490 5677 Athmaniiseripti
1520 5613 1800 5677 constanter

199 5665 368 5734 lerunt,
386 5665 598 5734 propter
624 5665 920 5734 propositum
949 5681 969 5734 :_
991 5681 1086 5734 nec
1105 5667 1247 5734 aliter
1265 5666 1354 5728 ipsi
1381 5665 1496 5734 editi
1509 5665 1800 5734 locoquem

198 5741 317 5781 Iuste
336 5727 794 5794 ibdidvimﬁslihri
816 5729 880 5779 de
896 5731 1073 5794 Spiritu
1088 5737 1140 5781 et
1159 5727 1355 5780 littera.
1381 5728 1606 5779 Eandem
1630 5727 1802 5780 lectio-

201 5803 304 5862 ωειι
323 5795 556 5862 sequium
568 5791 953 5862 ,λαξξποεῖειειεέ-

253 5852 435 5918 ειη,
468 5852 781 5921 ραιὶαιιὶαπι.

3427 401 3526 460 εει

1935 507 2056 578 quia
2089 507 2384 578 deputatum
2407 518 2478 562 est
2513 508 2588 562 illi
2610 509 2648 573 ¹;
2685 511 2776 564 sed
2793 519 2839 564 et
2863 521 3069 582 propter
3095 530 3206 582 nos,
3233 517 3413 586 quibus
3440 519 3528 567 de.

1934 601 2189 672 putabitur
2203 600 2516 656 credentibus
2535 601 2586 656 in
2607 619 2720 656 eum
2741 605 2824 674 qui
2838 604 3065 658 excitauit
3080 605 3258 660 Jesum
3275 607 3529 664 Christum

1935 688 2210 744 Dominum
2235 702 2507 745 nostruma
2524 695 2751 759 mortuis,
2779 695 2864 766 qui
2891 696 3106 750 traditus
3123 711 3194 753 est
3217 714 3423 770 propter
3442 705 3524 756 tte-

1933 781 2054 835 licta
2076 791 2268 847 nostra,
2286 792 2332 836 et
2353 785 2624 839 resurrexit
2651 797 2856 855 propter
2866 788 3283 858 justi/irationem
3302 801 3525 848 nostram

1937 873 2192 946 (Romnv,
2207 876 2613 947 i-8,25-25).Et
2628 881 2782 949 patilo
2799 893 2914 950 post
2935 899 2948 936 :
2970 881 3030 937 Si
3043 884 3172 936 enim
3185 883 3436 950 Christus,
3457 885 3528 940 in-

1933 968 2068 1036 quit,
2087 983 2201 1020 cum
2223 967 2412 1036 inﬁrmi
2429 987 2647 1024 essemus
2663 971 2829 1026 adhuc
2840 973 2992 1043 juxta
3017 969 3336 1046 tentpus,'pro
3351 977 3524 1047 impiis
3583 1003 3589 1014 ι

1932 1070 2159 1112 mortuus
2188 1072 2258 1112 est
2282 1059 2300 1131 (
2325 1059 2410 1115 Id.
2445 1076 2496 1124 ν,
2520 1061 2600 1133 6).
2635 1047 2698 1116 Et
2719 1063 2842 1118 :tltbi
2872 1081 2886 1116 :
2926 1065 3150 1133 Scimus,
3186 1068 3376 1138 inquit,
3399 1070 3520 1139 quia

1931 1149 2014 1204 lex
2041 1151 2324 1219 spiritualis
2350 1164 2458 1218 est;
2487 1171 2578 1225 ego
2599 1165 2763 1208 autem
2783 1155 3004 1210 carnalis
3025 1173 3158 1219 sum,
3189 1159 3524 1214 venumdatus

1929 1243 2021 1296 sub
2055 1255 2279 1315 peccato.
2315 1246 2462 1311 Quod
2489 1248 2623 1300 enim
2649 1265 2828 1318 operor
2857 1249 3076 1320 ignoro:
3104 1269 3205 1306 non
3234 1255 3364 1307 enim
3389 1259 3526 1322 quod

1929 1333 2062 1399 uolo,
2088 1336 2182 1391 hoc
2205 1355 2302 1409 ago
2325 1355 2343 1401 ;
2367 1341 2458 1394 sed
2482 1341 2616 1410 quod
2643 1341 2748 1402 odi.
2777 1343 2908 1396 illud
2925 1345 3080 1415 facio.
3115 1345 3176 1400 Si
3203 1357 3368 1401 autem
3387 1349 3528 1418 quod

1929 1427 2048 1480 nolo
2076 1427 2171 1482 hoc
2199 1428 2352 1498 facio,
2375 1431 2630 1486 consentio
2659 1433 2775 1502 legi,
2829 1435 3068 1504 quoniam
3124 1437 3254 1491 bona
3293 1439 3334 1495 ³.
3367 1439 3524 1494 Nunc

1927 1530 2095 1574 autem
2119 1538 2218 1575 non
2230 1523 2345 1586 jam
2386 1539 2477 1594 ego
2505 1540 2686 1594 operor
2705 1525 2856 1592 illud,
2876 1527 2967 1580 sed
2995 1527 3050 1581 id
3067 1531 3202 1598 quod
3231 1529 3380 1585 inme
3424 1531 3524 1586 ha-

1928 1611 2051 1666 bitat
2075 1623 2352 1684 peccatum.
2383 1616 2505 1670 Scio
2529 1616 2660 1670 enim
2677 1619 2797 1688 quia
2818 1635 2918 1672 non
2933 1619 3124 1672 habitat
3150 1620 3200 1674 in
3221 1638 3316 1687 me,
3348 1623 3402 1675 id
3426 1634 3522 1687 est,

1926 1703 1980 1758 in
2008 1721 2159 1758 carne
2184 1721 2294 1758 mea
2321 1706 2505 1760 bouunt
2535 1722 2555 1760 :
2579 1724 2697 1760 nam
2723 1706 2883 1762 velle'
2911 1709 3109 1782 adjacet
3131 1711 3275 1778 mihi,
3309 1714 3526 1782 per/ire-

1923 1813 1982 1850 re
1999 1807 2168 1849 autent
2195 1797 2380 1850 bonum
2404 1815 2503 1851 non
2533 1799 2752 1852 invenio.
2785 1797 2908 1853 Non
2937 1801 3071 1855 enim
3097 1803 3232 1872 quod
3253 1803 3364 1858 uolo
3389 1805 3527 1876 [licio

1925 1887 2114 1943 bonum
2129 1905 2151 1953 ;
2175 1891 2268 1945 sed
2292 1891 2430 1960 quod
2459 1891 2577 1945 nolo
2605 1891 2816 1957 malum,
2846 1891 2942 1946 hoc
2965 1909 3084 1965 ago.
3104 1895 3166 1950 Si
3189 1906 3355 1952 autent
3389 1901 3526 1970 quod

1925 1982 2066 2046 nolo,
2098 1997 2190 2052 ego
2215 1981 2310 2035 hoc
2335 1981 2506 2054 facio;
2521 1984 2636 2053 jam
2655 1999 2757 2036 non
2781 1999 2872 2052 ego
2899 2000 3081 2055 aperor
3101 1985 3252 2053 illud,
3280 1987 3370 2041 sed
3389 1989 3530 2056 quod

1926 2073 2121 2127 habitat
2146 2075 2198 2128 in
2229 2091 2308 2128 me
2336 2061 2616 2146 peccaturis.
2649 2072 2858 2130 Invenio
2897 2077 3052 2146 igitur
3090 2077 3246 2149 legem
3277 2078 3402 2132 mihi
3438 2096 3528 2133 uo-

1927 2161 2050 2218 lenti
2079 2165 2247 2234 [acere
2274 2166 2478 2229 bonunt,
2505 2165 2743 2234 quoniam
2770 2166 2895 2220 mihi
2915 2169 3107 2220 malum
3144 2169 3366 2240 adjacct.
3391 2168 3525 2226 Con-

1923 2257 2144 2311 delector
2171 2257 2304 2312 enim
2325 2257 2422 2328 legi
2457 2257 2550 2312 Dei
2587 2259 2860 2312 secundum
2904 2259 3192 2314 interiorem
3221 2262 3474 2318 hominem
3505 2281 3525 2320 :

1924 2348 2068 2402 uideo
2095 2359 2264 2404 autem
2295 2349 2451 2404 aliam
2481 2350 2644 2422 legem
2673 2352 2724 2405 in
2777 2353 3010 2406 membris
3063 2354 3186 2407 meis
3231 2371 3521 2427 repugnan-

1923 2451 2022 2496 tem
2049 2443 2146 2513 legi
2166 2443 2346 2496 mcntis
2376 2458 2518 2506 mete,
2543 2455 2586 2496 et
2618 2444 2953 2513 captivantem
2981 2461 3059 2498 me
3083 2445 3136 2499 in
3169 2447 3278 2518 lege
3303 2450 3517 2516 peccati,

1921 2549 2037 2604 qua:
2055 2545 2126 2588 est
2163 2534 2214 2588 in
2238 2533 2470 2588 membris
2496 2535 2638 2588 meis.
2666 2535 2822 2589 Miser
2847 2553 2938 2606 ego
2967 2538 3140 2602 homo,
3165 2540 3276 2608 quis
3305 2557 3383 2594 nte
3403 2540 3526 2594 libe-

1920 2627 2052 2680 rabit
2079 2627 2144 2681 de
2180 2644 2390 2698 corpore
2432 2629 2608 2682 mortis
2634 2628 2832 2700 hujus?
2885 2627 3062 2683 Gratia
3093 2629 3187 2684 Dei
3209 2649 3299 2701 per
3343 2630 3524 2688 Iesum

1921 2717 2176 2774 Christum
2225 2718 2498 2772 Dominum
2523 2730 2748 2774 nostrum
2782 2717 2892 2790 (Id.
2947 2737 3038 2787 vn,
3090 2723 3302 2792 ἰαί-25).
3338 2723 3524 2779 Dicunt

1922 2811 2012 2881 qui
2045 2821 2269 2881 pOSstml.
2293 2812 2534 2866 homines
2558 2813 2702 2866 nasci
2731 2828 2838 2866 non
2867 2813 2916 2867 iu
2949 2828 3177 2884 Corpore
3201 2816 3386 2869 intortis
3417 2817 3520 2870 hn-

1915 2901 2024 2973 jus,
2057 2911 2112 2956 ut
2141 2903 2343 2972 possint
2371 2903 2534 2957 etiam
2559 2902 2756 2965 dicere.
2781 2920 2886 2957 non
2916 2905 2992 2958 eis
3017 2907 3374 2960 ιιοριεειεειι·ἰ;ιιῐι
3401 2923 3523 2977 gru-

1925 2995 2052 3049 tiam
2085 2995 2174 3048 Dei
2204 3009 2298 3064 per
2321 2993 2504 3049 JeSum
2539 2995 2828 3059 Christum,
2861 3012 2965 3066 qua
2997 2996 3287 3051 liberentur
3306 2999 3374 3054 de
3401 3015 3524 3054 cor-

1919 3102 2049 3157 pore
2076 3089 2262 3141 mortis
2293 3087 2468 3156 hujus.
2519 3087 2648 3142 item
2681 3089 2836 3157 paulo
2863 3097 2982 3157 [lost
3026 3107 3040 3144 :
3087 3089 3236 3157 Quod
3265 3093 3398 3145 enim
3424 3094 3523 3148 ins-

1921 3179 2159 3250 possibilc
2199 3189 2306 3232 erat
2338 3179 2462 3248 legis
2482 3176 2524 3244 ‘,
2553 3179 2602 3232 in
2629 3196 2728 3250 quo
2777 3180 3130 3248 inﬁrmabatur
3167 3199 3256 3254 per
3292 3199 3523 3251 carnem,

1920 3271 2060 3326 Deus
2097 3271 2286 3326 Filium
2335 3288 2480 3325 suum
2507 3272 2640 3326 misit
2668 3275 2719 3324 in
2747 3272 3080 3326 similitudine
3111 3275 3279 3328 carnis
3307 3278 3520 3346 peccati,

1919 3374 1966 3418 et
1987 3363 2050 3417 de
2080 3373 2284 3427 peccato
2313 3363 2570 3416 damnauit
2599 3372 2859 3431 peccatum
2885 3363 2936 3416 in
2958 3379 3110 3417 carne
3134 3362 3242 3430 (Id.
3282 3381 3395 3432 VIII,
3437 3367 3516 3434 5).

1921 3457 2107 3511 [licunt
2135 3457 2223 3526 qui
2254 3455 2472 3520 audent,
2503 3455 2803 3524 oportuisse
2830 3456 2973 3508 nasci
2995 3455 3263 3510 Christum
3287 3457 3339 3511 in
3363 3458 3518 3513 siuti-

1919 3548 2142 3602 litudine
2170 3548 2346 3602 curuis
2374 3546 2600 3617 peccati,
2631 3547 2732 3600 nisi
2762 3561 2858 3600 nos
2885 3547 3000 3602 nati
3017 3563 3258 3603 essemus
3277 3549 3328 3602 in
3355 3565 3522 3608 carne

1921 3641 2146 3711 pueruli.
2902 3705 2911 3716 _

1991 3735 2080 3788 Η.
2117 3735 2242 3786 item
2275 3732 2338 3786 ad
2372 3731 2678 3786 Corinthios
2710 3749 2722 3784 :
2761 3731 2974 3787 Tradidi
3003 3735 3136 3788 enint
3165 3733 3300 3790 vobis
3329 3735 3380 3790 in
3407 3739 3516 3810 pri~

1926 3825 2040 3883 iii-is.
2077 3824 2264 3893 inquit,
2299 3824 2434 3894 quod
2463 3834 2510 3876 et
2538 3823 2708 3891 accepi
2727 3865 2741 3886 ,
2775 3825 2895 3891 quia
2923 3820 3150 3879 Christus
3179 3837 3406 3883 ntortuus
3445 3845 3515 3884 est

1919 3935 2014 3987 pro
2040 3917 2256 3986 peccatis
2287 3916 2478 3969 nostris
2507 3917 2786 3970 secundum
2805 3917 3098 3985 Scripturas
3125 3917 3296 3992 (lCor.
3320 3938 3406 3987 xv,
3431 3923 3510 3996 5).

1919 4009 2047 4062 ltum
2095 4009 2160 4062 ται
2210 4009 2430 4062 eosdem
2479 4008 2788 4063 Corinthios
2839 4009 2890 4062 in
2941 4013 3173 4065 secunda
3224 4030 3237 4066 :
3280 4011 3520 4071 Charitas

1915 4102 2050 4157 enim
2077 4099 2265 4155 Christi
2309 4100 2567 4166 compellit
2611 4117 2738 4162 nos;
2777 4101 3070 4172 judicantcs
3109 4105 3224 4168 hoc,
3271 4111 3510 4178 quoniam

1916 4193 1962 4248 si
1989 4193 2010 4226 ⁸
2040 4209 2172 4246 unus
2201 4207 2294 4264 pro
2323 4192 2554 4246 omnibus
2584 4202 2813 4246 ntartnus
2841 4204 2913 4246 est
2934 4235 2950 4260 ,
2981 4211 3099 4264 ergo
3127 4213 3298 4251 omnes
3328 4203 3516 4254 mortui

1914 4296 2052 4344 sunt.
2104 4285 2170 4340 Et
2215 4302 2308 4356 pro
2355 4285 2588 4339 omnibus
2635 4296 2860 4339 mortuus
2904 4298 2977 4340 est
3019 4288 3269 4354 Christus,
3323 4302 3377 4345 ut
3425 4295 3518 4362 qui

1916 4381 2105 4446 uiuunt,
2129 4380 2243 4452 jam
2273 4395 2373 4432 non
2401 4377 2496 4432 sibi
2534 4377 2720 4441 t-ivant,
2747 4377 2838 4432 sed
2871 4377 2918 4432 ei
2959 4381 3046 4449 qui
3077 4398 3170 4452 pro
3213 4382 3338 4448 ipsis
3377 4402 3512 4439 mor-

1915 4486 2032 4530 tuus
2061 4485 2130 4528 est
2159 4483 2206 4528 et
2233 4471 2522 4526 resurrexit.
2555 4469 2738 4542 Itaque
2764 4488 2856 4526 nos
2881 4472 3066 4528 amodo
3097 4476 3344 4529 neminem
3371 4479 3512 4532 nori-

1913 4587 2028 4625 mus
2076 4567 2355 4622 secundnm
2402 4582 2606 4620 carnem
2645 4580 2665 4620 :
2708 4574 2756 4618 et
2800 4566 2845 4620 si
2891 4582 3187 4622 noveramus
3233 4571 3512 4624 secundum

1911 4679 2115 4718 carnem
2144 4659 2439 4726 Christum,
2468 4659 2558 4712 sed
2585 4674 2719 4711 nunc
2753 4659 2868 4730 jam
2897 4676 2998 4714 non
3028 4662 3276 4716 nouimus.
3313 4662 3376 4718 Si
3408 4681 3516 4735 qua

1911 4756 2067 4828 igitur
2095 4755 2146 4808 in
2173 4753 2376 4808 Christo
2403 4768 2531 4804 noun
2561 4761 2814 4817 creatura,
2844 4763 3007 4806 vetera
3037 4757 3372 4820 transierunt,
3399 4771 3513 4810 eccs

1911 4851 2050 4922 facta
2097 4855 2213 4900 sunt
2261 4844 2432 4898 omnia
2459 4843 2655 4898 “nova.
2715 4841 2900 4896 Omnia
2941 4853 3109 4897 autem
3157 4862 3218 4899 ex
3247 4844 3376 4913 Deo,
3423 4847 3514 4917 qui

1909 4937 2252 4994 reconciliavit
2279 4952 2372 4989 nos
2399 4934 2493 4988 sibi
2524 4951 2613 5002 per
2639 4932 2918 4997 Christum,
2947 4944 2994 4987 et
3017 4935 3153 4988 dedit
3183 4937 3328 4990 nobis
3353 4941 3506 4994 mitti-

1907 5033 2116 5089 sterium
2163 5027 2608 5083 reconciliationis.
2659 5025 3144 5094 Quenmdmodum?
3189 5029 3321 5096 Quia
3366 5030 3508 5088 Deus

1971 5169 1992 5204 ί
2024 5168 2106 5218 [tie
2121 5167 2168 5216 in
2182 5164 2326 5215 editis
2346 5163 2656 5235 striduntde
2669 5161 2932 5235 justitiam.
2943 5165 3088 5217 Abest
3100 5180 3134 5218 ε
3146 5169 3503 5235 Μαικία-ὴ.ιῆ

1907 5245 2098 5283 necnon
2122 5243 2148 5278 a
2173 5239 2336 5290 graeco
2350 5234 2500 5290 textu
2519 5225 2728 5290 Hostilii
2741 5261 2752 5273 .

1969 5296 1990 5360 8
2023 5288 2268 5360 Adjecfuxn
2293 5289 2453 5360 etiam.
2484 5288 2560 5360 hic
2594 5290 2826 5350 verbum,
2865 5294 2936 5340 est
2954 5302 2974 5352 ,'
2995 5289 3133 5354 quod
3161 5293 3211 5342 in
3233 5295 3498 5344 manuscri.

1905 5357 2003 5420 ptis
2027 5356 2150 5420 etin
2167 5364 2330 5420 graneo
2360 5356 2636 5420 reticetur...

1971 5419 1992 5451 ³
2026 5410 2294 5478 t-Lditiﬁinni
2317 5419 2489 5462 bonum
2512 5410 2646 5478 velle.
2664 5419 2762 5461 Non
2780 5413 3023 5478 repetitur
3045 5413 3278 5476 boclooo,
3303 5414 3500 5478 bonum,

1905 5479 1955 5530 in
1979 5476 2233 5537 manuscri;
2256 5477 2334 5533 tis,
2361 5487 2453 5537 nec
2472 5475 2605 5537 apud
2621 5482 2764 5537 Apost
2797 5474 2913 5523 lum.

1967 5543 1990 5574 δ
2023 5547 2072 5589 tu
2097 5534 2399 5608 etlitiiulmdi
2423 5549 2562 5608 iussu,
2587 5534 2700 5608 legi.
2731 5547 2782 5608 At
2807 5538 2852 5586 in
2879 5545 3006 5596 uss”
3030 5535 3196 5608 legis;
3211 5538 3352 5602 juxta
3376 5551 3507 5602 grte-

1903 5616 2014 5654 cum
2038 5611 2116 5652 tau
2137 5612 2310 5648 nomon
2354 5599 2428 5646 sic
2447 5599 2741 5662 Augustinus
2756 5601 2803 5647 in
2826 5612 3056 5662 sermone
3074 5599 3189 5650 “I52.

1968 5667 1990 5699 ⁵
2027 5663 2248 5723 Plerique
2271 5659 2582 5724 manuscripti
2599 5661 2848 5724 ontittuut,
2871 5659 2947 5720 si;
2962 5673 3088 5724 quis
3109 5660 3338 5724 particula
3353 5667 3510 5712 etiam

1904 5727 2032 5790 apud
2052 5719 2241 5790 (trajéos
2264 5737 2360 5771 non
2385 5722 2432 5770 in
2449 5719 2678 5790 o.i'_nihus
2691 5719 2942 5790 codicibus
2961 5719 3162 5784 legitur.

1969 5769 1998 5820 ἶ
2005 5769 2247 5846 “urbem
2266 5769 2374 5836 uss.
2403 5769 2499 5832 non
2522 5769 2937 5841 nossemus;
2960 5769 3061 5833 ste
3071 5769 3160 5833 is}
3170 5785 3217 5833 in
3228 5771 3399 5846 gruis
3417 5769 3510 5821 Βδ-

1905 5850 2022 5902 biiis
2039 5861 2134 5898 nec
2156 5848 2205 5896 in
2225 5845 2388 5897 latinis
2405 5846 2802 5896 Corbnicttsibus.
