4168 6532
591 440 713 499 935.

590 565 697 609 erat
719 555 771 608 in
801 551 1000 610 Christo
1027 551 1272 607 mundum
1300 551 1635 605 reconcilians
1661 552 1786 617 sibi,
1815 565 1913 604 non
1941 557 2183 619 reputans

591 645 695 701 illis
733 644 915 699 delicta
954 659 1162 709 eorum,
1192 651 1241 697 et
1271 658 1461 716 ponens
1505 642 1557 695 in
1588 644 1729 695 nobis
1777 640 1977 695 verbum
2008 655 2183 692 recon—

594 736 886 791 ciliationis.
922 734 1028 788 I’ro
1055 734 1252 789 Christo
1297 750 1414 801 erqo
1459 734 1708 805 legatione
1748 734 2036 804 fungimur,
2067 740 2181 784 tan-

593 846 745 893 quam
774 827 882 881 Deo
907 826 1204 881 exhortante
1231 842 1321 897 per
1356 842 1450 879 nos
1475 841 1492 879 :
1520 827 1838 879 obsecramus
1865 841 1956 895 pro
1984 822 2184 879 Cltristo

597 920 908 975 reconciliari
940 918 1069 972 Deo.
1104 917 1234 973 Eum
1265 919 1349 987 qui
1390 935 1491 972 non
1534 928 1736 972 noverat
1764 927 2058 989 peccatum,
2093 932 2185 987 pro

598 1014 738 1067 nobis
764 1023 1024 1084 peccatum
1051 1011 1189 1083 fecit,
1221 1020 1275 1064 ut
1310 1026 1398 1063 nos
1427 1010 1583 1063 simus
1603 1010 1809 1080 justitia
1840 1006 1933 1062 Dei
1958 994 2010 1062 in
2051 1009 2181 1077 ipso.

597 1104 935 1175 Cooperantes
971 1115 1139 1157 autem
1163 1112 1208 1156 et
1238 1118 1498 1173 rogamus,
1540 1118 1601 1156 ne
1640 1101 1693 1155 in
1733 1117 1940 1155 vacuum
1970 1101 2188 1172 gratiam

600 1197 692 1251 Dei
717 1197 1026 1266 suscipiatis.
1062 1195 1197 1249 Dicit
1221 1196 1352 1249 enim
1379 1210 1394 1248 :
1422 1193 1674 1264 Tempore
1698 1194 1993 1264 acceptabili
2028 1209 2189 1247 exau-

593 1290 696 1344 diui
724 1297 807 1357 te,
838 1299 885 1344 et
925 1290 980 1343 in
1009 1288 1091 1342 die
1125 1288 1304 1342 salutis
1332 1286 1507 1357 adjuui
1550 1296 1616 1339 te.
1651 1284 1783 1339 Ecce
1821 1301 1954 1338 nunc
1991 1293 2187 1354 tempus

590 1381 917 1452 acceptabile,
947 1398 1060 1435 ecce
1085 1397 1218 1437 nunc
1245 1381 1350 1434 dies
1377 1380 1559 1434 salutis
1594 1378 1671 1447 (II
1692 1378 1805 1432 Cor.
1827 1393 1882 1443 v,
1910 1378 2079 1443 Mm,
2102 1377 2183 1446 2).

594 1474 675 1529 Ad
707 1474 843 1528 hanc
874 1471 1362 1528 reconciliationem
1408 1481 1462 1525 et
1507 1470 1731 1524 salutem
1777 1468 1823 1523 si
1866 1484 1971 1522 non
2019 1466 2186 1536 perti-

598 1574 727 1619 nent
770 1562 1002 1634 parvuli,
1035 1563 1156 1633 quis
1184 1577 1277 1618 eos
1307 1561 1496 1631 quierit
1526 1560 1542 1592 ¹
1573 1560 1638 1614 ad
1670 1558 1996 1629 Buptismum
2028 1559 2186 1613 Chri-

598 1656 719 1711 sti?
777 1653 831 1710 Si
879 1662 1058 1710 autem
1111 1654 1409 1724 pertinent,
1463 1652 1602 1707 inter
1656 1651 1899 1706 homines
1949 1658 2187 1705 mortuus

600 1756 725 1801 sunt
744 1747 788 1810 ’,
817 1760 914 1818 pro
943 1745 1134 1816 quibus
1163 1745 1248 1798 ille
1275 1754 1513 1798 mortuus
1537 1752 1654 1810 est;
1687 1757 1787 1797 nec
1812 1742 1881 1796 ab
1904 1757 1969 1796 eo
1995 1756 2187 1797 recon-

594 1837 763 1892 ciliari
808 1848 860 1891 et
903 1835 1094 1891 salvari
1140 1843 1381 1906 possunt,
1417 1834 1517 1889 nisi
1561 1834 1783 1888 dimissa
1830 1848 1939 1889 non
1979 1840 2188 1904 reputet

596 1928 791 1982 delicta
823 1944 1029 1982 eorum.

666 2022 753 2077 45.
792 2020 919 2076 Item
947 2020 1012 2075 ad
1037 2020 1252 2077 Galatas
1282 2037 1295 2074 :
1329 2018 1506 2074 Gratia
1533 2018 1668 2073 vobis
1696 2028 1743 2071 et
1776 2033 1879 2087 pax
1904 2032 1935 2069 a
1956 2015 2064 2070 Deo
2081 2013 2187 2069 Pa-

596 2123 689 2178 tre,
717 2123 765 2166 et
788 2112 1005 2166 Domino
1033 2110 1161 2166 Iesu
1185 2110 1385 2167 Christo
1402 2152 1417 2177 ,
1442 2111 1529 2182 qui
1567 2109 1703 2163 dedit
1746 2109 2064 2179 semetipsum
2093 2125 2185 2179 pro

596 2205 814 2273 peccatis
857 2204 1075 2268 nostris,
1112 2213 1165 2255 ut
1207 2203 1441 2257 eximeret
1489 2217 1579 2255 nos
1621 2200 1683 2255 de
1727 2201 1957 2270 praesenti
1999 2198 2186 2255 sarculo

596 2294 821 2365 maligno
850 2292 1046 2364 (Calat.
1081 2308 1118 2353 ι.
1149 2292 1203 2358 3,
1231 2292 1309 2363 4).
1345 2291 1409 2345 Ει
1434 2292 1540 2345 alio
1571 2291 1687 2345 loco
1718 2307 1731 2343 :
1761 2288 1868 2344 Lex
1907 2298 2189 2360 transgres-

595 2387 751 2439 sionis
790 2384 954 2457 gratia
1002 2384 1261 2455 praposita
1291 2393 1362 2437 est
1391 2382 1434 2449 ³,
1470 2384 1627 2436 donec
1670 2382 1854 2436 ueniret
1899 2398 2065 2437 semen
2105 2383 2186 2436 cui

593 2478 904 2544 promissum
934 2486 1026 2536 est.
1057 2475 1361 2543 dispositum
1390 2490 1479 2545 per
1502 2472 1717 2544 Angelos
1746 2473 1798 2526 in
1824 2488 1977 2526 manu
2002 2472 2187 2526 media-

603 2579 745 2621 torts.
779 2564 1033 2620 Mediator
1057 2576 1225 2618 autem
1269 2558 1419 2618 unius
1460 2581 1560 2617 non
1597 2574 1669 2617 est
1693 2578 1711 2617 :
1738 2561 1876 2618 Deus
1916 2578 2030 2617 uero
2056 2579 2186 2616 unus

590 2668 692 2712 est.
726 2657 834 2713 Lex
862 2674 980 2729 ergo
1013 2659 1252 2712 adversus
1297 2656 1545 2728 promissa
1575 2654 1710 2710 Dei?
1745 2655 1907 2711 Absit.
1953 2656 2015 2712 Si
2051 2657 2186 2711 enim

594 2748 720 2802 data
763 2758 890 2803 esset
933 2747 1033 2813 lex,
1073 2763 1187 2818 qua:
1229 2757 1393 2819 posset
1438 2747 1709 2816 rivi/icore,
1756 2748 1961 2801 omnino
1989 2764 2051 2802 ex
2079 2749 2186 2821 lege

600 2848 727 2893 esset
744 2838 967 2911 justitia.
1000 2836 1107 2893 Sed
1135 2838 1381 2891 conclusit
1414 2837 1683 2908 Scriptura
1725 2840 1895 2893 omnia
1936 2840 2030 2894 sub
2070 2855 2188 2909 peo-

593 2940 740 2996 cato,
768 2939 822 2984 ut
859 2929 1122 2999 promissio
1150 2945 1214 2983 ex
1252 2929 1353 2999 ﬁde
1379 2926 1505 2983 Iesu
1532 2928 1721 2983 Christi
1747 2930 1953 2984 daretur
1980 2930 2186 2986 creden-

594 3021 730 3076 tibus
760 3019 874 3092 (Id.
907 3037 983 3084 Ill,
1019 3019 1235 3092 19-22).

666 3114 755 3170 46.
789 3112 869 3167 At!
900 3112 1162 3183 Ephesius
1190 3112 1350 3168 etiam
1384 3132 1395 3166 :
1428 3110 1496 3166 Et
1525 3128 1611 3168 vos
1646 3129 1761 3167 cum
1798 3113 1969 3167 essetis
1999 3112 2186 3167 mortui

596 3206 791 3261 delictis
820 3215 864 3259 et
894 3205 1112 3275 peccatis
1137 3205 1416 3286 vestrisnin
1446 3203 1625 3274 quibus
1654 3204 1929 3274 aliquando
1956 3203 2188 3257 ambula-

600 3303 689 3353 stis
729 3299 1006 3353 secundum
1040 3298 1283 3353 saeculum
1319 3296 1496 3351 mundi
1532 3297 1704 3367 hujus,
1734 3296 2008 3351 secundant
2039 3298 2185 3368 prin-

597 3390 755 3460 cipem
787 3390 1047 3461 potestatis
1073 3390 1206 3444 aeris
1227 3430 1241 3453 ,
1274 3389 1483 3459 spiritus
1522 3390 1632 3459 ejus
1671 3389 1755 3459 qui
1784 3405 1918 3442 nunc
1946 3398 2187 3460 operatur

601 3484 653 3536 in
681 3482 801 3552 filiis
827 3481 1150 3553 diffidentiae,
1189 3482 1241 3535 in
1283 3482 1459 3552 quibus
1487 3492 1534 3534 et
1573 3497 1664 3535 nos
1702 3498 1873 3535 omnes
1907 3481 2185 3552 aliquando

598 3575 874 3629 corruet-sati
912 3591 1083 3627 sumus
1119 3575 1172 3628 in
1214 3574 1477 3629 desideriis
1518 3574 1687 3629 carnis
1725 3585 1911 3629 nostra:
1946 3575 2187 3645 facientes

605 3664 914 3719 uoluntatem
939 3664 1128 3730 carnis,
1158 3673 1207 3718 et
1232 3662 1574 3731 aﬂectienum,
1597 3673 1644 3717 et
1664 3681 1863 3719 eramus
1889 3664 2189 3718 naturaliter
2216 3721 2223 3724 ,

601 3758 698 3820 filii
738 3760 850 3821 irte,
890 3756 1020 3811 sicut
1059 3768 1105 3810 et
1144 3757 1333 3810 cwteii.
1364 3755 1503 3810 Deus
1529 3766 1699 3810 autem
1738 3758 1825 3827 qui
1855 3758 1989 3810 dives
2030 3768 2102 3811 est
2135 3758 2189 3811 in

535 3902 541 3907 .
603 3850 971 3913 misericordia,
1016 3859 1224 3920 propter
1257 3849 1470 3903 multam
1509 3848 1826 3903 dilectionem
1867 3865 1966 3918 qua
2013 3848 2189 3903 dilexit

605 3959 715 4006 nos,
749 3953 793 3996 et
823 3958 936 3995 cum
963 3958 1178 3995 essemus
1206 3941 1391 3994 mortui
1420 3940 1663 4010 peccatis,
1694 3940 2059 4008 convitiﬁcavit
2099 3954 2190 3994 nos

606 4030 807 4086 Christo
829 4074 843 4097 ,
873 4033 1018 4104 cujus
1045 4033 1208 4103 gratia
1236 4048 1409 4085 sumus
1438 4031 1566 4085 salvi
1589 4031 1734 4100 facti.
1764 4031 1826 4085 Ει
1853 4030 2009 4101 paulo
2037 4040 2187 4101 post:

607 4124 804 4189 Gratia,
838 4126 1027 4193 inquit,
1066 4124 1194 4179 salvi
1233 4125 1357 4195 facti
1396 4124 1513 4179 estis
1540 4140 1631 4196 per
1670 4123 1821 4193 ﬁdem
1842 4139 1861 4187 ;
1900 4125 2065 4177 ethoc
2091 4140 2192 4177 non

608 4234 676 4273 ex
697 4217 851 4283 vobis,
880 4218 968 4270 sed
994 4216 1083 4271 Dei
1117 4216 1309 4270 donum
1334 4227 1405 4272 est
1433 4233 1450 4270 :
1477 4234 1576 4270 non
1602 4232 1665 4272 ex
1698 4218 1949 4286 operibus,
1974 4234 2036 4271 ne
2063 4217 2194 4288 forte

614 4310 724 4376 quis
748 4309 1040 4363 extollatur.
1073 4305 1243 4380 Ipsius
1266 4309 1397 4361 enini
1425 4325 1598 4363 sumus
1623 4308 1937 4379 figmentum,
1963 4310 2118 4362 creati
2141 4309 2194 4365 in

610 4398 812 4457 Christo
840 4398 964 4453 Iesu
1007 4400 1058 4452 in
1099 4399 1331 4468 operibus
1359 4398 1523 4465 battis,
1567 4414 1682 4468 qua:
1726 4399 2027 4470 pra'pararit
2055 4396 2194 4454 Deus

612 4502 666 4545 ut
695 4494 746 4545 in
785 4491 887 4545 illis
915 4490 1246 4544 ambulemus.
1279 4490 1345 4544 Et
1388 4490 1547 4559 paulo
1580 4497 1737 4559 post:
1772 4490 1869 4555 Qui
1894 4489 2083 4555 eratis,
2117 4490 2197 4544 itt-

610 4584 754 4655 quit,
805 4584 894 4638 illo
937 4593 1160 4652 tempore
1202 4582 1309 4637 sine
1350 4580 1582 4647 Christo,
1629 4581 1837 4635 alienati
1878 4598 1911 4635 α
1960 4582 2196 4637 societate

612 4675 796 4740 lsi-uel,
819 4686 865 4731 et
888 4675 1135 4747 peregrini
1164 4684 1571 4728 testamentorum
1593 4681 1638 4727 et
1660 4673 2029 4743 promissionis,
2056 4691 2195 4744 spem

606 4784 709 4823 non
742 4769 1009 4831 habentes,
1041 4775 1087 4820 et
1118 4765 1226 4819 sine
1254 4763 1362 4819 Deo
1390 4765 1443 4818 in
1474 4763 1569 4817 hoc
1607 4764 1796 4816 mundo
1821 4780 1839 4818 :
1868 4780 2002 4818 nunc
2028 4774 2196 4818 autem

610 4864 666 4916 in
686 4860 885 4917 Christo
908 4860 1062 4925 Iesu,
1093 4860 1179 4932 qui
1203 4857 1479 4929 aliquando
1516 4856 1669 4911 eratis
1699 4857 1863 4928 longe,
1890 4858 2012 4929 facti
2034 4856 2053 4888 ⁸
2080 4858 2197 4913 estis

610 4971 768 5025 prope
808 4954 861 5007 in
905 4952 1153 5023 sanguine
1179 4950 1388 5005 Christi.
1434 4945 1559 5018 Ipse
1580 4957 1652 5003 est
1688 4950 1821 5003 enim
1860 4966 1964 5020 pax
2004 4959 2195 5015 nostra,

605 5049 695 5120 qui
729 5048 846 5119 fecit
876 5033 1089 5116 utraque
1125 5060 1304 5107 unum,
1346 5050 1394 5096 et
1432 5041 1653 5094 medium
1692 5042 1931 5112 parietem
1968 5042 2201 5097 maceria:

606 5143 807 5198 solvens
851 5137 1166 5203 inimicitias,
1212 5138 1265 5190 in
1310 5152 1466 5190 carne
1507 5152 1603 5188 sua
1645 5136 1803 5206 legem
1847 5135 2200 5190 mandatorum

614 5233 826 5289 decretis
874 5246 1121 5285 cvacuans
1146 5270 1162 5297 ,
1205 5236 1260 5282 ut
1309 5228 1437 5281 duos
1481 5227 1713 5282 conderet
1756 5228 1809 5282 in
1851 5244 1905 5282 se
1947 5228 2001 5281 in
2044 5244 2200 5282 unum

611 5340 794 5380 novum
831 5320 1105 5384 hominem,
1149 5318 1340 5390 faciens
1373 5335 1545 5387 pacem
1564 5359 1578 5385 ,
1611 5327 1655 5372 et
1684 5328 2010 5374 contmutaret
2038 5329 2201 5375 utras-

613 5434 707 5488 que
734 5416 787 5471 in
828 5430 929 5468 uno
952 5428 1166 5479 corpore
1187 5410 1295 5467 Deo
1313 5454 1328 5477 ,
1356 5427 1446 5483 per
1472 5427 1670 5466 crucem
1696 5411 2003 5480 interﬁciens
2027 5411 2203 5466 inimi-

614 5509 762 5563 citias
804 5507 858 5561 in
906 5504 1193 5571 semetipso.
1250 5501 1317 5557 Et
1370 5502 1570 5557 veniens
1625 5502 1980 5575 erangelisaoit
2028 5518 2204 5573 pacem

681 5642 704 5710 ξ
732 5648 834 5693 Duo
850 5635 1123 5710 Itssqquid
1144 5650 1224 5689 eos
1239 5635 1431 5710 quierit.

684 5704 706 5737 ⁸
736 5713 836 5753 Αιιι.
860 5709 935 5752 Er.
956 5706 1009 5751 et
1030 5707 1159 5760 Μαίη
1183 5704 1358 5751 mortui
1378 5704 1506 5750 sunt.

681 5765 704 5798 ³
734 5767 807 5826 sic
838 5772 943 5826 Mss.
983 5763 1100 5814 Editi
1124 5758 1274 5826 vero,
1295 5759 1451 5826 posita
1471 5765 1557 5826 est.
1595 5758 1802 5826 Etinfra
1820 5795 1835 5822 ,
1860 5759 2092 5826 disposita
2120 5774 2207 5826 per

622 5825 834 5899 mm-
857 5825 975 5899 fide
996 5822 1597 5899 βκιμοείιξοιξεέηὶέφὲςιοιαξ
1619 5824 1677 5873 δά
1696 5822 1896 5899 Gala!“-
1939 5822 1947 5826 ’
1973 5886 1987 5899 .
2027 5888 2055 5899 ,.

680 5886 710 5923 τ
735 5897 785 5939 tn
808 5889 970 5949 editis,
987 5886 1102 5950 facti
1125 5892 1297 5937 autem.
1326 5886 1490 5946 Abest,
1515 5893 1688 5946 autem,
1707 5897 1734 5936 a
1754 5886 2103 5951 manusuiptis.

1230 436 1318 493 DE
1359 432 1812 493 I’ECCATORUM
1854 429 2128 487 MERlTlS
2158 428 2254 485 ἘΤ
2296 422 2721 496 Βεδηδδιοκε.
2763 432 2821 487 S.
2864 429 3231 489 AUGUSTI?"

3787 438 3895 496 iss

2294 547 2429 602 vobis
2457 548 2544 618 qui
2564 551 2713 603 eratis
2736 550 2904 621 longe,
2934 562 2979 604 et
3008 567 3181 620 pacem
3210 550 3287 606 his
3313 552 3397 621 qui
3425 568 3604 622 prope,
3641 555 3762 624 quia
3790 574 3889 623 per

2291 638 2456 706 ipsum
2490 638 2726 693 habemus
2760 657 3015 694 accessum
3051 641 3197 695 ambo
3228 643 3279 696 in
3317 659 3420 697 uno
3458 643 3642 716 spiritu
3678 646 3749 699 ad
3777 644 3887 701 Ριι-

2291 737 2413 780 trem
2440 726 2655 800 (Ep/tes.
2685 745 2724 784 ιι
2746 771 2761 795 ,
2793 730 2976 802 1-18).
3025 730 3155 787 Item
3200 732 3322 788 alibi
3355 751 3367 785 :
3403 734 3553 788 Sicut
3591 738 3774 791 veritas
3807 752 3886 792 est

2292 819 2343 873 in
2359 816 2506 885 Iesu,
2532 821 2783 892 deponere
2811 838 2895 877 vos
2916 824 3187 879 secundum
3210 826 3428 895 priorem
3454 829 3888 883 conuersationem

2294 920 2504 966 veterem
2531 913 2807 980 hominem,
2836 931 2948 969 eum
2973 915 3059 985 qui
3090 917 3432 985 corrumpitur
3453 918 3726 971 secundum
3754 936 3888 973 con-

2290 1003 2627 1073 cupiscentias
2682 1006 3013 1075 deceptionis.
3077 1007 3410 1062 Renovamini
3470 1022 3638 1063 autem
3696 1011 3890 1082 spiritu

2292 1097 2469 1149 mentis
2508 1107 2715 1164 vestrae,
2754 1108 2800 1153 et
2836 1097 3031 1153 induite
3067 1115 3249 1153 novum
3302 1100 3591 1168 hominem,
3633 1118 3747 1156 eum
3797 1106 3892 1176 qui

2292 1186 2567 1240 secundum
2615 1186 2777 1243 Deum
2817 1200 3015 1244 creatus
3052 1200 3127 1245 est
3171 1192 3225 1245 in
3266 1192 3470 1263 justitia
3515 1202 3563 1246 et
3610 1196 3903 1267 sanctitate

2292 1279 2534 1333 veritatis.
2581 1280 2646 1334 Et
2686 1281 2813 1336 alibi
2854 1300 2867 1335 :
2903 1280 3077 1338 Nolite
3119 1284 3417 1338 contristare
3464 1283 3717 1355 Spiritum
3759 1304 3885 1341 san-

2290 1379 2424 1423 ctum
2456 1369 2569 1434 Dei,
2618 1374 2671 1424 in
2719 1388 2818 1442 quo
2867 1372 3054 1445 signati
3093 1375 3209 1428 estis
3251 1376 3304 1429 in
3342 1375 3476 1429 diem
3517 1377 3889 1448 redemptionis

2293 1458 2402 1534 (td.
2434 1477 2507 1529 ιν,
2538 1460 2731 1529 ἓι-ει,
2758 1464 2869 1534 δο).

2361 1555 2452 1609 47.
2488 1556 2565 1610 Ad
2612 1553 2958 1612 Colosscnscs
3005 1557 3167 1613 etiam
3214 1558 3284 1612 ita
3336 1557 3571 1630 loquitur
3615 1577 3628 1614 :
3676 1557 3886 1615 Gratias

2291 1655 2494 1716 agentes
2518 1644 2662 1700 Patri
2689 1646 2898 1702 idoneos
2925 1647 3128 1719 facienti
3158 1666 3248 1705 nos
3280 1650 3332 1704 in
3359 1661 3555 1719 partem
3582 1652 3731 1706 sortis
3758 1669 3882 1706 sau-

2289 1744 2487 1790 ctorum
2514 1735 2566 1789 in
2593 1736 2782 1791 lumine
2800 1780 2814 1803 ,
2843 1738 2929 1804 qui
2957 1739 3138 1808 eripuit
3166 1756 3257 1794 nos
3282 1741 3344 1795 de
3379 1751 3625 1813 potestate
3650 1743 3881 1798 tenebrao

2291 1844 2404 1882 runt
2450 1837 2496 1883 et
2540 1831 2796 1885 transtulit
2842 1832 2895 1887 in
2937 1849 3146 1905 regnum
3175 1830 3303 1888 Filii
3345 1834 3637 1890 charitatisr
3651 1853 3777 1904 suae,
3829 1837 3885 1891 ir.

2289 1935 2387 1989 quo
2435 1919 2677 1975 habemus
2721 1923 3112 1993 redemptionem
3140 1924 3191 1978 in
3219 1925 3513 1979 remissione
3558 1938 3881 2003 peccatorum

2292 2008 2509 2078 (Coloss.
2541 2027 2593 2073 ι,
2628 2011 2839 2081 12-”).
2874 2013 2941 2069 Et
2981 2014 3086 2070 alio
3130 2014 3245 2070 loco
3275 2032 3288 2068 :
3320 2013 3383 2069 Et
3410 2017 3556 2083 estis,
3592 2017 3761 2088 inquit
3783 2059 3798 2082 ,
3829 2022 3884 2074 in

2290 2100 2380 2155 illo
2406 2103 2605 2172 repleti,
2636 2104 2724 2174 qui
2758 2116 2829 2158 est
2865 2117 3018 2174 caput
3044 2108 3205 2161 omnis
3231 2108 3545 2179 principatus
3574 2120 3619 2165 et
3658 2120 3886 2181 potesta-

2290 2192 2355 2245 tis
2380 2209 2399 2246 :
2429 2193 2481 2246 in
2518 2209 2618 2264 quo
2656 2196 2811 2248 etiam
2856 2197 3139 2252 circumcisi
3186 2200 3303 2253 estis
3355 2199 3736 2255 circumcisione
3777 2218 3885 2257 non

2292 2290 2606 2351 manufacta,
2636 2285 2691 2341 in
2717 2288 3083 2358 exspoliatione
3110 2290 3337 2360 corporis
3364 2291 3552 2358 carnis,
3585 2293 3637 2345 in
3665 2293 3887 2348 ctinns-

2290 2374 2480 2429 cisione
2508 2373 2734 2443 Christi,
2766 2378 3049 2448 consepulti
3095 2382 3141 2434 ei
3180 2386 3233 2434 in
3267 2380 3549 2450 Baptismo,
3597 2385 3651 2437 in
3688 2402 3789 2457 quo
3834 2397 3887 2440 et

2289 2467 2677 2522 consurrexistis
2706 2484 2795 2539 per
2824 2469 2979 2539 ﬁdem
3007 2472 3315 2542 operationis
3344 2471 3473 2539 Dei,
3501 2475 3588 2545 qui
3620 2477 3886 2531 suscitavit

2290 2555 2433 2609 illum
2460 2573 2491 2609 a
2517 2557 2745 2613 mortuis.
2783 2557 2849 2612 Et
2876 2576 2991 2624 vos,
3023 2577 3139 2614 cum
3174 2563 3347 2618 essetis
3382 2565 3568 2617 mortui
3596 2564 3793 2620 delictis
3829 2579 3887 2621 et

2291 2647 2541 2717 prwptttio
2579 2650 2747 2703 carnis
2793 2661 3001 2717 vestrm,
3031 2653 3393 2723 convivi/icavit
3438 2672 3552 2708 cum
3597 2655 3688 2710 illo
3717 2658 3755 2722 ¹,
3788 2659 3885 2713 do-

2292 2756 2422 2795 nans
2468 2742 2611 2796 nobis
2658 2745 2828 2799 omnia
2876 2744 3078 2813 delicta,
3110 2746 3282 2802 delens
3324 2748 3461 2817 quod
3502 2750 3743 2804 adversus
3786 2768 3883 2806 nos

2294 2841 2404 2886 erat
2428 2832 2825 2905 chirographum
2844 2836 3049 2902 decreti,
3081 2839 3217 2907 quod
3244 2848 3349 2893 erat
3378 2842 3686 2895 contrarium
3713 2844 3879 2912 nobis,

2292 2920 2475 2979 tollens
2502 2923 2633 2978 illud
2656 2925 2720 2979 de
2745 2928 2941 2993 medio,
2974 2939 3021 2982 et
3063 2928 3269 3001 aﬂigens
3311 2931 3441 2985 illud
3484 2933 3645 2996 cruci,
3691 2951 3882 2990 exuens

2289 3028 2345 3071 se
2370 3031 2594 3084 carnem,
2625 3020 2935 3090 principatus
2965 3031 3012 3075 et
3037 3032 3305 3093 potestates
3332 3026 3631 3093 exemplarit
3661 3026 3880 3095 fiducia-

2292 3106 2406 3161 liter
2445 3109 2763 3181 triumphans
2788 3128 2873 3165 eos
2913 3112 2965 3166 in
2993 3115 3258 3184 semetipso
3286 3116 3397 3185 (Id.
3426 3132 3483 3183 ιι,
3520 3117 3735 3188 10-15).

2362 3197 2451 3255 48.
2494 3199 2561 3255 Et
2606 3202 2671 3255 ad
2714 3200 3054 3259 'l'imotheum
3094 3221 3108 3260 :
3138 3202 3411 3261 Humanus
3434 3248 3449 3273 ,
3484 3209 3686 3279 inquit,
3715 3227 3880 3265 sermo

2290 3297 2339 3344 et
2363 3292 2501 3345 omni
2525 3294 2816 3356 acceptione
2839 3295 3023 3367 dignus
3044 3338 3058 3363 ,
3085 3296 3203 3367 quia
3228 3295 3460 3352 Christus
3481 3298 3634 3354 Iesus
3666 3300 3797 3369 venit
3826 3302 3880 3356 in

2292 3382 2537 3435 mundum
2567 3395 2851 3454 peccatores
2875 3385 3041 3441 salvos
3086 3390 3283 3459 facere,
3320 3405 3534 3461 quorum
3562 3391 3759 3462 primus
3786 3407 3879 3464 ego

2291 3490 2423 3528 sum.
2454 3474 2562 3530 Sed
2588 3476 2701 3530 ideo
2728 3478 3125 3533 misericordiam
3150 3493 3446 3537 consecutus
3476 3500 3610 3547 sum,
3639 3494 3694 3537 ut
3723 3485 3774 3538 in
3801 3501 3883 3540 me

2292 3564 2572 3619 ostenderet
2593 3568 2756 3636 primo
2773 3566 2865 3623 Clu
2879 3569 3002 3624 istus
3020 3568 3171 3625 Iesus
3199 3588 3395 3626 omnent
3421 3572 3878 3645 longanintitatem,

2292 3656 2360 3708 ad
2384 3655 2793 3726 informationem
2822 3676 2999 3715 eorum
3023 3663 3111 3731 qui
3139 3664 3379 3718 credituri
3403 3677 3520 3720 sunt
3545 3667 3622 3721 illi
3647 3669 3699 3722 in
3726 3671 3883 3725 vitam

2291 3754 2531 3802 wternam
2561 3747 2616 3820 (Ι
2648 3748 2780 3803 Tim.
2809 3766 2860 3816 ι,
2891 3753 2959 3808 15
2979 3794 2995 3819 ,
3030 3753 3153 3825 16).
3204 3754 3334 3811 Item
3365 3756 3493 3811 dicit
3525 3776 3539 3812 :
3575 3756 3720 3815 Unus
3749 3762 3882 3816 enim

2299 3835 2457 3904 Deus,
2490 3854 2618 3893 unus
2642 3848 2688 3893 et
2718 3842 2964 3896 mediazor
2992 3842 3090 3897 Dei
3112 3854 3159 3898 et
3189 3845 3450 3901 hominum
3478 3848 3625 3903 homo
3651 3848 3884 3907 Christus

2294 3931 2465 4000 Iesus,
2493 3934 2578 4003 qui
2602 3934 2740 3989 dedit
2762 3939 3088 4008 semetipsum
3116 3939 3509 4011 redemptionem
3537 3959 3629 4012 pro
3649 3945 3885 4001 omnibus

2301 4023 2411 4096 (id.
2440 4041 2498 4092 ιι,
2529 4026 2582 4090 5,
2615 4027 2694 4097 6).
2730 4027 2784 4082 In
2835 4029 3068 4085 secunda
3115 4031 3275 4086 etiam
3323 4031 3389 4088 ad
3429 4033 3677 4089 ettmdem
3708 4052 3723 4089 :
3752 4034 3885 4090 Noli

2295 4132 2436 4187 ergo,
2484 4118 2672 4188 inquit,
2722 4120 3009 4176 erubescere
3057 4123 3397 4178 testimonium
3440 4122 3653 4179 Domini
3697 4125 3883 4195 nastri,

2298 4225 2455 4280 neque
2484 4227 2562 4264 me
2590 4213 2810 4266 vinctum
2836 4214 2944 4278 eius
2973 4229 2992 4269 :
3018 4214 3107 4268 sed
3132 4215 3386 4269 collabora
3409 4214 3689 4288 Evangelia
3715 4235 3886 4272 secius-

2297 4300 2420 4354 dnm
2448 4302 2679 4356 virtutem
2700 4301 2792 4356 Dei
2820 4305 2985 4358 saloos
3014 4320 3105 4357 nos
3133 4306 3384 4376 facientis,
3412 4314 3460 4360 et
3485 4308 3709 4360 vocantis
3737 4322 3888 4360 vocuo

2299 4390 2433 4446 tione
2476 4408 2572 4446 sua
2614 4404 2837 4458 sancta;
2875 4411 2975 4449 non
3023 4395 3298 4450 secundum
3343 4413 3497 4475 Opera
3524 4394 3716 4451 ‘nostra
3741 4441 3755 4462 ,
3796 4400 3886 4454 sed

2298 4483 2574 4537 secundum
2616 4501 2767 4539 suum
2798 4487 3114 4556 propositum
3140 4496 3185 4542 et
3222 4488 3472 4559 gratiam,
3512 4502 3625 4558 qua
3652 4488 3774 4543 data
3812 4502 3885 4545 est

2300 4575 2444 4630 nobis
2480 4577 2533 4629 in
2563 4574 2763 4631 Christo
2795 4576 2921 4632 Iesu
2950 4590 3068 4634 ante
3106 4581 3293 4634 sarcula
3321 4592 3530 4647 teterna,
3565 4583 3886 4655 manifestata

2299 4675 2470 4727 autem
2502 4683 2636 4722 nunc
2679 4684 2768 4737 per
2810 4668 3081 4724 adventum
3108 4668 3316 4725 Domini
3343 4672 3501 4726 nostri
3525 4670 3648 4727 Iesu
3676 4673 3885 4743 Christi,

2298 4763 2594 4816 evacuantis
2635 4762 2839 4832 quidem
2882 4774 3092 4818 mortem
3115 4806 3128 4830 ,
3163 4765 3498 4819 illuntinantis
3527 4775 3695 4819 autem
3733 4767 3888 4821 vitam

2299 4863 2349 4908 et
2375 4854 2805 4926 incorruptionem
2845 4873 2933 4927 per
2971 4855 3304 4929 Evangelium
3349 4857 3420 4932 (II
3447 4858 3581 4912 Tim.
3612 4875 3665 4927 ι,
3696 4858 3889 4930 8-ιυ).

2371 4946 2463 5003 49.
2505 4946 2586 5002 Ad
2629 4947 2807 5003 Titum
2847 4949 3006 5003 etiam
3039 4964 3052 5002 :
3085 4948 3448 5021 Exspectantes
3469 4992 3484 5016 ,
3513 4942 3714 5021 incinit,
3747 4951 3890 5005 illam

2305 5038 2500 5092 beatam
2532 5055 2671 5110 spem
2710 5049 2757 5093 et
2787 5040 3239 5109 manifestationent
3269 5041 3447 5110 gloria
3484 5042 3656 5112 magni
3688 5040 3784 5097 Dei
3802 5084 3819 5110 ,
3846 5051 3892 5098 et

2303 5130 2571 5184 salvatoris
2600 5131 2761 5186 nostri
2783 5129 2909 5185 Iesu
2937 5129 3145 5199 Christi,
3173 5133 3262 5203 qui
3286 5133 3423 5186 dedit
3448 5134 3772 5203 semetipsum
3803 5149 3895 5203 pro

2307 5222 2469 5286 nobis,
2501 5232 2554 5275 ut
2584 5238 2676 5276 nos
2704 5222 2966 5276 redimeret
2994 5222 3054 5276 ab
3083 5225 3221 5276 omni
3249 5224 3531 5294 iniquitate,
3555 5235 3601 5278 et
3626 5224 3894 5281 mundaret

2306 5332 2398 5371 nos
2441 5316 2536 5370 sibi
2581 5315 2824 5386 populum
2867 5315 3236 5380 abundantem,
3266 5318 3611 5370 wntulatorem
3650 5318 3895 5372 bonorum

2307 5425 2515 5479 cperunt
2545 5406 2673 5479 (Tit.
2698 5423 2734 5463 ll
2757 5450 2773 5475 ,
2807 5409 2906 5469 15,
2940 5408 3052 5479 li).
3108 5408 3169 5462 Et
3217 5409 3326 5462 alin
3370 5408 3487 5463 loco
3517 5428 3531 5464 :
3560 5407 3693 5463 Cum
3728 5420 3898 5464 autem

2307 5498 2589 5572 benignitas
2621 5510 2666 5553 et
2716 5501 3003 5554 humanitas
3048 5499 3218 5554 illuxit
3261 5499 3545 5556 Saluatoris
3582 5499 3679 5555 Dei
3715 5501 3901 5569 nostri,

2310 5608 2409 5646 non
2436 5607 2499 5646 ea:
2523 5590 2757 5662 operibus
2782 5591 3033 5661 justitite,
3062 5607 3173 5662 qua:
3209 5608 3301 5646 nos
3341 5588 3573 5662 fecimus:
3602 5592 3691 5647 sed
3717 5609 3900 5648 secun-

2311 5685 2435 5738 dum
2459 5700 2608 5738 suam
2635 5681 3031 5737 misericordiam
3056 5682 3222 5737 salvos
3257 5699 3349 5737 nos
3376 5683 3495 5752 fecit
3524 5700 3616 5755 per
3643 5683 3902 5740 lauaeruut

2313 5774 2703 5846 regenerationis
2750 5782 2797 5827 et
2845 5774 3182 5828 renouationis
3230 5774 3454 5845 Spiritus
3503 5775 3666 5830 sancti
3692 5817 3710 5845 ,
3759 5792 3919 5848 quem

2381 5890 2393 5913 '
2432 5893 2480 5936 tn
2505 5895 2633 5947 Mam,
2653 5884 2903 5949 letiﬁca"?
2925 5896 3035 5935 etest
3056 5882 3155 5935 ille.
