4168 6544
343 367 440 425 l3?

341 481 587 535 ditissime
614 479 797 550 effudit
821 497 972 554 super
999 497 1090 537 nos
1116 497 1204 553 per
1231 481 1410 538 Iesum
1433 482 1686 538 Christum
1711 485 1931 541 salvato-

344 589 444 626 n-m
472 584 723 641 nostrum,
761 585 818 628 ut
849 576 1122 647 justiﬁcati
1157 577 1314 646 ipsius
1354 579 1520 649 gratia
1561 577 1782 634 hteredes
1823 581 1932 652 efﬁ-

343 666 537 718 ciamur
563 664 841 719 secundum
871 682 1008 735 spem
1038 667 1151 720 vine
1173 677 1376 722 aeterna:
1403 667 1530 741 (Tit.
1560 686 1634 738 ιιι,
1667 671 1744 740 ι).

415 754 502 810 50.
535 753 616 810 Ad
654 755 908 811 Hebrzeos
937 773 1148 828 quoque
1180 759 1434 830 Epistola,
1466 777 1767 834 quanquam
1797 779 1933 819 non-

349 845 510 899 nullis
541 845 742 901 incerta
771 847 840 901 sit
879 847 976 921 (α),
1024 859 1198 904 tamen
1228 856 1478 921 quoniam
1525 853 1625 924 legi
1675 857 1933 926 quosdam

352 933 472 990 huic
501 947 700 990 nostrae
729 936 796 992 de
827 938 1099 1008 Baptismo
1128 943 1466 1010 parvulorum
1497 947 1778 1001 sententiae
1803 964 1932 1002 eon-

349 1027 505 1080 traria
551 1027 878 1096 sentientes,
920 1045 1039 1084 eam
1089 1033 1406 1102 quibusdam
1446 1035 1786 1106 opinionibus
1821 1039 1932 1095 suis

349 1128 534 1174 testem
562 1119 818 1176 adbibere
847 1122 1098 1191 voluisse,
1127 1126 1401 1197 magisque
1429 1143 1515 1184 me
1546 1139 1725 1184 movet
1752 1141 1940 1186 aucto-

350 1213 480 1267 ritas
525 1213 881 1268 Eeelesinrum
930 1217 1289 1287 orientalium,
1343 1235 1461 1289 quae
1499 1220 1638 1276 hanc
1675 1223 1837 1279 etiam
1882 1225 1936 1281 in

352 1303 625 1358 canonicis
658 1303 874 1372 habent,
903 1317 1097 1378 quanta
1141 1325 1239 1380 pro
1269 1311 1422 1368 nobis
1463 1314 1763 1369 testimonia
1803 1332 1936 1372 con-

354 1396 540 1462 tineat,
565 1395 948 1453 advertendum
975 1409 1076 1455 est.
1105 1399 1162 1456 ln
1187 1402 1301 1471 ipso
1324 1405 1441 1472 ejus
1462 1405 1687 1460 exordio
1713 1407 1934 1478 legitur:

351 1481 530 1544 Multis
560 1492 816 1563 partibus,
847 1504 896 1548 et
921 1495 1092 1550 multis
1117 1496 1278 1552 modis
1307 1498 1426 1552 olim
1459 1498 1594 1556 Deus
1638 1502 1838 1559 locutus
1862 1513 1936 1559 est

351 1583 579 1653 patribus
622 1585 674 1639 in
708 1583 1018 1656 Prop/retis;
1058 1599 1310 1659 postremo
1339 1590 1392 1644 in
1420 1591 1500 1646 his
1530 1592 1702 1648 diebus
1745 1595 1940 1651 locutus

351 1683 424 1729 est
462 1675 602 1730 nobis
639 1676 692 1730 in
723 1675 880 1742 Filio,
916 1695 1065 1749 quem
1101 1682 1358 1736 constituit
1395 1683 1643 1740 lueredem
1677 1689 1939 1743 universo-

351 1781 484 1828 rum,
513 1782 601 1837 per
629 1783 775 1838 quem
812 1769 930 1839 fecit
977 1779 1022 1824 et
1063 1772 1273 1826 swcula.
1307 1772 1406 1839 Qui
1447 1791 1564 1828 cum
1601 1776 1666 1830 sit
1700 1779 1941 1848 splendor

351 1859 530 1929 gloria'
558 1870 601 1915 et
630 1862 798 1932 figura
835 1861 1130 1918 substantia:
1158 1865 1268 1935 ejus
1291 1907 1306 1932 ,
1335 1882 1512 1936 gerens
1539 1884 1736 1939 quoque
1771 1871 1942 1924 omnia

352 1952 498 2004 verbo
526 1951 720 2006 virtutis
749 1969 874 2019 sure,
923 1957 1224 2027 purgatione
1245 1968 1568 2028 peccatorum
1610 1978 1644 2014 a
1681 1979 1738 2016 se
1782 1967 1936 2032 facta,

351 2041 488 2096 sedet
513 2043 581 2096 ad
605 2044 864 2098 dexteram
895 2047 1170 2117 majestatis
1198 2049 1248 2102 in
1273 2050 1484 2105 excelsis
1509 2051 1694 2121 (Hebr.
1722 2069 1760 2119 ι,
1795 2055 1816 2108 l
1857 2055 1938 2127 5).

355 2135 423 2188 Et
464 2145 582 2204 post
625 2151 838 2207 pauca:
871 2139 930 2194 Si
975 2140 1109 2194 enim
1150 2141 1237 2205 qui
1279 2159 1369 2212 per
1395 2142 1615 2215 Angelos
1663 2145 1828 2201 dictus
1869 2158 1942 2203 est

353 2241 546 2292 sermo,
573 2229 738 2298 factus
765 2239 839 2284 est
865 2230 1076 2300 firmus,
1108 2241 1154 2286 et
1190 2233 1352 2287 onmis
1383 2237 1731 2306 prtevat'icatio
1773 2246 1818 2292 et
1855 2239 1939 2292 in-

354 2317 632 2372 obcdientia
649 2320 849 2390 justam
873 2323 1068 2393 accepit
1104 2321 1345 2379 mercedis
1373 2329 1784 2396 retributionem;
1809 2348 1939 2402 quo-

352 2409 503 2462 modo
529 2426 619 2464 nos
643 2409 960 2482 effugiemus,
991 2414 1036 2467 si
1062 2423 1255 2469 tantam
1280 2417 1646 2488 neglexerimus
1681 2422 1893 2476 salutem
1917 2423 1942 2478 ἱ)

357 2499 421 2554 Et
449 2500 552 2555 alio
581 2501 698 2556 loco
729 2521 742 2555 :
780 2501 1058 2575 Propterea
1083 2521 1202 2578 ergo
1223 2507 1342 2578 quia
1372 2509 1387 2538 ¹
1418 2510 1564 2580 pueri
1599 2514 1943 2566 communica-

353 2603 528 2646 verunt
570 2595 807 2666 sanguini
833 2605 882 2650 et
911 2597 1074 2664 carni,
1118 2609 1166 2652 et
1208 2599 1318 2670 ipse
1357 2604 1725 2672 prapemodum
1767 2621 1942 2660 eorum

354 2684 692 2757 participavit,
718 2695 772 2740 ut
807 2704 896 2756 uer
927 2699 1138 2744 mortem
1171 2701 1432 2745 evacuaret
1459 2709 1574 2747 eum
1597 2695 1686 2764 qui
1715 2704 1940 2766 potesta-

354 2787 451 2830 tem
479 2777 688 2831 habebat
719 2779 914 2845 mortis,
955 2779 1012 2833 id
1039 2791 1132 2849 est,
1173 2781 1452 2847 diabolum,
1496 2793 1545 2838 et
1583 2783 1817 2840 liberaret
1857 2802 1941 2842 eos

352 2867 438 2933 qui
467 2869 644 2923 timore
683 2871 858 2924 mortis
895 2888 985 2943 per
1015 2881 1167 2927 totam
1194 2874 1347 2928 vitam
1382 2875 1456 2930 rei
1491 2885 1636 2932 erant
1666 2879 1938 2934 servitutis.

353 2960 420 3013 Et
451 2959 608 3028 paulo
635 2968 754 3030 post
785 2979 798 3014 :
830 2959 980 3018 Unde
1003 2963 1195 3031 debuit,
1229 2965 1420 3036 inquit,
1460 2967 1737 3023 secundum
1771 2971 1942 3025 omnia

352 3051 594 3120 fratribus
636 3051 816 3108 similis
855 3069 964 3107 esse
986 3093 1002 3120 ,
1041 3063 1098 3108 ut
1139 3055 1423 3110 misericors
1476 3058 1651 3127 fieret,
1689 3068 1736 3114 et
1771 3060 1941 3131 ﬁdelis

352 3141 585 3213 princeps
609 3143 926 3198 sacerdotum
955 3161 1148 3212 eorum,
1179 3163 1294 3219 qua:
1329 3158 1448 3204 sunt
1471 3151 1540 3204 ad
1564 3149 1731 3206 Deum
1764 3155 1941 3226 propi-

354 3235 581 3288 tiandum
611 3253 704 3306 pro
730 3235 926 3291 delictis
951 3239 1128 3308 pepuli
1159 3238 1268 3310 (Id.
1301 3257 1370 3308 ιι,
1400 3239 1436 3294 2
1458 3285 1472 3308 ,
1505 3243 1574 3310 5,
1611 3245 1678 3299 14
1715 3243 1826 3319 l7).
1873 3247 1942 3304 Et

352 3325 476 3380 alibi
526 3343 538 3380 :
587 3326 900 3394 Teneamus,
947 3329 1147 3400 inquit,
1195 3333 1564 3404 confessionem
1609 3351 1628 3390 :
1668 3353 1770 3392 non
1807 3340 1942 3394 enim

353 3417 591 3472 habemus
615 3417 927 3472 sacerdotem
957 3421 977 3450 ³
1002 3421 1088 3491 qui
1133 3439 1234 3476 non
1273 3419 1431 3494 possit
1464 3427 1688 3495 compati
1723 3427 1942 3498 inﬁrmi-

351 3509 537 3564 tatibus
579 3511 806 3574 nostris;
851 3512 1032 3566 etenim
1070 3524 1305 3584 expertus
1343 3526 1418 3570 est
1457 3517 1628 3572 omnia
1664 3521 1942 3578 secundum

351 3600 732 3654 similitudinem
757 3602 865 3658 sine
889 3603 1094 3672 peccato
1125 3603 1234 3673 (Id.
1265 3621 1336 3673 tv,
1362 3606 1477 3678 15).
1524 3609 1588 3664 Ει
1627 3610 1734 3666 alio
1775 3611 1894 3668 loco
1923 3633 1936 3668 :

353 3689 824 3762 Intransgressibile
843 3735 860 3760 ,
889 3694 1094 3764 inquit,
1126 3695 1273 3749 habet
1311 3699 1648 3755 sacerdotium
1677 3717 1698 3756 :
1721 3703 1858 3758 unde
1892 3713 1940 3760 et

350 3781 515 3834 salvos
546 3781 786 3851 perficere
815 3793 974 3852 potest
1013 3801 1096 3839 eos
1128 3787 1214 3858 qui
1242 3787 1514 3843 adveniunt
1543 3807 1634 3862 per
1661 3793 1828 3864 ipsum
1870 3795 1940 3848 ad

350 3871 537 3936 Deum,
588 3889 786 3942 semper
840 3874 1006 3928 vivens
1053 3878 1119 3929 ad
1171 3878 1600 3948 interpellandum
1652 3900 1744 3954 pro
1793 3885 1936 3956 ipsis.

354 3960 528 4015 Talem
562 3964 694 4016 enim
728 3962 931 4018 decebat
957 3965 1140 4021 habere
1168 3984 1259 4021 nos
1289 3971 1570 4041 principem
1598 3975 1937 4042 sacerdotum,

344 4053 538 4122 justum
557 4095 572 4120 ,
599 4054 708 4108 sine
746 4055 942 4110 malitia
969 4057 990 4088 ⁸
1010 4099 1025 4124 ,
1057 4058 1512 4118 incontaminatum
1535 4105 1551 4132 ,
1579 4079 1869 4136 separatum
1907 4088 1940 4125 a

352 4147 717 4215 peccatoribus,
748 4149 980 4204 altiorem
1023 4169 1055 4205 a
1081 4153 1219 4208 uelis
1265 4159 1478 4226 factum,
1529 4176 1630 4216 non
1673 4162 1936 4220 habentem

349 4239 698 4301 quotidianam
741 4243 1117 4312 necessitatem,
1145 4247 1274 4302 sicut
1302 4251 1558 4320 principes
1596 4258 1935 4325 sacerdotum,

348 4329 570 4399 primum
585 4348 678 4400 pro
697 4333 803 4387 suis
829 4337 1047 4404 peccatis
1075 4339 1384 4407 sacrificium
1411 4342 1615 4412 oﬂ'erre,
1635 4348 1818 4404 dehinc
1842 4369 1938 4422 pro

349 4421 528 4490 populi
579 4437 598 4476 .'
653 4423 749 4478 hoc
793 4425 926 4478 enim
967 4430 1122 4482 semel
1165 4431 1284 4500 fecit
1331 4431 1554 4501 cierens
1587 4454 1640 4493 se
1679 4438 1788 4510 (Id.
1846 4421 1937 4509 vu,

414 4577 430 4606 ³
470 4581 677 4648 Att-1231‘-
692 4585 744 4628 et
767 4586 894 4636 Mss...
910 4589 1172 4654 propterea
1192 4599 1310 4702 erg:
1329 4591 1495 4654 pueri,
1519 4597 1716 4658 omisso,
1741 4595 1874 4662 quia.

414 4638 434 4667 ³
467 4638 1077 4702 ῐ-’μιιιοιωηροηιιιιεεηι
1113 4650 1246 4699 Habe
1311 4660 1365 4702 nt
1402 4655 1646 4702 editiones
1683 4660 1791 4702 alim
1829 4677 1870 4702 m

413 4638 452 4713 ξ.
467 4638 618 4713 {uitio
638 4645 767 4696 ιον..
788 4638 1077 4713 pontiﬁcem.
1113 4638 1940 4713 Habebunt"ediiionesudliiewcutn

348 4706 1027 4784 39§lgl§_nb.l§8.qjtttiet:tl9lmt.
1065 4716 1114 4781 In
1139 4717 1469 4784 graecoidem
1507 4727 1584 4784 est
1605 4706 1938 4784 utc‘i-éi-mlﬁi,‘

961 4785 977 4847 ι
990 4783 1076 4843 ros
1086 4758 1184 4822 imve
1203 4758 1729 4833 Eaiétié‘éi'héﬁi."i”ei
1739 4758 1938 4847 illiilli

346 4785 396 4806 υι
409 4785 645 4820 uthtruth
665 4785 794 4827 quuu
827 4785 943 4818 IOCIS
990 4785 1076 4819 l‘OX
1086 4785 1182 4822 nne

345 4833 396 4882 pr
410 4818 616 4898 inciperet
628 4827 941 4898 sacerdotum
949 4785 1191 4898 legimus.

412 4883 456 4966 τ’
468 4883 696 4966 unguii:
717 4887 920 4966 malitia,
946 4883 1126 4966 legitur
1148 4883 1426 4966 Constanter
1465 4903 1515 4952 in
1537 4910 1666 4966 Mss,
1703 4906 1808 4958 sine
1843 4924 1940 4960 mm

537 4941 632 5031 ngn
657 4941 956 5031 tractantqu
976 4941 1122 5018 “nheri,
1147 4941 1687 5026 ἐὸζῗέῦὶὶὶιΐιη’ὶῖέῗῖὥ.

343 5014 508 5055 (mm
533 5016 627 5068 est,
653 5023 838 5062 acucos.
859 5037 887 5060 ο

409 5068 503 5152 ςρ)ἃ
511 5074 945 5152 ftu‘l‘atinisagtate
967 5089 1054 5152 sua
1070 5081 1308 5152 incertam
1332 5092 1537 5152 testatur
1555 5103 1686 5152 smne
1711 5099 1940 5152 Hieron};

343 5142 461 5217 333?;
490 5138 1050 5217 “Lteeesrtareed.
1067 5145 1196 5217 is?!”
1219 5158 1323 5208 ευνο
1351 5151 1456 5217 tm
1485 5153 1533 5208 θ’
1567 5138 1635 5201 'au‘
1660 5138 1938 5217 éaiil's'i‘i-

605 5193 846 5272 Ξβηιιξιιμι.
877 5208 928 5272 et
948 5202 996 5250 in
1017 5191 1940 5272 ςεωιυέςὸ

343 5255 798 5335 5:123:31);
809 5259 1023 5335 Paulum,
1045 5273 1096 5314 et
1247 5255 1323 5328 70,
1334 5255 1400 5335 ad
1410 5255 1940 5335 esttibi;

343 5322 854 5404 εξηξὲξὲἑυὲἓξξξω
879 5322 1240 5404 (illita-tanquam
1273 5322 1419 5404 Pauli,
1449 5322 1936 5404 ῇ-ιινιέᾖξίέιῘ-ἱέθῗᾶι

343 5375 830 5459 υαξείθεειειξᾳῴιις
860 5385 1066 5459 unum,»
1089 5375 1684 5459 qiﬁ'nbsitiii’diéeiiliiiii
1709 5375 1939 5459 έὲῖῗίιεῖἶὲ

351 5455 373 5482 ι
396 5437 654 5548 cepbtolam'
676 5457 787 5508 qua:
808 5437 1034 5498 scribitur
1055 5451 1113 5500 ad
1137 5437 1938 5520 tieuszdifna's'ziaz;55133;;

352 5517 372 5544 I
443 5515 559 5548 (‘SIIS
579 5506 803 5548 Orientis-
829 5509 916 5548 ml
938 5514 999 5548 ah
1019 5515 1241 5548 nnlnilxnu
1262 5525 1396 5548 puum
1419 5522 1642 5548 πηι.1,.,.;..ι
1669 5531 1808 5548 unm;
1832 5545 1850 5548 ._
1866 5546 1908 5548 υ

352 5517 372 5589 ξ
829 5509 916 5559 sed
937 5514 999 5560 ab
1019 5515 1244 5589 omnist
1262 5506 1396 5569 retro
1413 5506 1936 5589 ig'cétééirE'lgFaEéiZ-"éil

350 5571 908 5649 LIB-ouis
919 5575 1075 5649 (quasi
1091 5575 1444 5649 Pauliapostoli
1461 5571 1716 5649 'susfipifi
1727 5571 1938 5644 "didii:-

1055 5628 1354 5716 auctorita'te
1363 5628 1934 5716 Epirigim'tii'édiiiinéil

345 5685 989 5768 quiihjuenusterebant,
1002 5685 1009 5686 ί
1024 5685 1164 5768 tsed'
1174 5685 1238 5751 ab
1244 5685 1938 5768 "dixiin?

351 5763 371 5826 ῗ
564 5755 806 5826 ⁸⁸⁸9³9³ίὲ
821 5751 1153 5826 δαίιιιὸνίιὲιιδ,
1173 5780 1196 5808 ι
1221 5751 1297 5815 vel
1312 5751 1651 5824 laesisti:

348 5817 1933 5905 amararum:seminasemita;esse:63:.

344 5869 427 5920 tib.
451 5874 524 5932 to“,
548 5869 770 5938 eapfﬁ;
794 5886 848 5930 et
868 5881 934 5931 de
952 5869 1472 5956 υοᾶιῖἱιιῖἔιιὶἶξίῖἆῖἶῖξ
1499 5869 1835 5961 ὅ.

629 5967 902 6032 Ps'rnoe.
941 5973 1162 6040 XLIV.

1729 5788 1814 5826 teet
1833 5767 1944 5828 ser:

1723 370 1923 428 LIBER
1966 371 2071 428 ΗΠ
2083 372 2236 429 nes.

3519 381 3622 440 138

2039 489 2264 565 25-27).
2313 492 2380 548 Et
2412 491 2518 547 alio
2561 494 2679 550 loco
2718 512 2729 548 :
2770 492 2891 549 Non
2928 494 3060 550 enim
3099 494 3152 548 in
3192 507 3344 550 manu
3375 495 3622 566 fabricata

2038 593 2213 640 sancta
2241 585 2460 639 introivit
2489 583 2736 648 Christus.
2761 602 2872 658 quae
2895 597 3012 642 sunt
3035 584 3224 642 similia
3251 601 3502 654 verorum,
3535 588 3626 641 sed

2037 677 2089 730 in
2116 675 2283 747 ipsum
2311 678 2492 730 ctutum
2509 717 2525 743 ,
2558 694 2804 750 apparere
2842 688 2958 734 ante
2985 679 3165 751 faciem
3191 678 3290 735 Dei
3319 697 3412 753 pro
3440 681 3584 734 nobis
3607 695 3622 743 ;

2038 783 2140 822 non
2165 777 2221 822 ut
2246 769 2432 838 swpius
2461 767 2643 836 oﬁ‘erat
2667 770 3007 841 semetipsum,
3036 772 3166 826 sicut
3192 771 3427 842 princeps
3450 787 3623 826 socer-

2038 858 2211 913 dotum
2252 860 2405 914 intrat
2450 859 2502 914 in
2545 873 2736 933 sancta,
2769 862 2822 914 in
2861 878 2996 916 anno
3034 865 3186 917 semel
3230 879 3342 918 cum
3379 861 3626 934 sanguine

2039 948 2224 1003 alieno.
2268 946 2515 1005 thtermn
2553 949 2810 1021 Oportebat
2853 966 2967 1006 eum
3013 953 3198 1024 stepius
3228 953 3334 1022 pati
3375 967 3408 1006 a
3451 952 3628 1005 mundi

2041 1041 2436 1096 constitutione:
2467 1057 2600 1095 nunc
2627 1051 2795 1095 autem
2819 1041 2972 1096 semel
2999 1045 3053 1096 in
3079 1042 3391 1097 extremitate
3413 1041 3630 1098 saxulu-

2039 1147 2151 1184 rum
2183 1129 2251 1184 ad
2282 1131 2626 1185 remissionem
2654 1141 2974 1200 peccatorum
3005 1150 3095 1202 per
3133 1135 3440 1204 sacriﬁcium
3479 1151 3630 1189 suum

2041 1221 2390 1293 manifestatus
2435 1231 2527 1276 est.
2583 1221 2650 1276 Et
2699 1223 2828 1278 sicut
2870 1225 3196 1278 constitutum
3239 1236 3312 1280 est
3345 1225 3634 1280 hominibus

2041 1313 2192 1368 semel
2214 1323 2406 1368 tantum
2437 1315 2586 1382 mori,
2618 1324 2664 1370 et
2693 1325 2805 1387 post
2839 1315 2934 1370 hoc
2966 1316 3222 1387 judicium
3249 1332 3268 1370 :
3291 1318 3365 1372 sic
3399 1328 3448 1372 et
3472 1316 3632 1374 Chri-

2041 1415 2148 1458 stus
2171 1405 2325 1460 semel
2363 1405 2560 1460 oblatus
2588 1415 2690 1473 est,
2722 1417 2778 1460 ut
2817 1407 3091 1462 ntultorum
3133 1419 3338 1480 peccata
3368 1419 3590 1479 portaret
3612 1423 3636 1473 ζ

2041 1495 2260 1550 secundo
2289 1495 2397 1551 sine
2427 1497 2644 1566 peccatis
2688 1498 2950 1567 apparebit
2979 1498 3072 1566 eis,
3103 1498 3190 1568 qui
3219 1515 3334 1554 eum
3361 1500 3631 1565 sustinent,

2043 1587 2110 1640 ad
2134 1588 2344 1642 salutem
2371 1587 2558 1660 (Hebr.
2589 1605 2663 1652 Ix,
2699 1589 2918 1662 «ει-28).

2114 1679 2203 1734 51.
2236 1679 2588 1752 Apocalypsis
2627 1681 2786 1737 etiam
2817 1681 3039 1738 Joannis
3084 1681 3181 1738 has
3209 1682 3394 1738 laudes
3420 1681 3637 1738 Christo

2041 1785 2138 1840 per
2165 1771 2433 1826 canticum
2466 1788 2662 1827 novum
2691 1781 2916 1828 testatur
2944 1773 3125 1830 oll'erri
3156 1773 3391 1848 :Dignus
3415 1793 3467 1830 es
3494 1777 3634 1830 acci-

2044 1878 2160 1930 pere
2185 1863 2389 1926 librum,
2412 1871 2462 1916 et
2489 1865 2688 1934 aperire
2714 1865 2980 1936 signacula
3009 1867 3153 1936 ejus;
3181 1867 3419 1938 quoniam
3440 1867 3638 1922 occisus

2042 1969 2113 2018 es,
2134 1963 2185 2008 et
2210 1955 2462 2010 redemisti
2491 1973 2582 2010 nos
2603 1955 2712 2017 Deo
2737 1958 2790 2012 in
2811 1959 3057 2030 sanguine
3080 1969 3186 2024 tuo,
3216 1959 3281 2014 de
3303 1961 3442 2014 omni
3464 1969 3632 2032 gente,

2043 2059 2089 2099 et
2118 2047 2314 2119 lingua,
2347 2057 2394 2102 et
2421 2049 2632 2120 papula,
2665 2057 2710 2104 ct
2737 2052 2941 2106 natione
2968 2050 3152 2125 (Apoc.
3182 2069 3211 2106 v
3229 2096 3243 2120 ,
3276 2055 3356 2123 9).

2114 2140 2357 2196 52.11am
2389 2142 2440 2195 in
2475 2142 2699 2199 Actibus
2728 2144 3106 2214 Apostolorum
3128 2186 3144 2212 ,
3183 2146 3511 2217 inceptorem
3557 2150 3639 2202 vi-

2044 2240 2112 2286 tm
2137 2232 2330 2289 Petrus
2356 2235 2630 2304 apostolus
2660 2235 2796 2290 dixit
2838 2252 2958 2292 esse
2997 2237 3276 2294 Dominum
3307 2239 3514 2307 Jestnn,
3557 2241 3608 2295 in

2043 2337 2270 2392 crepans
2296 2323 2510 2380 Juulzcos
2549 2325 2691 2396 quod
2720 2325 3039 2382 occidissent
3067 2343 3188 2384 eum
3210 2369 3226 2393 ,
3264 2331 3334 2384 ita
3367 2331 3589 2401 loquens
3619 2373 3634 2388 .

2053 2411 2153 2468 Vos
2173 2425 2337 2468 autem
2364 2426 2592 2470 sanctum
2617 2425 2663 2471 et
2678 2417 2878 2488 justum
2902 2418 3248 2475 inhonorastis
3267 2462 3284 2488 ,
3324 2431 3370 2476 et
3393 2424 3632 2493 negastis,

2043 2516 2092 2561 et
2120 2509 2415 2578 postulastis
2445 2510 2698 2567 hominem
2725 2512 3030 2567 homicidam
3055 2515 3218 2569 vivere
3253 2525 3302 2570 et
3331 2515 3519 2571 donari
3546 2533 3605 2571 vo
3623 2547 3638 2558 -

2043 2597 2118 2652 bis
2143 2615 2163 2654 :
2189 2615 2308 2654 nam
2327 2601 2632 2673 inceptorem
2677 2603 2792 2658 vitta
2825 2605 3080 2660 occidistis
3117 2607 3256 2674 (Act.
3290 2623 3368 2675 ιιι,
3401 2609 3490 2674 14,
3521 2609 3634 2681 lii).

2043 2687 2113 2742 Et
2139 2689 2244 2744 alio
2275 2691 2396 2747 loco
2422 2710 2436 2748 :
2464 2691 2515 2746 II
2523 2695 2566 2747 ic
2595 2701 2669 2748 est
2695 2693 2826 2766 lapis
2849 2695 3147 2766 reprobatus
3167 2713 3199 2751 a
3216 2698 3349 2752 vobis
3370 2699 3638 2768 (adifican-

2045 2780 2193 2847 tibus,
2219 2783 2306 2853 qui
2333 2772 2500 2853 factus
2519 2793 2592 2838 est
2619 2785 2672 2839 in
2688 2796 2841 2858 caput
2867 2787 3066 2858 anguli.
3099 2786 3218 2843 Non
3243 2799 3316 2844 est
3339 2792 3472 2844 enim
3498 2791 3640 2846 aliud

2043 2889 2223 2928 nomen
2241 2875 2333 2929 sub
2358 2876 2482 2929 cazlo
2502 2875 2678 2930 datum
2713 2877 3000 2934 hominibus
3018 2923 3034 2948 ,
3061 2881 3113 2934 in
3144 2898 3244 2954 quo
3274 2893 3502 2952 oporteat
3529 2885 3640 2939 sal-

2042 2981 2130 3020 vos
2173 2966 2286 3036 ﬁeri
2327 2983 2420 3022 nos
2459 2965 2569 3040 (Id.
2597 2983 2671 3037 tv,
2705 2969 2793 3036 Η,
2826 2969 2940 3042 12).
2973 2971 3040 3026 Et
3065 2971 3190 3027 alibi
3219 2988 3232 3025 :
3257 2970 3396 3027 Deus
3435 2984 3638 3046 patrum

2040 3059 2294 3113 suscitavit
2329 3059 2528 3126 Iesum,
2555 3078 2703 3133 quem
2727 3079 2815 3118 vos
2838 3063 3169 3137 interfecistis
3197 3067 3556 3135 suspendentes
3585 3067 3642 3122 in

2043 3150 2200 3222 ligno.
2229 3149 2284 3206 Η
2287 3168 2383 3206 unc
2407 3151 2550 3208 Deus
2577 3155 2860 3226 principem
2886 3166 2935 3210 et
2957 3157 3263 3213 salvatorem
3281 3159 3518 3214 exaltavit
3535 3161 3642 3232 glo-

2041 3243 2119 3296 ria
2143 3259 2240 3298 sua
2258 3285 2272 3308 ,
2299 3243 2427 3300 dare
2446 3246 2788 3317 paenitentiam
2815 3246 2983 3302 Israel
3020 3257 3068 3302 et
3092 3250 3436 3304 remissionem
3462 3266 3642 3322 pecca-

2042 3345 2206 3391 torum
2231 3339 2284 3393 in
2309 3338 2402 3393 illo
2451 3338 2566 3409 (Id.
2609 3356 2666 3404 γ.
2707 3341 2796 3407 50,
2846 3343 2964 3414 51).
2993 3341 3124 3398 Item
3175 3343 3281 3420 alio
3313 3343 3468 3399 loco:
3505 3343 3640 3399 Huic

2042 3438 2212 3485 omnes
2249 3429 2526 3502 Prophetas
2569 3435 2908 3488 testimonium
2953 3435 3251 3506 perhibent,
3289 3436 3638 3491 remissionem

2041 3531 2362 3592 peccatorum
2384 3523 2612 3594 accipere
2635 3540 2724 3594 per
2752 3541 2962 3579 manuni
3008 3526 3149 3580 illius
3198 3542 3396 3581 onmem
3435 3529 3648 3584 creden-

2042 3622 2139 3666 ιωιι
2160 3615 2212 3667 in
2240 3629 2355 3668 eum
2381 3611 2494 3685 (Id.
2544 3631 2596 3680 ιι,
2628 3613 2742 3688 45).
2775 3616 2906 3671 Item
2954 3617 3006 3671 in
3035 3616 3225 3672 eodem
3255 3617 3390 3672 libro
3414 3627 3622 3688 aposto-

2041 3704 2124 3758 lus
2153 3704 2350 3759 Paulus
2375 3717 2395 3759 :
2431 3702 2626 3760 Notum
2651 3722 2769 3777 ergo
2789 3707 2854 3762 sit
2884 3707 3021 3762 vobis
3045 3749 3058 3772 ,
3095 3707 3283 3778 inquit,
3310 3709 3401 3763 viri
3427 3713 3636 3782 fratres,

2040 3795 2278 3864 quoniam
2302 3811 2390 3865 per
2413 3795 2547 3848 hunc
2572 3795 2710 3849 vobis
2751 3796 2980 3851 remissio
3006 3807 3327 3868 peccatorum
3353 3802 3632 3855 annuntio.

2043 3893 2126 3940 tur
2151 3885 2213 3940 ab
2241 3885 2502 3952 omnibus,
2522 3887 2700 3958 quibus
2725 3903 2827 3942 non
2861 3890 3095 3960 potuistis
3119 3890 3171 3944 in
3199 3891 3308 3961 lege
3333 3890 3501 3964 Moysi
3534 3896 3632 3964 ju-

2039 3980 2284 4049 stiﬁcari,
2330 3981 2384 4035 in
2427 3979 2521 4035 hoc
2569 3981 2735 4038 omnis
2780 3983 2989 4038 credens
3017 3983 3336 4055 justificatur
3377 3983 3488 4059 (Id.
3518 4001 3635 4054 xm,

2042 4073 2140 4136 58,
2168 4073 2279 4144 59).

2114 4167 2201 4223 55.
2235 4167 2344 4222 lloc
2372 4175 2738 4244 tanto‘aggere
2777 4173 3226 4240 testimoniorum,
3257 4175 3410 4245 cujus
3442 4174 3637 4230 adver-

2042 4273 2134 4313 sus
2181 4263 2459 4317 veritatem
2508 4263 2599 4319 Dei
2649 4265 2811 4321 elatio
2861 4281 2968 4320 non
3014 4267 3331 4336 prematur?
3363 4269 3428 4324 Et
3467 4271 3631 4322 multa

2041 4351 2256 4420 quidem
2295 4353 2397 4407 alia
2445 4355 2666 4430 reperiri
2697 4365 2960 4426 possunt,
3004 4357 3096 4412 sed
3141 4365 3196 4412 ct
3229 4356 3443 4413 ﬁniendi
3476 4357 3638 4428 hujus

2042 4443 2219 4512 Operis
2245 4458 2368 4498 cura
2421 4456 2534 4500 non
2576 4446 2909 4517 negligenter
2941 4448 3183 4502 habenda
3233 4457 3337 4504 est.
3372 4449 3444 4504 De
3480 4449 3634 4504 libris

2041 4549 2252 4605 quoque
2282 4533 2486 4590 Veteris
2515 4535 2848 4596 Testamenti
2880 4539 3076 4592 multas
3105 4541 3522 4595 contestationes
3551 4541 3632 4593 tli-

2043 4627 2284 4680 vinornm
2313 4626 2643 4698 eloquiorum
2673 4628 2928 4685 adhibere
2956 4629 3008 4684 in
3042 4630 3179 4686 hanc
3199 4632 3518 4686 sententiam
3541 4648 3635 4686 sn-

2043 4731 2429 4786 pervacaneum
2464 4719 2670 4788 putavi,
2699 4720 3132 4792 quandoquidem
3157 4721 3210 4776 in
3242 4723 3346 4776 illis
3369 4723 3512 4794 quod
3539 4739 3634 4777 oc-

2040 4807 2274 4861 cultatur
2297 4808 2397 4863 sub
2426 4809 2730 4866 velamento
2772 4812 2918 4865 velut
2953 4821 3284 4866 terrenarum
3317 4813 3639 4881 promissio-

2042 4914 2190 4963 num,
2222 4898 2322 4952 hoc
2357 4899 2408 4954 in
2436 4899 2568 4955 Novi
2599 4901 2926 4959 Testantcnti
2947 4904 3324 4973 prwdicatione
3340 4906 3638 4970 revelatnr.

2044 4989 2109 5044 Et
2139 4990 2252 5060 ipse
2285 4991 2539 5046 Dominus
2570 4992 2848 5048 Librorum
2903 5005 3144 5052 veterum
3177 4998 3460 5054 utilitatem
3503 5000 3623 5056 bre-

2043 5083 2178 5134 viter
2205 5080 2590 5138 demonstravit
2616 5095 2669 5139 et
2695 5085 2934 5141 deﬁnivit
2959 5087 3144 5143 dicens
3167 5130 3182 5155 ,
3207 5091 3510 5161 Oportuisse
3533 5093 3635 5146 im-

2041 5170 2174 5240 pleri
2205 5187 2324 5242 qua:
2365 5171 2434 5228 de
2464 5173 2556 5228 illo
2579 5175 2774 5245 scripta
2801 5189 2981 5234 essent
3008 5180 3058 5236 in
3097 5179 3239 5252 Lege
3266 5193 3313 5236 et
3347 5182 3626 5253 Prophetis

2039 5274 2092 5316 et
2125 5264 2386 5329 Psalmis;
2418 5276 2475 5321 et
2515 5267 2628 5324 Iure
2656 5269 2768 5341 ip'a
2798 5285 2918 5327 esse
2939 5315 2951 5334 ,
2982 5273 3122 5342 quod
3153 5277 3434 5345 Oportebat
3478 5276 3632 5332 Chri-

2039 5362 2179 5408 stum
2213 5357 2338 5424 pati,
2368 5365 2420 5411 et
2448 5372 2730 5428 resurgere
2750 5377 2779 5415 a
2807 5365 3032 5418 mortuis
3057 5367 3212 5420 tertia
3245 5366 3332 5424 die
3353 5409 3368 5432 ,
3408 5377 3462 5424 et
3491 5385 3640 5439 prata

2040 5445 2206 5500 dicari
2253 5446 2302 5500 in
2336 5443 2552 5506 nomine
2598 5450 2714 5522 ejus
2761 5455 3130 5523 paenitentiam
3161 5467 3216 5512 et
3261 5460 3634 5516 remissionem

2039 5547 2377 5606 peccatorum
2409 5556 2503 5611 per
2543 5556 2734 5600 omnes
2775 5557 2994 5616 gentes,
3043 5547 3421 5619 incipientibus
3448 5552 3517 5604 ab
3540 5551 3634 5606 le-

2039 5627 2268 5682 rusalem
2299 5629 2448 5702 (Luc.
2485 5649 2654 5704 μιν,
2697 5637 2912 5710 «ti-47).
2957 5639 3022 5694 Et
3063 5639 3254 5696 Petrus
3293 5640 3457 5709 dicit,
3489 5640 3636 5714 quod

2039 5718 2197 5787 paulo
2222 5731 2348 5778 ante
2374 5729 2790 5784 commemoravi
2809 5770 2825 5796 ,
2855 5731 2979 5787 huic
3006 5745 3194 5788 omnes
3219 5730 3518 5802 Prophetas
3549 5742 3629 5788 te-

2037 5808 2343 5868 s:imonium
2377 5816 2693 5888 perhibere,
2741 5823 3110 5878 remissionem
3145 5832 3484 5892 peccatorum
3536 5837 3630 5876 ac-

2037 5899 2215 5972 cipere
2245 5918 2343 5973 per
2368 5922 2578 5964 manum
2612 5911 2726 5981 ejus
2750 5927 2959 5970 omnem
2993 5913 3298 5970 credentem
3332 5913 3383 5968 in
3409 5929 3554 5970 eum.

3071 6005 3111 6082 ί
3131 6005 3310 6088 Cinq.
3335 6008 3389 6082 λ.
