4164 6510
573 369 675 425 159

614 481 729 538 '5‘.
778 479 1152 536 Verumtamen
1193 481 1526 536 commodius
1565 490 1676 545 est,
1709 482 1871 537 etiam
1920 492 1985 538 es
2030 482 2146 554 ipso

567 570 766 631 Vetere
815 566 1160 629 Testamento
1217 573 1517 628 testimonia
1574 578 1736 643 pauca
1796 574 2145 644 depromere,

565 676 685 739 quae
741 664 822 720 vel
878 664 947 720 ad
989 664 1452 735 Supplementum,
1505 664 1590 720 vel
1634 665 1807 734 petius
1852 664 1921 718 ad
1969 677 2149 718 cumu-

568 762 674 814 lum
728 759 907 813 valere
954 756 1241 812 debebunt.
1295 756 1413 826 Ipse
1461 757 1715 811 Dominus
1765 770 1861 826 per
1910 754 2146 825 prophe-

564 861 672 906 tam
734 852 783 904 in
848 850 1059 905 Psalmo
1122 848 1347 920 loquens
1400 849 1516 902 ait:
1551 846 1754 903 Sanctis
1802 848 1889 915 qui
1929 856 2043 901 sunt
2087 847 2142 901 in

562 954 697 997 terra
738 942 868 1009 ejus,
908 940 1193 1011 miriﬁcauit
1232 952 1401 995 amnes
1446 939 1722 992 voluntates
1756 953 1892 992 meas
1919 937 1974 990 in
2015 935 2140 991 illis.

559 1030 677 1091 Non
731 1033 915 1089 merita
973 1033 1204 1097 illorum,
1238 1031 1329 1087 Sed
1377 1032 1653 1084 voluntates
1691 1045 1845 1083 meas.
1899 1027 2028 1082 Nam
2078 1028 2141 1083 il-

562 1126 736 1180 larum
779 1123 924 1193 quid,
977 1122 1079 1177 nisi
1134 1122 1273 1192 quod
1311 1121 1587 1190 sequitur?
1629 1118 1985 1189 Hultiplicata:
2025 1127 2142 1171 sunt

558 1206 872 1282 inﬁrmitates
895 1226 1065 1266 eorum
1092 1226 1111 1266 :
1137 1224 1295 1280 supra
1324 1209 1464 1279 quod
1487 1201 1677 1263 inﬁrmi
1699 1217 1854 1263 erant
1874 1208 1913 1261 ³.
1938 1206 2018 1261 Ad
2038 1205 2139 1261 hoc

557 1313 611 1361 et
640 1303 722 1360 lex
749 1303 1084 1369 subintravit,
1128 1311 1186 1356 nt
1210 1301 1505 1356 abundaret
1542 1299 1815 1356 delictum.
1862 1297 1968 1354 Sed
2010 1298 2137 1368 quid

555 1394 832 1466 adjungit?
882 1393 1068 1449 Postea
1123 1394 1524 1447 acceleraverunt
1549 1406 1569 1446 :
1596 1390 1956 1460 multiplicatis
1989 1389 2139 1442 inﬁr-

555 1486 856 1552 mitatibus,
878 1483 983 1540 hoc
1009 1492 1110 1552 est,
1136 1482 1440 1539 abundante
1459 1480 1678 1545 delicto,
1702 1481 1930 1536 alacrius
1961 1479 2136 1535 medi-

554 1593 675 1633 cum
703 1577 1048 1648 quaesierunt,
1080 1583 1137 1629 ut
1165 1574 1251 1629 ubi
1277 1572 1566 1629 abundavit
1600 1580 1872 1642 peccatum
1894 1612 1909 1636 ,
1949 1585 2136 1638 super-

553 1668 846 1724 abundaret
867 1667 1034 1739 gratia
1056 1652 1229 1737 (Rom.
1253 1677 1306 1731 v,
1336 1663 1453 1736 20).
1489 1663 1746 1733 Denique,
1772 1661 1894 1715 Non
1922 1676 2135 1731 congre-

551 1758 680 1831 gabo
708 1798 725 1823 ,
779 1757 983 1828 inquit,
1027 1753 1371 1810 conventicula
1422 1765 1595 1807 eorum
1642 1751 1707 1806 de
1756 1750 2086 1822 sanguinibus
2114 1764 2135 1803 :

551 1849 799 1919 quoniam
829 1846 1009 1902 multis
1047 1844 1429 1900 sacriﬁciorum
1455 1841 1802 1914 sanguinibns
1823 1882 1837 1906 ,
1867 1856 1988 1896 cum
2018 1839 2130 1909 pri-

550 1952 695 1994 mum
741 1938 793 1992 in
835 1935 1233 1991 tabernaculum
1261 1933 1345 1989 vel
1373 1933 1430 1987 in
1456 1933 1712 2002 templum
1740 1944 2131 2000 congregaren-

549 2039 653 2094 tur,
685 2026 1134 2083 convincebantur
1161 2024 1335 2094 potius
1359 2031 1687 2094 peccatores,
1722 2033 1879 2093 quam
1902 2019 2128 2075 munda-

546 2121 758 2174 bantur.
788 2116 906 2173 Non
950 2130 1080 2186 ergo
1107 2115 1217 2185 jam
1238 2155 1255 2183 ,
1286 2113 1492 2184 inquit,
1523 2112 1592 2167 de
1629 2110 1975 2182 sanguiuibus
1995 2124 2129 2165 con-

544 2209 775 2281 gregabo
841 2205 1208 2262 conventicula
1268 2218 1478 2258 eorum.
1534 2200 1687 2258 Unus
1724 2201 1867 2256 enim
1911 2198 2129 2270 sanguis

544 2315 642 2370 pro
689 2298 868 2354 multis
898 2296 1054 2352 datus
1100 2298 1216 2360 est,
1266 2308 1373 2365 quo
1419 2293 1679 2348 veraciter
1720 2291 2124 2347 mundarentur.

545 2391 782 2460 Denique
810 2388 1070 2457 sequitur,
1113 2384 1223 2440 Nec
1267 2398 1459 2438 mmor
1506 2399 1593 2437 ero
1621 2382 1882 2436 nominum
1919 2381 2128 2436 illorum

545 2497 633 2551 per
677 2480 811 2534 labia
853 2494 965 2532 mea
1012 2476 1184 2548 (Psal.
1238 2489 1343 2540 xv,
1372 2475 1426 2540 ὅ,
1454 2474 1824 2558 Quanquam
1854 2473 2129 2530 innovate-

544 2587 660 2626 rum
688 2572 732 2624 ³.
757 2569 889 2625 Nam
913 2568 1126 2623 nomina
1157 2579 1341 2621 eorum
1380 2573 1530 2619 erant
1576 2563 1723 2634 prius
1742 2602 1758 2628 ,
1790 2563 1883 2617 lilii
1911 2563 2123 2630 carnis,

549 2654 642 2709 lilii
664 2653 843 2709 smculi
864 2692 879 2717 ,
907 2650 1001 2705 ﬁlii
1024 2650 1147 2714 irze,
1180 2648 1272 2703 ﬁlii
1299 2647 1522 2713 diaboli,
1551 2646 1846 2710 immundi,
1879 2657 2126 2716 peccato-

547 2759 667 2808 res,
699 2743 844 2813 impii
876 2759 890 2797 :
918 2751 1102 2812 postea
1127 2752 1284 2805 vero,
1314 2737 1407 2793 lilii
1442 2737 1572 2801 Dei,
1624 2737 1826 2792 homini
1856 2752 1995 2791 novo
2022 2751 2122 2791 no-

542 2851 665 2892 men
695 2849 912 2898 novum,
944 2832 1208 2888 canticum
1232 2846 1425 2885 novum
1464 2833 1699 2886 cantanti
1730 2844 1921 2884 novum
1951 2829 1993 2894 ³,
2027 2843 2125 2898 per

541 2928 936 2983 Testamentum
962 2923 1188 2979 Novum.
1221 2921 1335 2977 Nan
1362 2922 1469 2977 sint
1496 2922 1686 2991 ingrati
1726 2919 1971 2975 homines
1997 2933 2123 2990 gra-

542 3020 628 3073 tia:
675 3017 766 3071 Dei
790 3054 808 3084 ,
858 3014 1034 3085 pusilli
1076 3029 1198 3067 cum
1228 3012 1468 3083 magnis,
1521 3027 1555 3067 a
1595 3012 1804 3066 minore
1845 3024 2017 3081 usque
2052 3008 2121 3064 ad

540 3108 817 3176 majorem.
847 3104 1033 3159 Totius
1061 3103 1314 3159 Ecclesiae
1330 3117 1434 3157 vos
1459 3110 1542 3156 est
1569 3119 1581 3154 :
1618 3100 1799 3155 Errasi
1834 3100 1964 3155 sicut
1992 3100 2119 3166 ouis,

540 3198 735 3266 perdita
786 3194 963 3267 (Psal.
1008 3208 1200 3259 csvm,
1250 3194 1407 3262 176).
1449 3190 1702 3246 Omnium
1758 3190 2119 3246 membrorum

537 3286 731 3343 Christi
760 3301 859 3342 vos
889 3294 972 3342 est
1003 3303 1016 3339 :
1046 3283 1232 3338 Omnes
1254 3292 1309 3336 ut
1336 3297 1452 3336 oves
1472 3281 1772 3343 erravimus,
1800 3287 1847 3334 et
1882 3280 1989 3350 ipse
2013 3288 2122 3333 tra-

539 3378 676 3433 ditus
698 3387 770 3432 est
795 3392 888 3448 pro
917 3375 1131 3446 pereatis
1159 3374 1364 3429 nostris.
1408 3373 1510 3439 Qui
1542 3380 1683 3428 totus
1714 3370 2011 3442 prophetiae
2035 3371 2118 3426 lo-

536 3485 633 3525 cus
660 3467 796 3538 apud
821 3467 1005 3522 Isaiam
1032 3473 1135 3531 est,
1157 3478 1262 3535 quo
1286 3478 1383 3536 per
1398 3463 1700 3533 Philippum
1724 3462 1824 3517 sibi
1850 3462 2118 3532 exposito,

536 3558 702 3629 spado
730 3557 819 3613 ille
836 3555 1095 3612 Carndacis
1124 3554 1322 3625 regine
1346 3555 1399 3609 in
1424 3566 1545 3609 eum
1576 3552 1805 3609 credidit
1836 3550 1972 3627 (Act.
2001 3568 2115 3619 vtu,

537 3650 750 3721 37-39).
780 3648 917 3703 Vide
943 3650 1155 3718 quoties
1182 3646 1285 3701 hoc
1314 3646 1486 3716 ipsum
1524 3643 1884 3710 commendet,
1923 3651 1979 3699 et
2002 3651 2121 3698 tau-

537 3757 695 3812 quam
732 3739 977 3809 superbis
1009 3738 1192 3793 nescio
1218 3737 1444 3807 quibus,
1471 3735 1558 3791 vel
1585 3736 1936 3791 contentiosis
1967 3735 2121 3791 iden-

539 3832 705 3887 tidem
728 3831 955 3885 inculcet
978 3846 994 3882 :
1020 3826 1208 3893 Homo,
1240 3827 1442 3898 inquit,
1482 3826 1537 3880 in
1567 3826 1719 3896 plaga
1741 3866 1756 3890 ,
1784 3834 1829 3880 et
1871 3827 1956 3897 qui
1994 3827 2118 3881 sciat

538 3929 671 3993 ferre
694 3920 1050 3990 inﬁrmitates;
1078 3925 1282 3990 propter
1307 3914 1443 3988 quod
1460 3925 1509 3972 et
1531 3916 1709 3970 auertit
1732 3929 1789 3970 se
1807 3915 1962 3985 facies
1983 3917 2116 3985 ejus,

536 4015 782 4087 injuriata
806 4019 899 4079 est,
922 4025 1012 4065 nec
1037 4008 1210 4081 magni
1238 4007 1487 4062 mtimata
1519 4015 1610 4061 est.
1659 4005 1759 4061 Hic
1802 4006 2119 4074 inﬁrmitates

538 4112 740 4159 nostras
765 4108 952 4173 portat,
977 4108 1023 4155 et
1050 4114 1145 4170 pro
1165 4096 1307 4152 nobis
1326 4097 1381 4151 in
1402 4095 1662 4152 doloribus
1695 4104 1802 4161 est;
1824 4104 1872 4152 et
1896 4112 1986 4150 nos
2016 4097 2117 4150 exi-

538 4193 852 4249 stimavimus
875 4192 1022 4246 illum
1048 4191 1104 4244 in
1143 4188 1399 4244 doloribus
1436 4204 1576 4254 esse,
1615 4198 1662 4242 et
1695 4189 1750 4242 in
1777 4187 1949 4258 plaga,
1993 4189 2117 4261 etin

539 4302 688 4357 parua
708 4301 727 4340 :
749 4285 861 4354 ipse
891 4291 1057 4337 autem
1082 4280 1374 4335 uulneratus
1413 4289 1486 4333 est
1513 4287 1717 4350 propter
1755 4288 1959 4350 peccata
2001 4295 2119 4334 nos-

542 4390 646 4445 tra,
677 4378 965 4446 inﬁrmatus
990 4383 1060 4428 est
1086 4380 1289 4443 propter
1317 4370 1606 4440 iniquitates
1631 4380 1851 4425 nostras.
1878 4370 2115 4424 Eruditio

538 4471 680 4539 pacis
702 4478 887 4522 nostris
924 4480 1076 4536 super
1119 4479 1254 4529 eum,
1298 4461 1351 4515 in
1383 4460 1539 4515 livore
1563 4461 1671 4532 ejus
1710 4461 1876 4515 sanati
1919 4477 2114 4516 sumus.

540 4560 729 4618 Omnes
755 4567 808 4613 ut
840 4573 959 4612 oves
1003 4554 1299 4616 mouimus,
1345 4554 1394 4606 et
1436 4550 1687 4605 Dominus
1730 4550 1938 4603 tradidit
1968 4550 2114 4603 illum

540 4669 628 4723 pro
656 4648 868 4722 peccatis
894 4647 1099 4702 nostris.
1124 4643 1187 4698 Et
1213 4644 1321 4714 ipse
1341 4643 1584 4713 quoniam
1604 4640 1736 4695 male
1760 4649 2001 4694 tractatus
2016 4650 2111 4705 est,

536 4763 638 4800 non
660 4742 856 4815 aperuit
881 4757 937 4795 os
954 4755 975 4804 ;
1004 4749 1059 4793 ut
1089 4739 1195 4793 ouis
1238 4736 1305 4790 ad
1342 4734 1708 4790 inmolandam
1735 4732 1916 4788 ductus
1944 4743 2036 4797 est,
2067 4742 2115 4787 et

534 4848 589 4889 ut
614 4848 777 4907 agnus
802 4842 918 4886 ante
935 4846 1046 4885 eum
1064 4828 1151 4898 qui
1176 4844 1228 4883 se
1247 4825 1472 4881 tonderet
1497 4826 1593 4895 fuit
1620 4826 1729 4878 sine
1748 4840 1883 4891 voce,
1920 4824 1992 4878 sic
2013 4840 2116 4877 non

533 4925 730 4993 aperuit
754 4937 991 4976 ossuum.
1034 4918 1101 4973 In
1141 4918 1421 4972 humilitate
1459 4915 1711 4970 sublatum
1748 4923 1822 4967 est
1853 4913 2112 4984 judicium

534 5017 644 5086 ejus
670 5028 689 5067 :
714 5009 1081 5082 generationem
1098 5009 1207 5078 ejus
1233 5007 1342 5076 quis
1374 5003 1664 5060 euarrabit?
1692 5003 1928 5073 quoniam
1967 5001 2114 5056 tolle-

535 5118 618 5159 tur
642 5102 707 5158 de
731 5112 863 5155 terra
883 5100 983 5153 uita
1009 5098 1136 5169 ejus,
1161 5096 1221 5150 ab
1242 5095 1584 5162 iniquitatibus
1615 5094 1793 5165 populi
1817 5093 1915 5147 mei
1933 5092 2114 5148 ductus

535 5194 934 5252 estadomortem.
963 5188 1100 5242 Dabo
1119 5203 1238 5259 ergo
1256 5187 1413 5242 malos
1429 5197 1631 5259 prapter
1645 5185 1957 5257 sepulturam
1978 5184 2111 5254 ejus,

534 5299 583 5344 st
601 5285 776 5341 divites
798 5289 1003 5354 propter
1027 5288 1235 5333 mortem
1261 5278 1392 5350 ejus,
1434 5277 1495 5331 ob
1516 5277 1609 5331 hoc
1633 5274 1769 5347 quod
1796 5273 2113 5346 iniquitatem

598 5398 1385 5483 sedansupi'aidquadmﬁrmi
1410 5403 2116 5469 erantJMusa-lptlnonha-

536 5475 881 5590 δῳυιξῗίωεε.
901 5567 917 5594 ,
949 5542 1080 5583 unus
1114 5527 1355 5595 Belgicus,
1398 5527 1525 5580 alter
1565 5528 1843 5589 Vaticanus,
1885 5533 2113 5592 tanquam

1551 5649 1716 5722 verbis
2034 5662 2117 5700 ηο-

539 5736 665 5776 m.
686 5711 826 5771 Forte
847 5712 1014 5769 deleto
1047 5717 1112 5766 ibi
1133 5711 1362 5775 ,'novum,
1389 5712 1535 5764 lectio
1555 5713 1660 5762 haec
1675 5711 1847 5761 melior
1867 5714 1980 5774 erit,
1997 5725 2114 5763 can-

543 5786 687 5843 thau
705 5790 874 5834 tum
898 5784 1107 5832 cantanti
1127 5790 1216 5838 per
1247 5781 1586 5828 Testamentum
1610 5782 1800 5825 Novum.

1188 366 1279 425 DE
1326 368 1785 427 PECCATORUM
1822 371 2095 427 MERITIS
2133 370 2217 425 ET
2258 371 2683 440 REMISSIONE,
2724 375 2780 431 S.
2821 374 3184 433 AUGUSTI)"

3713 388 3819 443 HO

2253 499 2353 537 non
2383 485 2574 556 fecerit,
2605 503 2692 542 nec
2714 488 2884 541 dolum
2912 505 2998 543 ore
3036 507 3146 555 suo,
3190 491 3436 548 Dominus
3474 496 3577 548 vult
3607 514 3835 568 purgare

2251 575 2392 628 illum
2419 574 2481 628 de
2506 575 2678 648 plaga.
2733 577 2792 632 Si
2830 578 3065 633 dederitis
3089 595 3174 634 vos
3203 580 3262 634 ob
3300 582 3484 637 delicta
3513 594 3678 640 vestra
3725 604 3834 641 ωηο

2251 682 2385 718 mam
2413 675 2645 732 vestram,
2679 667 2902 722 videbitis
2922 686 3087 724 semen
3113 671 3280 742 longa:
3301 673 3416 728 vim:
3436 674 3475 729 ί.
3497 674 3563 729 Et
3589 679 3693 731 vult
3726 676 3838 732 Do-

2249 755 2414 809 minus
2443 760 2642 827 auferre
2665 774 2695 810 a
2720 758 2977 813 doloribus
3005 761 3230 815 animam
3261 762 3392 832 ejus,
3438 765 3705 821 ostendere
3752 768 3835 823 illi

2249 847 2430 913 lucem,
2454 856 2500 900 ct
2524 848 2744 917 ﬁgurare
2779 866 2869 921 per
2911 867 3133 917 sensum,
3158 853 3443 922 justiﬁeare
3470 858 3669 926 justum
3707 857 3834 916 bene

2247 939 2533 992 servientem
2563 941 2808 1007 pluribus,
2845 952 2895 996 et
2937 953 3141 1014 peccata
3162 942 3371 999 illorum
3395 947 3505 1017 ipse
3541 950 3831 1004 sustinebit.

2249 1025 2523 1099 I’rOpterea
2548 1031 2655 1100 ipse
2674 1031 2986 1087 htercditabit
3006 1035 3311 1107 complures,
3335 1047 3381 1091 et
3404 1040 3613 1110 fortium
3635 1042 3829 1110 partie-

2246 1130 2329 1173 tur
2353 1123 2539 1191 spolia,
2572 1119 2777 1194 praptcr
2800 1126 2933 1193 quod
2957 1129 3146 1182 tradita
3171 1138 3244 1183 est
3271 1132 3443 1183 anima
3465 1132 3574 1201 ejus
3595 1120 3664 1185 ad
3684 1150 3828 1186 mor-

2244 1221 2361 1277 tem,
2414 1220 2461 1264 et
2496 1212 2626 1265 inter
2664 1213 2860 1281 iniquos
2904 1217 3181 1270 cstimatus
3230 1228 3340 1285 est,
3387 1228 3435 1273 et
3480 1220 3589 1291 ipse
3617 1231 3829 1291 peccata

2241 1299 2515 1353 multorum
2534 1302 2789 1364 sustinuit,
2819 1312 2867 1357 et
2898 1313 3102 1371 prapter
3125 1306 3412 1375 iniquitates
3441 1324 3615 1361 eorum
3655 1310 3823 1363 tradi-

2240 1399 2322 1443 tus
2347 1399 2416 1443 est
2438 1388 2589 1461 (tsai.
2618 1407 2727 1458 LII],
2756 1393 2932 1464 3—12).
2966 1394 3193 1450 Attende
3222 1397 3380 1450 etiam
3410 1397 3538 1451 illud
3574 1398 3824 1468 ejusdem

2242 1480 2532 1549 prephetze,
2561 1481 2701 1551 quod
2727 1482 2793 1537 de
2813 1498 2870 1537 se
2898 1484 3243 1554 commetum,
3276 1486 3490 1542 lectoris
3519 1491 3677 1543 etiam
3699 1490 3823 1546 {un-

2238 1577 2355 1623 ctus
2386 1568 2564 1624 ofﬁcio
2608 1572 2659 1625 in
2690 1587 2955 1644 synagoga
2987 1575 3099 1644 ipse
3127 1576 3370 1631 recitavit
3399 1595 3414 1633 :
3445 1578 3671 1647 Spiritus
3707 1581 3823 1636 Do-

2237 1660 2363 1712 mini
2404 1677 2557 1730 super
2579 1678 2694 1729 me,
2743 1672 2946 1733 propter
2972 1666 3109 1736 quod
3152 1668 3297 1721 unxit
3335 1685 3433 1737 me,
3471 1674 3824 1742 euangelizare

2237 1752 2538 1822 pauperibus
2557 1755 2691 1807 misit
2706 1771 2814 1831 me,
2837 1764 2891 1810 ut
2912 1759 3202 1829 refrigerem
3223 1762 3309 1830 qui
3323 1762 3343 1791 '
3365 1761 3417 1814 in
3443 1779 3684 1832 pressura
3702 1782 3823 1820 cor-

2235 1842 2315 1896 dis
2340 1851 2475 1908 sunt,
2511 1844 2788 1914 praedicare
2814 1848 3026 1917 captiuis
3054 1850 3419 1919 remissionem,
3462 1863 3509 1906 et
3544 1855 3694 1909 cacis
3741 1855 3820 1908 vi-

2235 1948 2346 1986 sum
2370 1931 2479 2004 (Id.
2509 1950 2616 2001 ut,
2650 1936 2674 1988 l
2701 1950 2714 1998 ;
2742 1934 2869 1990 an.
2893 1952 2967 2003 tv,
3000 1938 3209 2011 1631).
3242 1938 3441 1995 Omnes
3470 1956 3598 2013 ergo
3619 1956 3820 2013 agnos-

2233 2036 2437 2089 camus,
2466 2039 2565 2079 ncc
2593 2026 2732 2081 ullus
2781 2035 3040 2097 exceptus
3079 2029 3148 2083 sit
3192 2045 3400 2097 eorum,
3431 2032 3521 2100 qui
3568 2033 3819 2091 volumus

2232 2116 2441 2185 corpori
2466 2115 2581 2186 ejus
2611 2118 2842 2183 hzerere,
2874 2135 2972 2189 per
2993 2134 3116 2175 eum
3158 2120 3212 2175 in
3251 2122 3388 2178 ovile
3430 2124 3547 2193 ejus
3588 2125 3815 2194 intrare,

2231 2207 2298 2262 ad
2325 2207 2484 2262 vitam
2513 2216 2565 2263 et
2589 2210 2834 2275 salutem,
2870 2224 3028 2281 quam
3060 2213 3173 2268 suis
3198 2215 3460 2283 promisit,
3493 2225 3812 2286 perpetuam

2231 2298 2510 2366 pervcnire
2528 2298 2550 2329 ⁸
2577 2316 2590 2353 :
2619 2312 2805 2353 omnes
2829 2342 2842 2365 ,
2880 2302 3111 2370 inquam,
3155 2317 3506 2373 agnoscamus
3532 2322 3652 2360 eum
3674 2349 3689 2375 ,
3721 2308 3813 2378 qui

2232 2400 2505 2461 peceatum
2553 2408 2656 2448 non
2711 2393 2872 2461 fecit,
2914 2405 2969 2451 et
3015 2405 3230 2466 peccata
3281 2411 3464 2455 nostra
3509 2403 3729 2472 pertulit
3759 2405 3815 2457 in

2229 2496 2455 2549 corpore
2478 2496 2573 2535 suo
2598 2494 2759 2552 super
2786 2484 3006 2554 lignum,
3032 2497 3089 2540 ut
3116 2502 3145 2540 a
3178 2489 3410 2557 peccatis
3433 2492 3661 2560 separati
3685 2507 3813 2546 cum

2224 2571 2428 2641 justitia
2481 2573 2752 2640 vivamus;
2800 2574 2952 2645 cujus
2998 2577 3337 2633 cicatricibus
3388 2580 3559 2634 sanati
3590 2595 3809 2645 sumus,

2230 2663 2425 2719 infirmi
2471 2679 2592 2718 cum
2641 2678 2882 2719 essemus
2929 2665 3028 2738 (a),
3057 2675 3307 2738 tanquam
3334 2684 3527 2739 pecora
3573 2674 3811 2727 errantia

2228 2754 2273 2827 (Ι
2311 2754 2447 2809 Petr.
2477 2772 2530 2821 ιι,
2554 2756 2644 2822 22,
2673 2757 2763 2823 24,
2794 2754 2914 2827 25).

2299 2846 2525 2903 CAPUT
2560 2842 2989 2906 XXVlll.-55.
3040 2850 3245 2923 Colligit
3272 2866 3443 2908 omnes
3471 2870 3613 2925 egere
3647 2867 3809 2910 morte

2226 2938 2445 3006 Christi,
2486 2950 2539 2994 ut
2564 2941 2832 2997 solventur.
2867 2942 3081 2998 Parvuli
3109 2961 3209 2999 non
3237 2945 3477 3015 baptizati
3505 2947 3556 3001 in
3588 2949 3805 3000 damna-

2228 3033 2363 3086 tione
2392 3041 2535 3111 erant
2577 3050 2689 3086 cum
2734 3034 2955 3088 diabolo.
2999 3034 3263 3099 Quomodo
3306 3052 3477 3092 omnes
3517 3054 3606 3108 per
3642 3038 3810 3092 Adam

2226 3120 2295 3174 ad
2319 3121 2782 3177 condemnationem
2802 3165 2817 3190 ,
2862 3134 2911 3178 et
2951 3140 3120 3179 omnes
3156 3142 3247 3195 per
3273 3125 3527 3180 Christum
3556 3128 3623 3181 ad
3654 3129 3812 3197 justi-

2226 3212 2532 3281 ﬁcationem.
2566 3211 2728 3267 Nemo
2757 3228 2872 3267 eum
2902 3214 3010 3268 Deo
3037 3215 3388 3269 reconciliatur
3412 3217 3511 3270 nisi
3540 3234 3627 3287 per
3654 3216 3809 3273 Chri-

2201 3314 2377 3359 stum.
2410 3304 2540 3371 Quae
2583 3319 2703 3359 cum
2745 3305 2815 3359 ita
2865 3306 3001 3371 sint,
3039 3306 3571 3376 ueminemunquam
3619 3323 3808 3363 eorum

2224 3395 2314 3465 qui
2351 3393 2418 3448 ad
2465 3394 2737 3449 Christum
2766 3405 3108 3449 accesserunt
3156 3411 3250 3465 per
3278 3396 3627 3465 Baptismum,
3675 3412 3809 3452 sana

2225 3487 2357 3542 ﬁdes
2378 3495 2431 3542 et
2456 3500 2584 3542 sana
2621 3487 2859 3542 doctrina
2910 3489 3111 3557 putavit
3140 3495 3422 3558 exceptum
3451 3504 3479 3543 a
3498 3491 3673 3561 gratia
3711 3508 3803 3546 re-

2224 3576 2493 3632 missionis
2529 3586 2901 3648 peccatorum,
2928 3593 3031 3651 nec
3078 3591 3199 3633 esse
3227 3593 3384 3648 posse
3421 3579 3576 3634 alicui
3611 3590 3809 3650 prmter

2222 3686 2445 3742 regnum
2471 3671 2607 3740 ejus,
2636 3679 2887 3725 aeternam
2912 3670 3160 3726 salutem.
3189 3670 3313 3726 llazc
3335 3672 3477 3726 enim
3490 3681 3690 3742 ‘parata
3720 3682 3805 3728 est

2222 3762 2445 3819 revelari
2477 3763 2529 3817 in
2561 3771 2797 3832 tempore
2823 3763 3112 3817 novissimo
3140 3761 3250 3833 (Id.
3284 3779 3323 3827 ι,
3352 3763 3428 3834 5),
3472 3764 3573 3819 hoc
3615 3773 3717 3831 est,
3749 3766 3801 3818 in

2222 3855 2616 3910 resurrectione
2646 3863 2997 3920 mortuorum,
3022 3855 3399 3922 pertinentium
3431 3870 3537 3909 non
3563 3854 3627 3908 ad
3656 3870 3803 3909 mor-

2224 3953 2329 4000 tem
2357 3952 2631 4009 aeternam,
2659 3959 2777 4014 quae
2801 3943 3032 3999 secunda
3071 3957 3219 3999 mors
3263 3944 3576 4014 appellatur,
3606 3945 3699 4000 sed
3735 3946 3807 4000 ad

2222 4035 2384 4089 vitam
2413 4044 2689 4099 aeternam,
2733 4049 2890 4104 quam
2933 4035 3197 4105 promittit
3235 4048 3340 4088 non
3377 4034 3608 4089 mendas
3660 4036 3806 4089 Deus

2221 4125 2421 4180 sanctis
2449 4134 2504 4180 et
2534 4125 2775 4180 ﬁdelibus
2796 4124 2940 4189 suis;
2968 4126 3120 4194 cujus
3152 4126 3275 4179 vita:
3300 4124 3587 4195 participes
3611 4139 3804 4180 omnes

2222 4228 2326 4270 non
2374 4215 2779 4270 viviﬁcabuntur
2808 4215 2909 4269 nisi
2956 4214 3013 4268 in
3056 4214 3288 4279 Christo,
3335 4214 3475 4270 sicut
3522 4215 3575 4270 in
3618 4214 3791 4269 Adam

2220 4319 2410 4361 omnes
2451 4306 2752 4360 moriuntur
2785 4303 2827 4375 (Ι
2866 4303 2986 4359 Cor.
3034 4319 3138 4371 sv,
3168 4304 3278 4371 22).
3335 4304 3802 4372 Quemadmodum

2220 4397 2360 4452 enim
2386 4410 2575 4452 omnes
2593 4397 2811 4450 omnino
2837 4395 3165 4464 pertinentes
3189 4394 3255 4449 ad
3279 4396 3676 4464 generationem
3704 4410 3801 4448 vo-

2220 4488 2437 4557 luntatis
2461 4489 2637 4544 carnis
2665 4503 2769 4542 non
2801 4487 3118 4565 moriuntur,
3163 4485 3265 4539 nisi
3296 4486 3351 4540 in
3391 4485 3560 4540 Adam
3601 4486 3653 4539 in
3684 4500 3797 4555 quo

2220 4593 2406 4635 omnes
2432 4587 2786 4650 peccaverunt
2817 4595 2830 4633 τ
2860 4577 2939 4633 sic
2978 4593 3042 4633 ex
3087 4577 3169 4632 his
3192 4592 3382 4631 omnes
3423 4576 3642 4631 omnino
3669 4592 3798 4647 per—

2223 4672 2449 4727 tinentes
2484 4670 2550 4725 ad
2585 4671 3043 4741 regenerationem
3092 4670 3378 4724 voluntatis
3408 4670 3658 4741 spiritus,
3689 4686 3797 4724 non

2219 4760 2548 4814 viviﬁcantur
2575 4760 2675 4814 nisi
2703 4759 2756 4814 in
2783 4759 3015 4825 Christo,
3048 4761 3099 4814 in
3143 4777 3248 4829 quo
3289 4775 3478 4815 omnes
3495 4760 3798 4829 justiﬁcan-

2220 4858 2326 4904 tur.
2358 4850 2489 4919 Quia
2519 4850 2656 4904 sicut
2707 4865 2804 4919 per
2848 4865 3011 4904 unum
3051 4864 3241 4904 omnes
3286 4850 3351 4903 ad
3400 4850 3803 4905 condemnatio-

2219 4956 2362 5006 nem,
2392 4942 2468 4996 sic
2498 4958 2592 5012 per
2629 4957 2792 4996 unum
2830 4955 3018 4996 omnes
3060 4941 3125 4994 ad
3151 4940 3584 5010 justiﬁcationem
3614 4941 3806 5010 (Rom.

2221 5047 2271 5097 v,
2304 5033 2416 5103 l8).
2446 5031 2556 5087 Nec
2577 5038 2661 5086 est
2683 5031 2820 5085 ullus
2850 5031 2945 5084 ulli
2972 5031 3181 5086 medius
3202 5031 3372 5094 locus,
3398 5039 3455 5084 ut
3480 5032 3649 5100 possit
3674 5045 3795 5085 esse

2219 5124 2320 5178 nisi
2340 5138 2457 5178 cum
2497 5122 2729 5187 diabolo,
2759 5122 2848 5193 qui
2873 5137 2980 5178 non
3009 5132 3092 5177 est
3120 5139 3242 5177 cum
3272 5122 3505 5178 Christo.
3557 5121 3695 5177 Hinc
3742 5131 3798 5177 et

2219 5219 2332 5288 ipse
2359 5216 2612 5271 Dominus
2638 5216 2824 5270 volens
2871 5216 3083 5270 auferre
3108 5215 3177 5270 de
3205 5216 3454 5270 cordibus
3494 5216 3634 5270 male
3672 5229 3797 5269 cre—

2218 5306 2454 5363 dentium
2498 5306 2654 5361 istam
2701 5306 2883 5361 nescio
2916 5320 3071 5375 quam
3118 5305 3480 5371 medietatem,
3520 5320 3679 5376 quam
3709 5321 3800 5359 co-

2282 5447 2301 5509 !
2334 5444 2485 5495 Nostri
2506 5453 2680 5493 omnes
2699 5449 2804 5509 ωδε.
2829 5441 3030 5509 habent,
3055 5438 3343 5509 longissime
3364 5438 3491 5509 ι’ίὲατ·
3731 5498 3744 5509 .
3775 5496 3785 5509 .

2282 5508 2303 5540 ²
2327 5514 2426 5555 Am.
2454 5511 2533 5570 Er.
2570 5510 2624 5555 et
2653 5503 2872 5570 Gallicani
2896 5498 3025 5561 Mss,
3051 5498 3375 5570 evuizgelizare
3398 5498 3651 5570 humilibus
3675 5498 3805 5570 misit

2218 5580 2315 5631 me,
2338 5572 2390 5631 ut
2412 5566 2698 5631 refrigerent
2708 5565 2814 5631 qui.
2843 5573 2969 5614 Unus
2992 5577 3022 5613 e
3048 5562 3277 5631 {adclinis
3298 5570 3425 5626 Itss.,
3450 5569 3500 5613 ut
3519 5562 3807 5628 refrigerent

2219 5629 2272 5680 m‘
2285 5627 2392 5700 gui.
2418 5625 2566 5700 alios,
2575 5634 2624 5679 ut
2640 5625 2983 5700 reffigereftwr
2995 5625 3096 5690 quin

2284 5690 2314 5723 ‘
2339 5697 2389 5739 tn
2418 5691 2646 5739 omnibus
2666 5690 2844 5738 nostris
2870 5696 2998 5744 Mss,
3021 5690 3278 5751 pertinere.

2285 5772 2359 5835 (tt)
2390 5773 2624 5822 omissum
2642 5770 2722 5821 hic
2740 5768 2918 5834 aliquid
2939 5769 3149 5818 videtur.
