4168 6540
349 434 440 489 HI

343 553 536 599 nuntur
562 541 776 612 quidam
799 546 1032 611 parvulis
1081 550 1187 591 non
1229 530 1510 604 baptizatis
1557 527 1815 592 tribuere,
1873 529 1931 577 ut

344 634 491 705 quasi
525 634 716 687 merito
740 629 1057 686 innocentia:
1085 628 1191 681 sint
1220 627 1271 680 in
1299 625 1402 677 vita
1433 631 1654 684 aeterna,
1682 616 1776 673 sed
1807 614 1929 684 quia

347 741 449 781 non
473 734 595 779 sunt
612 724 879 794 baptizati,
904 735 1009 776 non
1032 719 1138 773 sint
1155 732 1276 772 cum
1297 714 1512 769 Christo
1529 712 1580 765 in
1601 723 1775 781 regno
1793 707 1929 778 ejus,

348 817 669 873 definitivam
694 815 909 886 protulit
924 814 989 867 ad
1010 814 1122 867 haec
1138 826 1229 866 ora
1246 805 1568 865 obstruenda
1590 804 1929 865 sententiam,

351 908 435 962 ubi
453 907 525 961 ait
545 925 557 960 :
580 905 678 973 Qui
693 921 883 960 mecum
902 920 1000 957 non
1017 911 1108 968 est,
1132 900 1395 954 adversum
1418 912 1496 950 nte
1517 904 1588 950 est
1604 893 1818 963 (Matth.
1838 907 1931 956 xu,

351 998 464 1069 ὅθ).
494 997 777 1052 Constitue
796 996 954 1065 igitur
974 993 1260 1065 quemlibet
1283 988 1563 1060 parvulum
1586 1003 1598 1040 :
1620 986 1662 1041 si
1686 985 1794 1054 jam
1812 998 1935 1038 cum

352 1089 561 1145 Christo
581 1096 684 1156 est,
712 1087 899 1159 utquid
929 1084 1260 1157 baptizatur?
1289 1084 1342 1139 Si
1370 1090 1570 1147 autem,
1609 1078 1750 1150 quod
1779 1076 1939 1133 habet

352 1186 566 1250 veritas,
603 1182 724 1237 ideo
764 1179 1080 1250 baptizatur,
1106 1184 1165 1232 ut
1192 1176 1260 1231 sit
1288 1189 1406 1231 cum
1432 1172 1666 1239 Christo,
1698 1167 1938 1239 profecto

354 1291 459 1330 non
504 1275 797 1343 baptizatus
823 1288 929 1326 non
964 1279 1045 1325 est
1073 1284 1192 1322 eum
1221 1267 1469 1329 Christo,
1504 1271 1558 1318 et
1582 1263 1703 1333 quia
1727 1276 1829 1314 non
1857 1268 1940 1315 est

353 1382 473 1422 cum
490 1364 724 1430 Christo,
752 1360 1289 1419 adverSttstristum
1314 1365 1423 1421 est;
1450 1369 1622 1425 neque
1650 1356 1791 1409 enim
1822 1351 1939 1421 ejus

357 1469 460 1511 tam
491 1456 821 1511 manifestam
846 1453 1105 1508 debemus
1125 1460 1216 1504 aut
1242 1460 1524 1520 possumus
1551 1442 1826 1499 inlirmare
1854 1441 1937 1497 vel

356 1549 640 1602 immutare
686 1546 1026 1601 sententiam.
1082 1541 1236 1598 Unde
1281 1540 1442 1610 igitur
1470 1537 1727 1592 adversus
1774 1531 1938 1588 Chri-

357 1648 518 1703 stum,
540 1639 584 1694 si
615 1654 718 1694 non
747 1654 811 1693 ex
836 1644 1056 1708 peccato
1075 1635 1091 1667 ¹
1112 1633 1137 1676 ’θ
1169 1645 1341 1702 neque
1369 1630 1513 1684 enim
1541 1643 1605 1681 ex
1631 1639 1863 1695 corpore
1883 1631 1942 1679 et

358 1732 557 1798 anima,
585 1745 706 1800 qua:
754 1737 979 1796 utraque
1024 1726 1117 1780 Dei
1150 1733 1395 1779 creatura
1428 1730 1529 1777 est.
1572 1719 1742 1774 Porro
1779 1716 1825 1770 si
1874 1729 1943 1770 ex

362 1830 597 1888 peccato,
621 1818 760 1890 quod
782 1821 836 1873 in
860 1816 949 1872 illa
970 1823 1147 1882 :etate,
1167 1814 1268 1868 nisi
1296 1811 1551 1881 originale
1566 1816 1620 1865 et
1639 1804 1943 1877 antiquum?

361 1911 476 1968 Uua
503 1921 586 1966 est
610 1911 807 1981 quippe
832 1923 958 1963 caro
986 1906 1210 1977 peccati,
1253 1904 1306 1958 in
1337 1918 1441 1974 qua
1480 1915 1670 1956 omnes
1700 1898 1765 1953 ad
1796 1896 1945 1952 dam-

362 2002 629 2056 nationem
658 2009 983 2064 nascnntur;
1009 2006 1064 2053 et
1105 2010 1209 2051 una
1234 2002 1317 2049 est
1340 2008 1467 2048 caro
1510 1992 1565 2047 in
1600 1988 1947 2045 similitudine

363 2091 540 2146 carnis
568 2089 791 2159 peccati,
821 2103 919 2160 per
961 2101 1119 2159 quam
1166 2099 1357 2141 omnes
1384 2099 1415 2139 a
1441 2082 1786 2137 damnatione
1815 2079 1948 2133 libe-

362 2192 565 2235 rantur.
598 2179 706 2235 Nec
735 2181 805 2234 ita
853 2178 1053 2233 dictum
1083 2184 1165 2232 est
1189 2189 1401 2241 omnes,
1451 2173 1596 2228 velut
1624 2170 1947 2240 quicumque

366 2283 650 2331 nascuntur
679 2274 733 2328 in
761 2287 923 2329 carne
947 2270 1184 2342 peccati,
1214 2268 1376 2323 iidem
1422 2264 1522 2336 ipsi
1567 2277 1759 2318 omnes
1787 2277 1946 2315 mun-

364 2367 478 2422 (ιιι-ἰ
505 2366 865 2436 intelligantur
902 2378 999 2434 per
1027 2376 1243 2417 carnem
1290 2358 1520 2414 similem
1550 2355 1727 2412 carnis
1758 2368 1951 2423 pecca-

369 2460 441 2523 ti;
486 2473 584 2511 non
612 2457 746 2510 enim
786 2456 1012 2509 omnium
1049 2460 1122 2507 est
1164 2451 1293 2522 [idea
1320 2448 1385 2521 (ll
1414 2447 1590 2502 Thess.
1619 2461 1695 2509 ιιι,
1723 2443 1780 2518 2)
1813 2462 1825 2497 :
1855 2443 1950 2497 sed

366 2563 555 2604 clunes
582 2549 909 2619 pertinentes
935 2546 1002 2600 ad
1044 2543 1447 2616 generationem
1479 2537 1734 2595 connubii
1764 2552 1954 2591 carna-

370 2639 469 2703 lis,
503 2653 607 2693 non
640 2647 930 2693 nascuntur
971 2636 1071 2691 nisi
1119 2636 1173 2689 in
1203 2646 1367 2688 carne
1394 2630 1636 2704 peccati;
1682 2636 1738 2684 et
1761 2641 1952 2683 omnes

369 2733 699 2802 pertinentes
749 2729 816 2784 ad
862 2727 1262 2800 generationem
1312 2722 1564 2780 connubii
1616 2719 1948 2791 spiritualis,

372 2840 476 2878 non
499 2822 820 2878 inundantur
848 2821 946 2875 uisi
978 2835 1072 2890 per
1096 2832 1313 2875 carnem
1355 2815 1587 2871 similem
1612 2813 1793 2869 carnis
1821 2825 1951 2881 pec-

368 2916 473 2969 cati
507 2934 520 2967 :
552 2915 653 2969 hoc
680 2922 796 2980 est,
847 2913 923 2968 illi
973 2927 1071 2982 per
1123 2910 1292 2965 Adam
1319 2908 1387 2963 ad
1427 2904 1952 2967 condemnationem,

372 3009 457 3062 isti
490 3022 581 3077 per
606 3006 875 3061 Christum
900 3004 966 3059 ad
990 3002 1452 3073 justifieationem.
1481 2999 1759 3067 Tanquam
1798 2995 1843 3049 si
1873 2994 1958 3048 di-

372 3113 575 3164 camus,
605 3097 752 3153 verbi
782 3096 949 3168 gratia
976 3138 989 3160 ,
1017 3094 1133 3151 Una
1163 3102 1246 3150 est
1277 3093 1537 3149 obstetrix
1586 3090 1640 3145 in
1684 3088 1786 3144 hac
1822 3087 1957 3143 civi.

375 3201 501 3255 tate,
548 3206 667 3261 qua:
694 3203 883 3245 omnes
912 3187 1141 3257 excipit;
1170 3194 1225 3241 et
1253 3200 1391 3239 unus
1419 3191 1502 3238 est
1545 3181 1631 3236 hic
1654 3181 1956 3235 litterarum

376 3284 647 3353 magister,
671 3281 759 3352 qui
782 3294 969 3335 omnes
989 3278 1173 3333 docet:
1195 3290 1369 3346 neque
1393 3274 1464 3329 ibi
1488 3271 1704 3342 intelligi
1734 3276 1959 3340 possunt

374 3388 581 3439 omnes,
611 3372 711 3426 nisi
740 3371 831 3443 qui
852 3379 1177 3433 nascuntur;
1200 3382 1375 3438 neque
1400 3365 1487 3421 hic
1505 3378 1714 3427 omnes,
1739 3361 1842 3417 nisi
1868 3360 1960 3431 qui

375 3466 759 3521 discuntznon
791 3472 966 3519 tamen
1020 3476 1209 3517 omnes
1250 3461 1337 3530 qui
1390 3465 1702 3520 nascuntur,
1754 3455 1961 3509 litteras

376 3558 606 3613 discunt.
634 3556 737 3613 Sed
765 3556 933 3612 cuivis
958 3554 1142 3619 claret,
1174 3551 1317 3622 quod
1344 3559 1399 3605 et
1427 3547 1537 3603 illic
1583 3554 1732 3602 recte
1756 3544 1960 3600 dictum

376 3658 479 3716 est,
504 3648 701 3704 Omnes
724 3647 941 3717 excipit,
975 3656 1171 3716 praeter
1197 3643 1348 3714 cujus
1373 3654 1560 3696 manus
1586 3652 1748 3693 nemo
1785 3634 1962 3691 nasci-

377 3751 498 3806 tur;
528 3749 581 3795 ct
609 3739 694 3795 hic
718 3746 865 3795 recte
889 3738 1088 3793 dictum
1134 3743 1249 3797 est,
1294 3732 1492 3789 Omnes
1533 3730 1720 3796 docet,
1765 3735 1964 3799 praster-

378 3833 530 3901 cujus
555 3831 914 3902 magisterium
939 3841 1099 3883 nemo
1122 3825 1300 3880 discit.

450 3923 539 3978 56.
578 3912 943 3977 Consideratis
961 3927 1135 3973 autem
1160 3913 1406 3969 omnibus
1423 3910 1624 3967 divinis
1646 3909 1968 3966 testimoniis

378 4029 498 4085 qua:
534 4011 980 4072 commemoravi.
1031 4010 1144 4064 sive
1189 4004 1495 4074 singillatim
1539 4002 1608 4058 de
1647 4015 1965 4071 unoquoque

378 4106 674 4175 disputans,
706 4105 818 4160 sive
845 4102 1131 4158 acervatim
1159 4100 1323 4153 multa
1345 4105 1685 4167 congestam,
1716 4095 1797 4149 vel
1817 4109 1967 4164 qua:-

380 4209 609 4265 cumque
643 4193 834 4248 similia
875 4207 979 4247 non
1028 4189 1477 4253 commemoravi;
1522 4186 1654 4241 nihil
1699 4185 1967 4240 invenitur

383 4286 484 4341 nisi
533 4283 676 4356 quod
726 4284 969 4339 universa
1021 4282 1261 4337 Ecclesia
1311 4286 1489 4343 tenet,
1536 4292 1659 4348 quae
1710 4276 1966 4332 adversus

385 4391 573 4432 omnes
602 4374 849 4447 profanas
874 4374 1133 4429 novitates
1156 4372 1378 4443 vigilare
1402 4369 1599 4435 debet,
1624 4382 1838 4422 omnem
1865 4366 1965 4421 ho-

383 4468 581 4524 minem
608 4466 844 4538 separari
872 4482 902 4519 a
929 4466 1058 4526 Deo.
1085 4464 1189 4520 nisi
1216 4463 1306 4533 qui
1332 4477 1425 4532 per
1446 4460 1792 4515 mediatorem
1815 4458 1971 4515 Chri-

385 4570 523 4615 stum
550 4555 924 4612 reconciliatur
954 4556 1063 4610 Deo
1081 4595 1097 4619 ,
1129 4567 1229 4609 nec
1255 4551 1492 4622 separari
1518 4564 1838 4620 quemquam
1868 4548 1969 4604 nisi

385 4648 618 4722 peccatis
642 4646 1117 4704 intercludentibus
1138 4659 1313 4716 posse.
1341 4643 1458 4699 Non
1485 4657 1614 4714 ergo
1636 4642 1969 4697 reconciliari

387 4742 487 4796 nisi
518 4750 855 4812 peccatorum
886 4739 1221 4805 remissione,
1254 4752 1349 4808 per
1372 4751 1530 4790 tinam
1560 4736 1782 4806 gratiam
1810 4735 1971 4789 mise-

387 4833 732 4889 ricordissimi
759 4832 1069 4898 Salvatoris,
1103 4846 1198 4900 per
1220 4844 1379 4885 unam
1407 4828 1675 4883 victimam
1704 4825 1969 4882 verissimi

384 4926 689 4984 Sacerdotis
711 4944 725 4981 :
753 4942 817 4981 ac
837 4926 916 4981 sic
934 4939 1124 4980 omnes
1146 4923 1283 4979 filios
1307 4920 1565 4984 mulieris,
1593 4934 1713 4990 quae
1733 4919 1971 4989 serpenti

384 5018 643 5085 credidit,
676 5026 735 5071 ut
770 5016 989 5073 libidine
1012 5023 1446 5083 corrumperetur
1489 5010 1641 5084 (Gen.
1682 5026 1770 5077 ιιι,
1825 5009 1970 5079 1-6),

384 5125 492 5164 non
523 5109 734 5165 liberari
761 5123 793 5163 a
821 5120 1047 5177 corpore
1075 5106 1262 5160 mortis
1301 5103 1457 5173 hujus
1478 5144 1496 5170 ,
1524 5103 1624 5158 nisi
1655 5117 1750 5171 per
1778 5100 1973 5156 Filium

388 5200 639 5269 Virginis,
667 5213 787 5269 quae
809 5197 999 5268 angelo
1024 5196 1283 5262 credidit,
1312 5205 1369 5250 ut
1392 5194 1509 5250 sine
1535 5193 1753 5248 libidine
1777 5192 1973 5249 fetare-

386 5302 472 5345 tur
501 5290 649 5364 (Luc.
682 5306 733 5355 ι,
770 5288 981 5361 26.58).
1726 5307 1737 5319 -

456 5382 683 5440 CAPUT
720 5380 914 5438 XXIX.
937 5381 1117 5438 —57.
1156 5377 1358 5435 Bonum
1389 5378 1614 5450 conjugii
1653 5376 1795 5448 quid.
1839 5375 1971 5432 Boni

388 5485 436 5530 et
462 5475 583 5529 ntali
608 5490 730 5529 usus
755 5482 972 5545 quatuor
999 5469 1315 5540 diﬂ'erentice.
1349 5469 1553 5525 Bonum
1581 5483 1712 5538 ergo
1739 5467 1972 5539 conjugii

389 5583 495 5624 non
521 5576 606 5625 est
630 5567 808 5622 fervor
844 5564 1287 5637 concupiscentia
1304 5604 1318 5628 ,
1350 5562 1444 5619 sed
1472 5562 1685 5634 quidam
1715 5562 1890 5616 licitus
1918 5568 1973 5615 et

390 5661 644 5717 honestus
664 5658 755 5714 illo
776 5656 982 5713 fervore
1002 5655 1183 5712 utendi
1204 5653 1413 5719 modus,
1437 5651 1791 5724 pronagandce
1812 5650 1970 5722 proli,

391 5768 495 5809 non
519 5749 794 5821 explenda:
819 5749 1020 5805 libidini
1048 5745 1497 5805 accommodatus.
1529 5738 1809 5818 [Voluntas
1840 5744 1970 5808 ista,

452 5880 467 5909 ι
504 5875 641 5936 rditi,
686 5873 780 5926 nisi
801 5887 864 5925 ea:
886 5879 1095 5938 peccato.
1124 5880 1177 5924 At
1199 5871 1523 5934 manserit“,
1551 5868 1594 5922 si
1615 5882 1723 5921 non.

1699 406 1897 464 LIBER
1939 402 2207 462 PRiMUS.

3528 411 3623 466 lla

2043 533 2147 574 non
2173 518 2414 592 voluptas
2436 520 2540 588 illa,
2564 521 2817 594 nuptialis
2836 532 2915 579 est
2936 521 2998 596 ‘.]
3021 523 3171 594 Quod
3192 525 3351 597 igitur
3377 527 3429 582 in
3451 543 3592 583 mem
3606 561 3627 570 -

2037 611 2150 669 bris
2180 614 2419 684 corporis
2445 616 2629 670 mortis
2660 614 2818 685 hujus
2859 614 3228 671 inobedienter
3258 626 3519 684 movetur,
3546 628 3622 672 to-

2038 715 2256 777 tumque
2283 706 2517 764 animum
2548 708 2599 763 in
2625 721 2683 763 se
2708 706 2973 779 dejectttm
3003 718 3228 765 conatur
3255 712 3543 776 attrahere,
3573 723 3628 768 et

2036 812 2212 871 neque
2252 815 2373 855 cum
2399 812 2550 855 mens
2583 800 2811 856 voluerit
2834 802 3090 872 exsurgit,
3121 816 3293 873 neque
3319 816 3438 858 cum
3472 804 3641 859 mens‘

2038 890 2268 945 voluerit
2293 890 2641 961 conquiescit,
2674 890 2775 947 hoc
2798 899 2881 947 est
2908 892 3105 946 malum
3134 893 3366 963 peccati,
3395 892 3446 949 in
3477 910 3582 965 qun
3604 884 3634 927 θ’

2041 982 2276 1036 nascitur
2311 982 2486 1037 omnis
2513 982 2697 1057 homo.
2724 982 2854 1038 Cum
2890 991 3067 1039 autem
3113 983 3181 1039 ab
3208 985 3401 1041 illicitis
3438 1000 3630 1041 curru-

2043 1072 2309 1141 ptionibus
2331 1073 2660 1141 refrenatur,
2691 1083 2745 1130 et
2771 1074 2839 1130 ad
2865 1074 2979 1132 sola
3008 1077 3219 1149 generis
3249 1077 3465 1133 humani
3496 1092 3629 1147 sup-

2043 1165 2307 1235 plementa
2348 1165 2590 1222 ordinate
2632 1167 2971 1239 propaganda
3008 1170 3353 1240 permittitur,
3400 1169 3504 1226 hoc
3550 1179 3635 1226 est

2042 1258 2239 1314 bonum
2260 1259 2488 1330 conjugii
2508 1302 2523 1327 ,
2557 1275 2652 1329 per
2674 1260 2816 1331 quod
2836 1261 3079 1318 ordinata
3109 1263 3365 1319 societate
3395 1265 3635 1319 nascitur

2043 1348 2225 1405 homo.
2260 1349 2366 1406 Sed
2405 1365 2563 1406 nemo
2593 1352 2891 1407 renascltur
2926 1353 2980 1407 in
3017 1352 3214 1409 Christi
3253 1369 3499 1425 corpore,
3529 1352 3636 1409 nisi

2043 1441 2190 1511 prius
2210 1451 2458 1496 nascatur
2475 1441 2527 1496 in
2544 1443 2747 1513 peccati
2768 1456 3013 1513 corpore.
3034 1441 3179 1500 Sicut
3196 1454 3373 1500 autem
3392 1446 3536 1502 bono
3558 1447 3636 1502 uti

2046 1532 2203 1597 male,
2234 1533 2432 1588 malum
2458 1543 2577 1600 est;
2600 1534 2678 1590 sic
2708 1528 2851 1607 malo
2880 1534 3017 1591 bene
3044 1536 3140 1602 uti,
3169 1532 3364 1592 bonum
3388 1546 3491 1594 est.
3519 1538 3636 1593 Duo

2046 1622 2203 1694 igitur
2230 1623 2367 1689 haec,
2399 1624 2597 1680 bonum
2625 1632 2680 1681 et
2703 1626 2922 1693 malum,
2950 1634 3004 1682 et
3028 1626 3129 1683 alia
3155 1627 3282 1695 duo,
3309 1643 3438 1685 usus
3462 1629 3639 1686 bonus

2045 1723 2100 1769 et
2126 1730 2251 1769 usus
2279 1716 2472 1783 malus,
2512 1716 2728 1773 sibimet
2755 1717 3002 1788 adjuncta
3042 1730 3275 1792 quatuor
3309 1721 3640 1779 differentias

2047 1806 2265 1864 faciunt.
2287 1809 2433 1865 Bene
2452 1808 2616 1865 utitur
2635 1810 2797 1878 bono,
2816 1812 3196 1868 continentiam
3217 1813 3470 1871 dedicans
3494 1813 3634 1870 Deo:

2049 1900 2189 1955 male
2214 1899 2382 1956 utitur
2408 1900 2569 1968 bono,
2601 1901 2981 1958 continentiam
3010 1903 3264 1961 dedicans
3306 1905 3470 1961 idolo.
3501 1905 3640 1962 Male

2049 1991 2215 2047 utitur
2264 1992 2444 2060 malo,
2494 1993 2984 2064 concupiscentiam
3033 1996 3283 2052 relaxans
3330 1996 3637 2052 adulterio:

2052 2078 2190 2138 bene
2214 2081 2379 2138 utitur
2402 2083 2559 2150 malo,
2584 2085 3071 2155 concupiscentiam
3096 2087 3422 2159 restringens
3445 2101 3646 2144 connu-

2053 2171 2161 2227 bio.
2190 2172 2339 2227 Sicut
2363 2187 2490 2243 ergo
2514 2174 2704 2229 melius
2731 2186 2813 2230 est
2841 2175 2979 2231 bene
3007 2176 3083 2231 uti
3108 2177 3250 2232 bono
3271 2220 3285 2242 ,
3313 2191 3474 2248 quam
3501 2178 3641 2235 bene

2053 2264 2133 2318 uti
2155 2263 2315 2332 malo,
2343 2281 2463 2321 cum
2491 2265 2559 2320 sit
2586 2274 2872 2337 utrumque
2896 2267 3094 2322 bonum
3121 2286 3134 2322 :
3167 2267 3237 2322 ita
3262 2271 3350 2340 qui
3372 2269 3460 2323 dat
3491 2271 3647 2341 virgi-

2054 2371 2169 2410 nem
2191 2372 2337 2410 suam
2365 2365 2580 2427 nuptum
2598 2398 2612 2422 ,
2645 2358 2766 2412 bene
2788 2358 2943 2431 facit;
2973 2368 3020 2413 et
3045 2359 3134 2429 qui
3160 2375 3260 2413 non
3288 2360 3375 2414 dat
3398 2371 3609 2431 nuptum
3627 2401 3643 2426 ,
3678 2423 3685 2429 _

2055 2449 2235 2503 meh‘us
2259 2450 2399 2520 facit.
2434 2449 2506 2504 De
2531 2465 2632 2520 qua
2655 2450 2948 2521 qurestione
2974 2450 3141 2505 multo
3168 2449 3384 2506 uberius
3405 2462 3459 2507 et
3480 2451 3650 2507 multo

2056 2538 2404 2594 Sufficientius
2432 2540 2482 2594 in
2512 2540 2721 2594 duobus
2746 2540 2918 2609 libris,
2947 2556 3056 2597 uno
3082 2540 3148 2595 de
3174 2541 3322 2597 Bono
3345 2540 3643 2611 Conjugali,

2057 2630 2227 2685 altero
2248 2630 2316 2686 de
2341 2630 2532 2687 Sancta
2564 2631 2894 2703 Virginitate,
2922 2642 3175 2703 quantum
3202 2634 3456 2691 Dominus
3476 2634 3642 2700 dedit,

2060 2741 2156 2796 pro
2179 2740 2413 2780 mearum
2436 2725 2624 2780 virium
2647 2726 2933 2797 exiguitate
2949 2726 3198 2782 disserui.
3219 2726 3334 2782 Non
3355 2727 3534 2798 itaque
3554 2741 3651 2798 per

2059 2817 2362 2889 nuptiarum
2400 2817 2597 2873 bonum
2627 2816 2915 2873 defendant
2938 2818 3381 2888 concupiscentiae
3407 2818 3606 2874 malum
3633 2859 3649 2882 .

2060 2908 2149 2979 qui
2198 2922 2413 2964 carnem
2469 2917 2524 2964 et
2565 2908 2877 2978 sanguinem
2927 2909 3347 2978 przevaricatnris
3393 2909 3652 2964 adversus

2060 3014 2275 3055 carnem
2318 3007 2373 3054 et
2416 2999 2729 3070 sanguinem
2776 2997 3150 3069 Redemptoris
3194 2999 3499 3055 extollunt:
3542 3015 3649 3055 non

2062 3093 2339 3163 erigantur
2374 3092 2428 3146 in
2474 3090 2777 3161 superbiam
2803 3090 2826 3123 ⁸
2851 3092 3051 3147 erroris
3092 3091 3248 3147 alieni
3270 3133 3284 3154 ,
3312 3092 3379 3148 de
3422 3107 3651 3163 quorum

2062 3184 2279 3252 parvula
2304 3191 2461 3239 aetate
2488 3183 2640 3238 nobis
2662 3182 2809 3239 dedit
2837 3183 3089 3238 Dominus
3118 3180 3431 3238 humilitatis
3465 3199 3653 3239 exem~

2062 3275 2228 3346 plum.
2255 3275 2412 3331 Solus
2441 3275 2557 3331 sine
2598 3285 2819 3347 peccato
2847 3285 3000 3331 natus
3027 3285 3138 3343 est,
3166 3292 3322 3347 quem
3358 3277 3475 3333 sine
3518 3276 3653 3331 virili

2064 3366 2503 3438 complexugnon
2534 3369 2961 3438 concupiscentia
2983 3368 3161 3423 carnis
3186 3411 3200 3434 ,
3229 3366 3323 3423 sed
3352 3368 3652 3424 obedientia

2066 3460 2261 3516 mentis
2282 3460 2432 3531 virgo
2456 3462 2718 3531 concepit.
2748 3462 2873 3517 Sola
2897 3472 3081 3518 nostra
3106 3462 3308 3516 vulneri
3336 3462 3654 3538 medicinam

2067 3562 2255 3620 parere
2304 3551 2476 3622 potuit
2499 3593 2515 3618 ,
2544 3567 2664 3623 quae
2706 3568 2812 3607 non
2849 3567 2913 3608 ex
2954 3553 3156 3623 peccati
3186 3555 3404 3609 vulnere
3436 3568 3653 3624 germen

2067 3644 2168 3714 pia:
2197 3645 2360 3715 prolis
2387 3645 2584 3700 emisit.

2135 3733 2363 3794 CAPUT
2392 3734 2563 3791 XXX.
2588 3767 2659 3778 —
2683 3735 2771 3793 58.
2800 3735 3117 3809 Baptismum
3140 3738 3209 3792 ad
3235 3739 3356 3809 quid
3380 3739 3657 3811 infantibus

2068 3828 2405 3881 necessarium
2432 3828 2676 3883 voluerint
2705 3827 2991 3901 Pelagiani.
3027 3828 3143 3885 Jam
3186 3844 3327 3886 nunc
3355 3841 3655 3886 scrutemur

2068 3918 2373 3990 diligentius
2391 3960 2407 3987 ,
2434 3928 2690 3990 quantum
2719 3920 2933 3991 adjuvat
2958 3920 3215 3976 Dominus
3235 3962 3250 3983 ,
3294 3922 3452 3977 etiam
3483 3922 3656 3992 ipsum

2071 4012 2340 4083 Evangelii
2370 4012 2657 4082 capitulum
2702 4014 2793 4068 ubi
2829 4016 2935 4081 ait,
2967 4012 3086 4068 Nisi
3112 4014 3223 4085 quis
3258 4024 3463 4068 renatus
3502 4013 3663 4085 fuerit

2069 4120 2134 4159 ea:
2170 4119 2303 4175 aqua
2330 4112 2376 4158 et
2418 4104 2630 4173 spiritu,
2666 4120 2767 4159 non
2802 4105 3010 4160 intrabit
3053 4106 3109 4161 in
3150 4121 3360 4177 regnum
3404 4104 3517 4160 Dei.
3544 4105 3658 4172 Qua

2072 4194 2159 4249 isti
2185 4203 2451 4250 sententia
2481 4195 2583 4250 nisi
2614 4205 2978 4264 moverentur,
3027 4197 3246 4251 omnino
3276 4197 3524 4268 parvulos
3557 4210 3660 4253 nec

2072 4283 2417 4356 baptizandus
2457 4300 2580 4343 esse
2627 4296 2929 4343 censerent.
2978 4287 3085 4343 Sed
3134 4290 3253 4359 quia
3294 4303 3395 4342 non
3442 4288 3534 4355 ait,
3573 4289 3661 4344 in-

2072 4379 2291 4449 quiunt,
2328 4394 2349 4430 ι
2388 4376 2506 4433 Nisi
2524 4380 2636 4450 quis
2674 4388 2876 4433 renatus
2899 4378 3053 4451 fuerit
3078 4394 3298 4449 eataqua
3335 4388 3382 4433 et
3402 4378 3604 4449 spiritu,
3636 4398 3655 4430 ι

2074 4484 2174 4524 non
2221 4468 2417 4523 habebit
2475 4470 2690 4524 salutem
2744 4469 2821 4525 vel
2891 4470 3046 4524 vitam
3112 4480 3388 4535 wternam;
3437 4480 3663 4524 tantum-

2074 4563 2224 4617 modo
2261 4573 2429 4618 autem
2472 4564 2618 4627 dixit,
2680 4580 2699 4615 ι
2729 4579 2830 4617 ηοη
2872 4563 3079 4618 intrabit
3135 4565 3189 4618 in
3232 4580 3440 4635 regnum
3462 4560 3559 4617 Dei
3587 4581 3606 4618 :
3637 4583 3656 4616 ι

2074 4653 2144 4707 ad
2167 4653 2260 4707 hoc
2281 4654 2482 4725 parvuli
2500 4652 2793 4724 baptizandi
2811 4662 2947 4721 sunt,
2976 4662 3029 4707 ut
3047 4655 3146 4709 sint
3165 4655 3315 4708 etiam
3343 4670 3458 4707 cum
3509 4652 3655 4709 Chri-

2075 4752 2151 4798 sto
2175 4745 2229 4798 in
2254 4760 2408 4816 regno
2433 4743 2545 4812 Dei,
2572 4745 2656 4799 ubi
2686 4759 2786 4799 non
2811 4753 2957 4799 erunt
2980 4745 3026 4799 si
3045 4744 3287 4814 baptizati
3304 4762 3405 4799 non
3425 4745 3614 4815 fuerint
3643 4763 3662 4801 :

2076 4836 2303 4906 quamvis
2337 4845 2388 4889 et
2416 4836 2523 4891 sine
2546 4834 2810 4906 Baptismo
2853 4836 2899 4891 si
2943 4834 3143 4907 parvuli
3170 4837 3472 4904 moriantur,
3521 4835 3668 4891 salu-

2076 4936 2174 4983 tem
2218 4928 2470 4999 vitamque
2528 4938 2768 4983 ceter-nam
2798 4929 3018 4983 habituri
3066 4930 3186 4994 sint,
3237 4930 3476 5000 quoniam
3518 4931 3664 4985 nullo

2079 5019 2271 5091 peccati
2321 5020 2521 5074 vinculo
2564 5017 2789 5073 obstricti
2841 5027 2979 5073 sunt.
3032 5018 3160 5075 Hinc
3196 5019 3456 5089 dicentes,
3488 5020 3664 5092 primo

2076 5126 2346 5183 nunquam
2371 5112 2641 5184 explicant
2694 5113 2800 5179 isti,
2829 5128 2931 5183 qua
2960 5114 3163 5184 jnstitia
3217 5114 3418 5169 nullum
3477 5130 3666 5186 pecca-

2077 5215 2187 5262 tum
2219 5205 2425 5264 habens
2451 5207 2628 5278 imago
2653 5206 2745 5261 Dei
2775 5218 3053 5278 separetur
3076 5221 3108 5263 a
3133 5223 3298 5279 regno
3323 5209 3440 5265 Dei.
3461 5207 3667 5265 Deinde

2078 5300 2352 5356 videamus
2385 5308 2563 5355 utrum
2609 5299 2866 5356 Dominus
2883 5300 3059 5368 Jesus,
3112 5317 3251 5358 unus
3271 5311 3324 5360 et
3358 5303 3506 5360 solus
3554 5318 3666 5358 ma-

2078 5391 2241 5462 gister
2264 5393 2454 5457 bonus,
2472 5391 2526 5447 in
2545 5390 2644 5446 hac
2660 5391 2775 5462 ipsa
2794 5393 3105 5461 evangelica
3135 5395 3360 5450 lectione
3379 5410 3483 5450 non
3502 5394 3668 5465 signi,

2080 5485 2319 5542 ticaverit
2342 5492 2395 5541 et
2423 5484 2723 5539 ostenderit
2746 5485 2955 5539 nonnisi
2981 5500 3078 5554 per
3115 5487 3490 5542 remissionem
3542 5500 3667 5555 pcr-

2078 5586 2315 5633 catorum
2340 5576 2472 5639 fieri,
2504 5585 2561 5631 ut
2585 5576 2649 5630 ad
2673 5590 2892 5647 regnum
2919 5576 3009 5631 Dei
3035 5576 3347 5645 perveniant
3373 5577 3622 5646 baptizati
3646 5595 3656 5629 :

2079 5681 2172 5795 bu;
2196 5688 2306 5790 gae:
2326 5693 2437 5744 qute
2458 5679 2598 5730 uncis
2625 5679 2903 5731 continetur
2936 5679 3182 5731 sententia
3220 5679 3361 5730 abest
3403 5677 3467 5729 ab
3512 5677 3663 5730 enini-

2217 5755 2298 5793 .ss.

2217 5755 2298 5793 ιεε.

2144 5808 2162 5839 ³
2197 5812 2323 5853 Unus
2346 5816 2375 5854 e
2399 5804 2632 5856 vatiumis
2651 5809 2781 5866 Issa
2803 5815 2915 5866 cum
2936 5814 3046 5866 quo.

2147 5871 2165 5901 ³
2199 5878 2376 5915 omnes
2398 5874 2525 5922 Mss.
2550 5867 2597 5917 in
2621 5864 2861 5917 superbia.
