4168 6526
551 400 648 452 H5

542 509 782 580 quamvis
810 516 952 564 recte
979 507 1394 577 intelligentibus
1419 503 1663 560 sufﬁcere
1687 503 1952 569 debuerit,
1973 499 2112 571 quod

541 601 742 660 dictum
771 609 872 662 est,
903 597 1020 652 Nisi
1063 599 1173 668 quis
1214 608 1361 650 natus
1391 596 1539 666 fuerit
1585 594 1768 661 denuo,
1809 609 1910 646 non
1963 599 2120 661 potest

541 690 707 744 ridere
729 704 939 760 regnum
963 685 1094 751 Dei;
1125 695 1208 748 et,
1233 684 1351 740 Nisi
1375 686 1484 754 quis
1505 694 1708 738 renatus
1729 683 1880 752 fuerit
1901 698 1960 736 ea:
1989 697 2120 750 aqua

539 789 588 831 et
611 780 812 850 spiritu,
843 794 944 832 non
969 785 1132 847 potest
1161 776 1370 830 introire
1395 775 1448 828 in
1470 789 1676 844 regnum
1697 770 1814 826 Dei.
1847 771 1952 827 Cur
1977 771 2118 826 enim

546 877 798 924 nascatur
832 867 1028 933 denuo,
1059 867 1161 922 nisi
1183 863 1559 921 renovandus?
1589 863 1728 918 unde
1756 860 2117 925 renovandus,

541 959 644 1014 nisi
687 974 718 1013 a
765 957 1060 1014 vetustate?
1113 971 1216 1028 qua
1255 964 1541 1018 vetustate,
1589 953 1688 1008 nisi
1735 953 1786 1006 in
1817 967 1918 1022 qua
1970 960 2121 1005 vetus

545 1050 708 1105 homo
737 1061 921 1106 noster
947 1049 1102 1104 simul
1129 1048 1412 1104 cruciﬁxus
1451 1055 1536 1102 est
1577 1061 1696 1102 cum
1745 1045 1858 1110 illo,
1899 1053 1958 1098 ut
1999 1059 2122 1098 eva-

546 1151 739 1196 cuetur
776 1155 972 1210 corpus
995 1140 1198 1210 peccati
1227 1139 1406 1208 (Rom.
1435 1153 1508 1202 vt,
1537 1137 1620 1206 6)?
1649 1135 1752 1190 Aut
1781 1135 1920 1190 unde
1949 1135 2122 1202 im:th

549 1235 645 1290 Dei
677 1250 783 1288 non
837 1234 1000 1288 intrat
1051 1235 1103 1286 in
1157 1247 1376 1302 regnum
1419 1231 1532 1294 Dei,
1583 1230 1686 1284 nisi
1737 1228 2124 1298 impedimento

540 1324 862 1394 prohibente
883 1323 1119 1394 peccati?
1167 1324 1566 1386 Verumtamen,
1617 1327 1674 1376 ut
1727 1320 2120 1390 proposuimus,

545 1425 711 1472 totam
743 1416 910 1486 ipsam
935 1415 1385 1472 circumstantiam
1409 1413 1724 1484 evangelica:
1771 1411 2016 1466 lectionis
2055 1411 2122 1466 ad

541 1523 656 1562 rem
687 1507 754 1563 de
777 1523 879 1578 qna
899 1508 1072 1578 agitur
1099 1507 1471 1577 pertinentem,
1498 1506 1698 1560 intente
1712 1513 1964 1576 quantum
1995 1517 2122 1574 pos-

545 1613 732 1654 sumus
757 1598 1143 1670 diligentcrque
1158 1597 1450 1652 videamus.

613 1689 702 1743 59.
747 1687 872 1742 Erat
901 1697 1068 1742 autem
1107 1689 1256 1742 homo
1279 1728 1293 1750 ,
1323 1686 1520 1756 inquit,
1551 1703 1614 1740 ex
1643 1684 1920 1740 Pharistcis
1960 1684 2120 1738 Nico—

541 1779 716 1834 demus
740 1779 958 1844 nomine,
985 1779 1215 1850 princeps
1239 1776 1556 1832 Judworum.
1589 1775 1683 1830 llic
1703 1777 1833 1830 venit
1855 1777 1922 1829 ad
1949 1775 2124 1830 Jesum

543 1881 708 1938 nocte,
741 1881 786 1924 et
815 1871 941 1924 dixit
966 1871 1012 1924 ei
1027 1886 1046 1924 :
1077 1868 1258 1936 Rabbi,
1282 1869 1466 1926 scimus
1491 1870 1611 1942 quia
1635 1885 1666 1921 a
1689 1868 1794 1924 Deo
1821 1868 1994 1922 venisti
2017 1885 2126 1920 nta-

541 1965 694 2033 gister
713 1980 732 2018 .'
761 1979 904 2017 nemo
924 1963 1054 2016 enim
1077 1969 1236 2034 potest
1265 1961 1372 2014 lucc
1401 1961 1546 2032 signa
1575 1961 1740 2030 facere
1764 1974 1878 2027 qua’
1897 1967 1949 2011 tu
1973 1957 2120 2028 facis,

541 2055 638 2108 nisi
662 2056 811 2126 fuerit
845 2052 985 2109 Deus
1015 2070 1129 2107 cum
1159 2069 1236 2108 eo.
1281 2052 1561 2123 Respondit
1599 2050 1749 2106 Iesus
1769 2093 1784 2116 ,
1814 2059 1858 2104 et
1887 2050 2014 2104 dixit
2039 2051 2084 2103 ei
2106 2064 2126 2104 :

541 2149 717 2214 Amen,
747 2165 896 2203 auten
921 2149 1034 2202 dico
1063 2147 1168 2212 tibi,
1201 2147 1299 2200 nisi
1323 2147 1432 2216 quis
1459 2153 1606 2199 natus
1631 2144 1782 2213 fuerit
1813 2143 1998 2206 denuo,
2025 2159 2126 2195 non

543 2249 702 2309 potest
746 2239 913 2294 videre
951 2254 1162 2310 regnum
1203 2235 1319 2290 Dei.
1361 2235 1494 2288 Dicit
1522 2235 1588 2288 ad
1629 2251 1740 2288 eum
1779 2233 2124 2286 Nicodamus:

546 2330 807 2396 Quomodo
833 2338 992 2400 potest
1027 2329 1175 2382 homo
1207 2327 1346 2380 nasci
1366 2368 1380 2390 ,
1409 2343 1520 2380 cum
1549 2327 1610 2379 sit
1639 2327 1831 2380 senex?
1863 2323 2126 2394 Numquid

543 2433 702 2494 potest
729 2426 784 2477 in
811 2432 1008 2478 uterum
1041 2421 1215 2476 matris
1255 2435 1360 2474 sine
1401 2420 1578 2473 iterum
1609 2419 1818 2472 introire
1855 2427 1904 2472 et
1947 2417 2126 2472 nasci?

545 2514 824 2585 Respondit
845 2512 998 2568 Iesus
1019 2531 1040 2566 .'
1065 2514 1244 2576 Amen,
1269 2529 1414 2564 auten
1439 2510 1552 2564 dico
1581 2509 1688 2574 tibi,
1718 2509 1817 2562 nisi
1839 2509 1950 2579 quis
1975 2524 2124 2561 rena-

548 2615 628 2659 tus
652 2606 802 2676 fuerit
830 2619 894 2658 ea:
920 2619 1054 2674 aqua
1076 2613 1120 2656 et
1147 2603 1328 2672 spiritu
1359 2602 1399 2668 ⁸,
1429 2617 1528 2654 non
1559 2609 1718 2671 potest
1743 2599 1948 2652 introire
1971 2598 2022 2651 in
2048 2615 2128 2652 re-

546 2713 700 2768 gnum
725 2695 839 2750 Dei.
870 2695 1016 2762 Quod
1042 2703 1214 2748 natum
1241 2703 1310 2748 est
1339 2693 1400 2747 de
1425 2709 1576 2746 carne
1595 2735 1609 2758 ,
1637 2709 1753 2746 curo
1780 2701 1850 2745 est
1873 2707 1892 2756 ;
1921 2700 1967 2744 et
1991 2690 2127 2758 quod

545 2797 716 2842 natum
739 2797 808 2841 est
841 2785 905 2840 de
925 2785 1122 2855 spiritu,
1153 2785 1358 2854 spiritus
1377 2793 1468 2838 est.
1499 2781 1620 2836 Non
1641 2782 1856 2844 mireris,
1884 2781 2000 2852 quia
2020 2781 2128 2834 dixi

547 2880 656 2946 tibi,
681 2879 888 2950 Oportet
913 2895 998 2932 vos
1025 2879 1164 2932 nasci
1185 2878 1371 2931 denuo.
1401 2877 1623 2948 Spiritus
1647 2877 1731 2930 ubi
1751 2875 1854 2929 vult
1875 2876 2049 2945 spirat,
2083 2883 2129 2928 et

544 2988 710 3026 vocem
757 2971 866 3040 ejus
895 2969 1081 3034 audis;
1110 2969 1197 3023 sed
1225 2985 1326 3022 non
1365 2967 1461 3022 scis
1511 2969 1646 3020 unde
1673 2967 1855 3031 veniat,
1897 2973 1984 3018 aut
2030 2980 2129 3032 quo

546 3063 718 3116 radat.
753 3061 842 3117 Sic
865 3071 943 3116 est
967 3060 1128 3114 omnis
1150 3060 1234 3130 qui
1263 3067 1414 3112 natus
1439 3066 1508 3112 est
1533 3056 1820 3124 ex-spiritu.
1847 3054 2126 3124 Respondit

547 3154 856 3210 Nicodamus
877 3193 893 3218 ,
929 3162 976 3206 et
1003 3150 1131 3206 dixit
1167 3151 1213 3204 ei
1243 3165 1260 3203 :
1301 3147 1562 3215 Quomodo
1593 3155 1802 3218 possunt
1830 3145 1938 3200 luet:
1975 3145 2130 3214 ﬁeri?

549 3245 826 3315 Respondit
851 3243 1025 3311 Jesus,
1053 3251 1099 3297 et
1126 3242 1252 3296 dixit
1282 3241 1328 3296 ei
1356 3257 1374 3296 :
1402 3239 1478 3294 Tu
1506 3256 1558 3294 es
1584 3240 1819 3311 magister
1847 3239 1898 3292 in
1923 3237 2088 3291 Israel
2109 3279 2125 3304 ,

545 3349 592 3394 et
619 3339 723 3392 haec
751 3339 954 3410 ignoras
969 3337 995 3388 .7
1016 3337 1193 3402 Amen,
1221 3351 1367 3388 amen
1387 3333 1498 3387 dico
1521 3332 1628 3398 tibi,
1649 3333 1768 3401 quia
1789 3329 1922 3401 quod
1942 3330 2127 3383 scimus

549 3430 818 3500 loquimur,
849 3437 895 3482 et
915 3427 1049 3498 quod
1073 3427 1288 3481 vidimus
1318 3435 1576 3492 testamur,
1607 3433 1651 3478 et
1680 3423 2011 3477 testimonium
2037 3437 2126 3474 no-

545 3529 704 3574 strum
731 3537 831 3574 non
855 3519 1105 3590 accipitis.
1137 3517 1200 3574 Si
1223 3526 1418 3571 terrena
1447 3515 1553 3568 dimi
1581 3515 1736 3580 vobis,
1769 3523 1815 3567 et
1839 3531 1938 3568 non
1964 3512 2129 3566 credi-

547 3613 758 3677 distis‘;
784 3611 1054 3681 quomodo,
1085 3611 1130 3664 si
1153 3610 1326 3664 dixero
1352 3607 1486 3662 vobis
1515 3607 1752 3672 cwlestia,
1782 3605 1987 3660 credetis
2011 3605 2035 3656 ?
2061 3603 2128 3656 Et

547 3723 690 3760 nemo
719 3705 938 3760 ascendit
967 3705 1020 3757 in
1064 3699 1268 3766 caelum,
1301 3702 1400 3755 nisi
1441 3701 1526 3766 qui
1568 3699 1630 3754 de
1667 3698 1790 3753 ccelo
1837 3695 2124 3760 descendit,

549 3795 716 3850 Filius
745 3793 976 3856 hominis,
1007 3793 1092 3861 qui
1111 3792 1162 3845 in
1192 3791 1314 3844 cmlo
1343 3799 1434 3844 est.
1459 3788 1524 3843 Et
1551 3789 1680 3842 sicut
1709 3785 1908 3856 Moyses
1935 3786 2126 3838 exalta-

549 3886 616 3940 vit
651 3893 929 3953 serpentem
973 3883 1024 3936 in
1071 3882 1294 3948 deserto,
1327 3882 1396 3934 ita
1443 3880 1657 3934 exaltari
1699 3885 1892 3948 oportet
1933 3875 2128 3929 Filium

549 3977 802 4038 hominis;
831 3985 882 4028 ut
911 3973 1072 4028 omnis
1097 3973 1180 4044 qui
1205 3973 1363 4027 credit
1387 3971 1438 4024 in
1459 3987 1570 4024 eum
1590 3986 1690 4022 non
1717 3975 1904 4038 pereat,
1929 3965 2017 4020 sed
2036 3965 2128 4018 ha-

549 4070 658 4121 beat
689 4067 836 4120 vitam
860 4075 1115 4122 cateruam.
1151 4063 1240 4119 Sic
1266 4065 1398 4124 enim
1417 4061 1594 4116 dilexit
1621 4059 1757 4114 Deus
1783 4058 2044 4122 mundum,
2073 4065 2128 4110 ut

551 4157 746 4212 Filium
777 4173 923 4212 suum
949 4157 1259 4228 unigenitum
1287 4154 1429 4208 daret
1447 4193 1462 4218 ,
1491 4163 1546 4206 ut
1583 4151 1745 4205 omnis
1781 4149 1868 4220 qui
1892 4148 2047 4201 credit
2076 4148 2128 4200 in

549 4267 666 4306 eum
691 4265 791 4304 non
819 4257 988 4320 pereat
1011 4290 1026 4316 ,
1055 4247 1143 4302 sed
1170 4245 1349 4300 habeat
1377 4245 1528 4297 vitam
1557 4250 1812 4296 aeternam.
1846 4237 1968 4291 Non
1995 4237 2128 4291 enim

550 4341 684 4394 misit
723 4339 857 4393 Deus
887 4338 1078 4392 Filium
1107 4353 1256 4392 suum
1297 4337 1348 4389 in
1375 4331 1614 4388 mundum
1639 4373 1654 4398 ,
1681 4340 1736 4384 ut
1751 4330 1948 4401 judicet
1977 4345 2127 4382 mun-

551 4433 668 4488 dum
684 4451 703 4498 ;
731 4433 819 4487 sed
849 4442 900 4486 ut
934 4431 1150 4486 salvetur
1177 4429 1395 4482 mundus
1433 4442 1522 4495 per
1551 4425 1734 4494 ipsum.
1766 4421 1865 4488 Qui
1892 4421 2047 4474 credit
2073 4421 2127 4474 in

551 4541 684 4591 eum,
714 4541 812 4578 non
833 4523 1095 4594 judicatur
1118 4537 1136 4574 :
1159 4520 1242 4590 qui
1269 4527 1436 4572 autent
1463 4533 1562 4570 non
1593 4513 1767 4576 credit,
1791 4513 1902 4582 jam
1914 4511 2124 4584 judica—

549 4630 629 4671 tus
654 4627 758 4683 est,
785 4615 902 4687 quia
935 4631 1036 4668 non
1075 4611 1231 4666 credit
1258 4611 1309 4662 in
1337 4607 1536 4662 nomine
1565 4603 1804 4675 unigeniti
1847 4601 1970 4656 Filii
2008 4601 2122 4656 Dei.

553 4709 664 4764 Hoc
691 4717 760 4762 est
790 4716 954 4761 autem
973 4704 1221 4777 judicium
1241 4743 1256 4768 ,
1287 4701 1404 4768 quia
1429 4699 1518 4752 lux
1547 4699 1675 4750 venit
1701 4697 1753 4749 in
1783 4696 2044 4761 mundum,
2079 4705 2126 4750 et

549 4799 830 4854 dilexerunt
857 4797 1082 4850 homines
1108 4795 1267 4863 magis
1299 4788 1541 4850 tenebras,
1569 4803 1719 4857 quam
1745 4787 1904 4840 lucem
1931 4801 1949 4839 .'
1985 4795 2127 4840 erant

547 4909 679 4946 enim
704 4907 875 4945 eorum
901 4887 1034 4942 mala
1052 4902 1225 4958 opera.
1254 4882 1429 4937 Omnis
1453 4881 1584 4934 enim
1609 4879 1690 4948 qui
1715 4879 1846 4933 male
1871 4878 1990 4948 agit,
2019 4878 2124 4932 odit

549 4985 730 5051 lucem,
772 4991 818 5036 et
845 4997 944 5036 non
972 4979 1100 5033 venit
1126 4976 1194 5030 ad
1221 4975 1382 5028 lucem
1400 5015 1414 5039 ,
1450 4981 1502 5025 ut
1539 4987 1638 5024 non
1667 4979 1945 5040 arguantur
1972 4985 2125 5037 Opera

545 5079 688 5147 ejus:
713 5077 798 5148 qui
824 5083 990 5127 autem
1019 5069 1140 5142 facit
1162 5067 1437 5132 veritatem,
1467 5063 1596 5118 venit
1623 5063 1690 5116 ad
1715 5063 1896 5126 lucem,
1927 5071 1980 5113 ut
2011 5078 2122 5113 ma-

548 5165 872 5234 nifestentur
900 5161 1017 5231 ejus
1048 5159 1366 5231 opera,quia
1403 5158 1452 5212 in
1482 5155 1591 5210 Deo
1619 5165 1740 5210 sunt
1776 5155 1916 5224 facta
1942 5153 2128 5224 (Joan.

551 5271 635 5318 Ill,
677 5251 847 5322 l-Ql).
891 5249 1008 5304 llnc
1063 5263 1234 5318 usque
1277 5257 1358 5301 est
1409 5247 1476 5302 ad
1507 5261 1642 5312 rem,
1675 5248 1741 5301 de
1792 5259 1899 5316 qua
1933 5242 2127 5314 quieri-

553 5361 698 5408 mns,
740 5343 1017 5414 pertinens
1049 5351 1198 5396 totus
1232 5355 1413 5396 sermo
1467 5339 1556 5394 ille
1601 5346 1889 5394 contextus
1921 5353 1936 5390 :
1975 5335 2126 5392 dein-

552 5451 684 5507 eeps
721 5435 774 5489 in
809 5433 956 5490 aliud
998 5443 1248 5490 narrator
1285 5433 1546 5489 abscedit.

612 5569 630 5598 ί
667 5561 798 5625 Apud
821 5569 920 5610 Am.
944 5565 1018 5610 Er.
1039 5566 1092 5610 et
1114 5564 1222 5610 uss.
1247 5555 1434 5625 additur
1453 5555 1551 5615 hic.
1941 5610 1956 5625 .
2027 5613 2038 5623 .

609 5628 632 5658 ³
664 5610 843 5674 diuites
863 5632 984 5680 uss,
1007 5627 1166 5672 etnon
1187 5617 1399 5680 creditis.
1425 5610 1736 5680 Augustinum
1759 5622 1921 5664 tamen
1941 5610 2124 5676 legisse

549 5695 605 5737 ut
627 5688 679 5736 in
717 5686 936 5742 excusis,
959 5677 1258 5739 credidistis,
1297 5677 1530 5742 colligunt
1563 5677 1888 5742 Lovanienses
1921 5688 1986 5742 ex
2021 5687 2126 5736 pro-

551 5751 686 5818 stas
707 5737 933 5818 sequenti
947 5747 1128 5818 ,ςερίιεν
1147 5756 1194 5791 ιι-
1213 5737 1288 5818 θον
1302 5737 1543 5818 emittet!
1565 5753 1634 5818 ξ
1657 5737 1835 5818 addidit
1872 5739 2042 5795 ευεων
2065 5749 2122 5786 se

558 5828 582 5858 ι
603 5807 698 5862 illis
721 5803 912 5858 terrena
928 5803 1128 5868 dixisse,
1153 5817 1243 5856 nec
1261 5815 1347 5854 eos
1367 5803 1646 5852 credi-lisse,
1666 5816 1688 5842 ι

1181 393 1269 448 DE
1309 387 1763 448 PECCATORUM
1805 385 2078 442 MERITIS
2117 387 2202 443 ET
2245 385 2663 454 nmnssmc,
2706 388 2760 442 S.
2809 385 3167 442 AUGUSTINI

3709 386 3821 442 ιιι

2301 500 2522 555 CAPUT
2545 500 2736 554 XXXI.
2753 529 2821 540 —-—
2841 502 2926 554 60.
2951 499 3178 556 Christus
3197 509 3348 568 caput
3370 507 3414 552 et
3435 515 3636 568 corpus.
3659 497 3820 554 Chri-

2225 601 2332 646 stus
2351 595 2410 646 ob
2437 609 2662 664 persona:
2687 594 2926 646 unitatem
2953 603 2996 645 et
3021 595 3072 645 in
3099 593 3220 646 coelo
3246 591 3496 654 manebat,
3527 600 3572 644 et
3599 591 3649 644 in
3675 601 3816 644 terra

2225 683 2594 737 deambulabat.
2636 683 2778 738 Unus
2815 681 3042 738 Christus
3081 684 3328 752 quomodo
3361 681 3600 734 ascendat
3625 681 3678 733 in
3705 697 3816 734 ca:-

2227 771 2350 824 lum.
2381 771 2542 844 Caput
2565 784 2612 826 et
2641 789 2823 842 corpus
2849 789 2978 827 unus
2999 772 3242 826 Christus.
3275 771 3406 826 Cum
3431 786 3560 840 ergo
3581 771 3815 824 Nicotle-

2225 878 2344 917 mus
2381 879 2442 918 ea
2481 879 2598 933 quae
2635 863 2946 918 dicebantur
2979 879 3085 918 non
3125 863 3462 931 intelligeret,
3491 862 3734 932 qtuesivit
3781 877 3814 914 a

2229 953 2451 1008 Domino
2484 955 2752 1024 quomodo
2795 963 3012 1024 possent
3052 956 3148 1008 ista
3195 955 3328 1008 ﬁeri.
3369 955 3655 1008 Videamus
3681 954 3814 1022 quid

2227 1044 2481 1099 Dominus
2501 1045 2564 1100 ad
2588 1045 2688 1100 hoc
2710 1046 3046 1114 respondeat.
3074 1045 3316 1100 Proiecto
3338 1046 3478 1100 enim
3501 1045 3545 1099 si
3567 1044 3633 1098 ad
3651 1046 3816 1098 inter-

2226 1148 2406 1206 rogata
2437 1137 2760 1208 respondere
2797 1137 3122 1208 dignabitur,
3169 1137 3432 1202 Quomodo
3467 1146 3674 1206 possunt
3711 1137 3816 1190 ista

2227 1229 2338 1296 ﬁeri
2349 1229 2370 1280 ?
2385 1229 2482 1282 hoc
2498 1229 2736 1284 dicturus
2750 1237 2848 1294 est,
2871 1229 3138 1298 quomodo
3159 1229 3322 1298 possit
3345 1229 3455 1282 ﬁeri
3477 1228 3814 1298 regeneratio

2229 1323 2520 1391 spiritualis
2549 1323 2812 1376 venientis
2843 1323 3072 1376 hominis
3102 1337 3166 1374 ex
3199 1323 3542 1390 generatione
3579 1320 3811 1374 carnali.

2228 1411 2414 1466 Notata
2449 1414 2626 1482 itaque
2651 1413 2916 1482 paululum
2945 1413 3061 1481 ejus
3099 1411 3384 1482 imperitia,
3417 1413 3505 1482 qui
3551 1427 3610 1466 se
3648 1420 3816 1465 etate-

2227 1506 2301 1560 ris
2327 1505 2394 1560 de
2417 1507 2722 1576 magisterio
2775 1505 3110 1574 praeferebat,
3139 1516 3190 1558 et
3225 1505 3462 1558 omnium
3509 1505 3690 1560 talium
3729 1505 3816 1558 in.

2227 1595 2540 1651 credulitate
2565 1595 2912 1668 reprehensa,
2953 1595 3096 1666 quod
3125 1595 3485 1650 testimonium
3525 1611 3630 1648 non
3661 1595 3810 1648 act-i-

2227 1697 2415 1758 perent
2433 1690 2701 1754 veritatis;
2726 1689 2926 1744 addidit
2949 1691 3130 1754 etiam,
3151 1703 3209 1743 se
3229 1688 3332 1742 illis
3355 1697 3560 1742 terrena
3585 1687 3808 1754 dixisse,

2229 1795 2328 1834 nec
2355 1795 2448 1836 eos
2474 1780 2785 1846 credidisse,
2815 1797 3063 1852 qumrens
3089 1783 3171 1835 vel
3215 1781 3488 1836 admirans
3537 1782 3810 1852 quomodo

2227 1879 2409 1926 essent
2433 1872 2668 1926 coelestia
2700 1873 2974 1926 credituri.
3007 1873 3258 1942 Sequitur
3288 1873 3462 1926 tame):
3487 1880 3542 1926 et
3582 1887 3812 1942 respon-

2229 1962 2337 2027 det,
2373 1963 2512 2032 quod
2539 1963 2626 2017 alii
2659 1963 2878 2018 credent
2905 1965 2944 2030 ‘,
2975 1963 3018 2016 si
3043 1964 3116 2017 illi
3145 1979 3250 2018 non
3289 1964 3534 2028 credunt,
3566 1963 3632 2018 ad
3677 1963 3808 2018 illud

2229 2055 2370 2126 quod
2393 2055 2744 2124 interrogatus
2775 2063 2876 2118 est,
2925 2055 3192 2124 unlIlDdO
3233 2056 3438 2123 possint
3475 2055 3574 2108 ista
3633 2053 3744 2109 lie'ri
3791 2073 3804 2108 :

2233 2145 2416 2212 Nemo,
2439 2146 2627 2214 inquit,
2658 2146 2884 2198 ascendit
2909 2146 2960 2199 in
2991 2148 3171 2200 etclam
3191 2186 3206 2211 ,
3239 2147 3336 2200 nisi
3364 2147 3453 2215 qui
3471 2146 3532 2198 de
3551 2147 3676 2198 etelo
3717 2147 3814 2198 de-

2228 2238 2438 2302 scendit,
2475 2229 2638 2290 Filius
2665 2236 2904 2302 hominis,
2933 2237 3020 2306 qui
3065 2245 3135 2288 est
3175 2237 3226 2290 in
3263 2236 3408 2290 coelo.
3455 2236 3566 2302 Sic,
3619 2237 3812 2306 inquit,

2229 2329 2320 2382 lict
2345 2327 2616 2398 generatio
2647 2327 2956 2396 sp‘ritualis,
2985 2335 3042 2380 ut
3071 2328 3178 2382 sint
3203 2327 3454 2382 ccelestes
3483 2327 3728 2380 homines
3745 2343 3814 2380 es

2231 2421 2494 2486 terrenis;
2527 2419 2668 2490 quod
2711 2419 2934 2489 adipisci
2979 2435 3082 2472 non
3125 2428 3392 2488 poterunt,
3423 2419 3524 2472 nisi
3571 2419 3814 2472 membra

2229 2526 2346 2565 mea
2377 2509 2694 2574 eiliciantur,
2725 2521 2780 2562 ut
2803 2511 2916 2578 ipse
2939 2510 3192 2564 ascendat
3215 2509 3302 2578 qui
3342 2509 3650 2572 descendit;
3689 2512 3817 2577 quia

2229 2618 2390 2658 nemo
2411 2602 2672 2666 ascendit,
2705 2602 2801 2655 nisi
2823 2603 2910 2672 qui
2937 2601 3232 2656 descendit.
3267 2601 3378 2655 Nisi
3426 2617 3554 2671 ergo
3601 2602 3654 2655 in
3688 2605 3812 2655 uni-

2233 2705 2394 2752 tatem
2425 2694 2624 2748 Christi
2675 2709 2862 2748 omnes
2907 2693 3143 2746 mutandi
3191 2693 3507 2762 levandique
3537 2695 3558 2724 ¹
3587 2709 3814 2746 ςοηευτο

2231 2796 2373 2854 rant,
2405 2795 2460 2840 ut
2485 2785 2728 2842 Christus
2765 2787 2852 2855 qui
2899 2785 3178 2840 descendit
3223 2785 3336 2854 ipse
3383 2785 3656 2852 ascendat,
3707 2801 3814 2840 non

2231 2877 2372 2932 aliud
2401 2877 2662 2946 deputans
2685 2893 2876 2946 corpus
2899 2893 3075 2940 suunt,
3102 2876 3152 2931 id
3176 2886 3278 2940 est,
3315 2877 3604 2930 Ecelcsiam
3633 2892 3812 2944 snam,

2231 2984 2388 3039 quam
2418 2985 2476 3024 se
2504 2969 2708 3038 ipsum;
2756 2969 2878 3038 quia
2905 2969 2970 3022 de
3013 2969 3226 3022 Christo
3270 2977 3324 3022 et
3367 2967 3600 3021 Ecclesia
3635 2970 3816 3023 verius

2233 3061 2560 3132 intelligitur,
2587 3060 2749 3114 Erunt
2777 3061 2876 3114 duo
2901 3061 2954 3114 in
2982 3077 3132 3114 carne
3175 3077 3279 3113 una
3328 3059 3478 3131 (Gen.
3505 3075 3562 3126 ll,
3595 3060 3710 3128 21);
3745 3060 3816 3116 de

2230 3169 2330 3223 qtta
2365 3168 2420 3208 rc
2447 3153 2560 3222 ipse
2589 3152 2742 3216 dixit,
2775 3151 2955 3222 Itaque
2990 3153 3098 3220 jam
3125 3168 3224 3204 non
3255 3151 3376 3214 duo,
3409 3151 3498 3204 sed
3549 3168 3652 3204 una
3695 3168 3815 3206 caro

2233 3244 2424 3318 (Marc.
2453 3259 2509 3309 ι,
2545 3243 2600 3312 8)
2631 3261 2643 3296 :
2673 3243 2962 3297 ascendere
2983 3243 3202 3296 omnino
3233 3258 3338 3296 non
3375 3251 3621 3311 poterunt
3647 3259 3660 3304 ;
3689 3245 3814 3310 quia

2231 3353 2375 3392 nemo
2401 3337 2624 3390 ascendit
2653 3335 2704 3388 in
2731 3335 2933 3398 ctutum,
2983 3335 3078 3388 nisi
3116 3335 3202 3404 qui
3241 3335 3306 3388 de
3352 3334 3476 3386 ccclo
3533 3333 3810 3396 descendit,

2233 3429 2402 3485 Filius
2435 3429 2670 3492 hominis,
2703 3429 2789 3500 qui
2813 3437 2884 3481 est
2913 3430 2964 3480 in
2984 3427 3396 3492 cathuamvis
3417 3427 3557 3480 enim
3587 3427 3640 3478 in
3669 3437 3812 3480 terra

2231 3520 2399 3576 lactus
2423 3521 2492 3575 sit
2522 3521 2657 3574 lilius
2689 3520 2938 3586 hominis,
2969 3519 3298 3572 divinitatem
3323 3527 3497 3572 tamen
3531 3531 3682 3572 suam
3706 3532 3806 3586 qua

2231 3615 2284 3669 in
2309 3613 2448 3669 caelo
2475 3627 2696 3667 manens
2725 3611 3003 3666 descendit
3033 3611 3098 3664 ad
3141 3619 3356 3676 terram,
3389 3625 3494 3662 non
3539 3609 3810 3679 indignant

2230 3707 2440 3763 censuit
2469 3705 2686 3760 nomine
2713 3705 2804 3758 ﬁlii
2833 3703 3082 3768 hominis,
3117 3705 3252 3757 sicut
3297 3717 3514 3756 carnem
3555 3717 3704 3755 suam
3732 3701 3814 3754 di-

2231 3809 2418 3872 gnatus
2441 3807 2521 3853 est
2545 3797 2760 3851 nomine
2785 3795 2877 3849 lilii
2917 3796 3029 3856 Dei,
3051 3811 3118 3850 ne
3136 3795 3286 3864 quasi
3316 3796 3423 3848 duo
3447 3793 3644 3850 Christi
3670 3794 3768 3846 ista
3791 3793 3812 3824 ³

2229 3889 2556 3958 accipiantur
2581 3887 2679 3958 (a),
2711 3903 2847 3940 unus
2881 3887 3036 3950 Deus,
3071 3895 3124 3940 et
3153 3886 3288 3939 alter
3319 3887 3479 3938 homo
3509 3902 3524 3938 :
3555 3885 3646 3938 sed
3677 3901 3811 3938 unus

2231 3993 2388 4052 atque
2413 3981 2552 4035 ident
2581 3981 2718 4034 Deus
2739 3989 2792 4034 ct
2815 3979 3008 4044 homo;
3037 3981 3194 4042 Deus,
3220 3979 3338 4047 quia
3363 3977 3414 4030 in
3437 3976 3690 4046 principio
3703 3986 3812 4028 erat

2239 4073 2455 4128 Verbum
2481 4113 2494 4136 ,
2527 4081 2572 4126 et
2607 4069 2822 4124 Verbum
2869 4077 2974 4122 erat
3025 4068 3164 4138 apud
3205 4067 3388 4132 Deum,
3435 4076 3484 4120 et
3521 4065 3662 4120 Deus
3701 4077 3812 4120 erat

2241 4163 2490 4230 Verbum;
2521 4165 2699 4226 homo,
2731 4161 2852 4231 quia
2887 4159 3098 4213 Verbum
3135 4175 3254 4212 caro
3277 4163 3470 4230 factum
3495 4167 3566 4211 est
3587 4199 3599 4220 ,
3645 4167 3691 4211 et
3717 4159 3812 4210 ha-

2231 4257 2402 4312 bitavit
2423 4257 2474 4309 in
2506 4255 2648 4308 nobis
2672 4253 2848 4324 (Joan.
2873 4268 2910 4316 ι,
2937 4253 2989 4318 l,
3015 4249 3122 4323 Η).
3153 4253 3228 4304 Ac
3251 4267 3344 4318 per
3369 4249 3469 4304 hoc
3497 4265 3589 4318 per
3609 4249 3814 4302 distan-

2231 4353 2357 4406 tiam
2385 4348 2676 4403 divinitatis
2701 4355 2757 4402 et
2787 4345 3110 4399 inﬁrmitatis
3139 4345 3276 4396 lilius
3333 4343 3422 4396 Dei
3473 4343 3720 4396 manebat
3759 4343 3810 4396 in

2230 4441 2389 4504 cmlo,
2415 4441 2554 4494 tilius
2587 4439 2817 4492 hominis
2859 4436 3164 4490 ambulabat
3201 4436 3252 4488 in
3284 4443 3422 4488 terra
3457 4451 3470 4487 :
3503 4450 3598 4503 per
3637 4437 3814 4488 unim-

2232 4543 2336 4590 tem
2387 4547 2512 4588 vero
2560 4545 2844 4602 personat,
2897 4543 3000 4598 qua
3043 4537 3266 4596 utraque
3319 4527 3614 4580 substantia
3672 4541 3811 4580 unus

2229 4624 2468 4681 Christus
2515 4631 2617 4688 est,
2661 4631 2712 4676 et
2743 4619 2878 4674 illius
2937 4618 3030 4672 Dei
3079 4615 3384 4672 ambulabat
3439 4617 3493 4671 in
3545 4628 3708 4682 terra,
3753 4627 3808 4672 et

2230 4715 2368 4770 idem
2397 4714 2508 4782 ipse
2529 4711 2668 4766 illius
2690 4709 2922 4764 hominis
2965 4709 3211 4762 manebat
3257 4708 3306 4761 in
3365 4709 3521 4762 cmlo.
3556 4708 3640 4762 Fit
3677 4723 3808 4778 ergo

2229 4806 2622 4863 crcdibiliorum
2647 4803 2779 4857 lidcs
2805 4801 2826 4832 ⁸
2853 4817 2918 4855 ex
2945 4799 3429 4854 inerediltiliorilnts
3471 4800 3711 4854 creditis.
3748 4802 3806 4855 Si

2228 4898 2368 4954 enim
2392 4895 2568 4950 divina
2591 4893 2883 4948 substantia
2915 4891 3070 4961 longe
3095 4891 3377 4944 distantior
3403 4901 3566 4959 atque
3603 4891 3812 4944 incont-

2229 4988 2447 5060 parabili
2475 4985 2788 5042 diversitate
2817 4983 3114 5047 sublimior,
3157 4981 3328 5051 potuit
3353 4991 3571 5050 pr0pter
3593 4997 3692 5035 nos
3735 4983 3806 5034 ita

2228 5079 2498 5147 suscipere
2545 5077 2828 5130 humanam
2889 5073 3258 5138 substantiam,
3309 5081 3370 5126 ut
3433 5087 3536 5124 una
3577 5088 3810 5140 persona

2229 5173 2400 5234 iteret,
2427 5185 2487 5222 ac
2517 5167 2593 5222 sic
2617 5165 2752 5220 Πιίιις
2783 5165 3012 5218 hominis
3041 5164 3132 5232 qni
3155 5173 3271 5216 erat
3301 5162 3354 5214 in
3387 5171 3526 5216 terra
3559 5177 3655 5230 per
3683 5176 3808 5214 car-

2229 5263 2312 5317 nis
2339 5261 2720 5320 inlirmitatem,
2747 5255 2884 5309 idem
2910 5256 3022 5323 ipse
3054 5235 3197 5307 esset
3221 5253 3270 5306 in
3289 5252 3428 5306 cmlo
3459 5267 3556 5320 per
3589 5253 3808 5320 partici-

2229 5363 2404 5424 patam
2429 5351 2574 5406 carni
2601 5349 2928 5404 divinitatem
2963 5361 2974 5398 :
3003 5354 3203 5414 quanto
3225 5341 3538 5398 credibilius
3567 5342 3656 5396 alii
3701 5343 3802 5396 lto—

2291 5489 2308 5520 ι
2346 5493 2393 5534 ιιι
2417 5492 2539 5544 3155.,
2567 5479 2782 5544 credant.

2290 5549 2310 5580 ⁸
2345 5557 2444 5595 Am.
2471 5537 2636 5600 et'Er.,
2665 5539 2948 5608 tamdique
2977 5537 3294 5608 :male,pro,
3317 5537 3626 5608 levandique.

2293 5609 2314 5640 ³
2337 5617 2436 5656 Am.
2461 5615 2512 5655 et
2539 5599 2646 5656 Lor.
2673 5617 2732 5654 ne
2756 5599 2892 5667 quasi
2911 5601 3007 5652 duo
3026 5601 3106 5650 (Ἰιι
3123 5599 3210 5667 isti
3223 5599 3565 5667 acciputntur':
3591 5600 3772 5650 ontisso
3789 5631 3806 5654 ς

2227 5669 2353 5731 ista;
2376 5669 2510 5732 quod
2535 5669 2683 5717 nostri
2701 5663 2888 5732 omnes
2910 5664 3214 5732 manuscripti
3236 5663 3434 5711 habent.

2291 5732 2313 5762 ι
2335 5725 2417 5780 'sié
2445 5739 2548 5778 διεδ.
2577 5737 2630 5778 At
2654 5729 2786 5786 editi,
2811 5725 3084 5776 credibilior
3098 5725 3236 5784 fides.

2291 5796 2364 5855 (al
2397 5800 2548 5854 Error,
2573 5793 2655 5853 qui
2679 5797 2848 5853 postea
2871 5789 2922 5837 in
2944 5788 3160 5837 Nestorio
3181 5787 3433 5835 damnatus
3457 5792 3550 5835 est.
