4168 6540
379 426 481 487 “5

375 545 551 600 mines
582 537 750 593 sancti
777 544 830 593 et
860 532 1046 591 fideles
1072 530 1189 603 ejus
1214 530 1345 585 fiunt
1365 543 1484 584 cum
1512 524 1728 581 homine
1749 522 1962 580 Christo

376 649 514 689 unus
539 630 807 692 Christus,
837 636 896 682 ut
923 623 1173 680 omnibus
1200 637 1294 692 per
1317 619 1433 690 ejus
1464 617 1603 672 hanc
1618 615 1842 689 gratiam
1874 629 1961 668 so-

378 727 731 793 cietatemque
806 715 1255 776 ascendentibus,
1335 714 1449 784 ipse
1524 725 1660 766 unus
1720 707 1967 763 Christus

380 818 635 876 ascendat
661 817 713 871 in
743 814 960 881 coelum,
1016 810 1106 882 qui
1150 808 1216 864 de
1246 806 1386 863 caelo
1434 802 1749 861 descendit?
1789 801 1879 857 Sic
1913 808 1969 854 et

382 909 670 980 Apostolus
699 906 771 961 ait
801 924 815 961 :
845 905 993 962 Sicut
1039 904 1092 957 in
1131 916 1236 956 uno
1280 914 1491 971 corpore
1531 896 1692 951 multa
1743 892 1968 948 membra

378 1002 639 1069 habemus,
665 1000 835 1055 omnia
851 1008 1019 1053 autem
1042 996 1267 1050 membra
1287 993 1513 1061 corporis
1532 1007 1646 1045 eum
1668 990 1767 1045 sint
1787 987 1966 1052 multa,

377 1110 536 1149 unum
576 1102 887 1160 est'corpus;
912 1091 985 1145 ita
1010 1098 1057 1144 et
1083 1088 1312 1144 Christus
1347 1083 1529 1161 (lCor.
1560 1097 1657 1149 xn,
1682 1080 1797 1154 19).
1850 1080 1969 1136 Νοη

378 1187 532 1250 dixit,
564 1184 640 1240 Ita
665 1193 718 1239 et
739 1182 960 1249 Christi,
993 1181 1181 1246 idest,
1205 1191 1401 1248 corpus
1426 1176 1650 1241 Christi,
1680 1173 1762 1229 vel
1794 1188 1968 1228 mem-

378 1278 473 1336 bra
494 1276 690 1334 Christi
716 1294 730 1330 :
757 1273 873 1339 sed,
904 1273 979 1327 ita
1001 1281 1048 1327 et
1070 1270 1330 1334 Christus;
1363 1281 1527 1322 unum
1571 1260 1843 1319 Christum
1872 1276 1969 1332 ap-

381 1371 586 1443 pellans
611 1377 770 1439 caput
798 1377 849 1421 et
871 1379 1089 1436 corpus.

452 1460 676 1518 CAPUT
704 1457 922 1514 XXXII.
948 1487 1020 1497 —
1049 1455 1137 1510 6i.
1170 1453 1389 1524 Serpens
1418 1451 1471 1505 in
1501 1450 1695 1503 deserto
1720 1444 1972 1502 exaltatus

382 1550 727 1619 Christum,iu
766 1565 913 1604 cruce
951 1546 1248 1619 pendentem
1286 1542 1542 1615 figuravit.
1582 1539 1793 1594 Parvuli
1821 1538 1973 1592 etiam

382 1644 484 1713 ipsi
528 1643 771 1714 serpentis
818 1656 987 1696 morsu
1035 1637 1283 1694 venenati.
1336 1635 1524 1706 Magna
1576 1632 1690 1687 haec
1732 1631 1973 1700 miraque

383 1737 618 1808 dignatio
640 1779 653 1801 ,
684 1750 804 1807 quae
842 1733 1091 1804 quoniam
1130 1730 1244 1785 fieri
1281 1744 1387 1783 non
1429 1734 1601 1798 potest
1626 1724 1728 1779 nisi
1761 1737 1855 1792 per
1882 1736 1966 1776 re-

386 1831 694 1885 missionem
747 1835 1120 1897 peccatorum,
1164 1820 1431 1893 sequitur,
1462 1826 1515 1872 et
1543 1815 1712 1873 dicit:
1745 1813 1811 1868 Et
1847 1813 1976 1866 sicut

386 1919 592 1991 Iloyses
635 1917 873 1974 exaltavit
921 1923 1203 1983 serpentem
1254 1912 1307 1966 in
1350 1910 1580 1975 deserto,
1636 1907 1708 1961 ita
1762 1902 1975 1959 exaltari

385 2021 580 2082 oportet
623 2010 816 2065 Filium
860 2008 1117 2072 hominis;
1157 2015 1214 2060 ut
1253 2004 1415 2059 omnis
1473 2003 1565 2069 qui
1616 1999 1885 2054 crediderit
1924 1997 1975 2050 in

386 2120 498 2158 eum
525 2119 627 2157 non
658 2109 853 2172 pereat,
883 2100 971 2155 sed
995 2098 1175 2154 habeat
1205 2096 1356 2151 vitam
1395 2104 1654 2149 cateruam.
1686 2090 1823 2160 Quid
1852 2099 1978 2145 tunc

386 2195 438 2252 in
481 2196 694 2252 deserto
744 2193 940 2249 factum
988 2192 1098 2257 sit,
1146 2172 1438 2246 novimus:
1471 2193 1777 2256 serpentum
1832 2199 1977 2238 mor-

385 2287 533 2344 sibus
577 2284 725 2342 nulli
770 2283 1171 2347 moriebantur;
1212 2291 1335 2336 tunc
1366 2279 1593 2350 populus
1620 2286 1838 2349 peccata
1882 2291 1975 2329 sua

385 2378 679 2443 confitens,
734 2391 828 2445 per
878 2373 1099 2446 Moysen
1148 2372 1471 2442 deprecatus
1522 2379 1605 2425 est
1660 2367 1973 2433 Dominum,

385 2485 446 2531 ut
473 2475 577 2531 hoc
604 2474 672 2529 ab
709 2472 787 2527 eis
814 2472 960 2526 virus
989 2468 1225 2525 auferret
1261 2483 1275 2520 :
1306 2480 1370 2521 ac
1399 2464 1478 2520 sic
1506 2463 1715 2537 Moyses
1742 2477 1807 2518 ex
1835 2475 1978 2532 prm-

384 2577 542 2638 cepto
583 2566 791 2622 Domini
832 2561 1087 2620 exaltavit
1134 2560 1187 2616 in
1234 2559 1451 2616 deserto
1497 2570 1707 2613 :eneum
1752 2569 1976 2625 serpen-

386 2670 493 2716 tem
516 2677 532 2726 ;
560 2656 941 2728 admonuitque
964 2655 1239 2726 populum,
1267 2661 1325 2707 ut
1349 2652 1499 2708 illum
1521 2649 1812 2707 exaltatum
1833 2647 1979 2719 quis-

385 2749 509 2821 quis
536 2766 565 2805 a
588 2756 836 2820 serpente
862 2746 1199 2803 morderetur
1226 2743 1527 2800 attenderct
1552 2741 1703 2798 :‘hoc
1729 2740 1979 2796 facientes

386 2841 640 2896 continuo
668 2839 994 2894 sanabuntur
1024 2835 1210 2909 (Num.
1232 2852 1348 2899 xxt,
1380 2835 1523 2905 6—9).
1552 2832 1689 2904 Quid
1718 2841 1801 2888 est
1830 2832 1981 2888 exal-

385 2939 529 2986 tatus
553 2945 799 2999 serpens,
825 2930 924 2984 nisi
948 2944 1092 2984 mors
1110 2927 1330 2993 Christi,
1353 2942 1420 2982 eo
1439 2924 1773 2998 significandi
1796 2923 1977 2992 modo,

386 3040 493 3097 quo
522 3039 617 3095 per
651 3022 971 3079 efﬁcientem
999 3020 1050 3076 id
1076 3019 1221 3091 quod
1258 3018 1488 3075 efficitur
1530 3015 1905 3087 significatur?
1932 3017 1981 3071 Α

387 3124 637 3184 serpente
662 3114 859 3184 quippe
887 3128 1033 3167 mors
1062 3113 1227 3178 venit,
1254 3111 1345 3181 qui
1380 3119 1679 3180 peccatum,
1709 3124 1815 3179 quo
1844 3107 1980 3163 mori

388 3212 706 3271 mereretur,
738 3202 943 3258 homini
986 3202 1267 3273 persuasit.
1296 3200 1553 3255 Dominus
1576 3208 1753 3253 autem
1782 3198 1836 3252 in
1866 3212 1985 3252 car-

391 3313 514 3353 nem
543 3311 696 3352 suam
739 3311 845 3351 non
889 3303 1166 3367 peccatum
1200 3291 1490 3357 transtulit,
1524 3299 1773 3362 tanquam
1816 3302 1982 3346 vene-

392 3404 519 3443 num
565 3387 832 3459 serpentis
874 3405 887 3442 :
935 3386 1030 3442 sed
1077 3396 1256 3441 tamen
1297 3382 1570 3439 transtulit
1611 3389 1875 3445 mortem;
1926 3390 1985 3435 ut

392 3490 541 3538 esset
568 3481 620 3537 in
643 3480 990 3537 similitudine
1016 3480 1194 3535 carnis
1230 3478 1433 3549 peccati
1462 3492 1618 3548 poena
1644 3476 1760 3533 sine
1787 3476 1939 3546 culpa
1965 3517 1979 3541 ,

394 3570 535 3628 unde
574 3571 630 3626 in
673 3587 834 3630 carne
861 3572 1069 3643 peccati
1100 3580 1155 3626 et
1196 3570 1352 3640 culpa
1398 3569 1696 3626 solveretur
1724 3579 1777 3624 et
1804 3582 1981 3639 poma.

395 3664 547 3719 Sicut
579 3679 707 3734 ergo
734 3672 881 3727 tunc,
909 3663 999 3735 qui
1041 3661 1404 3732 conspiciebat
1443 3660 1730 3716 exaltatum
1759 3674 1983 3730 serpen-

397 3766 527 3822 tem,
555 3764 609 3811 et
635 3770 667 3810 a
708 3770 916 3810 veneno
954 3753 1263 3820 sanabatur,
1294 3762 1348 3809 et
1367 3768 1395 3806 a
1425 3762 1596 3808 morte
1619 3751 1980 3807 liberabatur:

394 3849 472 3900 sic
500 3860 660 3912 nunc,
692 3846 780 3916 qui
823 3843 1188 3900 conformatur
1213 3841 1548 3899 similitudini
1580 3842 1767 3898 mortis
1788 3840 1986 3898 Christi

397 3952 494 4007 per
524 3937 681 3992 Iidem
715 3936 1140 4007 baptismumque
1166 3935 1301 4006 ejus,
1333 3942 1388 3991 et
1410 3951 1440 3991 a
1472 3943 1693 4007 peccato
1717 3950 1809 4005 per
1833 3933 1988 4004 justi-

398 4028 725 4093 ticationem,
755 4039 807 4084 et
837 4043 865 4082 a
897 4035 1067 4083 morte
1099 4042 1193 4098 per
1224 4028 1672 4095 resurrectionem
1710 4026 1984 4082 liberatur.

395 4118 510 4175 Iluc
533 4127 616 4175 est
642 4118 785 4175 enim
816 4118 961 4189 quod
988 4120 1084 4185 ait,
1111 4129 1166 4172 ut
1191 4118 1355 4173 omnis
1373 4119 1461 4190 qui
1490 4119 1648 4173 credit
1664 4119 1718 4173 in
1747 4135 1859 4173 eum
1886 4134 1987 4173 non

397 4220 586 4278 pereat,
609 4210 698 4265 sed
723 4209 902 4265 habent
925 4210 1079 4264 vitam
1102 4218 1363 4265 aeternam.
1390 4209 1529 4278 Quid
1551 4209 1707 4282 igitur
1725 4225 1859 4282 opus
1880 4218 1984 4277 est,

398 4310 459 4356 ut
491 4301 690 4357 Christi
721 4300 879 4357 morti
913 4316 1006 4372 per
1034 4301 1363 4373 Baptismum
1393 4301 1761 4358 conformetur
1790 4317 1987 4373 parva.

398 4396 515 4460 lus,
553 4395 598 4449 si
626 4410 804 4450 morsu
833 4394 1098 4464 serpentis
1141 4411 1248 4451 non
1288 4404 1371 4451 est
1407 4394 1627 4451 omnino
1655 4394 1990 4451 venenatus?

464 4487 691 4545 CAPUT
714 4487 952 4548 XXXIII.
967 4520 1038 4529 —
1051 4488 1142 4545 62.
1168 4487 1334 4544 Nemo
1353 4498 1513 4561 potest
1530 4486 1842 4543 reconciliari
1861 4488 1987 4554 Deo,

397 4580 496 4634 nisi
516 4596 603 4649 per
621 4579 897 4637 Christum.
925 4580 1125 4636 Deinde
1146 4581 1225 4636 sic
1246 4590 1641 4651 consequenter
1659 4579 1789 4635 dicit
1811 4597 1825 4633 :
1851 4578 1990 4634 Deus

394 4673 469 4726 sic
495 4671 671 4727 dilexit
695 4672 937 4726 mundum
959 4714 975 4740 ,
1004 4683 1058 4727 ut
1079 4671 1129 4726 F
1132 4672 1277 4727 ilium
1300 4690 1449 4727 suum
1477 4672 1790 4744 unigenitum
1815 4673 1990 4737 daret;

396 4773 450 4816 ut
473 4763 637 4818 omnis
659 4764 744 4833 qui
769 4764 928 4817 credit
955 4764 1008 4818 in
1032 4780 1164 4830 eum,
1187 4780 1287 4819 non
1312 4774 1504 4836 pereat,
1522 4764 1611 4819 sed
1638 4763 1817 4818 habeat
1839 4764 1992 4818 vitam

397 4865 657 4909 uernam.
695 4855 972 4912 Periturus
999 4866 1118 4912 erat
1143 4872 1271 4928 ergo
1298 4857 1552 4928 parvulus
1588 4872 1686 4939 nec
1716 4856 1992 4913 habiturus

397 4949 559 5003 vitam
578 4959 855 5011 aeternam.
879 4966 922 5004 st
946 4965 1041 5021 per
1062 4959 1454 5006 sacramentum
1476 4951 1726 5021 Baptismi
1750 4966 1855 5006 non
1875 4966 1992 5007 cre-

395 5037 550 5093 deret
577 5039 630 5093 in
654 5040 668 5071 ¹
694 5040 1022 5109 unigenitum
1049 5042 1140 5096 Dei
1165 5040 1379 5109 Filium,
1406 5042 1531 5097 dum
1561 5043 1772 5098 interim
1800 5042 1877 5098 sic
1901 5058 1992 5098 ve-

398 5131 476 5184 nit
506 5140 561 5185 ut
600 5146 706 5186 non
729 5131 931 5201 judicet
960 5133 1249 5200 mundum,
1279 5133 1375 5190 sed
1404 5143 1461 5189 ut
1492 5135 1729 5191 salvetur
1763 5134 1994 5192 mundus

398 5234 496 5289 per
511 5218 682 5290 ipsum
702 5238 716 5275 :
738 5222 1034 5292 pra-sertim
1055 5223 1177 5292 quia
1196 5224 1458 5295 sequitur,
1477 5232 1532 5280 et
1548 5224 1696 5293 dicit,
1722 5224 1822 5294 Qui
1836 5225 1995 5280 credit

396 5312 451 5365 in
478 5326 611 5374 eum,
640 5327 739 5365 non
761 5312 1064 5383 judicatur:
1093 5316 1178 5385 qui
1198 5323 1368 5369 autem
1397 5332 1500 5371 non
1522 5316 1702 5383 credit,
1714 5317 1829 5387 jam
1856 5317 1995 5383 indi-

400 5409 539 5455 attus
554 5410 658 5466 est;
682 5402 800 5468 quia
814 5417 914 5457 non
934 5403 1145 5457 credidit
1170 5403 1222 5458 in
1244 5405 1445 5460 nomine
1464 5405 1711 5477 unigeniti
1734 5405 1855 5461 Filii
1876 5404 1991 5462 Dei.

398 5494 498 5550 libi
529 5509 657 5565 ergo
696 5496 946 5566 parvulos
977 5497 1226 5567 ponimus
1266 5497 1563 5569 baptizatos
1585 5540 1600 5566 ,
1633 5499 1732 5554 nisi
1761 5499 1904 5555 inter
1935 5498 1996 5553 li-

397 5585 567 5651 deles,
596 5586 735 5642 sicut
772 5588 1035 5642 universa:
1063 5588 1261 5659 ultique
1290 5588 1547 5644 Ecclesia:
1589 5590 1783 5645 clamat
1810 5599 1995 5646 aucto-

398 5676 569 5731 ritas?
600 5677 741 5749 Ergo
771 5679 909 5734 inter
939 5694 1033 5735 eos
1064 5682 1151 5750 qui
1198 5680 1576 5744 crediderunt;
1609 5684 1710 5739 hoc
1745 5684 1887 5738 enim
1917 5684 1996 5738 eis

399 5768 691 5837 acquiritur
736 5784 833 5839 per
881 5770 1130 5825 virtutem
1177 5770 1505 5827 Sacramenti
1552 5782 1607 5827 et
1656 5774 1994 5829 offerentium

462 5880 479 5911 ί
516 5878 648 5946 [ρώ.
666 5893 757 5930 non
776 5881 993 5931 Crederet
1021 5880 1329 5944 unigenitum,
1351 5885 1524 5932 omissa
1546 5897 1660 5946 me]
1679 5884 1903 5945 esiticne,
1920 5884 1986 5945 in,

397 5953 505 6002 qua:
538 5941 613 5992 hic
649 5952 808 5996 exstat
833 5945 879 5993 iu
906 5941 1254 6003 “iuramentis.

1758 407 1957 464 LIBER
1992 404 2268 462 PRIMUS.

3565 404 3671 465 NG

2077 522 2482 592 responsionem
2514 537 2531 579 :
2558 535 2620 577 ac
2643 535 2740 594 per
2765 521 2867 577 hoc
2889 535 2984 578 eos
3005 521 3094 594 qui
3116 520 3365 595 baptisati
3390 536 3496 579 non
3521 530 3668 592 sunt,

2079 617 2219 671 inter
2241 631 2337 672 eos
2359 616 2449 687 qui
2476 631 2583 671 non
2611 613 2973 672 crediderunt.
3006 615 3176 673 Porro
3200 615 3245 672 si
3273 615 3347 671 illi
3375 615 3467 684 qui
3495 614 3671 686 baptio

2078 707 2182 761 zati
2212 716 2358 772 sunt,
2387 721 2493 761 non
2518 705 2859 777 judicantur;
2891 706 2977 762 isti
3005 706 3130 778 quia
3158 714 3344 762 carent
3372 705 3668 776 Baptismn,

2071 797 2399 867 judicantur.
2424 796 2577 866 Quod
2622 812 2749 852 vero
2778 796 3017 867 adjungit
3036 839 3051 862 ,
3080 795 3193 852 Hoc
3230 804 3305 852 est
3328 805 3497 850 autem
3517 795 3673 869 judi-

2076 890 2230 957 cium,
2257 889 2378 960 quia
2404 889 2496 944 lua:
2522 890 2660 944 venit
2683 889 2736 942 in
2764 889 3033 953 mundum,
3062 898 3109 944 et
3133 888 3418 944 dilexerunt
3446 888 3674 943 homines

2079 981 2312 1036 tenebras
2336 981 2500 1053 magis
2524 997 2675 1051 quant
2713 981 2876 1035 lucem
2900 996 2920 1035 :
2943 980 3109 1049 unde,
3141 979 3257 1035 Lm:
3283 981 3416 1035 venit
3441 980 3494 1035 in
3521 996 3674 1034 mun-

2077 1072 2219 1140 dum,
2262 1072 2366 1127 nisi
2395 1071 2463 1127 de
2490 1087 2592 1128 suo
2633 1059 2764 1127 dicit
2790 1071 3044 1137 adventu,
3090 1073 3205 1127 sine
3233 1072 3385 1143 cujus
3414 1071 3675 1128 adventus

2077 1175 2417 1221 sacramento
2444 1165 2712 1237 quomodo
2735 1165 2951 1236 parvuli
2985 1180 3107 1221 esse
3135 1165 3383 1222 dicuntur
3416 1166 3475 1222 in
3515 1162 3674 1221 luce?

2076 1258 2184 1313 Aut
2204 1256 2473 1328 quomodo
2497 1272 2601 1313 non
2623 1268 2679 1314 et
2704 1257 2881 1313 hocin
2908 1256 3193 1313 dilectione
3219 1258 3555 1314 tenebrarum
3581 1257 3673 1312 ha-

2079 1348 2248 1417 bent,
2279 1349 2367 1419 qui
2399 1349 2849 1420 quemadmodum
2881 1348 2999 1420 ipsi.
3031 1366 3141 1405 non
3185 1349 3432 1418 credunt,
3463 1351 3543 1407 sic
3572 1367 3673 1409 nec

2080 1441 2428 1512 baptizandus
2473 1458 2611 1498 suos
2642 1442 2890 1513 parvulos
2932 1442 3293 1510 arbitrantur,
3336 1443 3552 1515 quando
3593 1445 3674 1500 eis

2079 1546 2309 1591 mortem
2340 1537 2587 1605 corporis
2629 1536 2863 1592 timent?
2893 1534 2960 1591 In
2993 1535 3100 1590 Deo
3146 1543 3325 1592 autem
3368 1536 3497 1592 dicit
3534 1536 3675 1607 [acta

2080 1643 2234 1697 opera
2262 1630 2394 1698 ejus,
2422 1628 2511 1698 qui
2529 1629 2660 1683 venit
2678 1629 2747 1681 ad
2766 1629 2926 1683 lucem
2946 1645 2965 1694 ;
2991 1630 3114 1699 quia
3136 1629 3384 1700 intelligit
3404 1629 3672 1699 justiﬁes-

2083 1720 2281 1773 tlonem
2310 1734 2461 1774 suam
2494 1734 2601 1775 non
2630 1719 2697 1775 ad
2736 1735 2830 1775 sua
2859 1721 3069 1787 merita,
3099 1720 3193 1776 sed
3234 1721 3300 1777 ad
3328 1722 3420 1778 Dei
3446 1723 3673 1793 gratiam

2081 1813 2369 1882 pertinere.
2405 1811 2546 1867 Deus
2567 1823 2637 1869 est
2659 1814 2812 1878 enim,
2843 1814 3013 1885 inquit
3038 1814 3346 1885 Apostolus,
3382 1817 3469 1887 qui
3489 1832 3675 1884 opera-

2082 1913 2163 1956 tur
2202 1904 2254 1957 in
2295 1902 2433 1959 vobis
2463 1906 2480 1937 ι
2520 1913 2565 1957 et
2608 1904 2736 1960 velle
2772 1914 2819 1961 et
2856 1906 3091 1977 operari,
3127 1922 3221 1977 pro
3261 1905 3392 1961 bona
3420 1907 3677 1963 voluntate

2082 1995 2100 2063 (
2131 1993 2365 2065 Philipp.
2399 2010 2457 2057 ιι.
2489 1995 2600 2064 15).
2629 1994 2740 2049 Iloc
2768 1996 2931 2051 modo
2955 2010 3091 2067 ergo
3116 1996 3174 2051 fit
3196 1997 3434 2053 omnium
3465 2012 3529 2053 ex
3557 2012 3677 2054 car-

2083 2086 2189 2140 nali
2219 2087 2569 2157 generatione
2590 2085 2656 2141 ad
2688 2085 2957 2142 Christum
2986 2088 3312 2143 venientium
3337 2091 3676 2159 regeneratio

2082 2181 2393 2252 spiritualis.
2417 2179 2535 2251 Ipse
2564 2181 2667 2237 hoc
2688 2182 2917 2251 aperuit,
2947 2182 3062 2255 ipse
3093 2185 3427 2249 monstravit,
3455 2199 3579 2240 cum
3607 2184 3677 2238 ah

2081 2287 2147 2329 co
2177 2270 2516 2344 'quaereretur
2560 2272 2828 2343 quomodo
2871 2282 3088 2344 possent
3130 2273 3228 2330 ista
3276 2274 3427 2341 ﬁeri;
3474 2275 3677 2332 nemini

2082 2365 2370 2421 humanam
2398 2366 2915 2438 argumentationem
2946 2366 2999 2421 in
3028 2366 3128 2423 hac
3152 2381 3312 2423 causa
3342 2367 3562 2423 liberam
3595 2367 3675 2424 fe-

2082 2460 2155 2514 cit
2188 2476 2203 2513 :
2256 2474 2362 2515 non
2406 2460 2707 2516 alienantur
2731 2461 2757 2492 '
2800 2459 3007 2530 parvuli
3046 2474 3077 2514 a
3126 2460 3308 2531 gratia
3343 2460 3679 2518 remissionis

2085 2558 2449 2622 peccatorum.
2478 2551 2594 2607 Non
2626 2550 2781 2607 aliter
2810 2551 3068 2607 transitur
3093 2551 3162 2607 ad
3184 2550 3485 2619 Christum;
3515 2568 3679 2609 nemo

2083 2642 2239 2699 aliter
2264 2650 2443 2714 potest
2475 2643 2583 2699 Deo
2608 2642 2944 2699 reconciliari
2972 2652 3028 2699 et
3051 2642 3118 2699 ad
3146 2642 3315 2699 Deum
3338 2644 3544 2711 venire,
3574 2645 3675 2700 nisi

2085 2751 2180 2808 per
2204 2734 2499 2793 Christum.

2153 2826 2379 2885 CAPUT
2412 2828 2651 2885 XXXIV.
2677 2860 2749 2872 —
2774 2830 2860 2887 6‘5.
2894 2830 3146 2904 Baptismi
3173 2830 3377 2903 forma,
3408 2848 3498 2887 seu
3524 2832 3672 2886 ritus.

2085 2920 2438 2978 Exoreismus.
2481 2921 2686 2994 Dupr
2725 2924 2789 2979 de
2830 2926 3056 2994 parvulis
3097 2942 3258 2980 error.
3300 2923 3440 2992 Quid
3466 2924 3534 2981 de
3564 2926 3677 2995 ipsa

2087 3012 2257 3070 forma
2300 3016 2619 3072 sacramenti
2660 3016 2891 3088 loquar?
2948 3017 3147 3073 Vellem
3191 3016 3384 3086 aliquis
3428 3018 3676 3082 istorum,

2084 3106 2174 3176 qui
2218 3107 2484 3162 contraria
2521 3108 2769 3178 sapiunt,
2811 3106 2940 3162 mihi
2988 3108 3364 3178 baptizandum
3398 3108 3677 3179 parvulum

2085 3198 2318 3255 all‘erret.
2347 3198 2484 3268 Quid
2526 3199 2578 3254 in
2625 3198 2717 3255 illo
2766 3200 2875 3272 agit
2922 3201 3254 3255 exoreismus
3298 3215 3446 3256 meus
3470 3240 3486 3267 ,
3535 3200 3583 3255 si
3625 3200 3679 3255 in

2086 3291 2284 3348 familia
2315 3291 2515 3350 diaboli
2558 3307 2665 3348 non
2707 3291 2962 3348 tenetur?
3000 3292 3118 3365 Ipse
3152 3302 3298 3349 certe
3338 3293 3468 3349 mihi
3509 3291 3684 3348 fuerat

2088 3399 2442 3456 responsurus
2498 3400 2597 3456 pro
2655 3385 2846 3441 eodem
2909 3386 3129 3456 parvulo
3187 3400 3347 3457 quem
3403 3393 3640 3457 gestaret
3661 3425 3678 3450 .

2086 3478 2210 3547 quia
2257 3492 2352 3548 pro
2392 3492 2452 3533 se
2495 3477 2587 3533 ille
2625 3477 2952 3549 respondere
3000 3492 3105 3533 non
3152 3485 3353 3549 posset.
3401 3478 3682 3547 Quomodo

2088 3585 2217 3642 ergo
2258 3569 2500 3626 dicturus
2546 3580 2662 3625 erat
2708 3587 2829 3625 eum
2877 3571 3184 3626 renuntiare
3230 3570 3479 3637 diabolo,
3528 3571 3684 3641 cujus

2088 3661 2141 3716 in
2183 3675 2251 3716 eo
2295 3661 2425 3716 nihil
2471 3662 2656 3718 esset?
2696 3661 2976 3730 Quomodo
3014 3661 3251 3717 converti
3296 3661 3361 3717 ad
3401 3661 3565 3716 Deum
3593 3705 3606 3727 ,
3650 3679 3680 3715 a

2087 3766 2194 3821 quo
2224 3767 2332 3806 non
2358 3760 2503 3808 esset
2532 3767 2753 3808 aversus
2771 3752 2797 3805 ?
2820 3752 3042 3808 credere
3066 3753 3207 3808 inter
3231 3761 3424 3809 cmtera
3455 3752 3477 3785 ³
3499 3754 3683 3808 remis-

2088 3842 2297 3898 sionem
2345 3850 2707 3915 peccatorum,
2755 3859 2875 3915 qna:
2902 3843 2976 3899 illi
3004 3844 3149 3899 nulla
3179 3830 3543 3901 tribueretur?
3569 3845 3681 3917 Ego

2088 3933 2303 4004 quidem
2336 3934 2380 3989 si
2406 3943 2591 3989 contra
2622 3934 2737 3990 tunc
2772 3950 2895 3990 eum
2939 3935 3139 3992 sentire
3167 3935 3550 4003 esistimarem,
3581 3952 3685 3994 nec

2089 4021 2156 4078 ad
2208 4022 2553 4081 Sacramenta
2604 4041 2725 4081 cum
2772 4026 2992 4095 parvulo
3034 4027 3234 4083 intrare
3275 4027 3678 4099 permitterem:

2092 4114 2205 4185 ipse
2229 4124 2408 4171 autem
2438 4115 2490 4171 in
2524 4117 2624 4173 hoc
2652 4132 2752 4187 qua
2783 4116 2959 4174 fronte
2987 4117 3053 4173 ad
3081 4117 3346 4185 homines,
3374 4134 3476 4190 qua
3503 4127 3683 4175 mente

2090 4207 2156 4263 ad
2191 4207 2357 4264 Deum
2386 4223 2446 4265 se
2472 4207 2658 4278 ferret,
2693 4210 2917 4282 ignoro;
2951 4225 3051 4267 nec
3078 4211 3202 4267 volo
3229 4210 3428 4283 aliquid
3468 4211 3684 4283 gravius

2091 4297 2292 4355 dicere.
2340 4298 2552 4356 Falsam
2582 4300 2741 4371 igitur
2767 4301 2851 4356 vel
2882 4302 3122 4357 fallacem
3148 4301 3284 4357 tradi
3313 4302 3550 4373 parvulis
3577 4301 3687 4358 Ba-

2092 4390 2358 4461 ptismatis
2380 4392 2603 4449 formam
2628 4394 2679 4449 in
2699 4409 2801 4464 qua
2822 4405 3040 4449 sonaret
3058 4402 3216 4464 atque
3242 4395 3325 4467 agi
3347 4394 3620 4451 videretur
3637 4394 3679 4458 ‘.

2091 4491 2147 4537 et
2172 4489 2349 4540 tamen
2392 4485 2530 4540 nulla
2561 4484 2717 4541 fleret
2753 4486 3000 4542 remissio
3039 4496 3376 4558 peccatorum
3397 4528 3410 4552 ,
3437 4486 3690 4543 viderunt

2093 4575 2258 4645 aliqui
2287 4590 2474 4631 eorum
2502 4575 2631 4632 nihil
2661 4577 3043 4634 exsccrabilius
3082 4592 3150 4633 ae
3175 4572 3542 4634 detestabilius
3580 4578 3686 4634 dici

2094 4684 2251 4740 posse
2292 4679 2453 4740 atque
2491 4670 2701 4725 sentiri.
2747 4671 2978 4728 Proinde
3016 4671 3164 4743 quod
3196 4674 3385 4728 attinet
3411 4674 3487 4729 ad
3507 4674 3689 4745 Bapti-

2094 4775 2266 4817 smum
2290 4763 2653 4832 parvulorum,
2677 4773 2736 4819 ut
2756 4764 2834 4820 eis
2854 4766 2922 4820 sit
2945 4766 3297 4832 necessarius,
3320 4767 3690 4839 redemptione

2097 4857 2225 4928 ipsis
2257 4857 2417 4911 etiam
2444 4872 2579 4927 opus
2605 4872 2726 4913 esse
2753 4858 3076 4923 concedunt,
3105 4860 3245 4913 sicut
3272 4857 3551 4930 cujusdam
3592 4876 3690 4917 cn-

2097 4962 2215 5003 rum
2246 4946 2425 5003 libello
2453 4947 2771 5003 brevissimo
2808 4947 3114 5003 continetur
3141 4965 3154 5002 :
3182 4948 3272 5019 qui
3298 4957 3477 5007 tamen
3505 4949 3573 5005 ihi
3602 4966 3693 5006 re-

2097 5038 2408 5094 missionem
2438 5038 2664 5108 alicujus
2689 5038 2896 5110 peccati
2924 5039 3160 5109 apertius
3181 5041 3481 5113 exprimerc
3501 5041 3717 5131 noluit.”r

2095 5130 2246 5185 Sicut
2269 5138 2448 5185 autem
2480 5129 2609 5184 mihi
2635 5129 2749 5199 ipse
2774 5129 2967 5187 litteris
2996 5131 3281 5203 iutimasti,
3310 5134 3544 5191 fatentur
3558 5133 3697 5207 jam,

2099 5231 2155 5278 ut
2173 5222 2344 5291 dicis,
2380 5222 2621 5279 etiamin
2654 5223 2889 5292 parvulis
2916 5240 3015 5297 per
3043 5225 3376 5297 Baptismum
3421 5214 3717 5285 remissio:

2099 5329 2219 5371 nem
2250 5313 2366 5370 fieri
2392 5323 2751 5385 peccatorum.
2779 5315 2889 5373 Nec
2915 5318 3105 5373 mirum
3132 5336 3146 5374 :
3178 5333 3284 5375 non
3312 5321 3455 5378 enim
3485 5320 3699 5377 redem-

2100 5404 2210 5477 ptio
2232 5404 2340 5460 alio
2364 5404 2525 5460 modo
2545 5413 2727 5477 posset
2750 5407 2994 5477 intelligi.
3022 5406 3145 5465 Non
3170 5418 3337 5465 tam
3360 5411 3693 5484 oﬁginaliter,

2165 5515 2180 5582 ξ
2216 5514 2355 5582 Editi,
2376 5512 2530 5567 nobis.
2550 5512 2772 5582 Nonnulli
2796 5519 3130 5582 manuscripti,
3146 5517 3292 5572 vobis.

2100 5577 2368 5699 safiﬁgiti,
2390 5583 2444 5628 ut
2471 5577 2870 5632 nonalimcntur.
2894 5577 3160 5642 Particula,
3185 5588 3237 5634 ut
3256 5617 3272 5643 ,
3291 5584 3435 5636 abest
3467 5595 3497 5634 ι
3520 5595 3693 5633 manu-

2167 5676 2391 5771 3"filix-es
2406 5707 2542 5772 lusa,
2567 5701 2769 5753 credere
2806 5709 3079 5772 premerem
3103 5711 3238 5772 Itox”
3245 5704 3490 5772 editiones
3516 5714 3616 5772 sm.
3646 5713 3699 5756 et

2220 5765 2623 5839 tarentimte
2644 5765 2982 5839 ρςεςατονψης
3005 5766 3190 5839 auecta
3209 5765 3663 5839 “nervosum
3680 5798 3703 5826 ι

2100 5837 2211 5894 qua?
2238 5824 2380 5873 abest
2402 5837 2429 5874 a
2453 5824 2792 5890 mattlISCt‘Ij‘lIS
2807 5862 2822 5887 ,
2848 5835 2899 5878 et
2923 5824 3098 5878 merito
3122 5824 3365 5889 expunct'a
3399 5824 3487 5879 fuit
3508 5842 3597 5891 per
3619 5824 3701 5878 Lo-

2107 5899 2381 5933 tamenses.

2172 5948 2191 5977 δ
2226 5950 2297 5997 sic
2320 5955 2423 5996 Mss.
2453 5953 2505 5997 At
2530 5946 2665 6011 editi,
2691 5956 2878 6001 sonaret
2902 5948 3030 6013 quod
3055 5948 3215 6011 utique
3232 5949 3312 6013 agi
3343 5948 3606 6001 tideretur.
