4164 6518
552 393 651 447 147

550 503 814 572 inquiunt,
841 501 930 555 sed
949 501 1001 555 in
1024 492 1125 554 uita
1135 501 1247 570 jam
1269 499 1493 570 propria,
1520 508 1838 567 posteaquam
1863 496 1970 550 nati
1988 504 2124 557 sunt,

554 604 811 666 peccatum
838 593 1016 647 habere
1039 602 1310 663 creperum.

623 687 711 743 64.
736 684 1091 752 Quamobrem
1114 683 1263 737 vides
1278 689 1528 752 quantum
1545 680 1653 751 jam
1672 680 1832 734 distet
1853 679 1990 732 inter
2011 692 2125 746 eos,

553 786 740 832 contra
769 788 901 846 quos
927 776 977 829 in
1008 775 1108 828 hoc
1135 788 1295 842 opere
1336 771 1425 826 diu
1460 771 1569 840 jam
1600 770 1930 838 multumque
1956 768 2125 823 disse-

552 868 657 932 rui,
690 879 914 936 quorum
941 864 1099 920 etiam
1126 862 1281 917 unius
1309 863 1409 931 legi
1435 861 1624 915 librum
1655 877 1716 914 ea
1744 860 2125 923 continentem,

552 971 677 1026 qua:
694 965 754 1010 ut
781 955 925 1026 potui
949 953 1193 1010 refutavi.
1228 952 1369 1007 inter
1398 952 1528 1005 istos
1551 966 1697 1020 ergo,
1728 958 1786 1004 ut
1810 949 1987 1005 dicere
2015 964 2127 1003 cm-

450 1099 463 1112 ,
554 1061 757 1116 peram,
786 1034 873 1114 q'ui
918 1045 1135 1098 omnino
1162 1043 1405 1113 parvulos
1432 1040 1501 1096 ab
1524 1041 1666 1095 omni
1700 1048 1911 1109 peccato
1947 1048 2000 1094 et
2025 1039 2129 1093 ori-

551 1136 712 1206 ginali
755 1144 810 1189 et
839 1135 1051 1203 proprio
1078 1148 1238 1203 puros
1263 1142 1316 1188 et
1353 1124 1551 1187 liberos
1576 1148 1694 1186 esse
1720 1130 2027 1193 defendunt,
2074 1138 2129 1185 et

550 1226 686 1280 istos
716 1226 809 1295 qui
848 1239 941 1278 eos
962 1225 1072 1293 jam
1119 1232 1272 1278 natos
1316 1223 1528 1292 propria
1576 1230 1762 1291 putant
1801 1220 2128 1274 contraxisse

553 1328 789 1387 peccata,
816 1330 845 1369 a
887 1316 1078 1385 quibus
1101 1329 1195 1369 eos
1223 1313 1449 1369 credunt
1473 1329 1566 1382 per
1609 1313 1930 1381 Baptismum
1970 1325 2129 1379 opor-

556 1416 671 1462 tere
698 1406 929 1477 purgari,
956 1412 1213 1475 quantum
1239 1404 1448 1460 intersit
1471 1403 1639 1457 vides.
1666 1402 1892 1457 Proinde
1918 1401 2002 1455 isti
2034 1414 2129 1469 po-

553 1496 808 1551 steriores
839 1494 1090 1549 intuendo
1117 1494 1417 1564 Scripturas
1442 1533 1456 1558 ,
1484 1503 1537 1549 et
1574 1493 1939 1548 auCtoritatem
1967 1493 2127 1546 totius

557 1586 813 1642 Ecclesiae
832 1627 847 1651 ,
876 1593 927 1640 et
958 1584 1180 1639 formam
1220 1584 1385 1655 ipsius
1421 1583 1747 1639 Sacramenti
1769 1625 1783 1648 ,
1814 1583 1950 1637 bene
1976 1582 2126 1636 vide-

551 1684 677 1731 runt
707 1692 801 1747 per
829 1676 1151 1746 Baptismum
1182 1676 1233 1730 in
1262 1675 1491 1745 parvulis
1533 1684 1870 1745 peccatorum
1901 1673 2012 1727 fieri
2040 1687 2127 1727 re-

552 1768 858 1824 missionem
885 1784 898 1821 :
930 1767 1023 1823 sed
1049 1767 1303 1837 originale
1329 1781 1449 1821 esse
1476 1767 1517 1833 ί,
1544 1765 1797 1836 quidquid
1824 1764 1948 1820 illud
1978 1764 2028 1817 in
2049 1763 2128 1818 eis

551 1868 652 1926 est,
698 1859 779 1913 vel
825 1858 1009 1913 nolunt
1036 1857 1247 1919 dicere,
1277 1857 1359 1911 vel
1398 1870 1504 1911 non
1533 1864 1777 1927 possunt.
1828 1854 1906 1910 llli
1948 1862 2127 1909 autem

549 1952 756 2019 priores
784 1950 834 2003 in
863 1950 975 2018 ipsa
1018 1959 1205 2003 natura
1249 1948 1476 2003 humana
1497 1990 1513 2011 ,
1540 1963 1659 2018 qua:
1689 1947 1756 2002 ab
1781 1947 2030 2001 omnibus
2071 1953 2129 2001 ut

545 2038 917 2095 consideretur
932 2039 994 2109 in
1026 2047 1271 2109 promptu
1299 2047 1401 2102 est,
1431 2037 1567 2094 bene
1593 2037 1856 2103 viderunt,
1883 2035 2023 2107 quod
2052 2035 2129 2089 fa-

550 2131 652 2186 cile
680 2129 800 2196 fuit,
832 2138 1043 2185 atatem
1071 2130 1216 2185 illam
1262 2130 1317 2183 in
1345 2144 1439 2184 sua
1461 2129 1572 2199 jam
1609 2128 1715 2183 vita
1744 2129 1956 2198 pr0pria
1994 2127 2128 2181 nihil

547 2222 751 2293 peccati
781 2221 1020 2291 potuisse
1044 2220 1359 2277 contrahere
1391 2238 1405 2275 :
1437 2220 1530 2276 sed
1574 2235 1641 2274 ne
1667 2228 1939 2290 peccatum
1967 2220 2128 2289 origi-

548 2312 670 2368 naie
697 2311 983 2379 fateantur,
1012 2312 1216 2367 nullum
1238 2326 1355 2368 esse
1378 2312 1596 2365 omnino
1623 2320 1895 2381 peccatum
1922 2311 1975 2365 in
2004 2328 2125 2380 par-

553 2403 697 2458 vulis
723 2403 924 2459 dicunt.
972 2401 1028 2456 ln
1056 2402 1138 2457 his
1162 2417 1289 2473 ergo
1325 2418 1445 2473 quae
1487 2403 1693 2474 singula
1718 2418 1842 2458 vera
1869 2402 2051 2457 dicunt
2079 2404 2123 2469 ',

555 2496 704 2565 prius
742 2497 880 2551 inter
903 2510 961 2550 se
987 2495 1086 2566 ipsi
1128 2498 1461 2551 consentiant
1484 2535 1499 2561 ,
1529 2504 1582 2549 ct
1622 2503 2009 2567 consequenter
2036 2494 2128 2548 fiet

549 2596 608 2643 ut
634 2602 663 2641 a
691 2587 846 2643 nobis
876 2585 1020 2642 nulla
1050 2600 1114 2642 ex
1145 2594 1296 2656 parte
1333 2585 1665 2640 dissentiant.
1697 2586 1828 2640 Nam
1856 2586 1900 2641 si
1930 2600 2125 2655 parvu-

547 2688 617 2742 lis
636 2687 916 2757 baptizatis
942 2686 1311 2741 remissionem
1338 2685 1449 2739 fieri
1476 2693 1809 2753 peccatorum
1832 2682 2128 2737 concedant

548 2779 624 2834 illi
651 2779 804 2844 istis;
834 2777 1081 2847 parvulos
1104 2784 1303 2841 autem,
1335 2784 1392 2830 ut
1420 2776 1530 2845 ipsa
1559 2782 1743 2828 natura
1771 2774 1821 2828 in
1854 2773 2024 2829 tacitis
2054 2774 2126 2827 in-

548 2869 781 2925 fantibus
807 2870 1044 2935 clamat,
1073 2884 1186 2923 sua:
1225 2867 1346 2922 vitae
1390 2866 1617 2937 propriae
1655 2866 1676 2898 ³
1704 2866 1905 2920 ηυΙΙυιη
1951 2865 2126 2921 adhuc

550 2959 880 3016 contraxisse
901 2966 1174 3029 peccatum
1199 2956 1491 3012 concedant
1516 2956 1603 3010 isti
1625 2956 1729 3011 illis
1748 2955 1771 2987 ⁸
1792 2972 1806 3009 :
1826 2954 2126 3011 concedent

549 3050 761 3119 utrique
787 3047 962 3116 nobis,
991 3048 1190 3102 nullum
1216 3047 1316 3102 nisi
1343 3046 1600 3116 originale
1622 3056 1841 3112 restare,
1869 3046 2008 3117 quod
2030 3061 2125 3115 per

550 3141 874 3211 Baptismum
900 3140 1138 3195 solvatur
1165 3140 1221 3194 in
1250 3138 1501 3208 parvulis.

618 3228 845 3285 CAPUT
874 3228 1090 3284 XXXV.
1120 3258 1189 3270 —
1212 3228 1301 3284 65.
1340 3226 1407 3282 In
1442 3228 1667 3296 parvulis
1690 3244 1791 3283 non
1817 3244 1921 3283 esse
1944 3245 2122 3300 prcca-

548 3330 655 3373 tum
695 3319 916 3389 propria:
940 3320 1071 3373 vitae.
1102 3319 1185 3373 An
1214 3332 1341 3374 vero
1368 3326 1423 3373 ct
1467 3317 1572 3372 hoc
1613 3319 1868 3389 quieritur
1890 3318 1933 3384 ⁸,
1975 3329 2029 3374 et
2056 3319 2123 3374 de

548 3410 650 3464 hoc
671 3408 986 3479 disputaturi
1013 3416 1067 3463 et
1093 3417 1299 3479 tempus
1317 3407 1384 3463 ad
1410 3407 1509 3464 hoc
1528 3408 1816 3478 impcnsuri
1840 3424 2044 3477 sumus,
2066 3418 2124 3465 ut

547 3504 829 3574 probemus
845 3512 1004 3574 atque
1029 3504 1316 3560 doceamus
1339 3504 1605 3576 quomodo
1630 3520 1725 3575 per
1749 3508 2014 3577 propriam
2038 3525 2123 3562 vo-

546 3594 834 3660 luntatem,
861 3594 977 3649 sine
1005 3579 1107 3665 qua
1134 3595 1336 3650 nullum
1383 3595 1503 3650 vitae
1542 3597 1771 3666 propriae
1799 3605 1974 3666 potest
2000 3612 2122 3654 esse

547 3694 845 3753 peccatum,
876 3684 1007 3740 nihil
1043 3685 1170 3739 mali
1204 3685 1570 3741 commiserint
1597 3685 1845 3752 infantes,
1875 3687 1966 3757 qui
1994 3703 2120 3757 pro-

549 3784 670 3846 pter
712 3776 814 3831 hoc
856 3784 1115 3831 vocantur
1150 3776 1219 3831 ab
1255 3775 1501 3830 omnibus
1545 3775 1894 3831 innocentes?
1935 3777 2123 3833 Nonne

549 3873 693 3921 tanta
723 3866 1001 3921 inlirmitas
1028 3865 1190 3920 animi
1213 3874 1269 3922 et
1295 3866 1556 3936 corporis,
1587 3875 1729 3921 tanta
1768 3882 1945 3922 rerum
1972 3867 2114 3939 igno~

547 3954 748 4023 rantia,
775 3962 884 4011 tam
913 3956 1060 4011 nulla
1092 3956 1309 4011 omnino
1334 3957 1585 4026 praecepti
1610 3958 1902 4030 capacitas,
1943 3959 2121 4014 nullus

542 4045 630 4100 vel
672 4044 927 4100 naturalis
948 4046 1031 4101 vel
1067 4044 1383 4116 conscriptae
1410 4046 1541 4118 legis
1567 4062 1755 4103 sensus
1779 4056 1870 4104 aut
1906 4058 2081 4105 motus
2101 4092 2117 4116 ,

546 4136 724 4192 nullus
748 4136 802 4191 in
835 4137 1142 4193 alterutram
1164 4146 1373 4208 partem
1399 4139 1620 4196 rationis
1649 4155 1793 4205 usus,
1820 4139 1922 4196 hoc
1949 4141 2119 4196 multo

546 4227 821 4285 tostatiore
844 4228 1055 4283 silentio
1074 4243 1232 4299 quam
1253 4243 1430 4285 sermo
1450 4240 1632 4287 noster
1652 4232 1943 4302 proclamat
1962 4241 2119 4303 atque

544 4318 781 4374 indicat?
814 4317 1000 4375 Valeat
1038 4318 1235 4390 aliquid
1272 4320 1340 4376 ad
1388 4334 1449 4376 se
1488 4308 1657 4392 ipsam
1697 4321 2116 4391 persuadendam

538 4408 660 4481 ipsa
694 4406 996 4463 evidentia:
1025 4423 1145 4463 nam
1185 4423 1440 4480 nusquam
1468 4410 1549 4467 sic
1584 4426 1689 4466 non
1724 4410 1937 4467 invenio
1977 4411 2119 4481 quod

544 4495 718 4553 dicam
739 4536 754 4563 ,
783 4512 945 4567 quam
988 4497 1075 4551 ubi
1105 4512 1191 4553 res
1218 4497 1286 4554 de
1310 4514 1412 4569 qua
1431 4498 1641 4566 dicitur,
1670 4499 2000 4556 manifestior
2036 4510 2120 4556 est

542 4602 701 4658 quam
730 4601 889 4642 omne
912 4585 1054 4658 quod
1083 4587 1293 4643 dicitur.

611 4678 700 4734 66.
732 4678 937 4735 Vellem
984 4688 1182 4745 tamen,
1230 4680 1468 4751 quisquis
1509 4680 1612 4738 hoc
1662 4684 1831 4753 sapit,
1880 4682 2112 4749 diceret,

536 4769 682 4841 quod
713 4779 983 4840 peccatum
1010 4770 1202 4826 viderit
1221 4771 1307 4827 vel
1335 4773 1530 4842 putarit
1556 4773 1772 4829 infantis
1800 4754 2027 4831 recentis
2052 4775 2119 4829 ab

542 4872 696 4918 utero
716 4902 731 4926 ,
762 4863 847 4917 cui
878 4863 1184 4918 redimendo
1216 4863 1408 4918 fatetur
1430 4863 1540 4934 jam
1570 4864 1894 4934 Baptismum
1925 4882 2115 4922 neces-

542 4954 762 5017 sarium,
780 4953 904 5024 quid
927 4954 1049 5009 mali
1075 4957 1127 5010 in
1155 4955 1254 5011 hac
1274 4956 1485 5027 propria
1512 4972 1607 5012 sua
1634 4956 1736 5010 vita
1766 4972 1859 5025 per
1882 4958 2115 5011 animum

544 5044 813 5113 proprium
840 5058 1099 5115 corpusve
1137 5046 1484 5101 commiserit.
1516 5045 1572 5101 Si
1612 5044 1749 5101 forte
1778 5045 1916 5116 quod
1947 5046 2119 5116 plorat

544 5135 806 5205 taedioque
831 5144 914 5189 est
932 5134 1223 5206 majoribus
1251 5155 1264 5191 :
1297 5138 1490 5192 mirum
1510 5137 1555 5191 si
1577 5135 1678 5192 hoc
1705 5136 1985 5207 iniquitati,
2009 5152 2115 5192 non

603 5293 619 5324 ί
653 5295 722 5340 tta
745 5291 994 5341 Vaticanus
1013 5288 1167 5341 codex
1192 5296 1244 5340 et
1254 5289 1739 5400 ﬁgimnnensis..ttlii
1763 5287 2117 5354 veroiilerique

603 5365 668 5400 ε..
692 5351 776 5400 sed
798 5356 849 5400 ut
866 5349 1098 5400 oriainale
1110 5363 1231 5400 esse.
1251 5358 1280 5399 Ρ
1315 5360 1386 5400 tu.
1399 5351 1483 5400 sed
1502 5358 1552 5400 tu
1572 5351 1805 5400 omniate
1820 5360 1955 5400 emt.
1978 5352 2117 5400 Paulo

540 5473 631 5522 Sed
654 5474 810 5533 abest,
838 5473 1027 5531 videre,
1051 5486 1080 5521 a
1100 5481 1205 5522 uss.

602 5537 623 5606 ξ
653 5536 1027 5606 gygirannensis
1036 5533 1191 5584 codex
1212 5532 1364 5606 soliis,
1387 5547 1496 5599 qua
1515 5534 1692 5599 singuli
1706 5548 1819 5586 vera
1837 5535 2021 5587 dicavit.

601 5598 623 5659 ἓ
656 5596 704 5644 tn
726 5596 976 5659 plerisque
996 5604 1122 5655 Mss.,
1149 5596 1412 5659 proprium.

602 5656 636 5727 lt.
656 5656 766 5705 Lor.
792 5665 854 5727 et.
884 5656 1068 5721 aliquot
1235 5656 1252 5717 ί
1274 5657 1536 5708 concedant
1573 5656 1653 5709 isti
1690 5657 1788 5709 illis
1806 5670 1825 5721 ,'
1857 5661 2118 5710 concedant

746 5724 919 5831 we
941 5787 1067 5831 Mss"
1089 5786 1146 5830 At
1169 5780 1303 5840 editi,
1328 5778 1593 5843 mirari.

1170 385 1259 443 DE
1298 384 1751 443 PECCATORUM
1787 381 2065 438 MERITIS
2102 382 2191 438 ET
2231 382 2653 449 REMISSIONE,
2696 381 2751 439 S.
2795 385 3164 441 AUGUSTINI

3711 389 3809 444 με

2235 493 2527 549 infelicitati
2558 496 2730 565 potius
2754 496 3112 564 deputandum
3156 505 3255 550 est.
3299 500 3381 553 An
3420 498 3559 569 quod
3599 501 3666 557 ab
3695 502 3811 572 ipso
3871 516 3885 531 '

2234 583 2361 640 ﬂetu
2389 586 2530 639 nulla
2554 600 2646 639 sua
2675 587 2899 648 ratione,
2940 586 3079 640 nulla
3114 587 3422 657 cujusquam
3450 590 3808 657 prohibitione

2231 675 2624 743 compescitur?
2654 677 2721 729 At
2758 675 2857 728 hoc
2888 676 3196 746 ignorantiae
3222 686 3324 744 est,
3359 677 3410 731 in
3440 695 3542 750 qua
3583 681 3804 750 profun-

2232 764 2448 820 dissima
2484 764 2643 834 jacet,
2671 779 2772 833 qua
2803 764 2960 819 etiam
3000 773 3243 830 matrem,
3270 779 3388 820 cum
3414 776 3531 835 post
3557 769 3804 839 exiguum

2234 866 2440 926 tempus
2466 856 2708 922 valuerit,
2752 856 2975 925 percutit
3014 856 3199 923 iratus,
3233 866 3287 912 et
3327 872 3471 929 sa~pe
3509 859 3651 929 ipsas
3694 861 3811 931 ejus

2232 961 2511 1011 mammas,
2540 961 2671 1015 quas
2699 946 2823 999 dum
2845 946 3028 1011 esurit,
3061 948 3271 1017 exsugit
3295 948 3334 1000 ί.
3365 948 3489 1002 llaec
3512 964 3617 1003 non
3649 950 3811 1005 modo

2233 1035 2493 1100 feruntur,
2523 1051 2707 1091 verum
2747 1037 2906 1091 etiam
2942 1037 3236 1108 diliguntur
3263 1039 3315 1092 in
3346 1040 3596 1108 parvulis,
3631 1048 3685 1095 et
3710 1041 3812 1098 hoc

2231 1142 2337 1197 quo
2379 1126 2605 1191 affectu,
2647 1127 2748 1181 nisi
2793 1128 3018 1194 carnali,
3051 1143 3156 1197 quo
3181 1128 3343 1183 etiam
3386 1129 3525 1186 risus
3549 1130 3811 1201 jocusquo

2229 1217 2475 1282 delectat,
2502 1228 2777 1273 acutorum
2795 1234 3005 1291 quoque
3026 1219 3302 1274 hominum
3325 1220 3436 1290 ipsa
3453 1222 3603 1291 quasi
3623 1222 3813 1276 absur-

2229 1308 2393 1364 ditate
2418 1308 2705 1363 conditus:
2735 1310 2821 1379 qui
2849 1310 2891 1363 si
2919 1324 2983 1363 co
3013 1309 3172 1363 modo
3210 1312 3533 1378 sentiretur,
3581 1319 3637 1366 ut
3679 1311 3811 1366 dici-

2229 1407 2335 1466 tur,
2366 1415 2471 1454 non
2504 1400 2614 1469 jam
2645 1400 2720 1454 illi
2748 1410 2998 1471 tanquam
3042 1400 3218 1465 faceti,
3257 1402 3350 1456 sed
3390 1411 3639 1473 tanquam
3680 1403 3808 1459 fatui

2230 1489 2561 1544 riderentur?
2584 1489 2733 1558 Ipsos
2753 1504 2963 1560 quoque
2986 1489 3156 1546 fatuos
3171 1492 3191 1521 ¹
3216 1491 3476 1559 videmus,
3499 1507 3630 1562 quos
3652 1494 3811 1565 vulgo

2230 1579 2498 1633 moriones
2529 1590 2752 1646 vocant,
2783 1579 2847 1633 ad
2880 1579 3218 1635 cordatorum
3262 1580 3481 1637 delicias
3509 1582 3754 1639 adhiberi
3789 1627 3804 1653 ,

2230 1681 2283 1725 et
2308 1671 2360 1724 in
2390 1672 2768 1740 mancipiorum
2795 1672 3146 1727 mstimatione
3168 1673 3505 1742 pretiosiores
3532 1689 3653 1730 esse
3682 1690 3810 1729 cor-

2228 1759 2385 1815 datis.
2433 1760 2655 1815 Tantum
2702 1763 2845 1817 valet
2870 1763 3098 1818 carnalis
3125 1763 3345 1818 allectus
3382 1765 3541 1819 etiam
3587 1766 3810 1823 minime

2229 1850 2490 1906 fatunrum
2510 1852 2560 1905 in
2579 1852 2930 1909 delectatione
2944 1854 3100 1909 alieni
3116 1854 3259 1910 mali.
3291 1854 3422 1909 Nam
3458 1870 3577 1911 cum
3605 1855 3809 1912 homini

2224 1941 2456 2011 jucunda
2481 1943 2549 1997 sit
2572 1943 2746 1999 aliena
2770 1944 3005 2012 fatuitas,
3038 1960 3138 2001 nec
3177 1946 3291 2017 ipse
3334 1954 3509 2002 tamen
3543 1947 3663 2003 talis
3688 1963 3809 2005 esse

2228 2032 2510 2096 voluisset;
2546 2042 2600 2088 et
2638 2033 2682 2088 si
2720 2048 2874 2088 suum
2914 2035 3189 2103 parvulum
3229 2036 3422 2103 lilium,
3469 2050 3499 2091 a
3546 2052 3652 2110 quo
3679 2054 3807 2109 gar-

2229 2123 2397 2178 riente
2432 2124 2554 2178 talia
2585 2133 2733 2194 pater
2761 2125 2914 2181 laetus
2941 2136 3213 2198 exspectat
3249 2137 3304 2185 et
3346 2142 3617 2199 provocat,
3652 2132 3810 2187 talem

2229 2215 2501 2283 prmsciret
2526 2213 2757 2270 futurum
2786 2230 2905 2273 esse
2928 2232 3048 2271 cum
3078 2220 3325 2285 creverit,
3354 2221 3497 2276 nullo
3526 2221 3685 2277 modo
3709 2221 3809 2277 du—

2231 2302 2421 2359 bitaret
2460 2304 2813 2360 miserabilius
2853 2306 3138 2375 lugendum
3176 2322 3295 2365 esse
3328 2324 3486 2379 quam
3517 2320 3803 2368 mortuum.

2230 2393 2334 2449 Sed
2355 2395 2479 2450 dum
2498 2411 2620 2466 spes
2639 2398 2821 2452 subest
2846 2398 3311 2467 incrementorum,
3336 2413 3388 2458 et
3410 2403 3604 2472 ingenii
3624 2403 3806 2460 lumen

2228 2500 2567 2541 accessurum
2608 2488 2843 2551 creditur
2884 2488 3057 2544 aetatis
3093 2504 3311 2546 accessu
3342 2532 3357 2557 ,
3392 2494 3452 2550 ﬁt
3476 2501 3534 2550 ut
3568 2494 3809 2550 convicia

2227 2578 2562 2650 parvulorum
2591 2579 2748 2633 etiam
2779 2580 2832 2634 in
2860 2588 3138 2651 parentes,
3176 2596 3281 2636 non
3333 2582 3505 2636 solum
3548 2584 3807 2653 injuriosa

2228 2683 2332 2722 non
2352 2668 2478 2735 sint,
2506 2684 2689 2723 verum
2711 2669 2869 2724 etiam
2891 2680 3038 2741 grata
3064 2670 3468 2740 atquejucunda
3495 2673 3621 2726 sint.
3648 2673 3809 2742 Quod

2226 2759 2439 2829 quidem
2483 2760 2817 2831 prudentium
2862 2776 3021 2816 nemo
3044 2760 3368 2831 probaverit,
3399 2771 3458 2816 ut
3484 2778 3514 2817 a
3540 2762 3698 2817 dictis
3722 2765 3807 2820 vel

2228 2849 2379 2905 factis
2405 2849 2703 2921 hujusmodi
2732 2866 2838 2905 non
2861 2860 3064 2906 tantum
3087 2851 3107 2883 ⁸
3132 2868 3238 2907 non
3262 2851 3658 2923 prohibeantur,
3683 2869 3808 2910 cum

2226 2941 2496 3012 prohiberi
2519 2941 2629 3013 jam
2661 2952 2896 3012 poswnt,
2930 2959 3114 2997 verum
3140 2944 3193 2998 in
3217 2944 3331 2999 haec
3356 2945 3512 3000 etiam
3534 2946 3809 3002 conciten-

2227 3044 2313 3089 tur
2338 3033 2511 3088 studio
2536 3031 2742 3088 ridendi
2764 3042 2818 3089 et
2840 3035 3070 3090 vanitate
3099 3037 3381 3105 majorum.
3409 3036 3541 3092 Nam
3566 3040 3804 3109 plerum-

2225 3140 2327 3195 que
2369 3124 2456 3178 illa
2502 3133 2630 3178 mtas
2669 3123 2779 3194 jam
2830 3134 3033 3193 patrem
3086 3135 3415 3197 matremque
3460 3144 3756 3198 agnoscens
3786 3171 3803 3197 ,

2229 3215 2402 3271 neutri
2435 3229 2619 3269 eorum
2638 3214 2797 3271 audet
2819 3216 3156 3284 maledicere,
3185 3217 3285 3272 nisi
3311 3219 3378 3273 ab
3406 3219 3573 3274 altero
3592 3235 3803 3287 eorum,

2224 3315 2315 3362 aut
2342 3306 2410 3362 ab
2447 3317 2670 3377 utroque
2696 3308 2776 3363 vel
2809 3308 3066 3377 permissa
3096 3309 3181 3365 vel
3218 3309 3389 3381 jussa.
3444 3311 3638 3366 Verum
3689 3312 3806 3369 haec

2224 3412 2409 3454 eorum
2452 3407 2575 3452 sunt
2620 3398 2990 3468 parvulorum,
3019 3400 3108 3469 qui
3145 3398 3256 3470 jam
3285 3401 3338 3454 in
3366 3400 3529 3455 verba
3560 3416 3804 3470 prorum-

2226 3501 2373 3561 punt,
2416 3500 2471 3546 et
2514 3490 2676 3547 animi
2721 3489 2802 3544 sui
2845 3500 3018 3545 motus
3056 3492 3523 3562 qualibuscumque
3568 3491 3806 3563 linguai‘

2224 3591 2528 3651 promptare
2550 3579 2659 3649 jam
2686 3588 2924 3650 possunt.
2959 3579 3105 3634 illam
3133 3582 3306 3650 potius
3326 3582 3617 3637 recentium
3647 3592 3803 3638 nato-

2224 3686 2340 3725 rum
2371 3670 2835 3741 profundissimam
2884 3671 3235 3740 ignorantiam
3279 3673 3575 3742 videamus,
3602 3689 3666 3729 ex
3698 3689 3802 3745 qua

2225 3760 2289 3815 ad
2320 3761 2473 3815 istam
2502 3776 2606 3815 non
2638 3775 3036 3830 permansuram
3068 3760 3450 3817 balbutientem
3479 3761 3798 3827 fatuitatem,

2225 3857 2472 3920 tanquam
2507 3849 2572 3903 ad
2605 3849 2878 3904 scientiam
2902 3850 3325 3922 locutionemque
3352 3852 3648 3923 tendentes,
3674 3868 3801 3927 pro.

2227 3940 2453 3996 ficiendo
2482 3951 2758 3996 venerunt.

2293 4030 2517 4087 CAPUT
2556 4030 2793 4087 XXXVI.
2820 4062 2891 4072 —
2930 4032 3016 4087 67.
3051 4030 3128 4085 De
3164 4031 3438 4102 infantium
3484 4034 3798 4103 ignorantia,

2224 4132 2271 4177 et
2303 4122 2437 4176 unde
2485 4124 2569 4176 sit.
2619 4123 2761 4190 lllas,
2812 4126 3049 4194 inquam,
3101 4123 3499 4180 consideremus
3550 4126 3801 4181 tenebras

2224 4213 2417 4268 mentis
2441 4213 2622 4283 utique
2655 4214 2959 4281 rationalis,
2988 4214 3040 4269 in
3075 4214 3266 4285 quibus
3294 4223 3348 4270 et
3379 4214 3546 4269 Deum
3582 4230 3801 4285 prorsus

2224 4303 2485 4374 ignorant,
2516 4304 2666 4373 cujus
2696 4304 3053 4358 Sacramentis
3095 4305 3256 4359 etiam
3297 4319 3416 4358 cum
3466 4304 3802 4376 baptizantur

2222 4395 2528 4450 obsistunt:
2569 4395 2621 4448 in
2652 4393 2748 4448 has
2788 4410 2970 4464 quaero
3014 4394 3154 4450 unde
3194 4404 3248 4449 ct
3288 4394 3500 4464 quando
3536 4395 3798 4450 submersi

2222 4485 2345 4540 sint.
2380 4485 2524 4539 Itane
2551 4499 2675 4539 vero
2702 4500 2793 4539 eas
2821 4484 2908 4539 hic
2932 4492 3327 4549 contraxerunt,
3369 4493 3423 4538 ct
3464 4484 3516 4537 in
3562 4485 3662 4538 hac
3692 4485 3797 4537 vita

2222 4593 2316 4633 sua
2342 4577 2451 4647 jam
2484 4577 2692 4646 propria
2720 4592 2815 4645 per
2841 4576 3058 4630 nimiam
3089 4576 3462 4645 negligentiam
3498 4575 3645 4630 obliti
3674 4585 3802 4629 sunt

2225 4669 2408 4733 Deum,
2460 4667 2744 4737 prudentes
2778 4681 2904 4721 vero
2947 4676 3003 4721 et
3050 4666 3279 4736 religiosi
3326 4668 3569 4720 vixerunt
3619 4667 3699 4720 vel
3745 4667 3799 4721 in

2224 4757 2387 4812 uteris
2412 4756 2672 4810 matrum?
2702 4756 2883 4810 Dicant
2918 4755 3015 4809 ista
3057 4756 3148 4824 qui
3186 4754 3299 4807 ausi
3342 4753 3554 4819 fuerint,
3583 4754 3803 4810 audiant

2222 4848 2310 4917 qui
2338 4846 2620 4912 voluerint,
2649 4845 2868 4900 credant
2890 4846 2978 4915 qui
3006 4832 3275 4914 potuerint
3294 4862 3306 4897 :
3325 4860 3424 4914 ego
3445 4854 3620 4898 autem
3649 4855 3797 4912 puto,

2220 4938 2361 5008 quod
2409 4953 2595 4992 omnes
2627 4952 2850 5007 quorum
2893 4947 3097 4991 mentes
3144 4952 3249 4990 non
3296 4937 3573 4990 obnuhilat
3609 4936 3799 4990 defen-

2222 5028 2409 5082 deudm
2457 5042 2567 5081 sua:
2620 5028 2898 5083 sententia:
2947 5027 3239 5096 pervicacia
3265 5068 3280 5091 ,
3320 5025 3435 5080 limo
3465 5027 3663 5081 sentire
3692 5042 3798 5080 non

2223 5128 2463 5188 possunt.
2506 5120 2589 5171 An
2638 5117 2839 5171 nullum
2878 5127 2960 5172 est
2992 5118 3297 5187 ignorantia:
3325 5117 3540 5182 malum,
3586 5126 3640 5170 et
3680 5118 3802 5171 ideo

2286 5234 2304 5265 ί
2340 5232 2559 5295 Plerique
2575 5239 2703 5293 Mss,
2726 5247 2831 5294 pro,
2855 5232 3065 5295 exat/git,
3088 5232 3287 5295 habent,
3308 5230 3478 5295 exigit.

2283 5297 2438 5356 F1res
2457 5289 2675 5356 Gallicani
2690 5289 3003 5356 'niauuscripti
3020 5289 3142 5354 Icoo,
3161 5289 3335 5356 fatuas,
3354 5289 3554 5353 habent,
3575 5289 3800 5343 cirratas.

2223 5355 2339 5405 Vide
2356 5367 2516 5415 supra,
2541 5368 2590 5403 n.
2615 5354 2693 5410 32.
2718 5355 2812 5405 col.
2834 5357 2937 5405 127.

2286 5418 2308 5479 9
2341 5424 2465 5479 Mss,
2488 5425 2603 5479 ante
2624 5428 2717 5464 non
2740 5416 3095 5479 prohibeantur,
3118 5416 3364 5479 omittunt,
3388 5427 3483 5464 non
3503 5419 3704 5479 tantum.

2283 5476 2423 5539 huic
2454 5477 2568 5525 editi
2589 5474 2983 5539 acmanuseripti
3017 5476 3228 5524 nonnulli
3273 5477 3485 5535 addunt,
3504 5474 3690 5539 signis,
3715 5474 3804 5525 Alii

2222 5538 2416 5602 quidam
2436 5545 2558 5596 3:53.,
2581 5535 2793 5588 iudiciis.
2819 5535 3045 5602 neutrum
3069 5539 3252 5602 habent
3274 5535 3575 5602 antiquiores
3589 5537 3802 5602 codices,

2222 5596 2333 5663 quia
2349 5597 2614 5663 eleganter
2648 5600 2930 5663 subauditur
2950 5636 2963 5658 ,
2989 5596 3205 5649 motibus.
3241 5605 3305 5647 Ex
3340 5596 3509 5647 iisdem
3542 5597 3806 5663 manuscri-

2225 5658 2316 5722 ptis
2349 5658 2746 5709 huc'revocainus
2769 5662 2970 5709 verbum
2989 5694 3004 5718 ,
3026 5665 3336 5722 promptare;
3359 5672 3446 5721 pro
3474 5672 3571 5722 quo
3589 5658 3651 5722 iu
3687 5663 3805 5707 ante

2227 5720 2419 5783 excusis
2442 5730 2543 5768 erat
2560 5756 2575 5777 ,
2607 5722 2934 5783 promptitare.
2975 5720 3037 5770 In
3065 5720 3317 5770 PariSiensi
3352 5720 3805 5783 Auguist'tnianortuu

2226 5782 2391 5829 codice
2413 5782 2613 5843 legitur,
2628 5782 2905 5841 promilnrc.

3118 5846 3145 5854 ν
