  <div class='ocr_page' id='page_1' title='image "/cluster/home/n/w/nwhite01/storage/ocr_20150623/44-45/uc1.31175026792435/082.png"; bbox 0 0 4168 6544; ppageno 0'>
   <div class='ocr_carea' id='block_1_1' title="bbox 400 375 497 431">
    <p class='ocr_par' dir='ltr' id='par_1_1' title="bbox 400 375 497 431">
     <span class='ocr_line' id='line_1_1' title="bbox 400 375 497 431; baseline -0.021 0"><span class='ocrx_word' id='word_1_1' title='bbox 400 375 497 431; x_wconf 78' lang='lat' dir='ltr'><strong>H9</strong></span> 
     </span>
    </p>
   </div>
   <div class='ocr_carea' id='block_1_2' title="bbox 394 479 1965 553">
    <p class='ocr_par' dir='ltr' id='par_1_2' title="bbox 394 479 1965 553">
     <span class='ocr_line' id='line_1_2' title="bbox 394 479 1965 553; baseline -0.001 -15"><span class='ocrx_word' id='word_1_2' title='bbox 394 498 489 538; x_wconf 84' lang='lat' dir='ltr'><strong>nec</strong></span> <span class='ocrx_word' id='word_1_3' title='bbox 518 482 888 553; x_wconf 84' lang='lat' dir='ltr'><strong>purgandum?</strong></span> <span class='ocrx_word' id='word_1_4' title='bbox 930 483 997 539; x_wconf 85' lang='lat' dir='ltr'><strong>Et</strong></span> <span class='ocrx_word' id='word_1_5' title='bbox 1021 480 1146 553; x_wconf 83' lang='lat' dir='ltr'><strong>quid</strong></span> <span class='ocrx_word' id='word_1_6' title='bbox 1177 482 1283 551; x_wconf 82' lang='lat' dir='ltr'><strong>agit</strong></span> <span class='ocrx_word' id='word_1_7' title='bbox 1323 481 1339 514; x_wconf 83' lang='grc'>¹</span> <span class='ocrx_word' id='word_1_8' title='bbox 1382 479 1468 537; x_wconf 89' lang='lat' dir='ltr'><strong>illa</strong></span> <span class='ocrx_word' id='word_1_9' title='bbox 1494 497 1620 545; x_wconf 83' lang='lat' dir='ltr'><strong>vox,</strong></span> <span class='ocrx_word' id='word_1_10' title='bbox 1654 479 1848 539; x_wconf 80' lang='lat' dir='ltr'><strong>Delicta</strong></span> <span class='ocrx_word' id='word_1_11' title='bbox 1866 482 1965 553; x_wconf 81' lang='lat' dir='ltr'><strong>ju-</strong></span> 
     </span>
    </p>
   </div>
   <div class='ocr_carea' id='block_1_3' title="bbox 392 570 1970 646">
    <p class='ocr_par' dir='ltr' id='par_1_3' title="bbox 392 570 1970 646">
     <span class='ocr_line' id='line_1_3' title="bbox 392 570 1970 646; baseline -0.001 -18"><span class='ocrx_word' id='word_1_12' title='bbox 392 575 601 633; x_wconf 72' lang='lat' dir='ltr'><strong>sentutis</strong></span> <span class='ocrx_word' id='word_1_13' title='bbox 619 584 663 627; x_wconf 88' lang='lat' dir='ltr'><strong>et</strong></span> <span class='ocrx_word' id='word_1_14' title='bbox 679 575 976 646; x_wconf 65' lang='lat' dir='ltr'><strong>ignorantia</strong></span> <span class='ocrx_word' id='word_1_15' title='bbox 996 588 1116 627; x_wconf 74' lang='lat' dir='ltr'><strong>mete</strong></span> <span class='ocrx_word' id='word_1_16' title='bbox 1135 589 1196 627; x_wconf 84' lang='lat' dir='ltr'><strong>ne</strong></span> <span class='ocrx_word' id='word_1_17' title='bbox 1213 572 1495 627; x_wconf 83' lang='lat' dir='ltr'><strong>memineris</strong></span> <span class='ocrx_word' id='word_1_18' title='bbox 1520 570 1687 644; x_wconf 85' lang='lat' dir='ltr'><strong>(Psal.</strong></span> <span class='ocrx_word' id='word_1_19' title='bbox 1714 588 1856 636; x_wconf 63' lang='grc' dir='ltr'><strong>χειν,</strong></span> <span class='ocrx_word' id='word_1_20' title='bbox 1876 570 1970 643; x_wconf 79' lang='lat'><strong>7)?</strong></span> 
     </span>
    </p>
   </div>
   <div class='ocr_carea' id='block_1_4' title="bbox 392 664 1968 735">
    <p class='ocr_par' dir='ltr' id='par_1_4' title="bbox 392 664 1968 735">
     <span class='ocr_line' id='line_1_4' title="bbox 392 664 1968 735; baseline -0.002 -14"><span class='ocrx_word' id='word_1_21' title='bbox 392 665 502 721; x_wconf 83' lang='lat' dir='ltr'><strong>Etsi</strong></span> <span class='ocrx_word' id='word_1_22' title='bbox 529 666 671 721; x_wconf 89' lang='lat' dir='ltr'><strong>enim</strong></span> <span class='ocrx_word' id='word_1_23' title='bbox 699 664 1078 727; x_wconf 82' lang='lat' dir='ltr'><strong>damnabiliora</strong></span> <span class='ocrx_word' id='word_1_24' title='bbox 1105 674 1322 735; x_wconf 89' lang='lat' dir='ltr'><strong>peccata</strong></span> <span class='ocrx_word' id='word_1_25' title='bbox 1349 672 1493 730; x_wconf 87' lang='lat' dir='ltr'><strong>sunt,</strong></span> <span class='ocrx_word' id='word_1_26' title='bbox 1538 679 1657 734; x_wconf 68' lang='lat' dir='ltr'><strong>quae</strong></span> <span class='ocrx_word' id='word_1_27' title='bbox 1696 664 1766 719; x_wconf 88' lang='lat' dir='ltr'><strong>ab</strong></span> <span class='ocrx_word' id='word_1_28' title='bbox 1791 664 1968 719; x_wconf 87' lang='lat' dir='ltr'><strong>scien-</strong></span> 
     </span>
    </p>
   </div>
   <div class='ocr_carea' id='block_1_5' title="bbox 393 756 1968 829">
    <p class='ocr_par' dir='ltr' id='par_1_5' title="bbox 393 756 1968 829">
     <span class='ocr_line' id='line_1_5' title="bbox 393 756 1968 829; baseline -0.001 -17"><span class='ocrx_word' id='word_1_29' title='bbox 393 756 535 812; x_wconf 91' lang='lat' dir='ltr'><strong>tibus</strong></span> <span class='ocrx_word' id='word_1_30' title='bbox 570 760 973 813; x_wconf 85' lang='lat' dir='ltr'><strong>committuntur</strong></span> <span class='ocrx_word' id='word_1_31' title='bbox 1018 776 1032 812; x_wconf 90' lang='lat'>:</span> <span class='ocrx_word' id='word_1_32' title='bbox 1084 765 1259 813; x_wconf 88' lang='lat' dir='ltr'><strong>tamen</strong></span> <span class='ocrx_word' id='word_1_33' title='bbox 1300 757 1345 811; x_wconf 87' lang='lat' dir='ltr'><strong>si</strong></span> <span class='ocrx_word' id='word_1_34' title='bbox 1392 757 1703 827; x_wconf 67' lang='lat' dir='ltr'><strong>ignorantiae</strong></span> <span class='ocrx_word' id='word_1_35' title='bbox 1749 766 1968 829; x_wconf 87' lang='lat' dir='ltr'><strong>peccata</strong></span> 
     </span>
    </p>
   </div>
   <div class='ocr_carea' id='block_1_6' title="bbox 294 846 1965 922">
    <p class='ocr_par' dir='ltr' id='par_1_6' title="bbox 294 846 1965 922">
     <span class='ocr_line' id='line_1_6' title="bbox 294 846 1965 922; baseline 0.002 -19"><span class='ocrx_word' id='word_1_36' title='bbox 294 918 299 922; x_wconf 24' lang='grc' dir='ltr'><strong>Ι</strong></span> <span class='ocrx_word' id='word_1_37' title='bbox 392 848 537 903; x_wconf 90' lang='lat' dir='ltr'><strong>nulla</strong></span> <span class='ocrx_word' id='word_1_38' title='bbox 563 856 760 913; x_wconf 71' lang='lat' dir='ltr'><strong>essent,</strong></span> <span class='ocrx_word' id='word_1_39' title='bbox 791 848 890 901; x_wconf 86' lang='lat' dir='ltr'><strong>hoc</strong></span> <span class='ocrx_word' id='word_1_40' title='bbox 917 863 1021 903; x_wconf 91' lang='lat' dir='ltr'><strong>non</strong></span> <span class='ocrx_word' id='word_1_41' title='bbox 1046 847 1345 918; x_wconf 81' lang='lat' dir='ltr'><strong>legeremus</strong></span> <span class='ocrx_word' id='word_1_42' title='bbox 1366 848 1506 916; x_wconf 87' lang='lat' dir='ltr'><strong>quod</strong></span> <span class='ocrx_word' id='word_1_43' title='bbox 1531 846 1965 914; x_wconf 82' lang='lat' dir='ltr'><strong>commemoravi,</strong></span> 
     </span>
    </p>
   </div>
   <div class='ocr_carea' id='block_1_7' title="bbox 395 936 1966 1011">
    <p class='ocr_par' dir='ltr' id='par_1_7' title="bbox 395 936 1966 1011">
     <span class='ocr_line' id='line_1_7' title="bbox 395 936 1966 1011; baseline -0.001 -19"><span class='ocrx_word' id='word_1_44' title='bbox 395 938 588 993; x_wconf 87' lang='lat' dir='ltr'><strong>Delicta</strong></span> <span class='ocrx_word' id='word_1_45' title='bbox 620 939 899 1010; x_wconf 79' lang='lat' dir='ltr'><strong>juventutis</strong></span> <span class='ocrx_word' id='word_1_46' title='bbox 926 947 971 993; x_wconf 85' lang='lat' dir='ltr'><strong>et</strong></span> <span class='ocrx_word' id='word_1_47' title='bbox 995 938 1293 1011; x_wconf 67' lang='lat' dir='ltr'><strong>ignorantia:</strong></span> <span class='ocrx_word' id='word_1_48' title='bbox 1320 953 1443 991; x_wconf 78' lang='lat' dir='ltr'><strong>mea:</strong></span> <span class='ocrx_word' id='word_1_49' title='bbox 1469 955 1531 992; x_wconf 87' lang='lat' dir='ltr'><strong>ne</strong></span> <span class='ocrx_word' id='word_1_50' title='bbox 1569 938 1868 994; x_wconf 80' lang='lat' dir='ltr'><strong>memineris.</strong></span> <span class='ocrx_word' id='word_1_51' title='bbox 1911 936 1966 1001; x_wconf 80' lang='lat' dir='ltr'><strong>In</strong></span> 
     </span>
    </p>
   </div>
   <div class='ocr_carea' id='block_1_8' title="bbox 392 1027 1968 1099">
    <p class='ocr_par' dir='ltr' id='par_1_8' title="bbox 392 1027 1968 1099">
     <span class='ocr_line' id='line_1_8' title="bbox 392 1027 1968 1099; baseline -0.001 -15"><span class='ocrx_word' id='word_1_52' title='bbox 392 1029 506 1084; x_wconf 88' lang='lat' dir='ltr'><strong>illas</strong></span> <span class='ocrx_word' id='word_1_53' title='bbox 532 1028 687 1099; x_wconf 84' lang='lat' dir='ltr'><strong>igitur</strong></span> <span class='ocrx_word' id='word_1_54' title='bbox 704 1028 1011 1098; x_wconf 76' lang='lat' dir='ltr'><strong>ignorantia:</strong></span> <span class='ocrx_word' id='word_1_55' title='bbox 1035 1028 1374 1087; x_wconf 86' lang='lat' dir='ltr'><strong>densissimas</strong></span> <span class='ocrx_word' id='word_1_56' title='bbox 1400 1027 1663 1092; x_wconf 88' lang='lat' dir='ltr'><strong>tenebras,</strong></span> <span class='ocrx_word' id='word_1_57' title='bbox 1686 1027 1771 1082; x_wconf 90' lang='lat' dir='ltr'><strong>ubi</strong></span> <span class='ocrx_word' id='word_1_58' title='bbox 1792 1027 1968 1083; x_wconf 88' lang='lat' dir='ltr'><strong>anima</strong></span> 
     </span>
    </p>
   </div>
   <div class='ocr_carea' id='block_1_9' title="bbox 392 1117 1964 1189">
    <p class='ocr_par' dir='ltr' id='par_1_9' title="bbox 392 1117 1964 1189">
     <span class='ocr_line' id='line_1_9' title="bbox 392 1117 1964 1189; baseline -0.003 -15"><span class='ocrx_word' id='word_1_59' title='bbox 392 1119 607 1176; x_wconf 73' lang='lat' dir='ltr'><strong>infantis</strong></span> <span class='ocrx_word' id='word_1_60' title='bbox 654 1121 884 1174; x_wconf 90' lang='lat' dir='ltr'><strong>recentis</strong></span> <span class='ocrx_word' id='word_1_61' title='bbox 929 1119 997 1174; x_wconf 90' lang='lat' dir='ltr'><strong>ab</strong></span> <span class='ocrx_word' id='word_1_62' title='bbox 1030 1129 1202 1186; x_wconf 83' lang='lat' dir='ltr'><strong>utero,</strong></span> <span class='ocrx_word' id='word_1_63' title='bbox 1252 1120 1431 1189; x_wconf 88' lang='lat' dir='ltr'><strong>utique</strong></span> <span class='ocrx_word' id='word_1_64' title='bbox 1480 1119 1652 1173; x_wconf 91' lang='lat' dir='ltr'><strong>anima</strong></span> <span class='ocrx_word' id='word_1_65' title='bbox 1694 1117 1964 1183; x_wconf 87' lang='lat' dir='ltr'><strong>hominis,</strong></span> 
     </span>
    </p>
   </div>
   <div class='ocr_carea' id='block_1_10' title="bbox 392 1207 1966 1279">
    <p class='ocr_par' dir='ltr' id='par_1_10' title="bbox 392 1207 1966 1279">
     <span class='ocr_line' id='line_1_10' title="bbox 392 1207 1966 1279; baseline -0.005 -10"><span class='ocrx_word' id='word_1_66' title='bbox 392 1210 573 1279; x_wconf 83' lang='lat' dir='ltr'><strong>utique</strong></span> <span class='ocrx_word' id='word_1_67' title='bbox 600 1209 775 1265; x_wconf 92' lang='lat' dir='ltr'><strong>anima</strong></span> <span class='ocrx_word' id='word_1_68' title='bbox 809 1209 1103 1274; x_wconf 82' lang='lat' dir='ltr'><strong>rationalis,</strong></span> <span class='ocrx_word' id='word_1_69' title='bbox 1147 1224 1253 1262; x_wconf 92' lang='lat' dir='ltr'><strong>non</strong></span> <span class='ocrx_word' id='word_1_70' title='bbox 1298 1208 1470 1263; x_wconf 90' lang='lat' dir='ltr'><strong>solum</strong></span> <span class='ocrx_word' id='word_1_71' title='bbox 1510 1207 1738 1271; x_wconf 90' lang='lat' dir='ltr'><strong>indocta,</strong></span> <span class='ocrx_word' id='word_1_72' title='bbox 1782 1222 1966 1261; x_wconf 89' lang='lat' dir='ltr'><strong>verum</strong></span> 
     </span>
    </p>
   </div>
   <div class='ocr_carea' id='block_1_11' title="bbox 390 1298 1969 1372">
    <p class='ocr_par' dir='ltr' id='par_1_11' title="bbox 390 1298 1969 1372">
     <span class='ocr_line' id='line_1_11' title="bbox 390 1298 1969 1372; baseline -0.002 -15"><span class='ocrx_word' id='word_1_73' title='bbox 390 1301 550 1357; x_wconf 87' lang='lat' dir='ltr'><strong>etiam</strong></span> <span class='ocrx_word' id='word_1_74' title='bbox 598 1300 843 1357; x_wconf 85' lang='lat' dir='ltr'><strong>indocilis</strong></span> <span class='ocrx_word' id='word_1_75' title='bbox 874 1299 1048 1371; x_wconf 82' lang='lat' dir='ltr'><strong>jacet,</strong></span> <span class='ocrx_word' id='word_1_76' title='bbox 1095 1315 1293 1372; x_wconf 90' lang='lat' dir='ltr'><strong>quare,</strong></span> <span class='ocrx_word' id='word_1_77' title='bbox 1337 1310 1428 1354; x_wconf 86' lang='lat' dir='ltr'><strong>aut</strong></span> <span class='ocrx_word' id='word_1_78' title='bbox 1456 1299 1685 1369; x_wconf 77' lang='lat' dir='ltr'><strong>quando,</strong></span> <span class='ocrx_word' id='word_1_79' title='bbox 1713 1308 1805 1359; x_wconf 85' lang='lat' dir='ltr'><strong>aut</strong></span> <span class='ocrx_word' id='word_1_80' title='bbox 1830 1298 1969 1354; x_wconf 84' lang='lat' dir='ltr'><strong>unde</strong></span> 
     </span>
    </p>
   </div>
   <div class='ocr_carea' id='block_1_12' title="bbox 390 1390 1969 1460">
    <p class='ocr_par' dir='ltr' id='par_1_12' title="bbox 390 1390 1969 1460">
     <span class='ocr_line' id='line_1_12' title="bbox 390 1390 1969 1460; baseline -0.001 -15"><span class='ocrx_word' id='word_1_81' title='bbox 390 1401 638 1446; x_wconf 84' lang='lat' dir='ltr'><strong>contrusa</strong></span> <span class='ocrx_word' id='word_1_82' title='bbox 666 1393 783 1445; x_wconf 87' lang='lat' dir='ltr'><strong>est?</strong></span> <span class='ocrx_word' id='word_1_83' title='bbox 813 1392 865 1446; x_wconf 90' lang='lat' dir='ltr'><strong>Si</strong></span> <span class='ocrx_word' id='word_1_84' title='bbox 896 1401 1081 1445; x_wconf 86' lang='lat' dir='ltr'><strong>natura</strong></span> <span class='ocrx_word' id='word_1_85' title='bbox 1104 1401 1189 1446; x_wconf 91' lang='lat' dir='ltr'><strong>est</strong></span> <span class='ocrx_word' id='word_1_86' title='bbox 1214 1392 1235 1422; x_wconf 81' lang='lat'><strong>’</strong></span> <span class='ocrx_word' id='word_1_87' title='bbox 1268 1390 1498 1444; x_wconf 88' lang='lat' dir='ltr'><strong>hominis</strong></span> <span class='ocrx_word' id='word_1_88' title='bbox 1527 1391 1603 1444; x_wconf 89' lang='lat' dir='ltr'><strong>sic</strong></span> <span class='ocrx_word' id='word_1_89' title='bbox 1631 1390 1886 1460; x_wconf 87' lang='lat' dir='ltr'><strong>incipere,</strong></span> <span class='ocrx_word' id='word_1_90' title='bbox 1915 1397 1969 1444; x_wconf 87' lang='lat' dir='ltr'><strong>et</strong></span> 
     </span>
    </p>
   </div>
   <div class='ocr_carea' id='block_1_13' title="bbox 393 1482 1967 1554">
    <p class='ocr_par' dir='ltr' id='par_1_13' title="bbox 393 1482 1967 1554">
     <span class='ocr_line' id='line_1_13' title="bbox 393 1482 1967 1554; baseline -0.001 -15"><span class='ocrx_word' id='word_1_91' title='bbox 393 1499 496 1539; x_wconf 90' lang='lat' dir='ltr'><strong>non</strong></span> <span class='ocrx_word' id='word_1_92' title='bbox 519 1483 627 1554; x_wconf 89' lang='lat' dir='ltr'><strong>jam</strong></span> <span class='ocrx_word' id='word_1_93' title='bbox 655 1483 844 1538; x_wconf 87' lang='lat' dir='ltr'><strong>vitiosa</strong></span> <span class='ocrx_word' id='word_1_94' title='bbox 874 1492 958 1539; x_wconf 90' lang='lat' dir='ltr'><strong>est</strong></span> <span class='ocrx_word' id='word_1_95' title='bbox 986 1484 1083 1537; x_wconf 86' lang='lat' dir='ltr'><strong>ista</strong></span> <span class='ocrx_word' id='word_1_96' title='bbox 1111 1491 1326 1549; x_wconf 88' lang='lat' dir='ltr'><strong>natura;</strong></span> <span class='ocrx_word' id='word_1_97' title='bbox 1357 1497 1452 1537; x_wconf 90' lang='lat' dir='ltr'><strong>cur</strong></span> <span class='ocrx_word' id='word_1_98' title='bbox 1473 1499 1579 1537; x_wconf 91' lang='lat' dir='ltr'><strong>non</strong></span> <span class='ocrx_word' id='word_1_99' title='bbox 1610 1482 1729 1537; x_wconf 88' lang='lat' dir='ltr'><strong>talis</strong></span> <span class='ocrx_word' id='word_1_100' title='bbox 1756 1492 1967 1537; x_wconf 88' lang='lat' dir='ltr'><strong>creatus</strong></span> 
     </span>
    </p>
   </div>
   <div class='ocr_carea' id='block_1_14' title="bbox 398 1575 1967 1647">
    <p class='ocr_par' dir='ltr' id='par_1_14' title="bbox 398 1575 1967 1647">
     <span class='ocr_line' id='line_1_14' title="bbox 398 1575 1967 1647; baseline -0.001 -16"><span class='ocrx_word' id='word_1_101' title='bbox 398 1586 473 1631; x_wconf 78' lang='lat' dir='ltr'><strong>est</strong></span> <span class='ocrx_word' id='word_1_102' title='bbox 504 1575 727 1631; x_wconf 62' lang='lat' dir='ltr'><strong>Adam?</strong></span> <span class='ocrx_word' id='word_1_103' title='bbox 770 1575 876 1631; x_wconf 90' lang='lat' dir='ltr'><strong>Cur</strong></span> <span class='ocrx_word' id='word_1_104' title='bbox 905 1576 993 1632; x_wconf 89' lang='lat' dir='ltr'><strong>ille</strong></span> <span class='ocrx_word' id='word_1_105' title='bbox 1026 1591 1191 1646; x_wconf 82' lang='lat' dir='ltr'><strong>capax</strong></span> <span class='ocrx_word' id='word_1_106' title='bbox 1225 1575 1498 1647; x_wconf 70' lang='lat' dir='ltr'><strong>prmeepti,</strong></span> <span class='ocrx_word' id='word_1_107' title='bbox 1520 1583 1580 1639; x_wconf 70' lang='lat' dir='ltr'><strong>ct</strong></span> <span class='ocrx_word' id='word_1_108' title='bbox 1605 1576 1790 1630; x_wconf 90' lang='lat' dir='ltr'><strong>valens</strong></span> <span class='ocrx_word' id='word_1_109' title='bbox 1816 1575 1967 1630; x_wconf 80' lang='lat' dir='ltr'><strong>uxori</strong></span> 
     </span>
    </p>
   </div>
   <div class='ocr_carea' id='block_1_15' title="bbox 393 1666 1967 1737">
    <p class='ocr_par' dir='ltr' id='par_1_15' title="bbox 393 1666 1967 1737">
     <span class='ocr_line' id='line_1_15' title="bbox 393 1666 1967 1737; baseline -0.002 -14"><span class='ocrx_word' id='word_1_110' title='bbox 393 1677 445 1723; x_wconf 87' lang='lat' dir='ltr'><strong>et</strong></span> <span class='ocrx_word' id='word_1_111' title='bbox 470 1668 712 1723; x_wconf 89' lang='lat' dir='ltr'><strong>omnibus</strong></span> <span class='ocrx_word' id='word_1_112' title='bbox 741 1666 1056 1722; x_wconf 79' lang='lat' dir='ltr'><strong>animalibus</strong></span> <span class='ocrx_word' id='word_1_113' title='bbox 1085 1667 1297 1721; x_wconf 91' lang='lat' dir='ltr'><strong>nomina</strong></span> <span class='ocrx_word' id='word_1_114' title='bbox 1329 1666 1634 1737; x_wconf 78' lang='lat' dir='ltr'><strong>imponere?</strong></span> <span class='ocrx_word' id='word_1_115' title='bbox 1660 1666 1792 1722; x_wconf 87' lang='lat' dir='ltr'><strong>Nam</strong></span> <span class='ocrx_word' id='word_1_116' title='bbox 1822 1674 1879 1723; x_wconf 87' lang='lat' dir='ltr'><strong>et</strong></span> <span class='ocrx_word' id='word_1_117' title='bbox 1902 1666 1967 1721; x_wconf 87' lang='lat' dir='ltr'><strong>de</strong></span> 
     </span>
    </p>
   </div>
   <div class='ocr_carea' id='block_1_16' title="bbox 292 1757 1969 1829">
    <p class='ocr_par' dir='ltr' id='par_1_16' title="bbox 292 1757 1969 1829">
     <span class='ocr_line' id='line_1_16' title="bbox 292 1757 1969 1829; baseline -0.001 -17"><span class='ocrx_word' id='word_1_118' title='bbox 292 1762 307 1774; x_wconf 79' lang='lat'><strong>‘</strong></span> <span class='ocrx_word' id='word_1_119' title='bbox 392 1758 478 1812; x_wconf 89' lang='lat' dir='ltr'><strong>illa</strong></span> <span class='ocrx_word' id='word_1_120' title='bbox 500 1758 648 1820; x_wconf 78' lang='lat' dir='ltr'><strong>dixit.</strong></span> <span class='ocrx_word' id='word_1_121' title='bbox 684 1758 806 1814; x_wconf 79' lang='lat' dir='ltr'><strong>llwc</strong></span> <span class='ocrx_word' id='word_1_122' title='bbox 834 1757 1088 1813; x_wconf 74' lang='lat' dir='ltr'><strong>vocabitur</strong></span> <span class='ocrx_word' id='word_1_123' title='bbox 1112 1757 1331 1823; x_wconf 84' lang='lat' dir='ltr'><strong>mulier;</strong></span> <span class='ocrx_word' id='word_1_124' title='bbox 1355 1766 1410 1813; x_wconf 88' lang='lat' dir='ltr'><strong>et</strong></span> <span class='ocrx_word' id='word_1_125' title='bbox 1433 1799 1448 1824; x_wconf 94' lang='lat'><strong>,</strong></span> <span class='ocrx_word' id='word_1_126' title='bbox 1497 1757 1855 1829; x_wconf 81' lang='lat' dir='ltr'><strong>Quodcumque</strong></span> <span class='ocrx_word' id='word_1_127' title='bbox 1882 1773 1969 1811; x_wconf 78' lang='lat' dir='ltr'><strong>uo-</strong></span> 
     </span>
    </p>
   </div>
   <div class='ocr_carea' id='block_1_17' title="bbox 391 1845 1965 1919">
    <p class='ocr_par' dir='ltr' id='par_1_17' title="bbox 391 1845 1965 1919">
     <span class='ocr_line' id='line_1_17' title="bbox 391 1845 1965 1919; baseline -0.001 -16"><span class='ocrx_word' id='word_1_128' title='bbox 391 1849 518 1903; x_wconf 74' lang='lat' dir='ltr'><strong>cauit</strong></span> <span class='ocrx_word' id='word_1_129' title='bbox 547 1849 710 1903; x_wconf 81' lang='lat' dir='ltr'><strong>Adam</strong></span> <span class='ocrx_word' id='word_1_130' title='bbox 738 1849 961 1904; x_wconf 81' lang='lat' dir='ltr'><strong>animum</strong></span> <span class='ocrx_word' id='word_1_131' title='bbox 989 1849 1183 1916; x_wconf 80' lang='lat' dir='ltr'><strong>vivam,</strong></span> <span class='ocrx_word' id='word_1_132' title='bbox 1230 1847 1325 1902; x_wconf 81' lang='lat' dir='ltr'><strong>hoc</strong></span> <span class='ocrx_word' id='word_1_133' title='bbox 1356 1857 1427 1904; x_wconf 84' lang='lat' dir='ltr'><strong>est</strong></span> <span class='ocrx_word' id='word_1_134' title='bbox 1471 1864 1653 1903; x_wconf 79' lang='lat' dir='ltr'><strong>nomen</strong></span> <span class='ocrx_word' id='word_1_135' title='bbox 1679 1848 1789 1919; x_wconf 83' lang='lat' dir='ltr'><strong>ejus</strong></span> <span class='ocrx_word' id='word_1_136' title='bbox 1815 1845 1965 1919; x_wconf 84' lang='lat' dir='ltr'><strong>(Gen.</strong></span> 
     </span>
    </p>
   </div>
   <div class='ocr_carea' id='block_1_18' title="bbox 390 1939 1966 2011">
    <p class='ocr_par' dir='ltr' id='par_1_18' title="bbox 390 1939 1966 2011">
     <span class='ocr_line' id='line_1_18' title="bbox 390 1939 1966 2011; baseline 0 -17"><span class='ocrx_word' id='word_1_137' title='bbox 390 1956 446 2002; x_wconf 87' lang='grc' dir='ltr'>ιι,</span> <span class='ocrx_word' id='word_1_138' title='bbox 476 1939 567 2007; x_wconf 73' lang='lat'><strong>23,</strong></span> <span class='ocrx_word' id='word_1_139' title='bbox 603 1940 713 2011; x_wconf 79' lang='lat' dir='ltr'><strong>t9).</strong></span> <span class='ocrx_word' id='word_1_140' title='bbox 759 1940 862 1995; x_wconf 89' lang='lat' dir='ltr'><strong>Iste</strong></span> <span class='ocrx_word' id='word_1_141' title='bbox 894 1950 1069 1996; x_wconf 87' lang='lat' dir='ltr'><strong>autem</strong></span> <span class='ocrx_word' id='word_1_142' title='bbox 1110 1940 1356 1997; x_wconf 87' lang='lat' dir='ltr'><strong>nesciens</strong></span> <span class='ocrx_word' id='word_1_143' title='bbox 1403 1939 1489 1994; x_wconf 91' lang='lat' dir='ltr'><strong>ubi</strong></span> <span class='ocrx_word' id='word_1_144' title='bbox 1532 1940 1621 2007; x_wconf 86' lang='lat' dir='ltr'><strong>sit,</strong></span> <span class='ocrx_word' id='word_1_145' title='bbox 1651 1939 1777 2011; x_wconf 88' lang='lat' dir='ltr'><strong>quid</strong></span> <span class='ocrx_word' id='word_1_146' title='bbox 1814 1940 1901 2005; x_wconf 87' lang='lat' dir='ltr'><strong>sit,</strong></span> <span class='ocrx_word' id='word_1_147' title='bbox 1937 1954 1966 1994; x_wconf 87' lang='lat' dir='ltr'><strong>a</strong></span> 
     </span>
    </p>
   </div>
   <div class='ocr_carea' id='block_1_19' title="bbox 391 2029 1966 2102">
    <p class='ocr_par' dir='ltr' id='par_1_19' title="bbox 391 2029 1966 2102">
     <span class='ocr_line' id='line_1_19' title="bbox 391 2029 1966 2102; baseline 0.001 -17"><span class='ocrx_word' id='word_1_148' title='bbox 391 2047 494 2101; x_wconf 89' lang='lat' dir='ltr'><strong>quo</strong></span> <span class='ocrx_word' id='word_1_149' title='bbox 521 2039 748 2092; x_wconf 81' lang='lat' dir='ltr'><strong>creatus.</strong></span> <span class='ocrx_word' id='word_1_150' title='bbox 778 2046 806 2086; x_wconf 89' lang='lat' dir='ltr'><strong>a</strong></span> <span class='ocrx_word' id='word_1_151' title='bbox 836 2031 1026 2102; x_wconf 86' lang='lat' dir='ltr'><strong>quibus</strong></span> <span class='ocrx_word' id='word_1_152' title='bbox 1063 2031 1275 2102; x_wconf 88' lang='lat' dir='ltr'><strong>genitus</strong></span> <span class='ocrx_word' id='word_1_153' title='bbox 1321 2031 1422 2095; x_wconf 85' lang='lat' dir='ltr'><strong>sit,</strong></span> <span class='ocrx_word' id='word_1_154' title='bbox 1449 2030 1560 2100; x_wconf 88' lang='lat' dir='ltr'><strong>jam</strong></span> <span class='ocrx_word' id='word_1_155' title='bbox 1589 2046 1713 2086; x_wconf 91' lang='lat' dir='ltr'><strong>reus</strong></span> <span class='ocrx_word' id='word_1_156' title='bbox 1742 2029 1966 2096; x_wconf 73' lang='lat' dir='ltr'><strong>delicti,</strong></span> 
     </span>
    </p>
   </div>
   <div class='ocr_carea' id='block_1_20' title="bbox 391 2115 1970 2192">
    <p class='ocr_par' dir='ltr' id='par_1_20' title="bbox 391 2115 1970 2192">
     <span class='ocr_line' id='line_1_20' title="bbox 391 2115 1970 2192; baseline 0.001 -17"><span class='ocrx_word' id='word_1_157' title='bbox 391 2121 623 2176; x_wconf 83' lang='lat' dir='ltr'><strong>nondum</strong></span> <span class='ocrx_word' id='word_1_158' title='bbox 667 2135 832 2190; x_wconf 83' lang='lat' dir='ltr'><strong>capax</strong></span> <span class='ocrx_word' id='word_1_159' title='bbox 878 2120 1150 2190; x_wconf 63' lang='lat' dir='ltr'><strong>praecepti,</strong></span> <span class='ocrx_word' id='word_1_160' title='bbox 1199 2127 1307 2175; x_wconf 88' lang='lat' dir='ltr'><strong>tam</strong></span> <span class='ocrx_word' id='word_1_161' title='bbox 1356 2119 1619 2190; x_wconf 77' lang='lat' dir='ltr'><strong>profunda</strong></span> <span class='ocrx_word' id='word_1_162' title='bbox 1658 2115 1970 2192; x_wconf 67' lang='lat' dir='ltr'><strong>ignorantia</strong></span> 
     </span>
    </p>
   </div>
   <div class='ocr_carea' id='block_1_21' title="bbox 390 2211 1969 2282">
    <p class='ocr_par' dir='ltr' id='par_1_21' title="bbox 390 2211 1969 2282">
     <span class='ocr_line' id='line_1_21' title="bbox 390 2211 1969 2282; baseline 0.001 -17"><span class='ocrx_word' id='word_1_163' title='bbox 390 2212 616 2282; x_wconf 81' lang='lat' dir='ltr'><strong>caligine</strong></span> <span class='ocrx_word' id='word_1_164' title='bbox 649 2211 917 2266; x_wconf 84' lang='lat' dir='ltr'><strong>involutus</strong></span> <span class='ocrx_word' id='word_1_165' title='bbox 957 2219 1012 2268; x_wconf 88' lang='lat' dir='ltr'><strong>et</strong></span> <span class='ocrx_word' id='word_1_166' title='bbox 1060 2226 1307 2282; x_wconf 87' lang='lat' dir='ltr'><strong>pressus,</strong></span> <span class='ocrx_word' id='word_1_167' title='bbox 1337 2220 1397 2266; x_wconf 91' lang='lat' dir='ltr'><strong>ut</strong></span> <span class='ocrx_word' id='word_1_168' title='bbox 1425 2226 1597 2282; x_wconf 90' lang='lat' dir='ltr'><strong>neque</strong></span> <span class='ocrx_word' id='word_1_169' title='bbox 1627 2220 1875 2282; x_wconf 81' lang='lat' dir='ltr'><strong>tanquam</strong></span> <span class='ocrx_word' id='word_1_170' title='bbox 1901 2211 1969 2267; x_wconf 91' lang='lat' dir='ltr'><strong>de</strong></span> 
     </span>
    </p>
   </div>
   <div class='ocr_carea' id='block_1_22' title="bbox 391 2301 1967 2372">
    <p class='ocr_par' dir='ltr' id='par_1_22' title="bbox 391 2301 1967 2372">
     <span class='ocr_line' id='line_1_22' title="bbox 391 2301 1967 2372; baseline -0.002 -15"><span class='ocrx_word' id='word_1_171' title='bbox 391 2318 579 2357; x_wconf 85' lang='lat' dir='ltr'><strong>somno</strong></span> <span class='ocrx_word' id='word_1_172' title='bbox 619 2301 838 2357; x_wconf 77' lang='lat' dir='ltr'><strong>excitari</strong></span> <span class='ocrx_word' id='word_1_173' title='bbox 885 2302 1070 2372; x_wconf 87' lang='lat' dir='ltr'><strong>possit,</strong></span> <span class='ocrx_word' id='word_1_174' title='bbox 1114 2310 1170 2356; x_wconf 89' lang='lat' dir='ltr'><strong>ut</strong></span> <span class='ocrx_word' id='word_1_175' title='bbox 1215 2303 1329 2355; x_wconf 73' lang='lat' dir='ltr'><strong>haec</strong></span> <span class='ocrx_word' id='word_1_176' title='bbox 1369 2302 1558 2356; x_wconf 85' lang='lat' dir='ltr'><strong>saltem</strong></span> <span class='ocrx_word' id='word_1_177' title='bbox 1602 2301 1967 2357; x_wconf 85' lang='lat' dir='ltr'><strong>demonstrata</strong></span> 
     </span>
    </p>
   </div>
   <div class='ocr_carea' id='block_1_23' title="bbox 388 2390 1968 2462">
    <p class='ocr_par' dir='ltr' id='par_1_23' title="bbox 388 2390 1968 2462">
     <span class='ocr_line' id='line_1_23' title="bbox 388 2390 1968 2462; baseline -0.002 -15"><span class='ocrx_word' id='word_1_178' title='bbox 388 2399 704 2462; x_wconf 79' lang='lat' dir='ltr'><strong>cognoscat;</strong></span> <span class='ocrx_word' id='word_1_179' title='bbox 733 2391 826 2447; x_wconf 90' lang='lat' dir='ltr'><strong>sed</strong></span> <span class='ocrx_word' id='word_1_180' title='bbox 854 2398 1192 2460; x_wconf 79' lang='lat' dir='ltr'><strong>exspectetur</strong></span> <span class='ocrx_word' id='word_1_181' title='bbox 1219 2400 1445 2459; x_wconf 84' lang='lat' dir='ltr'><strong>tempus,</strong></span> <span class='ocrx_word' id='word_1_182' title='bbox 1478 2405 1585 2460; x_wconf 91' lang='lat' dir='ltr'><strong>quo</strong></span> <span class='ocrx_word' id='word_1_183' title='bbox 1625 2390 1761 2446; x_wconf 88' lang='lat' dir='ltr'><strong>hanc</strong></span> <span class='ocrx_word' id='word_1_184' title='bbox 1786 2391 1968 2444; x_wconf 90' lang='lat' dir='ltr'><strong>nescio</strong></span> 
     </span>
    </p>
   </div>
   <div class='ocr_carea' id='block_1_24' title="bbox 388 2482 1970 2554">
    <p class='ocr_par' dir='ltr' id='par_1_24' title="bbox 388 2482 1970 2554">
     <span class='ocr_line' id='line_1_24' title="bbox 388 2482 1970 2554; baseline -0.001 -17"><span class='ocrx_word' id='word_1_185' title='bbox 388 2498 544 2554; x_wconf 87' lang='lat' dir='ltr'><strong>quam</strong></span> <span class='ocrx_word' id='word_1_186' title='bbox 582 2482 724 2537; x_wconf 88' lang='lat' dir='ltr'><strong>velut</strong></span> <span class='ocrx_word' id='word_1_187' title='bbox 757 2482 1089 2547; x_wconf 86' lang='lat' dir='ltr'><strong>ebrietatem,</strong></span> <span class='ocrx_word' id='word_1_188' title='bbox 1120 2496 1225 2536; x_wconf 90' lang='lat' dir='ltr'><strong>non</strong></span> <span class='ocrx_word' id='word_1_189' title='bbox 1249 2496 1345 2552; x_wconf 89' lang='lat' dir='ltr'><strong>per</strong></span> <span class='ocrx_word' id='word_1_190' title='bbox 1373 2496 1534 2535; x_wconf 90' lang='lat' dir='ltr'><strong>uuam</strong></span> <span class='ocrx_word' id='word_1_191' title='bbox 1576 2489 1807 2547; x_wconf 90' lang='lat' dir='ltr'><strong>noctem,</strong></span> <span class='ocrx_word' id='word_1_192' title='bbox 1832 2483 1970 2535; x_wconf 90' lang='lat' dir='ltr'><strong>sicut</strong></span> 
     </span>
    </p>
   </div>
   <div class='ocr_carea' id='block_1_25' title="bbox 388 2570 1968 2646">
    <p class='ocr_par' dir='ltr' id='par_1_25' title="bbox 388 2570 1968 2646">
     <span class='ocr_line' id='line_1_25' title="bbox 388 2570 1968 2646; baseline -0.003 -17"><span class='ocrx_word' id='word_1_193' title='bbox 388 2574 636 2646; x_wconf 76' lang='lat' dir='ltr'><strong>quzelibet</strong></span> <span class='ocrx_word' id='word_1_194' title='bbox 663 2571 973 2642; x_wconf 85' lang='lat' dir='ltr'><strong>gravissima</strong></span> <span class='ocrx_word' id='word_1_195' title='bbox 1022 2572 1177 2637; x_wconf 87' lang='lat' dir='ltr'><strong>solet,</strong></span> <span class='ocrx_word' id='word_1_196' title='bbox 1230 2570 1324 2626; x_wconf 91' lang='lat' dir='ltr'><strong>sed</strong></span> <span class='ocrx_word' id='word_1_197' title='bbox 1368 2586 1466 2642; x_wconf 88' lang='lat' dir='ltr'><strong>per</strong></span> <span class='ocrx_word' id='word_1_198' title='bbox 1513 2572 1711 2640; x_wconf 85' lang='lat' dir='ltr'><strong>aliquot</strong></span> <span class='ocrx_word' id='word_1_199' title='bbox 1755 2585 1968 2625; x_wconf 88' lang='lat' dir='ltr'><strong>menses</strong></span> 
     </span>
    </p>
   </div>
   <div class='ocr_carea' id='block_1_26' title="bbox 386 2661 1966 2735">
    <p class='ocr_par' dir='ltr' id='par_1_26' title="bbox 386 2661 1966 2735">
     <span class='ocr_line' id='line_1_26' title="bbox 386 2661 1966 2735; baseline -0.002 -17"><span class='ocrx_word' id='word_1_200' title='bbox 386 2674 544 2735; x_wconf 90' lang='lat' dir='ltr'><strong>atque</strong></span> <span class='ocrx_word' id='word_1_201' title='bbox 581 2679 749 2719; x_wconf 88' lang='lat' dir='ltr'><strong>annos</strong></span> <span class='ocrx_word' id='word_1_202' title='bbox 791 2662 1041 2734; x_wconf 85' lang='lat' dir='ltr'><strong>paulatim</strong></span> <span class='ocrx_word' id='word_1_203' title='bbox 1069 2662 1273 2733; x_wconf 78' lang='lat' dir='ltr'><strong>digerat</strong></span> <span class='ocrx_word' id='word_1_204' title='bbox 1304 2680 1318 2716; x_wconf 93' lang='lat'><strong>:</strong></span> <span class='ocrx_word' id='word_1_205' title='bbox 1348 2661 1486 2732; x_wconf 91' lang='lat' dir='ltr'><strong>quod</strong></span> <span class='ocrx_word' id='word_1_206' title='bbox 1515 2662 1682 2717; x_wconf 83' lang='lat' dir='ltr'><strong>donec</strong></span> <span class='ocrx_word' id='word_1_207' title='bbox 1715 2663 1823 2726; x_wconf 84' lang='lat' dir='ltr'><strong>tiat,</strong></span> <span class='ocrx_word' id='word_1_208' title='bbox 1862 2671 1966 2715; x_wconf 84' lang='lat' dir='ltr'><strong>tam</strong></span> 
     </span>
    </p>
   </div>
   <div class='ocr_carea' id='block_1_27' title="bbox 387 2751 1968 2825">
    <p class='ocr_par' dir='ltr' id='par_1_27' title="bbox 387 2751 1968 2825">
     <span class='ocr_line' id='line_1_27' title="bbox 387 2751 1968 2825; baseline -0.004 -15"><span class='ocrx_word' id='word_1_209' title='bbox 387 2754 553 2810; x_wconf 89' lang='lat' dir='ltr'><strong>multa</strong></span> <span class='ocrx_word' id='word_1_210' title='bbox 586 2769 702 2825; x_wconf 65' lang='lat' dir='ltr'><strong>qua:</strong></span> <span class='ocrx_word' id='word_1_211' title='bbox 732 2754 783 2809; x_wconf 87' lang='lat' dir='ltr'><strong>in</strong></span> <span class='ocrx_word' id='word_1_212' title='bbox 814 2752 1105 2824; x_wconf 80' lang='lat' dir='ltr'><strong>majoribus</strong></span> <span class='ocrx_word' id='word_1_213' title='bbox 1143 2752 1409 2823; x_wconf 87' lang='lat' dir='ltr'><strong>punimus,</strong></span> <span class='ocrx_word' id='word_1_214' title='bbox 1452 2752 1740 2807; x_wconf 90' lang='lat' dir='ltr'><strong>toleramus</strong></span> <span class='ocrx_word' id='word_1_215' title='bbox 1765 2751 1818 2806; x_wconf 90' lang='lat' dir='ltr'><strong>in</strong></span> <span class='ocrx_word' id='word_1_216' title='bbox 1848 2766 1968 2821; x_wconf 90' lang='lat' dir='ltr'><strong>par-</strong></span> 
     </span>
    </p>
   </div>
   <div class='ocr_carea' id='block_1_28' title="bbox 386 2840 1967 2914">
    <p class='ocr_par' dir='ltr' id='par_1_28' title="bbox 386 2840 1967 2914">
     <span class='ocr_line' id='line_1_28' title="bbox 386 2840 1967 2914; baseline -0.004 -12"><span class='ocrx_word' id='word_1_217' title='bbox 386 2848 557 2912; x_wconf 82' lang='lat' dir='ltr'><strong>vulis,</strong></span> <span class='ocrx_word' id='word_1_218' title='bbox 598 2855 656 2902; x_wconf 92' lang='lat' dir='ltr'><strong>ut</strong></span> <span class='ocrx_word' id='word_1_219' title='bbox 699 2846 968 2902; x_wconf 87' lang='lat' dir='ltr'><strong>numerari</strong></span> <span class='ocrx_word' id='word_1_220' title='bbox 1013 2844 1230 2900; x_wconf 90' lang='lat' dir='ltr'><strong>omnino</strong></span> <span class='ocrx_word' id='word_1_221' title='bbox 1272 2859 1380 2899; x_wconf 89' lang='lat' dir='ltr'><strong>non</strong></span> <span class='ocrx_word' id='word_1_222' title='bbox 1422 2843 1628 2914; x_wconf 90' lang='lat' dir='ltr'><strong>possint</strong></span> <span class='ocrx_word' id='word_1_223' title='bbox 1665 2860 1681 2893; x_wconf 85' lang='lat'><strong>.-</strong></span> <span class='ocrx_word' id='word_1_224' title='bbox 1731 2840 1833 2897; x_wconf 89' lang='lat' dir='ltr'><strong>hoc</strong></span> <span class='ocrx_word' id='word_1_225' title='bbox 1860 2851 1967 2896; x_wconf 83' lang='lat' dir='ltr'><strong>tant</strong></span> 
     </span>
    </p>
   </div>
   <div class='ocr_carea' id='block_1_29' title="bbox 387 2931 1966 3010">
    <p class='ocr_par' dir='ltr' id='par_1_29' title="bbox 387 2931 1966 3010">
     <span class='ocr_line' id='line_1_29' title="bbox 387 2931 1966 3010; baseline -0.004 -17"><span class='ocrx_word' id='word_1_226' title='bbox 387 2954 635 3010; x_wconf 77' lang='lat' dir='ltr'><strong>magnum</strong></span> <span class='ocrx_word' id='word_1_227' title='bbox 667 2938 975 3009; x_wconf 71' lang='lat' dir='ltr'><strong>ignorantia:</strong></span> <span class='ocrx_word' id='word_1_228' title='bbox 1013 2947 1175 3006; x_wconf 89' lang='lat' dir='ltr'><strong>atque</strong></span> <span class='ocrx_word' id='word_1_229' title='bbox 1212 2933 1536 2990; x_wconf 80' lang='lat' dir='ltr'><strong>inﬁrmitatis</strong></span> <span class='ocrx_word' id='word_1_230' title='bbox 1578 2933 1797 2999; x_wconf 89' lang='lat' dir='ltr'><strong>malum,</strong></span> <span class='ocrx_word' id='word_1_231' title='bbox 1838 2932 1885 2989; x_wconf 92' lang='lat' dir='ltr'><strong>si</strong></span> <span class='ocrx_word' id='word_1_232' title='bbox 1911 2931 1966 2987; x_wconf 88' lang='lat' dir='ltr'><strong>in</strong></span> 
     </span>
    </p>
   </div>
   <div class='ocr_carea' id='block_1_30' title="bbox 386 3022 1965 3101">
    <p class='ocr_par' dir='ltr' id='par_1_30' title="bbox 386 3022 1965 3101">
     <span class='ocr_line' id='line_1_30' title="bbox 386 3022 1965 3101; baseline -0.003 -18"><span class='ocrx_word' id='word_1_233' title='bbox 386 3028 491 3084; x_wconf 85' lang='lat' dir='ltr'><strong>hac</strong></span> <span class='ocrx_word' id='word_1_234' title='bbox 513 3029 617 3083; x_wconf 90' lang='lat' dir='ltr'><strong>vita</strong></span> <span class='ocrx_word' id='word_1_235' title='bbox 633 3028 744 3098; x_wconf 87' lang='lat' dir='ltr'><strong>jam</strong></span> <span class='ocrx_word' id='word_1_236' title='bbox 771 3028 876 3083; x_wconf 87' lang='lat' dir='ltr'><strong>uati</strong></span> <span class='ocrx_word' id='word_1_237' title='bbox 898 3025 1105 3101; x_wconf 85' lang='lat' dir='ltr'><strong>parvuli</strong></span> <span class='ocrx_word' id='word_1_238' title='bbox 1124 3032 1502 3081; x_wconf 81' lang='lat' dir='ltr'><strong>contraxerunt</strong></span> <span class='ocrx_word' id='word_1_239' title='bbox 1529 3023 1573 3091; x_wconf 84' lang='grc'><strong>³,</strong></span> <span class='ocrx_word' id='word_1_240' title='bbox 1595 3023 1709 3092; x_wconf 88' lang='lat' dir='ltr'><strong>ubi,</strong></span> <span class='ocrx_word' id='word_1_241' title='bbox 1731 3022 1965 3095; x_wconf 88' lang='lat' dir='ltr'><strong>quando,</strong></span> 
     </span>
    </p>
   </div>
   <div class='ocr_carea' id='block_1_31' title="bbox 387 3111 2011 3190">
    <p class='ocr_par' dir='ltr' id='par_1_31' title="bbox 387 3111 2011 3190">
     <span class='ocr_line' id='line_1_31' title="bbox 387 3111 2011 3190; baseline -0.001 -17"><span class='ocrx_word' id='word_1_242' title='bbox 387 3118 654 3190; x_wconf 90' lang='lat' dir='ltr'><strong>quomodo</strong></span> <span class='ocrx_word' id='word_1_243' title='bbox 681 3133 868 3188; x_wconf 84' lang='lat' dir='ltr'><strong>magna</strong></span> <span class='ocrx_word' id='word_1_244' title='bbox 906 3118 1079 3189; x_wconf 88' lang='lat' dir='ltr'><strong>aliqua</strong></span> <span class='ocrx_word' id='word_1_245' title='bbox 1119 3116 1392 3185; x_wconf 86' lang='lat' dir='ltr'><strong>impietate</strong></span> <span class='ocrx_word' id='word_1_246' title='bbox 1420 3116 1707 3171; x_wconf 87' lang='lat' dir='ltr'><strong>commissa</strong></span> <span class='ocrx_word' id='word_1_247' title='bbox 1745 3123 1968 3186; x_wconf 88' lang='lat' dir='ltr'><strong>repente</strong></span> <span class='ocrx_word' id='word_1_248' title='bbox 2007 3111 2011 3113; x_wconf 58' lang='grc'>“</span> 
     </span>
    </p>
   </div>
   <div class='ocr_carea' id='block_1_32' title="bbox 388 3206 1259 3267">
    <p class='ocr_par' dir='ltr' id='par_1_32' title="bbox 388 3206 1259 3267">
     <span class='ocr_line' id='line_1_32' title="bbox 388 3206 1259 3267; baseline -0.005 0"><span class='ocrx_word' id='word_1_249' title='bbox 388 3211 551 3267; x_wconf 87' lang='lat' dir='ltr'><strong>tantis</strong></span> <span class='ocrx_word' id='word_1_250' title='bbox 579 3208 812 3266; x_wconf 89' lang='lat' dir='ltr'><strong>tenebris</strong></span> <span class='ocrx_word' id='word_1_251' title='bbox 842 3209 1060 3264; x_wconf 82' lang='lat' dir='ltr'><strong>involuti</strong></span> <span class='ocrx_word' id='word_1_252' title='bbox 1086 3206 1259 3265; x_wconf 77' lang='lat' dir='ltr'><strong>sunt?</strong></span> 
     </span>
    </p>
   </div>
   <div class='ocr_carea' id='block_1_33' title="bbox 455 3296 1969 3359">
    <p class='ocr_par' dir='ltr' id='par_1_33' title="bbox 455 3296 1969 3359">
     <span class='ocr_line' id='line_1_33' title="bbox 455 3296 1969 3359; baseline 0.001 -3"><span class='ocrx_word' id='word_1_253' title='bbox 455 3299 681 3358; x_wconf 82' lang='lat' dir='ltr'><strong>CAPUT</strong></span> <span class='ocrx_word' id='word_1_254' title='bbox 722 3299 983 3356; x_wconf 78' lang='lat' dir='ltr'><strong>XXXVII.</strong></span> <span class='ocrx_word' id='word_1_255' title='bbox 1017 3329 1089 3341; x_wconf 91' lang='lat'><strong>-—</strong></span> <span class='ocrx_word' id='word_1_256' title='bbox 1116 3297 1208 3359; x_wconf 80' lang='grc'><strong>68.</strong></span> <span class='ocrx_word' id='word_1_257' title='bbox 1263 3297 1324 3358; x_wconf 85' lang='lat' dir='ltr'><strong>Si</strong></span> <span class='ocrx_word' id='word_1_258' title='bbox 1369 3297 1535 3356; x_wconf 76' lang='lat' dir='ltr'><strong>Adam</strong></span> <span class='ocrx_word' id='word_1_259' title='bbox 1585 3313 1688 3353; x_wconf 87' lang='lat' dir='ltr'><strong>non</strong></span> <span class='ocrx_word' id='word_1_260' title='bbox 1729 3296 1850 3356; x_wconf 78' lang='lat' dir='ltr'><strong>talis</strong></span> <span class='ocrx_word' id='word_1_261' title='bbox 1896 3306 1969 3357; x_wconf 82' lang='lat' dir='ltr'><strong>est</strong></span> 
     </span>
    </p>
   </div>
   <div class='ocr_carea' id='block_1_34' title="bbox 388 3390 1969 3464">
    <p class='ocr_par' dir='ltr' id='par_1_34' title="bbox 388 3390 1969 3464">
     <span class='ocr_line' id='line_1_34' title="bbox 388 3390 1969 3464; baseline -0.002 -15"><span class='ocrx_word' id='word_1_262' title='bbox 388 3399 582 3449; x_wconf 83' lang='lat' dir='ltr'><strong>creatus</strong></span> <span class='ocrx_word' id='word_1_263' title='bbox 618 3390 791 3461; x_wconf 80' lang='lat' dir='ltr'><strong>quales</strong></span> <span class='ocrx_word' id='word_1_264' title='bbox 833 3390 1109 3463; x_wconf 76' lang='lat' dir='ltr'><strong>nascimur,</strong></span> <span class='ocrx_word' id='word_1_265' title='bbox 1155 3410 1246 3448; x_wconf 86' lang='lat' dir='ltr'><strong>cur</strong></span> <span class='ocrx_word' id='word_1_266' title='bbox 1282 3391 1513 3448; x_wconf 75' lang='lat' dir='ltr'><strong>Christus</strong></span> <span class='ocrx_word' id='word_1_267' title='bbox 1554 3405 1732 3464; x_wconf 69' lang='lat' dir='ltr'><strong>expers</strong></span> <span class='ocrx_word' id='word_1_268' title='bbox 1780 3393 1969 3463; x_wconf 86' lang='lat' dir='ltr'><strong>peccati</strong></span> 
     </span>
    </p>
   </div>
   <div class='ocr_carea' id='block_1_35' title="bbox 387 3483 1970 3559">
    <p class='ocr_par' dir='ltr' id='par_1_35' title="bbox 387 3483 1970 3559">
     <span class='ocr_line' id='line_1_35' title="bbox 387 3483 1970 3559; baseline 0 -18"><span class='ocrx_word' id='word_1_269' title='bbox 387 3485 558 3559; x_wconf 76' lang='lat' dir='ltr'><strong>infans</strong></span> <span class='ocrx_word' id='word_1_270' title='bbox 595 3492 742 3538; x_wconf 88' lang='lat' dir='ltr'><strong>natus</strong></span> <span class='ocrx_word' id='word_1_271' title='bbox 785 3497 857 3540; x_wconf 86' lang='lat' dir='ltr'><strong>est</strong></span> <span class='ocrx_word' id='word_1_272' title='bbox 897 3495 944 3541; x_wconf 91' lang='lat' dir='ltr'><strong>et</strong></span> <span class='ocrx_word' id='word_1_273' title='bbox 983 3486 1261 3541; x_wconf 79' lang='lat' dir='ltr'><strong>imbecillis.</strong></span> <span class='ocrx_word' id='word_1_274' title='bbox 1302 3485 1453 3542; x_wconf 89' lang='lat' dir='ltr'><strong>Dicet</strong></span> <span class='ocrx_word' id='word_1_275' title='bbox 1485 3485 1720 3555; x_wconf 89' lang='lat' dir='ltr'><strong>aliquis:</strong></span> <span class='ocrx_word' id='word_1_276' title='bbox 1748 3483 1806 3541; x_wconf 89' lang='lat' dir='ltr'><strong>Si</strong></span> <span class='ocrx_word' id='word_1_277' title='bbox 1852 3485 1970 3541; x_wconf 74' lang='lat' dir='ltr'><strong>hmc</strong></span> 
     </span>
    </p>
   </div>
   <div class='ocr_carea' id='block_1_36' title="bbox 387 3574 1969 3652">
    <p class='ocr_par' dir='ltr' id='par_1_36' title="bbox 387 3574 1969 3652">
     <span class='ocr_line' id='line_1_36' title="bbox 387 3574 1969 3652; baseline 0 -20"><span class='ocrx_word' id='word_1_278' title='bbox 387 3587 573 3632; x_wconf 87' lang='lat' dir='ltr'><strong>natura</strong></span> <span class='ocrx_word' id='word_1_279' title='bbox 602 3591 730 3647; x_wconf 88' lang='lat' dir='ltr'><strong>pura</strong></span> <span class='ocrx_word' id='word_1_280' title='bbox 759 3591 864 3652; x_wconf 86' lang='lat' dir='ltr'><strong>non</strong></span> <span class='ocrx_word' id='word_1_281' title='bbox 891 3582 994 3642; x_wconf 89' lang='lat' dir='ltr'><strong>est,</strong></span> <span class='ocrx_word' id='word_1_282' title='bbox 1025 3575 1120 3633; x_wconf 91' lang='lat' dir='ltr'><strong>sed</strong></span> <span class='ocrx_word' id='word_1_283' title='bbox 1146 3575 1351 3631; x_wconf 69' lang='lat' dir='ltr'><strong>vitiosae</strong></span> <span class='ocrx_word' id='word_1_284' title='bbox 1375 3574 1687 3646; x_wconf 86' lang='lat' dir='ltr'><strong>primordia,</strong></span> <span class='ocrx_word' id='word_1_285' title='bbox 1704 3574 1826 3646; x_wconf 89' lang='lat' dir='ltr'><strong>quia</strong></span> <span class='ocrx_word' id='word_1_286' title='bbox 1848 3575 1969 3632; x_wconf 88' lang='lat' dir='ltr'><strong>talis</strong></span> 
     </span>
    </p>
   </div>
   <div class='ocr_carea' id='block_1_37' title="bbox 386 3663 1968 3735">
    <p class='ocr_par' dir='ltr' id='par_1_37' title="bbox 386 3663 1968 3735">
     <span class='ocr_line' id='line_1_37' title="bbox 386 3663 1968 3735; baseline -0.003 -13"><span class='ocrx_word' id='word_1_287' title='bbox 386 3681 495 3722; x_wconf 89' lang='lat' dir='ltr'><strong>non</strong></span> <span class='ocrx_word' id='word_1_288' title='bbox 522 3673 605 3722; x_wconf 91' lang='lat' dir='ltr'><strong>est</strong></span> <span class='ocrx_word' id='word_1_289' title='bbox 630 3675 841 3721; x_wconf 89' lang='lat' dir='ltr'><strong>creatus</strong></span> <span class='ocrx_word' id='word_1_290' title='bbox 870 3664 1074 3731; x_wconf 85' lang='lat' dir='ltr'><strong>Adam;</strong></span> <span class='ocrx_word' id='word_1_291' title='bbox 1099 3679 1195 3720; x_wconf 90' lang='lat' dir='ltr'><strong>cur</strong></span> <span class='ocrx_word' id='word_1_292' title='bbox 1214 3663 1462 3720; x_wconf 84' lang='lat' dir='ltr'><strong>Christus</strong></span> <span class='ocrx_word' id='word_1_293' title='bbox 1504 3664 1661 3735; x_wconf 89' lang='lat' dir='ltr'><strong>longe</strong></span> <span class='ocrx_word' id='word_1_294' title='bbox 1694 3663 1968 3720; x_wconf 83' lang='lat' dir='ltr'><strong>excellen—</strong></span> 
     </span>
    </p>
   </div>
   <div class='ocr_carea' id='block_1_38' title="bbox 388 3752 1968 3825">
    <p class='ocr_par' dir='ltr' id='par_1_38' title="bbox 388 3752 1968 3825">
     <span class='ocr_line' id='line_1_38' title="bbox 388 3752 1968 3825; baseline -0.001 -16"><span class='ocrx_word' id='word_1_295' title='bbox 388 3755 508 3821; x_wconf 89' lang='lat' dir='ltr'><strong>tior,</strong></span> <span class='ocrx_word' id='word_1_296' title='bbox 534 3762 592 3810; x_wconf 89' lang='lat' dir='ltr'><strong>et</strong></span> <span class='ocrx_word' id='word_1_297' title='bbox 617 3761 765 3810; x_wconf 85' lang='lat' dir='ltr'><strong>certe</strong></span> <span class='ocrx_word' id='word_1_298' title='bbox 800 3754 917 3812; x_wconf 88' lang='lat' dir='ltr'><strong>siue</strong></span> <span class='ocrx_word' id='word_1_299' title='bbox 960 3753 1068 3809; x_wconf 89' lang='lat' dir='ltr'><strong>ullo</strong></span> <span class='ocrx_word' id='word_1_300' title='bbox 1110 3761 1328 3825; x_wconf 86' lang='lat' dir='ltr'><strong>peccato</strong></span> <span class='ocrx_word' id='word_1_301' title='bbox 1369 3760 1528 3809; x_wconf 89' lang='lat' dir='ltr'><strong>natus</strong></span> <span class='ocrx_word' id='word_1_302' title='bbox 1558 3766 1627 3810; x_wconf 83' lang='lat' dir='ltr'><strong>ex</strong></span> <span class='ocrx_word' id='word_1_303' title='bbox 1654 3752 1879 3824; x_wconf 75' lang='lat' dir='ltr'><strong>virgine,</strong></span> <span class='ocrx_word' id='word_1_304' title='bbox 1913 3752 1968 3808; x_wconf 90' lang='lat' dir='ltr'><strong>in</strong></span> 
     </span>
    </p>
   </div>
   <div class='ocr_carea' id='block_1_39' title="bbox 386 3845 1967 3930">
    <p class='ocr_par' dir='ltr' id='par_1_39' title="bbox 386 3845 1967 3930">
     <span class='ocr_line' id='line_1_39' title="bbox 386 3845 1967 3930; baseline -0.001 -30"><span class='ocrx_word' id='word_1_305' title='bbox 386 3845 490 3903; x_wconf 82' lang='lat' dir='ltr'><strong>hac</strong></span> <span class='ocrx_word' id='word_1_306' title='bbox 533 3856 708 3903; x_wconf 88' lang='lat' dir='ltr'><strong>tamen</strong></span> <span class='ocrx_word' id='word_1_307' title='bbox 754 3845 1065 3901; x_wconf 77' lang='lat' dir='ltr'><strong>inﬁrmitate</strong></span> <span class='ocrx_word' id='word_1_308' title='bbox 1091 3852 1251 3930; x_wconf 66' lang='lat' dir='ltr'><strong>atque</strong></span> <span class='ocrx_word' id='word_1_309' title='bbox 1276 3851 1435 3900; x_wconf 59' lang='lat' dir='ltr'><strong>astate</strong></span> <span class='ocrx_word' id='word_1_310' title='bbox 1458 3851 1771 3914; x_wconf 88' lang='lat' dir='ltr'><strong>procreatus</strong></span> <span class='ocrx_word' id='word_1_311' title='bbox 1799 3857 1967 3915; x_wconf 84' lang='lat' dir='ltr'><strong>appa-</strong></span> 
     </span>
    </p>
   </div>
   <div class='ocr_carea' id='block_1_40' title="bbox 386 3934 1965 4008">
    <p class='ocr_par' dir='ltr' id='par_1_40' title="bbox 386 3934 1965 4008">
     <span class='ocr_line' id='line_1_40' title="bbox 386 3934 1965 4008; baseline -0.003 -15"><span class='ocrx_word' id='word_1_312' title='bbox 386 3937 527 3993; x_wconf 73' lang='lat' dir='ltr'><strong>ruit?</strong></span> <span class='ocrx_word' id='word_1_313' title='bbox 570 3937 703 3993; x_wconf 87' lang='lat' dir='ltr'><strong>lluic</strong></span> <span class='ocrx_word' id='word_1_314' title='bbox 741 3936 1087 4008; x_wconf 87' lang='lat' dir='ltr'><strong>propositioni</strong></span> <span class='ocrx_word' id='word_1_315' title='bbox 1139 3934 1522 4006; x_wconf 87' lang='lat' dir='ltr'><strong>respondemus</strong></span> <span class='ocrx_word' id='word_1_316' title='bbox 1566 3952 1581 3990; x_wconf 91' lang='lat'><strong>:</strong></span> <span class='ocrx_word' id='word_1_317' title='bbox 1619 3934 1789 3992; x_wconf 80' lang='lat' dir='ltr'><strong>Adam</strong></span> <span class='ocrx_word' id='word_1_318' title='bbox 1838 3949 1965 4002; x_wconf 87' lang='lat' dir='ltr'><strong>pro-</strong></span> 
     </span>
    </p>
   </div>
   <div class='ocr_carea' id='block_1_41' title="bbox 386 4027 1968 4101">
    <p class='ocr_par' dir='ltr' id='par_1_41' title="bbox 386 4027 1968 4101">
     <span class='ocr_line' id='line_1_41' title="bbox 386 4027 1968 4101; baseline -0.003 -15"><span class='ocrx_word' id='word_1_319' title='bbox 386 4038 568 4101; x_wconf 84' lang='lat' dir='ltr'><strong>pterea</strong></span> <span class='ocrx_word' id='word_1_320' title='bbox 612 4044 717 4084; x_wconf 86' lang='lat' dir='ltr'><strong>non</strong></span> <span class='ocrx_word' id='word_1_321' title='bbox 764 4028 926 4084; x_wconf 83' lang='lat' dir='ltr'><strong>talem</strong></span> <span class='ocrx_word' id='word_1_322' title='bbox 973 4036 1209 4084; x_wconf 86' lang='lat' dir='ltr'><strong>creatum</strong></span> <span class='ocrx_word' id='word_1_323' title='bbox 1233 4069 1249 4093; x_wconf 91' lang='lat'><strong>,</strong></span> <span class='ocrx_word' id='word_1_324' title='bbox 1299 4027 1422 4099; x_wconf 91' lang='lat' dir='ltr'><strong>quia</strong></span> <span class='ocrx_word' id='word_1_325' title='bbox 1476 4027 1675 4082; x_wconf 89' lang='lat' dir='ltr'><strong>nullius</strong></span> <span class='ocrx_word' id='word_1_326' title='bbox 1729 4030 1968 4097; x_wconf 89' lang='lat' dir='ltr'><strong>parentis</strong></span> 
     </span>
    </p>
   </div>
   <div class='ocr_carea' id='block_1_42' title="bbox 387 4115 1964 4191">
    <p class='ocr_par' dir='ltr' id='par_1_42' title="bbox 387 4115 1964 4191">
     <span class='ocr_line' id='line_1_42' title="bbox 387 4115 1964 4191; baseline -0.005 -14"><span class='ocrx_word' id='word_1_327' title='bbox 387 4120 720 4191; x_wconf 66' lang='lat' dir='ltr'><strong>praecedente</strong></span> <span class='ocrx_word' id='word_1_328' title='bbox 737 4126 974 4191; x_wconf 86' lang='lat' dir='ltr'><strong>peccato,</strong></span> <span class='ocrx_word' id='word_1_329' title='bbox 998 4133 1102 4173; x_wconf 90' lang='lat' dir='ltr'><strong>non</strong></span> <span class='ocrx_word' id='word_1_330' title='bbox 1119 4117 1142 4151; x_wconf 75' lang='grc' dir='ltr'>δ</span> <span class='ocrx_word' id='word_1_331' title='bbox 1160 4124 1244 4173; x_wconf 88' lang='lat' dir='ltr'><strong>est</strong></span> <span class='ocrx_word' id='word_1_332' title='bbox 1256 4124 1465 4174; x_wconf 90' lang='lat' dir='ltr'><strong>creatus</strong></span> <span class='ocrx_word' id='word_1_333' title='bbox 1484 4115 1538 4171; x_wconf 89' lang='lat' dir='ltr'><strong>in</strong></span> <span class='ocrx_word' id='word_1_334' title='bbox 1560 4129 1722 4171; x_wconf 84' lang='lat' dir='ltr'><strong>carne</strong></span> <span class='ocrx_word' id='word_1_335' title='bbox 1736 4115 1964 4188; x_wconf 87' lang='lat' dir='ltr'><strong>peccati.</strong></span> 
     </span>
    </p>
   </div>
   <div class='ocr_carea' id='block_1_43' title="bbox 388 4207 1966 4282">
    <p class='ocr_par' dir='ltr' id='par_1_43' title="bbox 388 4207 1966 4282">
     <span class='ocr_line' id='line_1_43' title="bbox 388 4207 1966 4282; baseline -0.006 -12"><span class='ocrx_word' id='word_1_336' title='bbox 388 4211 496 4270; x_wconf 75' lang='lat' dir='ltr'><strong>Nos</strong></span> <span class='ocrx_word' id='word_1_337' title='bbox 520 4211 639 4268; x_wconf 86' lang='lat' dir='ltr'><strong>ideo</strong></span> <span class='ocrx_word' id='word_1_338' title='bbox 661 4212 817 4277; x_wconf 84' lang='lat' dir='ltr'><strong>tales,</strong></span> <span class='ocrx_word' id='word_1_339' title='bbox 848 4211 971 4282; x_wconf 86' lang='lat' dir='ltr'><strong>quia</strong></span> <span class='ocrx_word' id='word_1_340' title='bbox 1012 4209 1156 4265; x_wconf 89' lang='lat' dir='ltr'><strong>illius</strong></span> <span class='ocrx_word' id='word_1_341' title='bbox 1199 4207 1532 4279; x_wconf 69' lang='lat' dir='ltr'><strong>praecedente</strong></span> <span class='ocrx_word' id='word_1_342' title='bbox 1572 4217 1813 4278; x_wconf 86' lang='lat' dir='ltr'><strong>peccato,</strong></span> <span class='ocrx_word' id='word_1_343' title='bbox 1855 4207 1966 4263; x_wconf 88' lang='lat' dir='ltr'><strong>nati</strong></span> 
     </span>
    </p>
   </div>
   <div class='ocr_carea' id='block_1_44' title="bbox 387 4298 1970 4374">
    <p class='ocr_par' dir='ltr' id='par_1_44' title="bbox 387 4298 1970 4374">
     <span class='ocr_line' id='line_1_44' title="bbox 387 4298 1970 4374; baseline -0.002 -16"><span class='ocrx_word' id='word_1_344' title='bbox 387 4318 570 4360; x_wconf 86' lang='lat' dir='ltr'><strong>sumus</strong></span> <span class='ocrx_word' id='word_1_345' title='bbox 599 4302 651 4358; x_wconf 89' lang='lat' dir='ltr'><strong>in</strong></span> <span class='ocrx_word' id='word_1_346' title='bbox 690 4316 856 4358; x_wconf 87' lang='lat' dir='ltr'><strong>carne</strong></span> <span class='ocrx_word' id='word_1_347' title='bbox 896 4300 1122 4374; x_wconf 84' lang='lat' dir='ltr'><strong>peccati.</strong></span> <span class='ocrx_word' id='word_1_348' title='bbox 1164 4299 1407 4356; x_wconf 86' lang='lat' dir='ltr'><strong>Christus</strong></span> <span class='ocrx_word' id='word_1_349' title='bbox 1434 4298 1557 4354; x_wconf 88' lang='lat' dir='ltr'><strong>ideo</strong></span> <span class='ocrx_word' id='word_1_350' title='bbox 1585 4298 1724 4366; x_wconf 85' lang='lat' dir='ltr'><strong>talis,</strong></span> <span class='ocrx_word' id='word_1_351' title='bbox 1757 4298 1879 4369; x_wconf 87' lang='lat' dir='ltr'><strong>quia</strong></span> <span class='ocrx_word' id='word_1_352' title='bbox 1909 4307 1970 4355; x_wconf 92' lang='lat' dir='ltr'><strong>ut</strong></span> 
     </span>
    </p>
   </div>
   <div class='ocr_carea' id='block_1_45' title="bbox 387 4390 1966 4464">
    <p class='ocr_par' dir='ltr' id='par_1_45' title="bbox 387 4390 1966 4464">
     <span class='ocr_line' id='line_1_45' title="bbox 387 4390 1966 4464; baseline -0.004 -14"><span class='ocrx_word' id='word_1_353' title='bbox 387 4394 456 4450; x_wconf 81' lang='lat' dir='ltr'><strong>de</strong></span> <span class='ocrx_word' id='word_1_354' title='bbox 482 4402 698 4464; x_wconf 86' lang='lat' dir='ltr'><strong>peccato</strong></span> <span class='ocrx_word' id='word_1_355' title='bbox 720 4391 1103 4449; x_wconf 84' lang='lat' dir='ltr'><strong>condemnaret</strong></span> <span class='ocrx_word' id='word_1_356' title='bbox 1127 4398 1424 4461; x_wconf 85' lang='lat' dir='ltr'><strong>peccatum,</strong></span> <span class='ocrx_word' id='word_1_357' title='bbox 1455 4397 1611 4446; x_wconf 90' lang='lat' dir='ltr'><strong>natus</strong></span> <span class='ocrx_word' id='word_1_358' title='bbox 1635 4396 1719 4445; x_wconf 90' lang='lat' dir='ltr'><strong>est</strong></span> <span class='ocrx_word' id='word_1_359' title='bbox 1741 4390 1793 4443; x_wconf 90' lang='lat' dir='ltr'><strong>in</strong></span> <span class='ocrx_word' id='word_1_360' title='bbox 1816 4390 1966 4449; x_wconf 85' lang='lat' dir='ltr'><strong>simi-</strong></span> 
     </span>
    </p>
   </div>
   <div class='ocr_carea' id='block_1_46' title="bbox 388 4482 1968 4556">
    <p class='ocr_par' dir='ltr' id='par_1_46' title="bbox 388 4482 1968 4556">
     <span class='ocr_line' id='line_1_46' title="bbox 388 4482 1968 4556; baseline -0.002 -14"><span class='ocrx_word' id='word_1_361' title='bbox 388 4487 610 4543; x_wconf 85' lang='lat' dir='ltr'><strong>litudine</strong></span> <span class='ocrx_word' id='word_1_362' title='bbox 649 4486 827 4549; x_wconf 70' lang='lat' dir='ltr'><strong>carnis</strong></span> <span class='ocrx_word' id='word_1_363' title='bbox 855 4484 1054 4556; x_wconf 88' lang='lat' dir='ltr'><strong>peccati</strong></span> <span class='ocrx_word' id='word_1_364' title='bbox 1084 4482 1258 4555; x_wconf 85' lang='lat' dir='ltr'><strong>(Rom.</strong></span> <span class='ocrx_word' id='word_1_365' title='bbox 1286 4499 1400 4551; x_wconf 80' lang='lat' dir='ltr'><strong>vni,</strong></span> <span class='ocrx_word' id='word_1_366' title='bbox 1423 4484 1499 4553; x_wconf 79' lang='grc'><strong>5).</strong></span> <span class='ocrx_word' id='word_1_367' title='bbox 1537 4482 1654 4538; x_wconf 88' lang='lat' dir='ltr'><strong>Non</strong></span> <span class='ocrx_word' id='word_1_368' title='bbox 1692 4483 1836 4538; x_wconf 88' lang='lat' dir='ltr'><strong>enim</strong></span> <span class='ocrx_word' id='word_1_369' title='bbox 1881 4482 1968 4540; x_wconf 88' lang='lat' dir='ltr'><strong>hic</strong></span> 
     </span>
    </p>
   </div>
   <div class='ocr_carea' id='block_1_47' title="bbox 388 4560 1966 4650">
    <p class='ocr_par' dir='ltr' id='par_1_47' title="bbox 388 4560 1966 4650">
     <span class='ocr_line' id='line_1_47' title="bbox 388 4560 1966 4650; baseline -0.003 -16"><span class='ocrx_word' id='word_1_370' title='bbox 388 4579 561 4650; x_wconf 84' lang='lat' dir='ltr'><strong>agitur</strong></span> <span class='ocrx_word' id='word_1_371' title='bbox 584 4578 653 4633; x_wconf 91' lang='lat' dir='ltr'><strong>de</strong></span> <span class='ocrx_word' id='word_1_372' title='bbox 677 4577 868 4643; x_wconf 83' lang='lat' dir='ltr'><strong>Adam,</strong></span> <span class='ocrx_word' id='word_1_373' title='bbox 905 4576 1046 4648; x_wconf 88' lang='lat' dir='ltr'><strong>quod</strong></span> <span class='ocrx_word' id='word_1_374' title='bbox 1076 4576 1301 4646; x_wconf 86' lang='lat' dir='ltr'><strong>pertinet</strong></span> <span class='ocrx_word' id='word_1_375' title='bbox 1324 4560 1393 4631; x_wconf 83' lang='lat' dir='ltr'><strong>ad</strong></span> <span class='ocrx_word' id='word_1_376' title='bbox 1417 4575 1661 4646; x_wconf 90' lang='lat' dir='ltr'><strong>corporis</strong></span> <span class='ocrx_word' id='word_1_377' title='bbox 1696 4575 1966 4645; x_wconf 88' lang='lat' dir='ltr'><strong>quantita-</strong></span> 
     </span>
    </p>
   </div>
   <div class='ocr_carea' id='block_1_48' title="bbox 389 4666 1966 4741">
    <p class='ocr_par' dir='ltr' id='par_1_48' title="bbox 389 4666 1966 4741">
     <span class='ocr_line' id='line_1_48' title="bbox 389 4666 1966 4741; baseline -0.001 -16"><span class='ocrx_word' id='word_1_378' title='bbox 389 4680 516 4735; x_wconf 88' lang='lat' dir='ltr'><strong>tem,</strong></span> <span class='ocrx_word' id='word_1_379' title='bbox 546 4669 666 4741; x_wconf 89' lang='lat' dir='ltr'><strong>quia</strong></span> <span class='ocrx_word' id='word_1_380' title='bbox 696 4684 802 4723; x_wconf 89' lang='lat' dir='ltr'><strong>non</strong></span> <span class='ocrx_word' id='word_1_381' title='bbox 827 4668 1076 4738; x_wconf 88' lang='lat' dir='ltr'><strong>parvulus</strong></span> <span class='ocrx_word' id='word_1_382' title='bbox 1099 4666 1269 4723; x_wconf 80' lang='lat' dir='ltr'><strong>factus</strong></span> <span class='ocrx_word' id='word_1_383' title='bbox 1294 4675 1396 4735; x_wconf 90' lang='lat' dir='ltr'><strong>est,</strong></span> <span class='ocrx_word' id='word_1_384' title='bbox 1435 4666 1529 4722; x_wconf 89' lang='lat' dir='ltr'><strong>sed</strong></span> <span class='ocrx_word' id='word_1_385' title='bbox 1568 4666 1799 4738; x_wconf 77' lang='lat' dir='ltr'><strong>perfecta</strong></span> <span class='ocrx_word' id='word_1_386' title='bbox 1827 4667 1966 4723; x_wconf 88' lang='lat' dir='ltr'><strong>mole</strong></span> 
     </span>
    </p>
   </div>
   <div class='ocr_carea' id='block_1_49' title="bbox 389 4758 1966 4832">
    <p class='ocr_par' dir='ltr' id='par_1_49' title="bbox 389 4758 1966 4832">
     <span class='ocr_line' id='line_1_49' title="bbox 389 4758 1966 4832; baseline -0.001 -16"><span class='ocrx_word' id='word_1_387' title='bbox 389 4761 798 4817; x_wconf 90' lang='lat' dir='ltr'><strong>membrorum:</strong></span> <span class='ocrx_word' id='word_1_388' title='bbox 839 4767 1017 4831; x_wconf 89' lang='lat' dir='ltr'><strong>potest</strong></span> <span class='ocrx_word' id='word_1_389' title='bbox 1061 4759 1205 4815; x_wconf 89' lang='lat' dir='ltr'><strong>enim</strong></span> <span class='ocrx_word' id='word_1_390' title='bbox 1248 4758 1388 4826; x_wconf 90' lang='lat' dir='ltr'><strong>dici,</strong></span> <span class='ocrx_word' id='word_1_391' title='bbox 1436 4758 1595 4813; x_wconf 87' lang='lat' dir='ltr'><strong>etiam</strong></span> <span class='ocrx_word' id='word_1_392' title='bbox 1646 4773 1839 4832; x_wconf 84' lang='lat' dir='ltr'><strong>pecora</strong></span> <span class='ocrx_word' id='word_1_393' title='bbox 1887 4758 1966 4815; x_wconf 90' lang='lat' dir='ltr'><strong>sic</strong></span> 
     </span>
    </p>
   </div>
   <div class='ocr_carea' id='block_1_50' title="bbox 388 4848 1965 4920">
    <p class='ocr_par' dir='ltr' id='par_1_50' title="bbox 388 4848 1965 4920">
     <span class='ocr_line' id='line_1_50' title="bbox 388 4848 1965 4920; baseline -0.003 -12"><span class='ocrx_word' id='word_1_394' title='bbox 388 4860 586 4919; x_wconf 84' lang='lat' dir='ltr'><strong>creata,</strong></span> <span class='ocrx_word' id='word_1_395' title='bbox 613 4865 712 4907; x_wconf 90' lang='lat' dir='ltr'><strong>nec</strong></span> <span class='ocrx_word' id='word_1_396' title='bbox 738 4858 915 4906; x_wconf 91' lang='lat' dir='ltr'><strong>tamen</strong></span> <span class='ocrx_word' id='word_1_397' title='bbox 939 4865 1127 4906; x_wconf 90' lang='lat' dir='ltr'><strong>eorum</strong></span> <span class='ocrx_word' id='word_1_398' title='bbox 1152 4859 1370 4920; x_wconf 90' lang='lat' dir='ltr'><strong>peccato</strong></span> <span class='ocrx_word' id='word_1_399' title='bbox 1397 4848 1594 4905; x_wconf 81' lang='lat' dir='ltr'><strong>factum</strong></span> <span class='ocrx_word' id='word_1_400' title='bbox 1628 4864 1780 4914; x_wconf 89' lang='lat' dir='ltr'><strong>esse,</strong></span> <span class='ocrx_word' id='word_1_401' title='bbox 1813 4856 1872 4904; x_wconf 88' lang='lat' dir='ltr'><strong>ut</strong></span> <span class='ocrx_word' id='word_1_402' title='bbox 1898 4864 1965 4904; x_wconf 78' lang='lat' dir='ltr'><strong>ex</strong></span> 
     </span>
    </p>
   </div>
   <div class='ocr_carea' id='block_1_51' title="bbox 387 4939 1966 5013">
    <p class='ocr_par' dir='ltr' id='par_1_51' title="bbox 387 4939 1966 5013">
     <span class='ocr_line' id='line_1_51' title="bbox 387 4939 1966 5013; baseline -0.001 -16"><span class='ocrx_word' id='word_1_403' title='bbox 387 4942 468 4997; x_wconf 74' lang='lat' dir='ltr'><strong>eis</strong></span> <span class='ocrx_word' id='word_1_404' title='bbox 494 4940 624 5013; x_wconf 58' lang='lat' dir='ltr'><strong>{ulli</strong></span> <span class='ocrx_word' id='word_1_405' title='bbox 667 4940 876 5010; x_wconf 80' lang='lat' dir='ltr'><strong>parvuli</strong></span> <span class='ocrx_word' id='word_1_406' title='bbox 918 4947 1291 5004; x_wconf 89' lang='lat' dir='ltr'><strong>nascerentur;</strong></span> <span class='ocrx_word' id='word_1_407' title='bbox 1343 4939 1485 5009; x_wconf 90' lang='lat' dir='ltr'><strong>quod</strong></span> <span class='ocrx_word' id='word_1_408' title='bbox 1526 4940 1685 5010; x_wconf 87' lang='lat' dir='ltr'><strong>quale</strong></span> <span class='ocrx_word' id='word_1_409' title='bbox 1718 4940 1788 4995; x_wconf 91' lang='lat' dir='ltr'><strong>sit</strong></span> <span class='ocrx_word' id='word_1_410' title='bbox 1823 4954 1966 4995; x_wconf 92' lang='lat' dir='ltr'><strong>nunc</strong></span> 
     </span>
    </p>
   </div>
   <div class='ocr_carea' id='block_1_52' title="bbox 389 5028 1964 5102">
    <p class='ocr_par' dir='ltr' id='par_1_52' title="bbox 389 5028 1964 5102">
     <span class='ocr_line' id='line_1_52' title="bbox 389 5028 1964 5102; baseline 0.001 -17"><span class='ocrx_word' id='word_1_411' title='bbox 389 5044 500 5087; x_wconf 85' lang='lat' dir='ltr'><strong>nor.</strong></span> <span class='ocrx_word' id='word_1_412' title='bbox 538 5030 825 5101; x_wconf 67' lang='lat' dir='ltr'><strong>quaerimus</strong></span> <span class='ocrx_word' id='word_1_413' title='bbox 854 5047 868 5084; x_wconf 89' lang='lat'><strong>:</strong></span> <span class='ocrx_word' id='word_1_414' title='bbox 901 5029 995 5085; x_wconf 89' lang='lat' dir='ltr'><strong>sed</strong></span> <span class='ocrx_word' id='word_1_415' title='bbox 1039 5030 1213 5102; x_wconf 88' lang='lat' dir='ltr'><strong>agitur</strong></span> <span class='ocrx_word' id='word_1_416' title='bbox 1239 5028 1307 5085; x_wconf 91' lang='lat' dir='ltr'><strong>de</strong></span> <span class='ocrx_word' id='word_1_417' title='bbox 1340 5029 1481 5085; x_wconf 88' lang='lat' dir='ltr'><strong>illius</strong></span> <span class='ocrx_word' id='word_1_418' title='bbox 1510 5030 1704 5091; x_wconf 76' lang='lat' dir='ltr'><strong>mentis</strong></span> <span class='ocrx_word' id='word_1_419' title='bbox 1735 5031 1964 5100; x_wconf 88' lang='lat' dir='ltr'><strong>quadam</strong></span> 
     </span>
    </p>
   </div>
   <div class='ocr_carea' id='block_1_53' title="bbox 387 5119 1964 5191">
    <p class='ocr_par' dir='ltr' id='par_1_53' title="bbox 387 5119 1964 5191">
     <span class='ocr_line' id='line_1_53' title="bbox 387 5119 1964 5191; baseline 0 -16"><span class='ocrx_word' id='word_1_420' title='bbox 387 5120 617 5176; x_wconf 84' lang='lat' dir='ltr'><strong>valentia</strong></span> <span class='ocrx_word' id='word_1_421' title='bbox 640 5134 846 5190; x_wconf 88' lang='lat' dir='ltr'><strong>usuque</strong></span> <span class='ocrx_word' id='word_1_422' title='bbox 872 5120 1113 5185; x_wconf 80' lang='lat' dir='ltr'><strong>rationis,</strong></span> <span class='ocrx_word' id='word_1_423' title='bbox 1142 5134 1249 5190; x_wconf 89' lang='lat' dir='ltr'><strong>quo</strong></span> <span class='ocrx_word' id='word_1_424' title='bbox 1275 5127 1601 5190; x_wconf 72' lang='lat' dir='ltr'><strong>przeceptum</strong></span> <span class='ocrx_word' id='word_1_425' title='bbox 1642 5119 1739 5175; x_wconf 88' lang='lat' dir='ltr'><strong>Dei</strong></span> <span class='ocrx_word' id='word_1_426' title='bbox 1763 5120 1964 5191; x_wconf 88' lang='lat' dir='ltr'><strong>legem-</strong></span> 
     </span>
    </p>
   </div>
   <div class='ocr_carea' id='block_1_54' title="bbox 386 5211 1967 5283">
    <p class='ocr_par' dir='ltr' id='par_1_54' title="bbox 386 5211 1967 5283">
     <span class='ocr_line' id='line_1_54' title="bbox 386 5211 1967 5283; baseline 0.001 -16"><span class='ocrx_word' id='word_1_427' title='bbox 386 5226 490 5283; x_wconf 88' lang='lat' dir='ltr'><strong>que</strong></span> <span class='ocrx_word' id='word_1_428' title='bbox 516 5211 753 5268; x_wconf 86' lang='lat' dir='ltr'><strong>mandati</strong></span> <span class='ocrx_word' id='word_1_429' title='bbox 776 5220 831 5268; x_wconf 90' lang='lat' dir='ltr'><strong>et</strong></span> <span class='ocrx_word' id='word_1_430' title='bbox 852 5211 1040 5269; x_wconf 86' lang='lat' dir='ltr'><strong>docilis</strong></span> <span class='ocrx_word' id='word_1_431' title='bbox 1064 5211 1235 5268; x_wconf 81' lang='lat' dir='ltr'><strong>Adam</strong></span> <span class='ocrx_word' id='word_1_432' title='bbox 1272 5220 1511 5283; x_wconf 88' lang='lat' dir='ltr'><strong>caperet,</strong></span> <span class='ocrx_word' id='word_1_433' title='bbox 1532 5220 1590 5268; x_wconf 89' lang='lat' dir='ltr'><strong>et</strong></span> <span class='ocrx_word' id='word_1_434' title='bbox 1609 5212 1763 5269; x_wconf 82' lang='lat' dir='ltr'><strong>facile</strong></span> <span class='ocrx_word' id='word_1_435' title='bbox 1783 5221 1967 5283; x_wconf 86' lang='lat' dir='ltr'><strong>posset</strong></span> 
     </span>
    </p>
   </div>
   <div class='ocr_carea' id='block_1_55' title="bbox 453 5373 1227 5436">
    <p class='ocr_par' dir='ltr' id='par_1_55' title="bbox 453 5373 1227 5436">
     <span class='ocr_line' id='line_1_55' title="bbox 453 5373 1227 5436; baseline -0.004 -10"><span class='ocrx_word' id='word_1_436' title='bbox 453 5377 468 5410; x_wconf 82' lang='grc' dir='ltr'><strong>ι</strong></span> <span class='ocrx_word' id='word_1_437' title='bbox 504 5382 613 5427; x_wconf 74' lang='lat' dir='ltr'><strong>Inv.</strong></span> <span class='ocrx_word' id='word_1_438' title='bbox 634 5388 698 5428; x_wconf 81' lang='lat' dir='ltr'><strong>ex</strong></span> <span class='ocrx_word' id='word_1_439' title='bbox 722 5373 969 5427; x_wconf 84' lang='lat' dir='ltr'><strong>nonnullis</strong></span> <span class='ocrx_word' id='word_1_440' title='bbox 986 5381 1116 5436; x_wconf 69' lang='grc' dir='ltr'><strong>ιω..</strong></span> <span class='ocrx_word' id='word_1_441' title='bbox 1139 5373 1227 5429; x_wconf 78' lang='lat' dir='ltr'><strong>ait.</strong></span> 
     </span>
    </p>
   </div>
   <div class='ocr_carea' id='block_1_56' title="bbox 448 5433 1965 5501">
    <p class='ocr_par' dir='ltr' id='par_1_56' title="bbox 448 5433 1965 5501">
     <span class='ocr_line' id='line_1_56' title="bbox 448 5433 1965 5501; baseline 0 -16"><span class='ocrx_word' id='word_1_442' title='bbox 448 5439 471 5501; x_wconf 53' lang='grc' dir='ltr'><em>Ρ</em></span> <span class='ocrx_word' id='word_1_443' title='bbox 504 5442 633 5501; x_wconf 79' lang='lat' dir='ltr'><strong>Apud</strong></span> <span class='ocrx_word' id='word_1_444' title='bbox 656 5443 765 5489; x_wconf 68' lang='grc' dir='ltr'><strong>ιον.</strong></span> <span class='ocrx_word' id='word_1_445' title='bbox 786 5470 801 5497; x_wconf 85' lang='grc'><em>,</em></span> <span class='ocrx_word' id='word_1_446' title='bbox 819 5436 861 5489; x_wconf 87' lang='lat' dir='ltr'><strong>si</strong></span> <span class='ocrx_word' id='word_1_447' title='bbox 882 5441 1072 5487; x_wconf 70' lang='lat' dir='ltr'><strong>natura</strong></span> <span class='ocrx_word' id='word_1_448' title='bbox 1084 5433 1172 5488; x_wconf 82' lang='lat' dir='ltr'><strong>est.</strong></span> <span class='ocrx_word' id='word_1_449' title='bbox 1192 5442 1246 5486; x_wconf 84' lang='lat' dir='ltr'><strong>Et</strong></span> <span class='ocrx_word' id='word_1_450' title='bbox 1265 5436 1315 5487; x_wconf 88' lang='lat' dir='ltr'><strong>in</strong></span> <span class='ocrx_word' id='word_1_451' title='bbox 1332 5433 1565 5500; x_wconf 82' lang='lat' dir='ltr'><strong>principio</strong></span> <span class='ocrx_word' id='word_1_452' title='bbox 1582 5434 1857 5500; x_wconf 73' lang='lat' dir='ltr'><strong>cupitls57:</strong></span> <span class='ocrx_word' id='word_1_453' title='bbox 1884 5436 1965 5495; x_wconf 63' lang='lat' dir='ltr'><strong>«si</strong></span> 
     </span>
    </p>
   </div>
   <div class='ocr_carea' id='block_1_57' title="bbox 394 5499 1968 5633">
    <p class='ocr_par' dir='ltr' id='par_1_57' title="bbox 394 5499 1968 5633">
     <span class='ocr_line' id='line_1_57' title="bbox 394 5499 1655 5560; baseline -0.006 -13"><span class='ocrx_word' id='word_1_454' title='bbox 394 5518 418 5547; x_wconf 78' lang='grc' dir='ltr'><strong>ι</strong></span> <span class='ocrx_word' id='word_1_455' title='bbox 440 5499 552 5551; x_wconf 59' lang='lat' dir='ltr'><strong>hac</strong></span> <span class='ocrx_word' id='word_1_456' title='bbox 569 5507 754 5549; x_wconf 66' lang='lat' dir='ltr'><strong>natura</strong></span> <span class='ocrx_word' id='word_1_457' title='bbox 777 5510 911 5560; x_wconf 69' lang='lat' dir='ltr'><strong>pura:</strong></span> <span class='ocrx_word' id='word_1_458' title='bbox 932 5511 1030 5547; x_wconf 91' lang='lat' dir='ltr'><strong>non</strong></span> <span class='ocrx_word' id='word_1_459' title='bbox 1049 5506 1181 5547; x_wconf 90' lang='lat' dir='ltr'><strong>sunt.</strong></span> <span class='ocrx_word' id='word_1_460' title='bbox 1200 5512 1225 5542; x_wconf 71' lang='grc' dir='ltr'><strong>ι</strong></span> <span class='ocrx_word' id='word_1_461' title='bbox 1643 5499 1655 5500; x_wconf 44' lang='grc' dir='ltr'>ί</span> 
     </span>
     <span class='ocr_line' id='line_1_58' title="bbox 450 5558 1968 5633; baseline 0 0"><span class='ocrx_word' id='word_1_462' title='bbox 450 5561 474 5594; x_wconf 87' lang='grc'>³</span> <span class='ocrx_word' id='word_1_463' title='bbox 505 5558 737 5633; x_wconf 61' lang='grc' dir='ltr'><strong>θιειίςπίξ.</strong></span> <span class='ocrx_word' id='word_1_464' title='bbox 756 5566 884 5633; x_wconf 59' lang='lat'><strong>&quot;0&amp;9?</strong></span> <span class='ocrx_word' id='word_1_465' title='bbox 919 5565 1029 5633; x_wconf 59' lang='grc' dir='ltr'><strong>’βεδε</strong></span> <span class='ocrx_word' id='word_1_466' title='bbox 1050 5558 1374 5633; x_wconf 51' lang='grc' dir='ltr'><strong>ςοφεὲβιὲἒίθ</strong></span> <span class='ocrx_word' id='word_1_467' title='bbox 1390 5558 1968 5633; x_wconf 38' lang='lat' dir='ltr'><strong>ﬁmum&quot;?</strong></span> 
     </span>
    </p>
   </div>
   <div class='ocr_carea' id='block_1_58' title="bbox 383 5618 1967 5687">
    <p class='ocr_par' dir='ltr' id='par_1_58' title="bbox 383 5618 1967 5687">
     <span class='ocr_line' id='line_1_59' title="bbox 383 5618 1967 5687; baseline -0.001 -12"><span class='ocrx_word' id='word_1_468' title='bbox 383 5622 571 5682; x_wconf 77' lang='lat' dir='ltr'><strong>neusis,</strong></span> <span class='ocrx_word' id='word_1_469' title='bbox 588 5627 640 5675; x_wconf 87' lang='lat' dir='ltr'><strong>et</strong></span> <span class='ocrx_word' id='word_1_470' title='bbox 659 5619 741 5671; x_wconf 78' lang='lat' dir='ltr'><strong>alii</strong></span> <span class='ocrx_word' id='word_1_471' title='bbox 760 5619 971 5687; x_wconf 79' lang='lat' dir='ltr'><strong>quidam,</strong></span> <span class='ocrx_word' id='word_1_472' title='bbox 987 5618 1030 5670; x_wconf 84' lang='lat' dir='ltr'><strong>si</strong></span> <span class='ocrx_word' id='word_1_473' title='bbox 1051 5618 1102 5679; x_wconf 83' lang='lat' dir='ltr'><strong>in</strong></span> <span class='ocrx_word' id='word_1_474' title='bbox 1124 5618 1215 5669; x_wconf 82' lang='lat' dir='ltr'><strong>hac</strong></span> <span class='ocrx_word' id='word_1_475' title='bbox 1232 5618 1327 5674; x_wconf 80' lang='lat' dir='ltr'><strong>vita</strong></span> <span class='ocrx_word' id='word_1_476' title='bbox 1346 5618 1553 5679; x_wconf 71' lang='lat' dir='ltr'><strong>nouitati</strong></span> <span class='ocrx_word' id='word_1_477' title='bbox 1572 5618 1761 5683; x_wconf 75' lang='lat' dir='ltr'><strong>parvuli</strong></span> <span class='ocrx_word' id='word_1_478' title='bbox 1779 5618 1967 5673; x_wconf 69' lang='lat' dir='ltr'><strong>contra-</strong></span> 
     </span>
    </p>
   </div>
   <div class='ocr_carea' id='block_1_59' title="bbox 449 5717 1967 5813">
    <p class='ocr_par' dir='ltr' id='par_1_59' title="bbox 449 5717 1967 5813">
     <span class='ocr_line' id='line_1_60' title="bbox 449 5717 1967 5813; baseline 0.013 -37"><span class='ocrx_word' id='word_1_479' title='bbox 449 5717 656 5813; x_wconf 57' lang='grc' dir='ltr'>ἰῖᾆξιιο</span> <span class='ocrx_word' id='word_1_480' title='bbox 676 5748 772 5803; x_wconf 74' lang='grc' dir='ltr'><strong>ειν..</strong></span> <span class='ocrx_word' id='word_1_481' title='bbox 790 5738 906 5805; x_wconf 71' lang='lat' dir='ltr'><strong>quia</strong></span> <span class='ocrx_word' id='word_1_482' title='bbox 925 5739 1103 5813; x_wconf 69' lang='lat' dir='ltr'><strong>nullius</strong></span> <span class='ocrx_word' id='word_1_483' title='bbox 1124 5739 1337 5813; x_wconf 70' lang='lat' dir='ltr'><strong>parentis</strong></span> <span class='ocrx_word' id='word_1_484' title='bbox 1358 5741 1660 5804; x_wconf 66' lang='lat' dir='ltr'><strong>precedente</strong></span> <span class='ocrx_word' id='word_1_485' title='bbox 1682 5747 1878 5807; x_wconf 82' lang='lat' dir='ltr'><strong>peccato</strong></span> <span class='ocrx_word' id='word_1_486' title='bbox 1897 5749 1967 5795; x_wconf 81' lang='lat' dir='ltr'><strong>est</strong></span> 
     </span>
    </p>
   </div>
   <div class='ocr_carea' id='block_1_60' title="bbox 386 5809 1393 5867">
    <p class='ocr_par' dir='ltr' id='par_1_60' title="bbox 386 5809 1393 5867">
     <span class='ocr_line' id='line_1_61' title="bbox 386 5809 1393 5867; baseline -0.003 -12"><span class='ocrx_word' id='word_1_487' title='bbox 386 5811 581 5859; x_wconf 82' lang='lat' dir='ltr'><strong>creatus</strong></span> <span class='ocrx_word' id='word_1_488' title='bbox 599 5809 648 5858; x_wconf 77' lang='lat' dir='ltr'><strong>in</strong></span> <span class='ocrx_word' id='word_1_489' title='bbox 672 5816 818 5856; x_wconf 81' lang='lat' dir='ltr'><strong>carne</strong></span> <span class='ocrx_word' id='word_1_490' title='bbox 839 5809 1039 5863; x_wconf 78' lang='lat' dir='ltr'><strong>peccati.</strong></span> <span class='ocrx_word' id='word_1_491' title='bbox 1065 5809 1256 5867; x_wconf 80' lang='lat' dir='ltr'><strong>ouusso,</strong></span> <span class='ocrx_word' id='word_1_492' title='bbox 1282 5814 1393 5853; x_wconf 89' lang='lat' dir='ltr'><strong>non.</strong></span> 
     </span>
    </p>
   </div>
   <div class='ocr_carea' id='block_1_61' title="bbox 1759 366 2266 426">
    <p class='ocr_par' dir='ltr' id='par_1_61' title="bbox 1759 366 2266 426">
     <span class='ocr_line' id='line_1_62' title="bbox 1759 366 2266 426; baseline 0.004 -2"><span class='ocrx_word' id='word_1_493' title='bbox 1759 366 1960 424; x_wconf 76' lang='lat' dir='ltr'><strong>LiBEli</strong></span> <span class='ocrx_word' id='word_1_494' title='bbox 2001 368 2266 426; x_wconf 72' lang='lat' dir='ltr'><strong>I’lilMUS.</strong></span> 
     </span>
    </p>
   </div>
   <div class='ocr_carea' id='block_1_62' title="bbox 3557 382 3658 447">
    <p class='ocr_par' dir='ltr' id='par_1_62' title="bbox 3557 382 3658 447">
     <span class='ocr_line' id='line_1_63' title="bbox 3557 382 3658 447; baseline 0.079 -8"><span class='ocrx_word' id='word_1_495' title='bbox 3557 382 3658 447; x_wconf 64' lang='lat'><strong>15.9</strong></span> 
     </span>
    </p>
   </div>
   <div class='ocr_carea' id='block_1_63' title="bbox 2074 482 3647 563">
    <p class='ocr_par' dir='ltr' id='par_1_63' title="bbox 2074 482 3647 563">
     <span class='ocr_line' id='line_1_64' title="bbox 2074 482 3647 563; baseline 0.011 -27"><span class='ocrx_word' id='word_1_496' title='bbox 2074 482 2360 546; x_wconf 87' lang='lat' dir='ltr'><strong>custodire,</strong></span> <span class='ocrx_word' id='word_1_497' title='bbox 2392 484 2436 538; x_wconf 86' lang='lat' dir='ltr'><strong>si</strong></span> <span class='ocrx_word' id='word_1_498' title='bbox 2467 485 2645 541; x_wconf 78' lang='lat' dir='ltr'><strong>vellet.</strong></span> <span class='ocrx_word' id='word_1_499' title='bbox 2674 486 2827 545; x_wconf 84' lang='lat' dir='ltr'><strong>Nunc</strong></span> <span class='ocrx_word' id='word_1_500' title='bbox 2857 498 3037 546; x_wconf 81' lang='lat' dir='ltr'><strong>autem</strong></span> <span class='ocrx_word' id='word_1_501' title='bbox 3083 492 3242 557; x_wconf 81' lang='lat' dir='ltr'><strong>homo</strong></span> <span class='ocrx_word' id='word_1_502' title='bbox 3265 494 3344 551; x_wconf 89' lang='lat' dir='ltr'><strong>sic</strong></span> <span class='ocrx_word' id='word_1_503' title='bbox 3369 494 3603 561; x_wconf 68' lang='lat' dir='ltr'><strong>nascitur</strong></span> <span class='ocrx_word' id='word_1_504' title='bbox 3630 536 3647 563; x_wconf 90' lang='lat'><strong><em>.</em></strong></span> 
     </span>
    </p>
   </div>
   <div class='ocr_carea' id='block_1_64' title="bbox 2076 573 3651 654">
    <p class='ocr_par' dir='ltr' id='par_1_64' title="bbox 2076 573 3651 654">
     <span class='ocr_line' id='line_1_65' title="bbox 2076 573 3651 654; baseline 0.011 -29"><span class='ocrx_word' id='word_1_505' title='bbox 2076 581 2132 626; x_wconf 88' lang='lat' dir='ltr'><strong>ut</strong></span> <span class='ocrx_word' id='word_1_506' title='bbox 2168 573 2383 631; x_wconf 86' lang='lat' dir='ltr'><strong>omnino</strong></span> <span class='ocrx_word' id='word_1_507' title='bbox 2408 589 2514 631; x_wconf 90' lang='lat' dir='ltr'><strong>non</strong></span> <span class='ocrx_word' id='word_1_508' title='bbox 2541 575 2740 646; x_wconf 81' lang='lat' dir='ltr'><strong>possit,</strong></span> <span class='ocrx_word' id='word_1_509' title='bbox 2777 589 2993 651; x_wconf 82' lang='lat' dir='ltr'><strong>prapter</strong></span> <span class='ocrx_word' id='word_1_510' title='bbox 3035 579 3355 638; x_wconf 85' lang='lat' dir='ltr'><strong>horrendam</strong></span> <span class='ocrx_word' id='word_1_511' title='bbox 3398 584 3651 654; x_wconf 83' lang='lat' dir='ltr'><strong>ignorau-</strong></span> 
     </span>
    </p>
   </div>
   <div class='ocr_carea' id='block_1_65' title="bbox 2076 662 3648 740">
    <p class='ocr_par' dir='ltr' id='par_1_65' title="bbox 2076 662 3648 740">
     <span class='ocr_line' id='line_1_66' title="bbox 2076 662 3648 740; baseline 0.011 -24"><span class='ocrx_word' id='word_1_512' title='bbox 2076 662 2200 717; x_wconf 84' lang='lat' dir='ltr'><strong>tiam</strong></span> <span class='ocrx_word' id='word_1_513' title='bbox 2226 672 2383 734; x_wconf 83' lang='lat' dir='ltr'><strong>atque</strong></span> <span class='ocrx_word' id='word_1_514' title='bbox 2407 663 2786 733; x_wconf 78' lang='lat' dir='ltr'><strong>inﬁrmitatem,</strong></span> <span class='ocrx_word' id='word_1_515' title='bbox 2810 684 2916 726; x_wconf 91' lang='lat' dir='ltr'><strong>non</strong></span> <span class='ocrx_word' id='word_1_516' title='bbox 2945 670 3141 735; x_wconf 86' lang='lat' dir='ltr'><strong>carnis,</strong></span> <span class='ocrx_word' id='word_1_517' title='bbox 3164 671 3258 727; x_wconf 85' lang='lat' dir='ltr'><strong>sed</strong></span> <span class='ocrx_word' id='word_1_518' title='bbox 3281 674 3502 740; x_wconf 83' lang='lat' dir='ltr'><strong>mentis;</strong></span> <span class='ocrx_word' id='word_1_519' title='bbox 3526 689 3648 737; x_wconf 81' lang='lat' dir='ltr'><strong>cum</strong></span> 
     </span>
    </p>
   </div>
   <div class='ocr_carea' id='block_1_66' title="bbox 2073 752 3647 841">
    <p class='ocr_par' dir='ltr' id='par_1_66' title="bbox 2073 752 3647 841">
     <span class='ocr_line' id='line_1_67' title="bbox 2073 752 3647 841; baseline 0.008 -35"><span class='ocrx_word' id='word_1_520' title='bbox 2073 767 2260 807; x_wconf 86' lang='lat' dir='ltr'><strong>omnes</strong></span> <span class='ocrx_word' id='word_1_521' title='bbox 2286 752 2548 813; x_wconf 82' lang='lat' dir='ltr'><strong>fateamur</strong></span> <span class='ocrx_word' id='word_1_522' title='bbox 2573 756 2623 810; x_wconf 91' lang='lat' dir='ltr'><strong>in</strong></span> <span class='ocrx_word' id='word_1_523' title='bbox 2646 758 2865 827; x_wconf 89' lang='lat' dir='ltr'><strong>parvulo</strong></span> <span class='ocrx_word' id='word_1_524' title='bbox 2885 775 2993 815; x_wconf 91' lang='lat' dir='ltr'><strong>non</strong></span> <span class='ocrx_word' id='word_1_525' title='bbox 3014 760 3232 817; x_wconf 83' lang='lat' dir='ltr'><strong>alterius</strong></span> <span class='ocrx_word' id='word_1_526' title='bbox 3249 803 3265 831; x_wconf 89' lang='lat'><strong>,</strong></span> <span class='ocrx_word' id='word_1_527' title='bbox 3296 761 3389 821; x_wconf 87' lang='lat' dir='ltr'><strong>sed</strong></span> <span class='ocrx_word' id='word_1_528' title='bbox 3410 762 3647 841; x_wconf 80' lang='lat' dir='ltr'><strong>ejusdem</strong></span> 
     </span>
    </p>
   </div>
   <div class='ocr_carea' id='block_1_67' title="bbox 2074 843 3651 919">
    <p class='ocr_par' dir='ltr' id='par_1_67' title="bbox 2074 843 3651 919">
     <span class='ocr_line' id='line_1_68' title="bbox 2074 843 3651 919; baseline 0.007 -23"><span class='ocrx_word' id='word_1_529' title='bbox 2074 843 2381 903; x_wconf 73' lang='lat' dir='ltr'><strong>substantia:</strong></span> <span class='ocrx_word' id='word_1_530' title='bbox 2410 845 2562 915; x_wconf 79' lang='lat' dir='ltr'><strong>cujus</strong></span> <span class='ocrx_word' id='word_1_531' title='bbox 2590 845 2641 899; x_wconf 91' lang='lat' dir='ltr'><strong>in</strong></span> <span class='ocrx_word' id='word_1_532' title='bbox 2675 848 2845 917; x_wconf 86' lang='lat' dir='ltr'><strong>primo</strong></span> <span class='ocrx_word' id='word_1_533' title='bbox 2888 850 3101 909; x_wconf 88' lang='lat' dir='ltr'><strong>homine</strong></span> <span class='ocrx_word' id='word_1_534' title='bbox 3131 848 3255 919; x_wconf 77' lang='lat' dir='ltr'><strong>fuit,</strong></span> <span class='ocrx_word' id='word_1_535' title='bbox 3291 851 3391 909; x_wconf 85' lang='lat' dir='ltr'><strong>hoc</strong></span> <span class='ocrx_word' id='word_1_536' title='bbox 3417 860 3517 919; x_wconf 75' lang='lat' dir='ltr'><strong>est,</strong></span> <span class='ocrx_word' id='word_1_537' title='bbox 3563 869 3651 917; x_wconf 82' lang='lat' dir='ltr'><strong>ra-</strong></span> 
     </span>
    </p>
   </div>
   <div class='ocr_carea' id='block_1_68' title="bbox 2076 934 3652 1015">
    <p class='ocr_par' dir='ltr' id='par_1_68' title="bbox 2076 934 3652 1015">
     <span class='ocr_line' id='line_1_69' title="bbox 2076 934 3652 1015; baseline 0.003 -24"><span class='ocrx_word' id='word_1_538' title='bbox 2076 934 2322 997; x_wconf 83' lang='lat' dir='ltr'><strong>tionalem</strong></span> <span class='ocrx_word' id='word_1_539' title='bbox 2349 937 2579 995; x_wconf 88' lang='lat' dir='ltr'><strong>animam</strong></span> <span class='ocrx_word' id='word_1_540' title='bbox 2605 935 2820 1009; x_wconf 83' lang='lat' dir='ltr'><strong>degere.</strong></span> <span class='ocrx_word' id='word_1_541' title='bbox 2849 938 3160 1013; x_wconf 84' lang='lat' dir='ltr'><strong>Quanquam</strong></span> <span class='ocrx_word' id='word_1_542' title='bbox 3182 942 3341 1005; x_wconf 85' lang='lat' dir='ltr'><strong>etiam</strong></span> <span class='ocrx_word' id='word_1_543' title='bbox 3370 942 3480 1015; x_wconf 84' lang='lat' dir='ltr'><strong>ipsa</strong></span> <span class='ocrx_word' id='word_1_544' title='bbox 3511 952 3652 1003; x_wconf 79' lang='lat' dir='ltr'><strong>tanta</strong></span> 
     </span>
    </p>
   </div>
   <div class='ocr_carea' id='block_1_69' title="bbox 2074 1024 3653 1107">
    <p class='ocr_par' dir='ltr' id='par_1_69' title="bbox 2074 1024 3653 1107">
     <span class='ocr_line' id='line_1_70' title="bbox 2074 1024 3653 1107; baseline 0.01 -28"><span class='ocrx_word' id='word_1_545' title='bbox 2074 1024 2248 1079; x_wconf 90' lang='lat' dir='ltr'><strong>carnis</strong></span> <span class='ocrx_word' id='word_1_546' title='bbox 2270 1024 2570 1094; x_wconf 80' lang='lat' dir='ltr'><strong>inﬁrmitas,</strong></span> <span class='ocrx_word' id='word_1_547' title='bbox 2598 1029 2778 1091; x_wconf 81' lang='lat' dir='ltr'><strong>nescio</strong></span> <span class='ocrx_word' id='word_1_548' title='bbox 2804 1030 2949 1107; x_wconf 83' lang='lat' dir='ltr'><strong>quid.</strong></span> <span class='ocrx_word' id='word_1_549' title='bbox 2979 1040 3236 1105; x_wconf 78' lang='lat' dir='ltr'><strong>quantum</strong></span> <span class='ocrx_word' id='word_1_550' title='bbox 3265 1034 3515 1105; x_wconf 83' lang='lat' dir='ltr'><strong>arbitror,</strong></span> <span class='ocrx_word' id='word_1_551' title='bbox 3538 1049 3653 1104; x_wconf 70' lang='lat' dir='ltr'><strong>pa:-</strong></span> 
     </span>
    </p>
   </div>
   <div class='ocr_carea' id='block_1_70' title="bbox 2066 1114 3652 1194">
    <p class='ocr_par' dir='ltr' id='par_1_70' title="bbox 2066 1114 3652 1194">
     <span class='ocr_line' id='line_1_71' title="bbox 2066 1114 3652 1194; baseline 0.008 -23"><span class='ocrx_word' id='word_1_552' title='bbox 2066 1114 2194 1171; x_wconf 86' lang='lat' dir='ltr'><strong>nale</strong></span> <span class='ocrx_word' id='word_1_553' title='bbox 2231 1115 2587 1173; x_wconf 88' lang='lat' dir='ltr'><strong>demonstrat.</strong></span> <span class='ocrx_word' id='word_1_554' title='bbox 2629 1118 2802 1176; x_wconf 84' lang='lat' dir='ltr'><strong>Movet</strong></span> <span class='ocrx_word' id='word_1_555' title='bbox 2830 1120 2992 1190; x_wconf 84' lang='lat' dir='ltr'><strong>enim,</strong></span> <span class='ocrx_word' id='word_1_556' title='bbox 3022 1122 3065 1176; x_wconf 91' lang='lat' dir='ltr'><strong>si</strong></span> <span class='ocrx_word' id='word_1_557' title='bbox 3102 1123 3258 1194; x_wconf 89' lang='lat' dir='ltr'><strong>primi</strong></span> <span class='ocrx_word' id='word_1_558' title='bbox 3294 1124 3367 1178; x_wconf 91' lang='lat' dir='ltr'><strong>illi</strong></span> <span class='ocrx_word' id='word_1_559' title='bbox 3409 1122 3652 1189; x_wconf 56' lang='lat' dir='ltr'><strong>homines</strong></span> 
     </span>
    </p>
   </div>
   <div class='ocr_carea' id='block_1_71' title="bbox 2075 1205 3649 1283">
    <p class='ocr_par' dir='ltr' id='par_1_71' title="bbox 2075 1205 3649 1283">
     <span class='ocr_line' id='line_1_72' title="bbox 2075 1205 3649 1283; baseline 0.006 -24"><span class='ocrx_word' id='word_1_560' title='bbox 2075 1221 2179 1267; x_wconf 88' lang='lat' dir='ltr'><strong>non</strong></span> <span class='ocrx_word' id='word_1_561' title='bbox 2208 1216 2558 1276; x_wconf 90' lang='lat' dir='ltr'><strong>peccassent,</strong></span> <span class='ocrx_word' id='word_1_562' title='bbox 2600 1218 2784 1265; x_wconf 84' lang='lat' dir='ltr'><strong>utrum</strong></span> <span class='ocrx_word' id='word_1_563' title='bbox 2830 1211 2963 1273; x_wconf 81' lang='lat' dir='ltr'><strong>tales</strong></span> <span class='ocrx_word' id='word_1_564' title='bbox 2989 1218 3172 1269; x_wconf 87' lang='lat' dir='ltr'><strong>essent</strong></span> <span class='ocrx_word' id='word_1_565' title='bbox 3208 1205 3609 1271; x_wconf 64' lang='lat' dir='ltr'><strong>ﬁlios‘habituri</strong></span> <span class='ocrx_word' id='word_1_566' title='bbox 3634 1254 3649 1283; x_wconf 90' lang='lat'><strong>,</strong></span> 
     </span>
    </p>
   </div>
   <div class='ocr_carea' id='block_1_72' title="bbox 2072 1294 3647 1372">
    <p class='ocr_par' dir='ltr' id='par_1_72' title="bbox 2072 1294 3647 1372">
     <span class='ocr_line' id='line_1_73' title="bbox 2072 1294 3647 1372; baseline 0.003 -22"><span class='ocrx_word' id='word_1_567' title='bbox 2072 1294 2162 1365; x_wconf 91' lang='lat' dir='ltr'><strong>qui</strong></span> <span class='ocrx_word' id='word_1_568' title='bbox 2190 1310 2288 1351; x_wconf 90' lang='lat' dir='ltr'><strong>nec</strong></span> <span class='ocrx_word' id='word_1_569' title='bbox 2310 1296 2508 1367; x_wconf 87' lang='lat' dir='ltr'><strong>lingua,</strong></span> <span class='ocrx_word' id='word_1_570' title='bbox 2537 1313 2634 1352; x_wconf 91' lang='lat' dir='ltr'><strong>nec</strong></span> <span class='ocrx_word' id='word_1_571' title='bbox 2661 1299 2924 1367; x_wconf 85' lang='lat' dir='ltr'><strong>manibus,</strong></span> <span class='ocrx_word' id='word_1_572' title='bbox 2967 1316 3064 1355; x_wconf 89' lang='lat' dir='ltr'><strong>nec</strong></span> <span class='ocrx_word' id='word_1_573' title='bbox 3100 1301 3326 1372; x_wconf 90' lang='lat' dir='ltr'><strong>pedibus</strong></span> <span class='ocrx_word' id='word_1_574' title='bbox 3350 1310 3647 1359; x_wconf 87' lang='lat' dir='ltr'><strong>uterentur.</strong></span> 
     </span>
    </p>
   </div>
   <div class='ocr_carea' id='block_1_73' title="bbox 2071 1384 3651 1458">
    <p class='ocr_par' dir='ltr' id='par_1_73' title="bbox 2071 1384 3651 1458">
     <span class='ocr_line' id='line_1_74' title="bbox 2071 1384 3651 1458; baseline 0.005 -19"><span class='ocrx_word' id='word_1_575' title='bbox 2071 1384 2203 1440; x_wconf 81' lang='lat' dir='ltr'><strong>Nam</strong></span> <span class='ocrx_word' id='word_1_576' title='bbox 2233 1396 2451 1458; x_wconf 84' lang='lat' dir='ltr'><strong>propter</strong></span> <span class='ocrx_word' id='word_1_577' title='bbox 2470 1388 2605 1444; x_wconf 91' lang='lat' dir='ltr'><strong>uteri</strong></span> <span class='ocrx_word' id='word_1_578' title='bbox 2634 1390 2981 1458; x_wconf 79' lang='lat' dir='ltr'><strong>capacitatem</strong></span> <span class='ocrx_word' id='word_1_579' title='bbox 3008 1391 3233 1447; x_wconf 81' lang='lat' dir='ltr'><strong>fortasse</strong></span> <span class='ocrx_word' id='word_1_580' title='bbox 3254 1406 3472 1448; x_wconf 87' lang='lat' dir='ltr'><strong>necesse</strong></span> <span class='ocrx_word' id='word_1_581' title='bbox 3494 1393 3651 1447; x_wconf 82' lang='lat' dir='ltr'><strong>fuerit</strong></span> 
     </span>
    </p>
   </div>
   <div class='ocr_carea' id='block_1_74' title="bbox 2072 1478 3648 1556">
    <p class='ocr_par' dir='ltr' id='par_1_74' title="bbox 2072 1478 3648 1556">
     <span class='ocr_line' id='line_1_75' title="bbox 2072 1478 3648 1556; baseline 0.005 -25"><span class='ocrx_word' id='word_1_582' title='bbox 2072 1478 2319 1547; x_wconf 86' lang='lat' dir='ltr'><strong>parvulos</strong></span> <span class='ocrx_word' id='word_1_583' title='bbox 2349 1479 2512 1536; x_wconf 89' lang='lat' dir='ltr'><strong>nasci.</strong></span> <span class='ocrx_word' id='word_1_584' title='bbox 2557 1480 2829 1546; x_wconf 80' lang='lat' dir='ltr'><strong>Quamvis,</strong></span> <span class='ocrx_word' id='word_1_585' title='bbox 2875 1497 2995 1537; x_wconf 92' lang='lat' dir='ltr'><strong>cum</strong></span> <span class='ocrx_word' id='word_1_586' title='bbox 3035 1484 3223 1554; x_wconf 84' lang='lat' dir='ltr'><strong>exigua</strong></span> <span class='ocrx_word' id='word_1_587' title='bbox 3253 1485 3323 1539; x_wconf 91' lang='lat' dir='ltr'><strong>sit</strong></span> <span class='ocrx_word' id='word_1_588' title='bbox 3361 1499 3482 1556; x_wconf 89' lang='lat' dir='ltr'><strong>pars</strong></span> <span class='ocrx_word' id='word_1_589' title='bbox 3524 1500 3648 1540; x_wconf 88' lang='lat' dir='ltr'><strong>cor-</strong></span> 
     </span>
    </p>
   </div>
   <div class='ocr_carea' id='block_1_75' title="bbox 2073 1569 3648 1646">
    <p class='ocr_par' dir='ltr' id='par_1_75' title="bbox 2073 1569 3648 1646">
     <span class='ocr_line' id='line_1_76' title="bbox 2073 1569 3648 1646; baseline 0.005 -23"><span class='ocrx_word' id='word_1_590' title='bbox 2073 1569 2217 1637; x_wconf 83' lang='lat' dir='ltr'><strong>poris</strong></span> <span class='ocrx_word' id='word_1_591' title='bbox 2241 1578 2408 1635; x_wconf 90' lang='lat' dir='ltr'><strong>costa,</strong></span> <span class='ocrx_word' id='word_1_592' title='bbox 2440 1584 2547 1625; x_wconf 89' lang='lat' dir='ltr'><strong>non</strong></span> <span class='ocrx_word' id='word_1_593' title='bbox 2576 1578 2751 1626; x_wconf 88' lang='lat' dir='ltr'><strong>tamen</strong></span> <span class='ocrx_word' id='word_1_594' title='bbox 2784 1580 3000 1643; x_wconf 86' lang='lat' dir='ltr'><strong>prepter</strong></span> <span class='ocrx_word' id='word_1_595' title='bbox 3047 1574 3148 1629; x_wconf 88' lang='lat' dir='ltr'><strong>hoc</strong></span> <span class='ocrx_word' id='word_1_596' title='bbox 3193 1575 3333 1631; x_wconf 88' lang='lat' dir='ltr'><strong>Deus</strong></span> <span class='ocrx_word' id='word_1_597' title='bbox 3375 1577 3648 1646; x_wconf 87' lang='lat' dir='ltr'><strong>parvulam</strong></span> 
     </span>
    </p>
   </div>
   <div class='ocr_carea' id='block_1_76' title="bbox 2046 1659 3646 1735">
    <p class='ocr_par' dir='ltr' id='par_1_76' title="bbox 2046 1659 3646 1735">
     <span class='ocr_line' id='line_1_77' title="bbox 2046 1659 3646 1735; baseline 0.006 -20"><span class='ocrx_word' id='word_1_598' title='bbox 2046 1659 2186 1734; x_wconf 86' lang='lat' dir='ltr'><strong>_viro</strong></span> <span class='ocrx_word' id='word_1_599' title='bbox 2222 1660 2499 1731; x_wconf 74' lang='lat' dir='ltr'><strong>coniugem</strong></span> <span class='ocrx_word' id='word_1_600' title='bbox 2546 1661 2704 1729; x_wconf 81' lang='lat' dir='ltr'><strong>fecit,</strong></span> <span class='ocrx_word' id='word_1_601' title='bbox 2744 1679 2900 1735; x_wconf 86' lang='lat' dir='ltr'><strong>quam</strong></span> <span class='ocrx_word' id='word_1_602' title='bbox 2931 1665 3210 1722; x_wconf 79' lang='lat' dir='ltr'><strong>:ndilicavit</strong></span> <span class='ocrx_word' id='word_1_603' title='bbox 3234 1668 3285 1722; x_wconf 91' lang='lat' dir='ltr'><strong>in</strong></span> <span class='ocrx_word' id='word_1_604' title='bbox 3317 1669 3595 1725; x_wconf 88' lang='lat' dir='ltr'><strong>mulierem</strong></span> <span class='ocrx_word' id='word_1_605' title='bbox 3632 1687 3646 1724; x_wconf 89' lang='lat'>:</span> 
     </span>
    </p>
   </div>
   <div class='ocr_carea' id='block_1_77' title="bbox 2072 1747 3646 1825">
    <p class='ocr_par' dir='ltr' id='par_1_77' title="bbox 2072 1747 3646 1825">
     <span class='ocr_line' id='line_1_78' title="bbox 2072 1747 3646 1825; baseline 0.007 -23"><span class='ocrx_word' id='word_1_606' title='bbox 2072 1747 2212 1804; x_wconf 91' lang='lat' dir='ltr'><strong>unde</strong></span> <span class='ocrx_word' id='word_1_607' title='bbox 2231 1757 2285 1804; x_wconf 90' lang='lat' dir='ltr'><strong>et</strong></span> <span class='ocrx_word' id='word_1_608' title='bbox 2303 1750 2418 1819; x_wconf 84' lang='lat' dir='ltr'><strong>ejus</strong></span> <span class='ocrx_word' id='word_1_609' title='bbox 2437 1751 2572 1805; x_wconf 81' lang='lat' dir='ltr'><strong>[llius</strong></span> <span class='ocrx_word' id='word_1_610' title='bbox 2598 1761 2806 1822; x_wconf 87' lang='lat' dir='ltr'><strong>poterat</strong></span> <span class='ocrx_word' id='word_1_611' title='bbox 2826 1754 3206 1825; x_wconf 85' lang='lat' dir='ltr'><strong>omnipotentia</strong></span> <span class='ocrx_word' id='word_1_612' title='bbox 3229 1755 3496 1813; x_wconf 87' lang='lat' dir='ltr'><strong>Creatoris</strong></span> <span class='ocrx_word' id='word_1_613' title='bbox 3519 1772 3646 1813; x_wconf 73' lang='lat' dir='ltr'><strong>mox</strong></span> 
     </span>
    </p>
   </div>
   <div class='ocr_carea' id='block_1_78' title="bbox 2070 1840 2982 1913">
    <p class='ocr_par' dir='ltr' id='par_1_78' title="bbox 2070 1840 2982 1913">
     <span class='ocr_line' id='line_1_79' title="bbox 2070 1840 2982 1913; baseline 0.005 -19"><span class='ocrx_word' id='word_1_614' title='bbox 2070 1840 2243 1899; x_wconf 87' lang='lat' dir='ltr'><strong>editos</strong></span> <span class='ocrx_word' id='word_1_615' title='bbox 2270 1842 2497 1913; x_wconf 73' lang='lat' dir='ltr'><strong>grandes</strong></span> <span class='ocrx_word' id='word_1_616' title='bbox 2521 1845 2763 1913; x_wconf 88' lang='lat' dir='ltr'><strong>protinus</strong></span> <span class='ocrx_word' id='word_1_617' title='bbox 2788 1844 2982 1907; x_wconf 78' lang='lat' dir='ltr'><strong>facere.</strong></span> 
     </span>
    </p>
   </div>
   <div class='ocr_carea' id='block_1_79' title="bbox 2141 1928 3648 2009">
    <p class='ocr_par' dir='ltr' id='par_1_79' title="bbox 2141 1928 3648 2009">
     <span class='ocr_line' id='line_1_80' title="bbox 2141 1928 3648 2009; baseline 0.005 -24"><span class='ocrx_word' id='word_1_618' title='bbox 2141 1928 2365 1988; x_wconf 83' lang='lat' dir='ltr'><strong>CAPUT</strong></span> <span class='ocrx_word' id='word_1_619' title='bbox 2404 1931 2688 1989; x_wconf 75' lang='lat' dir='ltr'><strong>XXXVIII.</strong></span> <span class='ocrx_word' id='word_1_620' title='bbox 2718 1964 2793 1976; x_wconf 89' lang='lat'><strong>—</strong></span> <span class='ocrx_word' id='word_1_621' title='bbox 2819 1935 2908 1992; x_wconf 84' lang='lat'><strong>69.</strong></span> <span class='ocrx_word' id='word_1_622' title='bbox 2953 1935 3252 2009; x_wconf 72' lang='lat' dir='ltr'><strong>Ignorantia</strong></span> <span class='ocrx_word' id='word_1_623' title='bbox 3295 1947 3345 1993; x_wconf 87' lang='lat' dir='ltr'><strong>et</strong></span> <span class='ocrx_word' id='word_1_624' title='bbox 3379 1936 3648 2009; x_wconf 73' lang='lat' dir='ltr'><strong>inﬁrmitas</strong></span> 
     </span>
    </p>
   </div>
   <div class='ocr_carea' id='block_1_80' title="bbox 2070 2021 3648 2103">
    <p class='ocr_par' dir='ltr' id='par_1_80' title="bbox 2070 2021 3648 2103">
     <span class='ocr_line' id='line_1_81' title="bbox 2070 2021 3648 2103; baseline 0.009 -28"><span class='ocrx_word' id='word_1_625' title='bbox 2070 2021 2302 2095; x_wconf 79' lang='lat' dir='ltr'><strong>infantis.</strong></span> <span class='ocrx_word' id='word_1_626' title='bbox 2349 2022 2456 2079; x_wconf 88' lang='lat' dir='ltr'><strong>Sed</strong></span> <span class='ocrx_word' id='word_1_627' title='bbox 2498 2034 2553 2080; x_wconf 92' lang='lat' dir='ltr'><strong>ut</strong></span> <span class='ocrx_word' id='word_1_628' title='bbox 2591 2024 2694 2081; x_wconf 89' lang='lat' dir='ltr'><strong>hoc</strong></span> <span class='ocrx_word' id='word_1_629' title='bbox 2743 2028 3007 2098; x_wconf 85' lang='lat' dir='ltr'><strong>omittam,</strong></span> <span class='ocrx_word' id='word_1_630' title='bbox 3053 2039 3260 2099; x_wconf 84' lang='lat' dir='ltr'><strong>poterat</strong></span> <span class='ocrx_word' id='word_1_631' title='bbox 3298 2039 3465 2098; x_wconf 84' lang='lat' dir='ltr'><strong>certe,</strong></span> <span class='ocrx_word' id='word_1_632' title='bbox 3504 2031 3648 2103; x_wconf 82' lang='lat' dir='ltr'><strong>quod</strong></span> 
     </span>
    </p>
   </div>
   <div class='ocr_carea' id='block_1_81' title="bbox 2072 2113 3651 2193">
    <p class='ocr_par' dir='ltr' id='par_1_81' title="bbox 2072 2113 3651 2193">
     <span class='ocr_line' id='line_1_82' title="bbox 2072 2113 3651 2193; baseline 0.004 -24"><span class='ocrx_word' id='word_1_633' title='bbox 2072 2113 2253 2169; x_wconf 79' lang='lat' dir='ltr'><strong>multis</strong></span> <span class='ocrx_word' id='word_1_634' title='bbox 2272 2114 2432 2168; x_wconf 82' lang='lat' dir='ltr'><strong>etiam</strong></span> <span class='ocrx_word' id='word_1_635' title='bbox 2465 2115 2745 2184; x_wconf 71' lang='lat' dir='ltr'><strong>pecoribus</strong></span> <span class='ocrx_word' id='word_1_636' title='bbox 2769 2118 3035 2186; x_wconf 70' lang='lat' dir='ltr'><strong>prmstitit,</strong></span> <span class='ocrx_word' id='word_1_637' title='bbox 3058 2133 3285 2193; x_wconf 76' lang='lat' dir='ltr'><strong>quorum</strong></span> <span class='ocrx_word' id='word_1_638' title='bbox 3306 2120 3434 2191; x_wconf 89' lang='lat' dir='ltr'><strong>pulli</strong></span> <span class='ocrx_word' id='word_1_639' title='bbox 3461 2135 3651 2191; x_wconf 83' lang='lat' dir='ltr'><strong>quam-</strong></span> 
     </span>
    </p>
   </div>
   <div class='ocr_carea' id='block_1_82' title="bbox 2072 2202 3646 2279">
    <p class='ocr_par' dir='ltr' id='par_1_82' title="bbox 2072 2202 3646 2279">
     <span class='ocr_line' id='line_1_83' title="bbox 2072 2202 3646 2279; baseline 0.004 -22"><span class='ocrx_word' id='word_1_640' title='bbox 2072 2202 2154 2257; x_wconf 87' lang='lat' dir='ltr'><strong>vis</strong></span> <span class='ocrx_word' id='word_1_641' title='bbox 2182 2202 2289 2258; x_wconf 89' lang='lat' dir='ltr'><strong>sint</strong></span> <span class='ocrx_word' id='word_1_642' title='bbox 2333 2204 2564 2274; x_wconf 86' lang='lat' dir='ltr'><strong>parvuli,</strong></span> <span class='ocrx_word' id='word_1_643' title='bbox 2603 2220 2776 2276; x_wconf 89' lang='lat' dir='ltr'><strong>neque</strong></span> <span class='ocrx_word' id='word_1_644' title='bbox 2807 2207 3177 2263; x_wconf 88' lang='lat' dir='ltr'><strong>accedentibus</strong></span> <span class='ocrx_word' id='word_1_645' title='bbox 3201 2210 3441 2279; x_wconf 90' lang='lat' dir='ltr'><strong>corporis</strong></span> <span class='ocrx_word' id='word_1_646' title='bbox 3469 2210 3646 2264; x_wconf 86' lang='lat' dir='ltr'><strong>incre—</strong></span> 
     </span>
    </p>
   </div>
   <div class='ocr_carea' id='block_1_83' title="bbox 2072 2294 3650 2371">
    <p class='ocr_par' dir='ltr' id='par_1_83' title="bbox 2072 2294 3650 2371">
     <span class='ocr_line' id='line_1_84' title="bbox 2072 2294 3650 2371; baseline 0.005 -22"><span class='ocrx_word' id='word_1_647' title='bbox 2072 2295 2267 2349; x_wconf 88' lang='lat' dir='ltr'><strong>mentis</strong></span> <span class='ocrx_word' id='word_1_648' title='bbox 2303 2294 2463 2350; x_wconf 83' lang='lat' dir='ltr'><strong>etiam</strong></span> <span class='ocrx_word' id='word_1_649' title='bbox 2507 2306 2685 2352; x_wconf 89' lang='lat' dir='ltr'><strong>mente</strong></span> <span class='ocrx_word' id='word_1_650' title='bbox 2729 2298 3029 2366; x_wconf 76' lang='lat' dir='ltr'><strong>proficiant,</strong></span> <span class='ocrx_word' id='word_1_651' title='bbox 3062 2303 3311 2371; x_wconf 89' lang='lat' dir='ltr'><strong>quoniam</strong></span> <span class='ocrx_word' id='word_1_652' title='bbox 3338 2302 3650 2358; x_wconf 86' lang='lat' dir='ltr'><strong>rationalem</strong></span> 
     </span>
    </p>
   </div>
   <div class='ocr_carea' id='block_1_84' title="bbox 2071 2386 3653 2461">
    <p class='ocr_par' dir='ltr' id='par_1_84' title="bbox 2071 2386 3653 2461">
     <span class='ocr_line' id='line_1_85' title="bbox 2071 2386 3653 2461; baseline 0.005 -21"><span class='ocrx_word' id='word_1_653' title='bbox 2071 2386 2301 2441; x_wconf 89' lang='lat' dir='ltr'><strong>animam</strong></span> <span class='ocrx_word' id='word_1_654' title='bbox 2329 2403 2433 2441; x_wconf 89' lang='lat' dir='ltr'><strong>non</strong></span> <span class='ocrx_word' id='word_1_655' title='bbox 2465 2387 2682 2456; x_wconf 87' lang='lat' dir='ltr'><strong>habent,</strong></span> <span class='ocrx_word' id='word_1_656' title='bbox 2715 2396 2890 2459; x_wconf 82' lang='lat' dir='ltr'><strong>tamen</strong></span> <span class='ocrx_word' id='word_1_657' title='bbox 2914 2395 3073 2453; x_wconf 84' lang='lat' dir='ltr'><strong>etiam</strong></span> <span class='ocrx_word' id='word_1_658' title='bbox 3096 2392 3433 2455; x_wconf 74' lang='lat' dir='ltr'><strong>minutissimi</strong></span> <span class='ocrx_word' id='word_1_659' title='bbox 3455 2400 3510 2451; x_wconf 85' lang='lat' dir='ltr'><strong>et</strong></span> <span class='ocrx_word' id='word_1_660' title='bbox 3532 2408 3653 2461; x_wconf 86' lang='lat' dir='ltr'><strong>cur-</strong></span> 
     </span>
    </p>
   </div>
   <div class='ocr_carea' id='block_1_85' title="bbox 2073 2482 3653 2553">
    <p class='ocr_par' dir='ltr' id='par_1_85' title="bbox 2073 2482 3653 2553">
     <span class='ocr_line' id='line_1_86' title="bbox 2073 2482 3653 2553; baseline 0.004 -21"><span class='ocrx_word' id='word_1_661' title='bbox 2073 2488 2214 2543; x_wconf 90' lang='lat' dir='ltr'><strong>runt,</strong></span> <span class='ocrx_word' id='word_1_662' title='bbox 2259 2486 2315 2534; x_wconf 89' lang='lat' dir='ltr'><strong>et</strong></span> <span class='ocrx_word' id='word_1_663' title='bbox 2354 2488 2553 2533; x_wconf 90' lang='lat' dir='ltr'><strong>matres</strong></span> <span class='ocrx_word' id='word_1_664' title='bbox 2602 2489 2930 2550; x_wconf 75' lang='lat' dir='ltr'><strong>agnoscunt,</strong></span> <span class='ocrx_word' id='word_1_665' title='bbox 2974 2495 3072 2538; x_wconf 89' lang='lat' dir='ltr'><strong>nec</strong></span> <span class='ocrx_word' id='word_1_666' title='bbox 3110 2482 3360 2553; x_wconf 81' lang='lat' dir='ltr'><strong>sugendis</strong></span> <span class='ocrx_word' id='word_1_667' title='bbox 3402 2484 3653 2539; x_wconf 86' lang='lat' dir='ltr'><strong>uberibus</strong></span> 
     </span>
    </p>
   </div>
   <div class='ocr_carea' id='block_1_86' title="bbox 2072 2567 3652 2644">
    <p class='ocr_par' dir='ltr' id='par_1_86' title="bbox 2072 2567 3652 2644">
     <span class='ocr_line' id='line_1_87' title="bbox 2072 2567 3652 2644; baseline 0.003 -23"><span class='ocrx_word' id='word_1_668' title='bbox 2072 2582 2197 2621; x_wconf 89' lang='lat' dir='ltr'><strong>cura</strong></span> <span class='ocrx_word' id='word_1_669' title='bbox 2224 2574 2278 2622; x_wconf 88' lang='lat' dir='ltr'><strong>et</strong></span> <span class='ocrx_word' id='word_1_670' title='bbox 2303 2582 2405 2637; x_wconf 84' lang='lat' dir='ltr'><strong>ope</strong></span> <span class='ocrx_word' id='word_1_671' title='bbox 2437 2567 2785 2623; x_wconf 88' lang='lat' dir='ltr'><strong>admoventur</strong></span> <span class='ocrx_word' id='word_1_672' title='bbox 2813 2569 3007 2637; x_wconf 88' lang='lat' dir='ltr'><strong>aliena,</strong></span> <span class='ocrx_word' id='word_1_673' title='bbox 3035 2570 3129 2625; x_wconf 88' lang='lat' dir='ltr'><strong>sed</strong></span> <span class='ocrx_word' id='word_1_674' title='bbox 3155 2586 3214 2626; x_wconf 88' lang='lat' dir='ltr'><strong>ea</strong></span> <span class='ocrx_word' id='word_1_675' title='bbox 3247 2573 3342 2644; x_wconf 87' lang='lat' dir='ltr'><strong>ipsi</strong></span> <span class='ocrx_word' id='word_1_676' title='bbox 3372 2573 3422 2626; x_wconf 92' lang='lat' dir='ltr'><strong>iu</strong></span> <span class='ocrx_word' id='word_1_677' title='bbox 3456 2581 3652 2626; x_wconf 83' lang='lat' dir='ltr'><strong>mater-</strong></span> 
     </span>
    </p>
   </div>
   <div class='ocr_carea' id='block_1_87' title="bbox 2073 2657 3653 2728">
    <p class='ocr_par' dir='ltr' id='par_1_87' title="bbox 2073 2657 3653 2728">
     <span class='ocr_line' id='line_1_88' title="bbox 2073 2657 3653 2728; baseline 0.004 -17"><span class='ocrx_word' id='word_1_678' title='bbox 2073 2657 2156 2711; x_wconf 91' lang='lat' dir='ltr'><strong>nis</strong></span> <span class='ocrx_word' id='word_1_679' title='bbox 2181 2658 2492 2727; x_wconf 82' lang='lat' dir='ltr'><strong>corporibus</strong></span> <span class='ocrx_word' id='word_1_680' title='bbox 2539 2658 2659 2713; x_wconf 90' lang='lat' dir='ltr'><strong>loco</strong></span> <span class='ocrx_word' id='word_1_681' title='bbox 2694 2658 2875 2715; x_wconf 89' lang='lat' dir='ltr'><strong>abdito</strong></span> <span class='ocrx_word' id='word_1_682' title='bbox 2923 2662 3087 2728; x_wconf 85' lang='lat' dir='ltr'><strong>posita</strong></span> <span class='ocrx_word' id='word_1_683' title='bbox 3135 2662 3359 2715; x_wconf 82' lang='lat' dir='ltr'><strong>mirabili</strong></span> <span class='ocrx_word' id='word_1_684' title='bbox 3403 2662 3653 2718; x_wconf 76' lang='lat' dir='ltr'><strong>facilitate</strong></span> 
     </span>
    </p>
   </div>
   <div class='ocr_carea' id='block_1_88' title="bbox 2074 2746 3651 2822">
    <p class='ocr_par' dir='ltr' id='par_1_88' title="bbox 2074 2746 3651 2822">
     <span class='ocr_line' id='line_1_89' title="bbox 2074 2746 3651 2822; baseline 0.004 -21"><span class='ocrx_word' id='word_1_685' title='bbox 2074 2757 2352 2803; x_wconf 88' lang='lat' dir='ltr'><strong>noverunt.</strong></span> <span class='ocrx_word' id='word_1_686' title='bbox 2378 2746 2574 2819; x_wconf 83' lang='lat' dir='ltr'><strong>Contra</strong></span> <span class='ocrx_word' id='word_1_687' title='bbox 2599 2746 2803 2804; x_wconf 91' lang='lat' dir='ltr'><strong>homini</strong></span> <span class='ocrx_word' id='word_1_688' title='bbox 2827 2758 2955 2806; x_wconf 89' lang='lat' dir='ltr'><strong>nato</strong></span> <span class='ocrx_word' id='word_1_689' title='bbox 2983 2765 3080 2805; x_wconf 90' lang='lat' dir='ltr'><strong>nec</strong></span> <span class='ocrx_word' id='word_1_690' title='bbox 3103 2750 3168 2806; x_wconf 89' lang='lat' dir='ltr'><strong>ad</strong></span> <span class='ocrx_word' id='word_1_691' title='bbox 3193 2751 3457 2807; x_wconf 88' lang='lat' dir='ltr'><strong>incessum</strong></span> <span class='ocrx_word' id='word_1_692' title='bbox 3490 2751 3651 2822; x_wconf 88' lang='lat' dir='ltr'><strong>pedes</strong></span> 
     </span>
    </p>
   </div>
   <div class='ocr_carea' id='block_1_89' title="bbox 2072 2838 3655 2913">
    <p class='ocr_par' dir='ltr' id='par_1_89' title="bbox 2072 2838 3655 2913">
     <span class='ocr_line' id='line_1_90' title="bbox 2072 2838 3655 2913; baseline 0.004 -20"><span class='ocrx_word' id='word_1_693' title='bbox 2072 2838 2271 2903; x_wconf 90' lang='lat' dir='ltr'><strong>idonei,</strong></span> <span class='ocrx_word' id='word_1_694' title='bbox 2297 2852 2397 2894; x_wconf 89' lang='lat' dir='ltr'><strong>nec</strong></span> <span class='ocrx_word' id='word_1_695' title='bbox 2421 2852 2610 2894; x_wconf 89' lang='lat' dir='ltr'><strong>manus</strong></span> <span class='ocrx_word' id='word_1_696' title='bbox 2638 2839 2824 2896; x_wconf 91' lang='lat' dir='ltr'><strong>saltem</strong></span> <span class='ocrx_word' id='word_1_697' title='bbox 2862 2840 2930 2897; x_wconf 91' lang='lat' dir='ltr'><strong>ad</strong></span> <span class='ocrx_word' id='word_1_698' title='bbox 2971 2841 3313 2913; x_wconf 88' lang='lat' dir='ltr'><strong>scalpendum</strong></span> <span class='ocrx_word' id='word_1_699' title='bbox 3350 2843 3573 2909; x_wconf 85' lang='lat' dir='ltr'><strong>habiles,</strong></span> <span class='ocrx_word' id='word_1_700' title='bbox 3599 2853 3655 2899; x_wconf 87' lang='lat' dir='ltr'><strong>et</strong></span> 
     </span>
    </p>
   </div>
   <div class='ocr_carea' id='block_1_90' title="bbox 2072 2929 3651 3005">
    <p class='ocr_par' dir='ltr' id='par_1_90' title="bbox 2072 2929 3651 3005">
     <span class='ocr_line' id='line_1_91' title="bbox 2072 2929 3651 3005; baseline 0.003 -20"><span class='ocrx_word' id='word_1_701' title='bbox 2072 2929 2185 2985; x_wconf 85' lang='lat' dir='ltr'><strong>nisi</strong></span> <span class='ocrx_word' id='word_1_702' title='bbox 2221 2943 2323 3000; x_wconf 88' lang='lat' dir='ltr'><strong>ope</strong></span> <span class='ocrx_word' id='word_1_703' title='bbox 2367 2931 2647 2987; x_wconf 88' lang='lat' dir='ltr'><strong>nutrientis</strong></span> <span class='ocrx_word' id='word_1_704' title='bbox 2689 2930 2916 2987; x_wconf 81' lang='lat' dir='ltr'><strong>admotis</strong></span> <span class='ocrx_word' id='word_1_705' title='bbox 2954 2932 3115 2989; x_wconf 87' lang='lat' dir='ltr'><strong>labris</strong></span> <span class='ocrx_word' id='word_1_706' title='bbox 3159 2934 3176 2966; x_wconf 76' lang='grc'>⁸</span> <span class='ocrx_word' id='word_1_707' title='bbox 3224 2934 3433 3005; x_wconf 69' lang='lat' dir='ltr'><strong>papilla:</strong></span> <span class='ocrx_word' id='word_1_708' title='bbox 3472 2935 3651 2990; x_wconf 85' lang='lat' dir='ltr'><strong>uberis</strong></span> 
     </span>
    </p>
   </div>
   <div class='ocr_carea' id='block_1_91' title="bbox 2072 3020 3652 3097">
    <p class='ocr_par' dir='ltr' id='par_1_91' title="bbox 2072 3020 3652 3097">
     <span class='ocr_line' id='line_1_92' title="bbox 2072 3020 3652 3097; baseline 0.005 -22"><span class='ocrx_word' id='word_1_709' title='bbox 2072 3020 2400 3091; x_wconf 79' lang='lat' dir='ltr'><strong>ingerantur,</strong></span> <span class='ocrx_word' id='word_1_710' title='bbox 2434 3037 2533 3079; x_wconf 87' lang='lat' dir='ltr'><strong>nec</strong></span> <span class='ocrx_word' id='word_1_711' title='bbox 2557 3024 2647 3095; x_wconf 83' lang='lat' dir='ltr'><strong>ubi</strong></span> <span class='ocrx_word' id='word_1_712' title='bbox 2675 3024 2782 3079; x_wconf 90' lang='lat' dir='ltr'><strong>sint</strong></span> <span class='ocrx_word' id='word_1_713' title='bbox 2805 3025 3074 3091; x_wconf 88' lang='lat' dir='ltr'><strong>sentiunt,</strong></span> <span class='ocrx_word' id='word_1_714' title='bbox 3113 3035 3168 3082; x_wconf 90' lang='lat' dir='ltr'><strong>et</strong></span> <span class='ocrx_word' id='word_1_715' title='bbox 3199 3025 3348 3096; x_wconf 85' lang='lat' dir='ltr'><strong>juxta</strong></span> <span class='ocrx_word' id='word_1_716' title='bbox 3377 3042 3434 3082; x_wconf 89' lang='lat' dir='ltr'><strong>se</strong></span> <span class='ocrx_word' id='word_1_717' title='bbox 3468 3027 3652 3097; x_wconf 86' lang='lat' dir='ltr'><strong>jacen-</strong></span> 
     </span>
    </p>
   </div>
   <div class='ocr_carea' id='block_1_92' title="bbox 2071 3111 3647 3188">
    <p class='ocr_par' dir='ltr' id='par_1_92' title="bbox 2071 3111 3647 3188">
     <span class='ocr_line' id='line_1_93' title="bbox 2071 3111 3647 3188; baseline 0.005 -23"><span class='ocrx_word' id='word_1_718' title='bbox 2071 3111 2214 3166; x_wconf 77' lang='lat' dir='ltr'><strong>tibus</strong></span> <span class='ocrx_word' id='word_1_719' title='bbox 2240 3112 2488 3168; x_wconf 89' lang='lat' dir='ltr'><strong>mammis</strong></span> <span class='ocrx_word' id='word_1_720' title='bbox 2521 3113 2688 3184; x_wconf 89' lang='lat' dir='ltr'><strong>magis</strong></span> <span class='ocrx_word' id='word_1_721' title='bbox 2734 3115 2936 3186; x_wconf 89' lang='lat' dir='ltr'><strong>possint</strong></span> <span class='ocrx_word' id='word_1_722' title='bbox 2973 3116 3271 3171; x_wconf 89' lang='lat' dir='ltr'><strong>esurientes</strong></span> <span class='ocrx_word' id='word_1_723' title='bbox 3311 3116 3462 3185; x_wconf 77' lang='lat' dir='ltr'><strong>ﬂere,</strong></span> <span class='ocrx_word' id='word_1_724' title='bbox 3487 3133 3647 3188; x_wconf 87' lang='lat' dir='ltr'><strong>quam</strong></span> 
     </span>
    </p>
   </div>
   <div class='ocr_carea' id='block_1_93' title="bbox 2070 3204 3649 3282">
    <p class='ocr_par' dir='ltr' id='par_1_93' title="bbox 2070 3204 3649 3282">
     <span class='ocr_line' id='line_1_94' title="bbox 2070 3204 3649 3282; baseline 0.006 -24"><span class='ocrx_word' id='word_1_725' title='bbox 2070 3217 2280 3275; x_wconf 84' lang='lat' dir='ltr'><strong>sugere.</strong></span> <span class='ocrx_word' id='word_1_726' title='bbox 2338 3204 2569 3261; x_wconf 87' lang='lat' dir='ltr'><strong>Proinde</strong></span> <span class='ocrx_word' id='word_1_727' title='bbox 2636 3205 2926 3262; x_wconf 81' lang='lat' dir='ltr'><strong>inﬁrmitati</strong></span> <span class='ocrx_word' id='word_1_728' title='bbox 2977 3207 3173 3263; x_wconf 88' lang='lat' dir='ltr'><strong>mentis</strong></span> <span class='ocrx_word' id='word_1_729' title='bbox 3230 3208 3474 3282; x_wconf 88' lang='lat' dir='ltr'><strong>congruit</strong></span> <span class='ocrx_word' id='word_1_730' title='bbox 3534 3210 3649 3267; x_wconf 75' lang='lat' dir='ltr'><strong>lucc</strong></span> 
     </span>
    </p>
   </div>
   <div class='ocr_carea' id='block_1_94' title="bbox 2072 3292 3654 3371">
    <p class='ocr_par' dir='ltr' id='par_1_94' title="bbox 2072 3292 3654 3371">
     <span class='ocr_line' id='line_1_95' title="bbox 2072 3292 3654 3371; baseline 0.003 -19"><span class='ocrx_word' id='word_1_731' title='bbox 2072 3294 2288 3352; x_wconf 87' lang='lat' dir='ltr'><strong>omnino</strong></span> <span class='ocrx_word' id='word_1_732' title='bbox 2308 3292 2587 3354; x_wconf 81' lang='lat' dir='ltr'><strong>inﬁrmitas</strong></span> <span class='ocrx_word' id='word_1_733' title='bbox 2606 3297 2846 3371; x_wconf 84' lang='lat' dir='ltr'><strong>corporis</strong></span> <span class='ocrx_word' id='word_1_734' title='bbox 2869 3313 2883 3354; x_wconf 90' lang='lat'><strong>:</strong></span> <span class='ocrx_word' id='word_1_735' title='bbox 2906 3309 3005 3357; x_wconf 87' lang='lat' dir='ltr'><strong>nec</strong></span> <span class='ocrx_word' id='word_1_736' title='bbox 3032 3296 3216 3356; x_wconf 81' lang='lat' dir='ltr'><strong>fuisset</strong></span> <span class='ocrx_word' id='word_1_737' title='bbox 3234 3314 3360 3356; x_wconf 85' lang='lat' dir='ltr'><strong>caro</strong></span> <span class='ocrx_word' id='word_1_738' title='bbox 3378 3301 3576 3357; x_wconf 88' lang='lat' dir='ltr'><strong>Christi</strong></span> <span class='ocrx_word' id='word_1_739' title='bbox 3596 3302 3654 3357; x_wconf 86' lang='lat' dir='ltr'><strong>in</strong></span> 
     </span>
    </p>
   </div>
   <div class='ocr_carea' id='block_1_95' title="bbox 2074 3386 3647 3471">
    <p class='ocr_par' dir='ltr' id='par_1_95' title="bbox 2074 3386 3647 3471">
     <span class='ocr_line' id='line_1_96' title="bbox 2074 3386 3647 3471; baseline 0.004 -31"><span class='ocrx_word' id='word_1_740' title='bbox 2074 3386 2420 3459; x_wconf 84' lang='lat' dir='ltr'><strong>similitudine</strong></span> <span class='ocrx_word' id='word_1_741' title='bbox 2439 3389 2615 3444; x_wconf 89' lang='lat' dir='ltr'><strong>carnis</strong></span> <span class='ocrx_word' id='word_1_742' title='bbox 2634 3389 2857 3459; x_wconf 88' lang='lat' dir='ltr'><strong>peccati,</strong></span> <span class='ocrx_word' id='word_1_743' title='bbox 2880 3389 2982 3446; x_wconf 91' lang='lat' dir='ltr'><strong>nisi</strong></span> <span class='ocrx_word' id='word_1_744' title='bbox 3001 3404 3127 3446; x_wconf 87' lang='lat' dir='ltr'><strong>caro</strong></span> <span class='ocrx_word' id='word_1_745' title='bbox 3142 3399 3285 3447; x_wconf 87' lang='lat' dir='ltr'><strong>esset</strong></span> <span class='ocrx_word' id='word_1_746' title='bbox 3306 3391 3405 3447; x_wconf 91' lang='lat' dir='ltr'><strong>ista</strong></span> <span class='ocrx_word' id='word_1_747' title='bbox 3420 3393 3647 3471; x_wconf 80' lang='lat' dir='ltr'><strong>peccati,</strong></span> 
     </span>
    </p>
   </div>
   <div class='ocr_carea' id='block_1_96' title="bbox 2074 3478 3647 3559">
    <p class='ocr_par' dir='ltr' id='par_1_96' title="bbox 2074 3478 3647 3559">
     <span class='ocr_line' id='line_1_97' title="bbox 2074 3478 3647 3559; baseline 0.003 -26"><span class='ocrx_word' id='word_1_748' title='bbox 2074 3478 2230 3549; x_wconf 85' lang='lat' dir='ltr'><strong>cujus</strong></span> <span class='ocrx_word' id='word_1_749' title='bbox 2269 3479 2508 3549; x_wconf 91' lang='lat' dir='ltr'><strong>pondere</strong></span> <span class='ocrx_word' id='word_1_750' title='bbox 2533 3479 2806 3536; x_wconf 85' lang='lat' dir='ltr'><strong>rationalis</strong></span> <span class='ocrx_word' id='word_1_751' title='bbox 2829 3481 3005 3537; x_wconf 89' lang='lat' dir='ltr'><strong>anima</strong></span> <span class='ocrx_word' id='word_1_752' title='bbox 3038 3482 3116 3538; x_wconf 91' lang='lat' dir='ltr'><strong>sic</strong></span> <span class='ocrx_word' id='word_1_753' title='bbox 3142 3492 3428 3559; x_wconf 87' lang='lat' dir='ltr'><strong>gravatur;</strong></span> <span class='ocrx_word' id='word_1_754' title='bbox 3459 3483 3572 3540; x_wconf 83' lang='lat' dir='ltr'><strong>sive</strong></span> <span class='ocrx_word' id='word_1_755' title='bbox 3590 3492 3647 3540; x_wconf 90' lang='lat' dir='ltr'><strong>et</strong></span> 
     </span>
    </p>
   </div>
   <div class='ocr_carea' id='block_1_97' title="bbox 2073 3570 3652 3657">
    <p class='ocr_par' dir='ltr' id='par_1_97' title="bbox 2073 3570 3652 3657">
     <span class='ocr_line' id='line_1_98' title="bbox 2073 3570 3652 3657; baseline 0.006 -35"><span class='ocrx_word' id='word_1_756' title='bbox 2073 3571 2186 3642; x_wconf 86' lang='lat' dir='ltr'><strong>ipsa</strong></span> <span class='ocrx_word' id='word_1_757' title='bbox 2222 3585 2285 3626; x_wconf 80' lang='lat' dir='ltr'><strong>ex</strong></span> <span class='ocrx_word' id='word_1_758' title='bbox 2315 3570 2624 3640; x_wconf 88' lang='lat' dir='ltr'><strong>parentibus</strong></span> <span class='ocrx_word' id='word_1_759' title='bbox 2649 3578 2813 3627; x_wconf 87' lang='lat' dir='ltr'><strong>tracta</strong></span> <span class='ocrx_word' id='word_1_760' title='bbox 2838 3571 2926 3638; x_wconf 91' lang='lat' dir='ltr'><strong>sit,</strong></span> <span class='ocrx_word' id='word_1_761' title='bbox 2948 3572 3062 3628; x_wconf 88' lang='lat' dir='ltr'><strong>sive</strong></span> <span class='ocrx_word' id='word_1_762' title='bbox 3088 3572 3284 3629; x_wconf 88' lang='lat' dir='ltr'><strong>ibidem</strong></span> <span class='ocrx_word' id='word_1_763' title='bbox 3309 3583 3509 3657; x_wconf 55' lang='lat' dir='ltr'><strong>cgeata,</strong></span> <span class='ocrx_word' id='word_1_764' title='bbox 3536 3573 3652 3631; x_wconf 84' lang='lat' dir='ltr'><strong>sive</strong></span> 
     </span>
    </p>
   </div>
   <div class='ocr_carea' id='block_1_98' title="bbox 2071 3660 3431 3735">
    <p class='ocr_par' dir='ltr' id='par_1_98' title="bbox 2071 3660 3431 3735">
     <span class='ocr_line' id='line_1_99' title="bbox 2071 3660 3431 3735; baseline 0 -17"><span class='ocrx_word' id='word_1_765' title='bbox 2071 3660 2303 3733; x_wconf 90' lang='lat' dir='ltr'><strong>desuper</strong></span> <span class='ocrx_word' id='word_1_766' title='bbox 2327 3663 2601 3731; x_wconf 88' lang='lat' dir='ltr'><strong>inspirata,</strong></span> <span class='ocrx_word' id='word_1_767' title='bbox 2630 3662 2772 3735; x_wconf 89' lang='lat' dir='ltr'><strong>quod</strong></span> <span class='ocrx_word' id='word_1_768' title='bbox 2795 3677 2935 3719; x_wconf 88' lang='lat' dir='ltr'><strong>nunc</strong></span> <span class='ocrx_word' id='word_1_769' title='bbox 2955 3678 3197 3735; x_wconf 67' lang='lat' dir='ltr'><strong>quaerere</strong></span> <span class='ocrx_word' id='word_1_770' title='bbox 3222 3663 3431 3720; x_wconf 85' lang='lat' dir='ltr'><strong>dill&#39;cro.</strong></span> 
     </span>
    </p>
   </div>
   <div class='ocr_carea' id='block_1_99' title="bbox 2142 3754 3653 3827">
    <p class='ocr_par' dir='ltr' id='par_1_99' title="bbox 2142 3754 3653 3827">
     <span class='ocr_line' id='line_1_100' title="bbox 2142 3754 3653 3827; baseline 0 -17"><span class='ocrx_word' id='word_1_771' title='bbox 2142 3755 2371 3812; x_wconf 82' lang='lat' dir='ltr'><strong>CAPUT</strong></span> <span class='ocrx_word' id='word_1_772' title='bbox 2406 3754 2650 3812; x_wconf 77' lang='lat' dir='ltr'><strong>XXXIX.</strong></span> <span class='ocrx_word' id='word_1_773' title='bbox 2676 3786 2747 3797; x_wconf 95' lang='lat'>—</span> <span class='ocrx_word' id='word_1_774' title='bbox 2776 3755 2866 3812; x_wconf 84' lang='lat'><strong>70.</strong></span> <span class='ocrx_word' id='word_1_775' title='bbox 2899 3756 3157 3822; x_wconf 81' lang='lat' dir='ltr'><strong>Quatenus</strong></span> <span class='ocrx_word' id='word_1_776' title='bbox 3183 3766 3446 3811; x_wconf 78' lang='lat' dir='ltr'><strong>evacuetur</strong></span> <span class='ocrx_word' id='word_1_777' title='bbox 3474 3772 3653 3827; x_wconf 72' lang='lat' dir='ltr'><strong>pecco-</strong></span> 
     </span>
    </p>
   </div>
   <div class='ocr_carea' id='block_1_100' title="bbox 2074 3844 3647 3917">
    <p class='ocr_par' dir='ltr' id='par_1_100' title="bbox 2074 3844 3647 3917">
     <span class='ocr_line' id='line_1_101' title="bbox 2074 3844 3647 3917; baseline 0.001 -17"><span class='ocrx_word' id='word_1_778' title='bbox 2074 3854 2180 3900; x_wconf 84' lang='lat' dir='ltr'><strong>tum</strong></span> <span class='ocrx_word' id='word_1_779' title='bbox 2216 3861 2307 3916; x_wconf 78' lang='lat' dir='ltr'><strong>per</strong></span> <span class='ocrx_word' id='word_1_780' title='bbox 2334 3844 2647 3917; x_wconf 79' lang='lat' dir='ltr'><strong>Baptismum</strong></span> <span class='ocrx_word' id='word_1_781' title='bbox 2673 3846 2726 3900; x_wconf 87' lang='lat' dir='ltr'><strong>in</strong></span> <span class='ocrx_word' id='word_1_782' title='bbox 2753 3846 2999 3917; x_wconf 77' lang='lat' dir='ltr'><strong>parvulis,</strong></span> <span class='ocrx_word' id='word_1_783' title='bbox 3024 3845 3256 3902; x_wconf 85' lang='lat' dir='ltr'><strong>simililer</strong></span> <span class='ocrx_word' id='word_1_784' title='bbox 3279 3856 3328 3902; x_wconf 85' lang='lat' dir='ltr'><strong>et</strong></span> <span class='ocrx_word' id='word_1_785' title='bbox 3352 3847 3405 3901; x_wconf 90' lang='lat' dir='ltr'><strong>in</strong></span> <span class='ocrx_word' id='word_1_786' title='bbox 3437 3848 3647 3915; x_wconf 80' lang='lat' dir='ltr'><strong>adultis,</strong></span> 
     </span>
    </p>
   </div>
   <div class='ocr_carea' id='block_1_101' title="bbox 2073 3934 3652 4009">
    <p class='ocr_par' dir='ltr' id='par_1_101' title="bbox 2073 3934 3652 4009">
     <span class='ocr_line' id='line_1_102' title="bbox 2073 3934 3652 4009; baseline 0.003 -19"><span class='ocrx_word' id='word_1_787' title='bbox 2073 3945 2120 3990; x_wconf 87' lang='lat' dir='ltr'><strong>et</strong></span> <span class='ocrx_word' id='word_1_788' title='bbox 2147 3934 2271 4005; x_wconf 83' lang='lat' dir='ltr'><strong>quid</strong></span> <span class='ocrx_word' id='word_1_789' title='bbox 2304 3935 2425 3991; x_wconf 72' lang='lat' dir='ltr'><strong>inde</strong></span> <span class='ocrx_word' id='word_1_790' title='bbox 2458 3944 2790 4007; x_wconf 83' lang='lat' dir='ltr'><strong>consequatur</strong></span> <span class='ocrx_word' id='word_1_791' title='bbox 2834 3936 3089 3992; x_wconf 84' lang='lat' dir='ltr'><strong>utilitatis.</strong></span> <span class='ocrx_word' id='word_1_792' title='bbox 3135 3935 3194 3992; x_wconf 86' lang='lat' dir='ltr'><strong>In</strong></span> <span class='ocrx_word' id='word_1_793' title='bbox 3234 3938 3468 4009; x_wconf 84' lang='lat' dir='ltr'><strong>parvulis</strong></span> <span class='ocrx_word' id='word_1_794' title='bbox 3503 3950 3652 3995; x_wconf 87' lang='lat' dir='ltr'><strong>certe</strong></span> 
     </span>
    </p>
   </div>
   <div class='ocr_carea' id='block_1_102' title="bbox 2069 4024 3650 4107">
    <p class='ocr_par' dir='ltr' id='par_1_102' title="bbox 2069 4024 3650 4107">
     <span class='ocr_line' id='line_1_103' title="bbox 2069 4024 3650 4107; baseline 0.005 -29"><span class='ocrx_word' id='word_1_795' title='bbox 2069 4026 2239 4095; x_wconf 86' lang='lat' dir='ltr'><strong>gratia</strong></span> <span class='ocrx_word' id='word_1_796' title='bbox 2271 4024 2385 4093; x_wconf 88' lang='lat' dir='ltr'><strong>Dei,</strong></span> <span class='ocrx_word' id='word_1_797' title='bbox 2413 4040 2511 4097; x_wconf 89' lang='lat' dir='ltr'><strong>per</strong></span> <span class='ocrx_word' id='word_1_798' title='bbox 2535 4025 2859 4096; x_wconf 87' lang='lat' dir='ltr'><strong>Baptismum</strong></span> <span class='ocrx_word' id='word_1_799' title='bbox 2889 4027 3008 4098; x_wconf 71' lang='lat' dir='ltr'><strong>eius</strong></span> <span class='ocrx_word' id='word_1_800' title='bbox 3030 4028 3118 4099; x_wconf 92' lang='lat' dir='ltr'><strong>qui</strong></span> <span class='ocrx_word' id='word_1_801' title='bbox 3155 4029 3300 4084; x_wconf 80' lang='lat' dir='ltr'><strong>venit</strong></span> <span class='ocrx_word' id='word_1_802' title='bbox 3322 4028 3374 4083; x_wconf 92' lang='lat' dir='ltr'><strong>in</strong></span> <span class='ocrx_word' id='word_1_803' title='bbox 3401 4030 3650 4107; x_wconf 81' lang='lat' dir='ltr'><strong>similitu-</strong></span> 
     </span>
    </p>
   </div>
   <div class='ocr_carea' id='block_1_103' title="bbox 2070 4117 3647 4197">
    <p class='ocr_par' dir='ltr' id='par_1_103' title="bbox 2070 4117 3647 4197">
     <span class='ocr_line' id='line_1_104' title="bbox 2070 4117 3647 4197; baseline 0.004 -25"><span class='ocrx_word' id='word_1_804' title='bbox 2070 4117 2197 4172; x_wconf 89' lang='lat' dir='ltr'><strong>dine</strong></span> <span class='ocrx_word' id='word_1_805' title='bbox 2221 4117 2398 4172; x_wconf 87' lang='lat' dir='ltr'><strong>carnis</strong></span> <span class='ocrx_word' id='word_1_806' title='bbox 2422 4118 2642 4188; x_wconf 86' lang='lat' dir='ltr'><strong>peccati,</strong></span> <span class='ocrx_word' id='word_1_807' title='bbox 2680 4118 2730 4173; x_wconf 82' lang='lat' dir='ltr'><strong>id</strong></span> <span class='ocrx_word' id='word_1_808' title='bbox 2755 4119 2953 4197; x_wconf 82' lang='lat' dir='ltr'><strong>agitur,</strong></span> <span class='ocrx_word' id='word_1_809' title='bbox 2975 4128 3035 4175; x_wconf 92' lang='lat' dir='ltr'><strong>ut</strong></span> <span class='ocrx_word' id='word_1_810' title='bbox 3054 4129 3339 4177; x_wconf 87' lang='lat' dir='ltr'><strong>evacuetur</strong></span> <span class='ocrx_word' id='word_1_811' title='bbox 3365 4134 3493 4177; x_wconf 78' lang='lat' dir='ltr'><strong>caro</strong></span> <span class='ocrx_word' id='word_1_812' title='bbox 3517 4136 3647 4193; x_wconf 84' lang='lat' dir='ltr'><strong>pec-</strong></span> 
     </span>
    </p>
   </div>
   <div class='ocr_carea' id='block_1_104' title="bbox 2071 4210 3653 4285">
    <p class='ocr_par' dir='ltr' id='par_1_104' title="bbox 2071 4210 3653 4285">
     <span class='ocr_line' id='line_1_105' title="bbox 2071 4210 3653 4285; baseline 0.004 -20"><span class='ocrx_word' id='word_1_813' title='bbox 2071 4210 2196 4265; x_wconf 88' lang='lat' dir='ltr'><strong>cati.</strong></span> <span class='ocrx_word' id='word_1_814' title='bbox 2240 4210 2543 4266; x_wconf 85' lang='lat' dir='ltr'><strong>Evacuatur</strong></span> <span class='ocrx_word' id='word_1_815' title='bbox 2578 4217 2780 4277; x_wconf 89' lang='lat' dir='ltr'><strong>autem,</strong></span> <span class='ocrx_word' id='word_1_816' title='bbox 2809 4226 2915 4268; x_wconf 90' lang='lat' dir='ltr'><strong>non</strong></span> <span class='ocrx_word' id='word_1_817' title='bbox 2940 4220 3000 4268; x_wconf 86' lang='lat' dir='ltr'><strong>ut</strong></span> <span class='ocrx_word' id='word_1_818' title='bbox 3030 4213 3084 4268; x_wconf 89' lang='lat' dir='ltr'><strong>in</strong></span> <span class='ocrx_word' id='word_1_819' title='bbox 3112 4213 3224 4284; x_wconf 87' lang='lat' dir='ltr'><strong>ipsa</strong></span> <span class='ocrx_word' id='word_1_820' title='bbox 3260 4214 3469 4271; x_wconf 88' lang='lat' dir='ltr'><strong>vivente</strong></span> <span class='ocrx_word' id='word_1_821' title='bbox 3488 4229 3653 4285; x_wconf 79' lang='lat' dir='ltr'><strong>carne</strong></span> 
     </span>
    </p>
   </div>
   <div class='ocr_carea' id='block_1_105' title="bbox 2070 4300 3648 4377">
    <p class='ocr_par' dir='ltr' id='par_1_105' title="bbox 2070 4300 3648 4377">
     <span class='ocr_line' id='line_1_106' title="bbox 2070 4300 3648 4377; baseline 0.003 -21"><span class='ocrx_word' id='word_1_822' title='bbox 2070 4300 2498 4372; x_wconf 85' lang='lat' dir='ltr'><strong>concupiscentia</strong></span> <span class='ocrx_word' id='word_1_823' title='bbox 2524 4316 2814 4373; x_wconf 86' lang='lat' dir='ltr'><strong>conspersa</strong></span> <span class='ocrx_word' id='word_1_824' title='bbox 2846 4304 2901 4360; x_wconf 86' lang='lat' dir='ltr'><strong>et</strong></span> <span class='ocrx_word' id='word_1_825' title='bbox 2933 4303 3108 4377; x_wconf 86' lang='lat' dir='ltr'><strong>innata</strong></span> <span class='ocrx_word' id='word_1_826' title='bbox 3138 4312 3359 4377; x_wconf 82' lang='lat' dir='ltr'><strong>repente</strong></span> <span class='ocrx_word' id='word_1_827' title='bbox 3396 4306 3648 4361; x_wconf 86' lang='lat' dir='ltr'><strong>absuma-</strong></span> 
     </span>
    </p>
   </div>
   <div class='ocr_carea' id='block_1_106' title="bbox 2072 4391 3650 4466">
    <p class='ocr_par' dir='ltr' id='par_1_106' title="bbox 2072 4391 3650 4466">
     <span class='ocr_line' id='line_1_107' title="bbox 2072 4391 3650 4466; baseline 0.003 -19"><span class='ocrx_word' id='word_1_828' title='bbox 2072 4400 2194 4457; x_wconf 90' lang='lat' dir='ltr'><strong>tur,</strong></span> <span class='ocrx_word' id='word_1_829' title='bbox 2224 4400 2279 4447; x_wconf 93' lang='lat' dir='ltr'><strong>et</strong></span> <span class='ocrx_word' id='word_1_830' title='bbox 2314 4406 2419 4446; x_wconf 87' lang='lat' dir='ltr'><strong>non</strong></span> <span class='ocrx_word' id='word_1_831' title='bbox 2449 4391 2553 4458; x_wconf 85' lang='lat' dir='ltr'><strong>sit;</strong></span> <span class='ocrx_word' id='word_1_832' title='bbox 2590 4392 2684 4448; x_wconf 88' lang='lat' dir='ltr'><strong>sed</strong></span> <span class='ocrx_word' id='word_1_833' title='bbox 2728 4407 2799 4449; x_wconf 83' lang='lat' dir='ltr'><strong>ne</strong></span> <span class='ocrx_word' id='word_1_834' title='bbox 2839 4394 2980 4450; x_wconf 88' lang='lat' dir='ltr'><strong>obsit</strong></span> <span class='ocrx_word' id='word_1_835' title='bbox 3025 4403 3272 4461; x_wconf 86' lang='lat' dir='ltr'><strong>mortuo,</strong></span> <span class='ocrx_word' id='word_1_836' title='bbox 3323 4411 3442 4466; x_wconf 71' lang='lat' dir='ltr'><strong>qua:</strong></span> <span class='ocrx_word' id='word_1_837' title='bbox 3476 4396 3650 4452; x_wconf 84' lang='lat' dir='ltr'><strong>inerat</strong></span> 
     </span>
    </p>
   </div>
   <div class='ocr_carea' id='block_1_107' title="bbox 2070 4483 3648 4558">
    <p class='ocr_par' dir='ltr' id='par_1_107' title="bbox 2070 4483 3648 4558">
     <span class='ocr_line' id='line_1_108' title="bbox 2070 4483 3648 4558; baseline 0.002 -19"><span class='ocrx_word' id='word_1_838' title='bbox 2070 4493 2217 4540; x_wconf 84' lang='lat' dir='ltr'><strong>nato.</strong></span> <span class='ocrx_word' id='word_1_839' title='bbox 2247 4483 2377 4539; x_wconf 82' lang='lat' dir='ltr'><strong>Nam</strong></span> <span class='ocrx_word' id='word_1_840' title='bbox 2402 4484 2448 4538; x_wconf 90' lang='lat' dir='ltr'><strong>si</strong></span> <span class='ocrx_word' id='word_1_841' title='bbox 2472 4492 2592 4554; x_wconf 91' lang='lat' dir='ltr'><strong>post</strong></span> <span class='ocrx_word' id='word_1_842' title='bbox 2619 4484 2946 4555; x_wconf 87' lang='lat' dir='ltr'><strong>Baptismum</strong></span> <span class='ocrx_word' id='word_1_843' title='bbox 2979 4486 3207 4555; x_wconf 79' lang='lat' dir='ltr'><strong>vixerit,</strong></span> <span class='ocrx_word' id='word_1_844' title='bbox 3235 4493 3395 4558; x_wconf 88' lang='lat' dir='ltr'><strong>atque</strong></span> <span class='ocrx_word' id='word_1_845' title='bbox 3424 4487 3490 4541; x_wconf 90' lang='lat' dir='ltr'><strong>ad</strong></span> <span class='ocrx_word' id='word_1_846' title='bbox 3513 4498 3648 4542; x_wconf 85' lang='lat' dir='ltr'><strong>a-ta-</strong></span> 
     </span>
    </p>
   </div>
   <div class='ocr_carea' id='block_1_108' title="bbox 2072 4574 3733 4647">
    <p class='ocr_par' dir='ltr' id='par_1_108' title="bbox 2072 4574 3733 4647">
     <span class='ocr_line' id='line_1_109' title="bbox 2072 4574 3733 4647; baseline 0.003 -18"><span class='ocrx_word' id='word_1_847' title='bbox 2072 4581 2179 4629; x_wconf 89' lang='lat' dir='ltr'><strong>tem</strong></span> <span class='ocrx_word' id='word_1_848' title='bbox 2220 4588 2470 4643; x_wconf 82' lang='lat' dir='ltr'><strong>capacem</strong></span> <span class='ocrx_word' id='word_1_849' title='bbox 2511 4574 2761 4645; x_wconf 82' lang='lat' dir='ltr'><strong>praecepti</strong></span> <span class='ocrx_word' id='word_1_850' title='bbox 2796 4575 3076 4646; x_wconf 87' lang='lat' dir='ltr'><strong>pervenire</strong></span> <span class='ocrx_word' id='word_1_851' title='bbox 3113 4577 3364 4647; x_wconf 90' lang='lat' dir='ltr'><strong>potuerit,</strong></span> <span class='ocrx_word' id='word_1_852' title='bbox 3391 4577 3461 4633; x_wconf 89' lang='lat' dir='ltr'><strong>ibi</strong></span> <span class='ocrx_word' id='word_1_853' title='bbox 3485 4577 3646 4634; x_wconf 89' lang='lat' dir='ltr'><strong>habet</strong></span> <span class='ocrx_word' id='word_1_854' title='bbox 3714 4638 3733 4645; x_wconf 81' lang='lat'><strong><em>_</em></strong></span> 
     </span>
    </p>
   </div>
   <div class='ocr_carea' id='block_1_109' title="bbox 2070 4668 3643 4743">
    <p class='ocr_par' dir='ltr' id='par_1_109' title="bbox 2070 4668 3643 4743">
     <span class='ocr_line' id='line_1_110' title="bbox 2070 4668 3643 4743; baseline 0.001 -20"><span class='ocrx_word' id='word_1_855' title='bbox 2070 4681 2190 4723; x_wconf 89' lang='lat' dir='ltr'><strong>cum</strong></span> <span class='ocrx_word' id='word_1_856' title='bbox 2216 4682 2317 4738; x_wconf 91' lang='lat' dir='ltr'><strong>qua</strong></span> <span class='ocrx_word' id='word_1_857' title='bbox 2345 4675 2562 4739; x_wconf 90' lang='lat' dir='ltr'><strong>pugnet,</strong></span> <span class='ocrx_word' id='word_1_858' title='bbox 2598 4682 2822 4739; x_wconf 88' lang='lat' dir='ltr'><strong>eamque</strong></span> <span class='ocrx_word' id='word_1_859' title='bbox 2857 4668 3139 4743; x_wconf 69' lang='lat' dir='ltr'><strong>adiuvante</strong></span> <span class='ocrx_word' id='word_1_860' title='bbox 3171 4668 3281 4725; x_wconf 87' lang='lat' dir='ltr'><strong>Deo</strong></span> <span class='ocrx_word' id='word_1_861' title='bbox 3305 4679 3554 4739; x_wconf 89' lang='lat' dir='ltr'><strong>superet,</strong></span> <span class='ocrx_word' id='word_1_862' title='bbox 3599 4669 3643 4726; x_wconf 88' lang='lat' dir='ltr'><strong>si</strong></span> 
     </span>
    </p>
   </div>
   <div class='ocr_carea' id='block_1_110' title="bbox 2070 4757 3647 4831">
    <p class='ocr_par' dir='ltr' id='par_1_110' title="bbox 2070 4757 3647 4831">
     <span class='ocr_line' id='line_1_111' title="bbox 2070 4757 3647 4831; baseline 0.003 -19"><span class='ocrx_word' id='word_1_863' title='bbox 2070 4771 2177 4812; x_wconf 90' lang='lat' dir='ltr'><strong>non</strong></span> <span class='ocrx_word' id='word_1_864' title='bbox 2204 4758 2257 4812; x_wconf 89' lang='lat' dir='ltr'><strong>in</strong></span> <span class='ocrx_word' id='word_1_865' title='bbox 2284 4771 2508 4813; x_wconf 87' lang='lat' dir='ltr'><strong>vacuum</strong></span> <span class='ocrx_word' id='word_1_866' title='bbox 2536 4757 2761 4828; x_wconf 84' lang='lat' dir='ltr'><strong>gratiam</strong></span> <span class='ocrx_word' id='word_1_867' title='bbox 2787 4758 2902 4828; x_wconf 85' lang='lat' dir='ltr'><strong>ejus</strong></span> <span class='ocrx_word' id='word_1_868' title='bbox 2927 4759 3241 4831; x_wconf 89' lang='lat' dir='ltr'><strong>susceperit,</strong></span> <span class='ocrx_word' id='word_1_869' title='bbox 3265 4759 3310 4814; x_wconf 90' lang='lat' dir='ltr'><strong>si</strong></span> <span class='ocrx_word' id='word_1_870' title='bbox 3331 4759 3647 4829; x_wconf 88' lang='lat' dir='ltr'><strong>reprobatus</strong></span> 
     </span>
    </p>
   </div>
   <div class='ocr_carea' id='block_1_111' title="bbox 2069 4850 3647 4922">
    <p class='ocr_par' dir='ltr' id='par_1_111' title="bbox 2069 4850 3647 4922">
     <span class='ocr_line' id='line_1_112' title="bbox 2069 4850 3647 4922; baseline 0.001 -15"><span class='ocrx_word' id='word_1_871' title='bbox 2069 4865 2191 4907; x_wconf 90' lang='lat' dir='ltr'><strong>esse</strong></span> <span class='ocrx_word' id='word_1_872' title='bbox 2227 4850 2476 4906; x_wconf 89' lang='lat' dir='ltr'><strong>noluerit.</strong></span> <span class='ocrx_word' id='word_1_873' title='bbox 2505 4850 2637 4905; x_wconf 86' lang='lat' dir='ltr'><strong>Nam</strong></span> <span class='ocrx_word' id='word_1_874' title='bbox 2675 4865 2774 4906; x_wconf 92' lang='lat' dir='ltr'><strong>nec</strong></span> <span class='ocrx_word' id='word_1_875' title='bbox 2810 4850 3099 4921; x_wconf 88' lang='lat' dir='ltr'><strong>grandibus</strong></span> <span class='ocrx_word' id='word_1_876' title='bbox 3134 4850 3236 4906; x_wconf 86' lang='lat' dir='ltr'><strong>hoc</strong></span> <span class='ocrx_word' id='word_1_877' title='bbox 3265 4860 3550 4922; x_wconf 55' lang='lat' dir='ltr'><strong>praestatur</strong></span> <span class='ocrx_word' id='word_1_878' title='bbox 3586 4851 3647 4909; x_wconf 85' lang='lat' dir='ltr'><strong>in</strong></span> 
     </span>
    </p>
   </div>
   <div class='ocr_carea' id='block_1_112' title="bbox 2068 4939 3645 5012">
    <p class='ocr_par' dir='ltr' id='par_1_112' title="bbox 2068 4939 3645 5012">
     <span class='ocr_line' id='line_1_113' title="bbox 2068 4939 3645 5012; baseline 0.001 -16"><span class='ocrx_word' id='word_1_879' title='bbox 2068 4940 2360 5010; x_wconf 86' lang='lat' dir='ltr'><strong>Baptismo,</strong></span> <span class='ocrx_word' id='word_1_880' title='bbox 2400 4941 2501 4996; x_wconf 88' lang='lat' dir='ltr'><strong>nisi</strong></span> <span class='ocrx_word' id='word_1_881' title='bbox 2547 4939 2683 4996; x_wconf 81' lang='lat' dir='ltr'><strong>forte</strong></span> <span class='ocrx_word' id='word_1_882' title='bbox 2725 4940 2982 4997; x_wconf 89' lang='lat' dir='ltr'><strong>miraculo</strong></span> <span class='ocrx_word' id='word_1_883' title='bbox 3016 4940 3272 4998; x_wconf 70' lang='lat' dir='ltr'><strong>inelfabili</strong></span> <span class='ocrx_word' id='word_1_884' title='bbox 3305 4943 3645 5012; x_wconf 84' lang='lat' dir='ltr'><strong>omnipoter.-</strong></span> 
     </span>
    </p>
   </div>
   <div class='ocr_carea' id='block_1_113' title="bbox 2070 5030 3662 5105">
    <p class='ocr_par' dir='ltr' id='par_1_113' title="bbox 2070 5030 3662 5105">
     <span class='ocr_line' id='line_1_114' title="bbox 2070 5030 3662 5105; baseline 0.001 -18"><span class='ocrx_word' id='word_1_885' title='bbox 2070 5032 2259 5088; x_wconf 89' lang='lat' dir='ltr'><strong>tissimi</strong></span> <span class='ocrx_word' id='word_1_886' title='bbox 2291 5030 2584 5099; x_wconf 83' lang='lat' dir='ltr'><strong>Creatoris,</strong></span> <span class='ocrx_word' id='word_1_887' title='bbox 2614 5039 2672 5086; x_wconf 93' lang='lat' dir='ltr'><strong>ut</strong></span> <span class='ocrx_word' id='word_1_888' title='bbox 2699 5031 2783 5087; x_wconf 81' lang='lat' dir='ltr'><strong>lex</strong></span> <span class='ocrx_word' id='word_1_889' title='bbox 2813 5032 3050 5102; x_wconf 87' lang='lat' dir='ltr'><strong>peccati,</strong></span> <span class='ocrx_word' id='word_1_890' title='bbox 3074 5048 3193 5105; x_wconf 60' lang='lat' dir='ltr'><strong>quae</strong></span> <span class='ocrx_word' id='word_1_891' title='bbox 3218 5034 3358 5090; x_wconf 88' lang='lat' dir='ltr'><strong>inest</strong></span> <span class='ocrx_word' id='word_1_892' title='bbox 3386 5033 3438 5089; x_wconf 92' lang='lat' dir='ltr'><strong>in</strong></span> <span class='ocrx_word' id='word_1_893' title='bbox 3471 5049 3662 5090; x_wconf 88' lang='lat' dir='ltr'><strong>mem-.</strong></span> 
     </span>
    </p>
   </div>
   <div class='ocr_carea' id='block_1_114' title="bbox 2027 5121 3645 5196">
    <p class='ocr_par' dir='ltr' id='par_1_114' title="bbox 2027 5121 3645 5196">
     <span class='ocr_line' id='line_1_115' title="bbox 2027 5121 3645 5196; baseline 0 -18"><span class='ocrx_word' id='word_1_894' title='bbox 2027 5156 2032 5160; x_wconf 94' lang='lat'><strong><em>-</em></strong></span> <span class='ocrx_word' id='word_1_895' title='bbox 2069 5121 2181 5179; x_wconf 89' lang='lat' dir='ltr'><strong>bris</strong></span> <span class='ocrx_word' id='word_1_896' title='bbox 2208 5136 2507 5195; x_wconf 85' lang='lat' dir='ltr'><strong>repugnans</strong></span> <span class='ocrx_word' id='word_1_897' title='bbox 2538 5123 2640 5193; x_wconf 89' lang='lat' dir='ltr'><strong>legi</strong></span> <span class='ocrx_word' id='word_1_898' title='bbox 2666 5124 2880 5191; x_wconf 88' lang='lat' dir='ltr'><strong>mentis,</strong></span> <span class='ocrx_word' id='word_1_899' title='bbox 2909 5139 3133 5194; x_wconf 87' lang='lat' dir='ltr'><strong>prorsus</strong></span> <span class='ocrx_word' id='word_1_900' title='bbox 3152 5125 3411 5196; x_wconf 67' lang='lat' dir='ltr'><strong>*penitus</strong></span> <span class='ocrx_word' id='word_1_901' title='bbox 3438 5126 3645 5181; x_wconf 73' lang='lat' dir='ltr'><strong>exstin-</strong></span> 
     </span>
    </p>
   </div>
   <div class='ocr_carea' id='block_1_115' title="bbox 2067 5211 3644 5287">
    <p class='ocr_par' dir='ltr' id='par_1_115' title="bbox 2067 5211 3644 5287">
     <span class='ocr_line' id='line_1_116' title="bbox 2067 5211 3644 5287; baseline 0.003 -20"><span class='ocrx_word' id='word_1_902' title='bbox 2067 5220 2278 5283; x_wconf 89' lang='lat' dir='ltr'><strong>guatur,</strong></span> <span class='ocrx_word' id='word_1_903' title='bbox 2311 5220 2365 5268; x_wconf 90' lang='lat' dir='ltr'><strong>et</strong></span> <span class='ocrx_word' id='word_1_904' title='bbox 2404 5227 2513 5267; x_wconf 89' lang='lat' dir='ltr'><strong>non</strong></span> <span class='ocrx_word' id='word_1_905' title='bbox 2536 5211 2648 5268; x_wconf 89' lang='lat' dir='ltr'><strong>sit:</strong></span> <span class='ocrx_word' id='word_1_906' title='bbox 2675 5213 2769 5269; x_wconf 87' lang='lat' dir='ltr'><strong>sed</strong></span> <span class='ocrx_word' id='word_1_907' title='bbox 2798 5222 2855 5270; x_wconf 93' lang='lat' dir='ltr'><strong>ut</strong></span> <span class='ocrx_word' id='word_1_908' title='bbox 2877 5214 3134 5287; x_wconf 82' lang='lat' dir='ltr'><strong>quidquid</strong></span> <span class='ocrx_word' id='word_1_909' title='bbox 3176 5214 3300 5272; x_wconf 89' lang='lat' dir='ltr'><strong>mali</strong></span> <span class='ocrx_word' id='word_1_910' title='bbox 3325 5216 3395 5272; x_wconf 85' lang='lat' dir='ltr'><strong>ab</strong></span> <span class='ocrx_word' id='word_1_911' title='bbox 3431 5217 3644 5272; x_wconf 84' lang='lat' dir='ltr'><strong>homine</strong></span> 
     </span>
    </p>
   </div>
   <div class='ocr_carea' id='block_1_116' title="bbox 2068 5301 3648 5380">
    <p class='ocr_par' dir='ltr' id='par_1_116' title="bbox 2068 5301 3648 5380">
     <span class='ocr_line' id='line_1_117' title="bbox 2068 5301 3648 5380; baseline 0.002 -22"><span class='ocrx_word' id='word_1_912' title='bbox 2068 5302 2287 5370; x_wconf 79' lang='lat' dir='ltr'><strong>factum,</strong></span> <span class='ocrx_word' id='word_1_913' title='bbox 2312 5301 2534 5364; x_wconf 89' lang='lat' dir='ltr'><strong>dictum,</strong></span> <span class='ocrx_word' id='word_1_914' title='bbox 2561 5303 2849 5375; x_wconf 76' lang='lat' dir='ltr'><strong>cogitatum</strong></span> <span class='ocrx_word' id='word_1_915' title='bbox 2874 5316 2985 5372; x_wconf 90' lang='lat' dir='ltr'><strong>est,</strong></span> <span class='ocrx_word' id='word_1_916' title='bbox 3014 5321 3136 5363; x_wconf 90' lang='lat' dir='ltr'><strong>cum</strong></span> <span class='ocrx_word' id='word_1_917' title='bbox 3173 5307 3347 5364; x_wconf 91' lang='lat' dir='ltr'><strong>eidem</strong></span> <span class='ocrx_word' id='word_1_918' title='bbox 3390 5309 3648 5380; x_wconf 85' lang='lat' dir='ltr'><strong>concupi-</strong></span> 
     </span>
    </p>
   </div>
   <div class='ocr_carea' id='block_1_117' title="bbox 2069 5392 3645 5465">
    <p class='ocr_par' dir='ltr' id='par_1_117' title="bbox 2069 5392 3645 5465">
     <span class='ocr_line' id='line_1_118' title="bbox 2069 5392 3645 5465; baseline 0.003 -16"><span class='ocrx_word' id='word_1_919' title='bbox 2069 5392 2286 5449; x_wconf 71' lang='lat' dir='ltr'><strong>scentia:</strong></span> <span class='ocrx_word' id='word_1_920' title='bbox 2312 5392 2549 5463; x_wconf 86' lang='lat' dir='ltr'><strong>subjecta</strong></span> <span class='ocrx_word' id='word_1_921' title='bbox 2575 5404 2752 5449; x_wconf 85' lang='lat' dir='ltr'><strong>mente</strong></span> <span class='ocrx_word' id='word_1_922' title='bbox 2784 5395 3026 5465; x_wconf 87' lang='lat' dir='ltr'><strong>serviret,</strong></span> <span class='ocrx_word' id='word_1_923' title='bbox 3064 5406 3231 5454; x_wconf 89' lang='lat' dir='ltr'><strong>totum</strong></span> <span class='ocrx_word' id='word_1_924' title='bbox 3261 5397 3554 5461; x_wconf 85' lang='lat' dir='ltr'><strong>aboleatur,</strong></span> <span class='ocrx_word' id='word_1_925' title='bbox 3581 5411 3645 5454; x_wconf 84' lang='lat' dir='ltr'><strong>ac</strong></span> 
     </span>
    </p>
   </div>
   <div class='ocr_carea' id='block_1_118' title="bbox 2066 5482 3645 5559">
    <p class='ocr_par' dir='ltr' id='par_1_118' title="bbox 2066 5482 3645 5559">
     <span class='ocr_line' id='line_1_119' title="bbox 2066 5482 3645 5559; baseline 0.003 -22"><span class='ocrx_word' id='word_1_926' title='bbox 2066 5484 2213 5539; x_wconf 85' lang='lat' dir='ltr'><strong>velut</strong></span> <span class='ocrx_word' id='word_1_927' title='bbox 2239 5482 2435 5540; x_wconf 82' lang='lat' dir='ltr'><strong>factum</strong></span> <span class='ocrx_word' id='word_1_928' title='bbox 2457 5497 2564 5539; x_wconf 90' lang='lat' dir='ltr'><strong>non</strong></span> <span class='ocrx_word' id='word_1_929' title='bbox 2610 5483 2788 5551; x_wconf 79' lang='lat' dir='ltr'><strong>fuerit,</strong></span> <span class='ocrx_word' id='word_1_930' title='bbox 2830 5486 3117 5553; x_wconf 54' lang='lat' dir='ltr'><strong>habeatur;</strong></span> <span class='ocrx_word' id='word_1_931' title='bbox 3140 5487 3253 5559; x_wconf 82' lang='lat' dir='ltr'><strong>ipsa</strong></span> <span class='ocrx_word' id='word_1_932' title='bbox 3292 5504 3420 5544; x_wconf 82' lang='lat' dir='ltr'><strong>vero</strong></span> <span class='ocrx_word' id='word_1_933' title='bbox 3467 5487 3645 5544; x_wconf 85' lang='lat' dir='ltr'><strong>soluto</strong></span> 
     </span>
    </p>
   </div>
   <div class='ocr_carea' id='block_1_119' title="bbox 2068 5573 3654 5648">
    <p class='ocr_par' dir='ltr' id='par_1_119' title="bbox 2068 5573 3654 5648">
     <span class='ocr_line' id='line_1_120' title="bbox 2068 5573 3654 5648; baseline 0.003 -18"><span class='ocrx_word' id='word_1_934' title='bbox 2068 5582 2246 5630; x_wconf 88' lang='lat' dir='ltr'><strong>reatus</strong></span> <span class='ocrx_word' id='word_1_935' title='bbox 2270 5573 2500 5641; x_wconf 82' lang='lat' dir='ltr'><strong>vinculo,</strong></span> <span class='ocrx_word' id='word_1_936' title='bbox 2529 5590 2636 5647; x_wconf 88' lang='lat' dir='ltr'><strong>quo</strong></span> <span class='ocrx_word' id='word_1_937' title='bbox 2660 5591 2755 5648; x_wconf 91' lang='lat' dir='ltr'><strong>per</strong></span> <span class='ocrx_word' id='word_1_938' title='bbox 2776 5577 2916 5634; x_wconf 85' lang='lat' dir='ltr'><strong>illam</strong></span> <span class='ocrx_word' id='word_1_939' title='bbox 2937 5586 2958 5609; x_wconf 77' lang='grc'><strong><em>³</em></strong></span> <span class='ocrx_word' id='word_1_940' title='bbox 2974 5576 3222 5637; x_wconf 86' lang='lat' dir='ltr'><strong>diabolus</strong></span> <span class='ocrx_word' id='word_1_941' title='bbox 3241 5580 3471 5637; x_wconf 79' lang='lat' dir='ltr'><strong>animam</strong></span> <span class='ocrx_word' id='word_1_942' title='bbox 3515 5582 3654 5635; x_wconf 83' lang='lat' dir='ltr'><strong>reti—</strong></span> 
     </span>
    </p>
   </div>
   <div class='ocr_carea' id='block_1_120' title="bbox 2133 5683 2951 5744">
    <p class='ocr_par' dir='ltr' id='par_1_120' title="bbox 2133 5683 2951 5744">
     <span class='ocr_line' id='line_1_121' title="bbox 2133 5683 2951 5744; baseline 0.01 -14"><span class='ocrx_word' id='word_1_943' title='bbox 2133 5686 2151 5715; x_wconf 76' lang='grc' dir='ltr'><strong>ι</strong></span> <span class='ocrx_word' id='word_1_944' title='bbox 2186 5683 2399 5734; x_wconf 81' lang='lat' dir='ltr'><strong>Potiores</strong></span> <span class='ocrx_word' id='word_1_945' title='bbox 2415 5691 2542 5744; x_wconf 71' lang='lat' dir='ltr'><strong>Mss,</strong></span> <span class='ocrx_word' id='word_1_946' title='bbox 2564 5683 2769 5737; x_wconf 79' lang='lat' dir='ltr'><strong>immotis</strong></span> <span class='ocrx_word' id='word_1_947' title='bbox 2787 5684 2951 5738; x_wconf 79' lang='lat' dir='ltr'><strong>labris.</strong></span> 
     </span>
    </p>
   </div>
   <div class='ocr_carea' id='block_1_121' title="bbox 2132 5745 3029 5812">
    <p class='ocr_par' dir='ltr' id='par_1_121' title="bbox 2132 5745 3029 5812">
     <span class='ocr_line' id='line_1_122' title="bbox 2132 5745 3029 5812; baseline 0.006 -19"><span class='ocrx_word' id='word_1_948' title='bbox 2132 5746 2156 5812; x_wconf 61' lang='grc' dir='ltr'><strong>ξ</strong></span> <span class='ocrx_word' id='word_1_949' title='bbox 2185 5750 2247 5794; x_wconf 76' lang='lat' dir='ltr'><strong>Ex</strong></span> <span class='ocrx_word' id='word_1_950' title='bbox 2275 5754 2378 5796; x_wconf 73' lang='lat' dir='ltr'><strong>Mss.</strong></span> <span class='ocrx_word' id='word_1_951' title='bbox 2404 5745 2482 5796; x_wconf 89' lang='lat' dir='ltr'><strong>hic</strong></span> <span class='ocrx_word' id='word_1_952' title='bbox 2502 5747 2782 5812; x_wconf 68' lang='lat' dir='ltr'><strong>adiecimus,</strong></span> <span class='ocrx_word' id='word_1_953' title='bbox 2815 5762 3029 5812; x_wconf 81' lang='lat' dir='ltr'><strong>prorsus.</strong></span> 
     </span>
    </p>
   </div>
   <div class='ocr_carea' id='block_1_122' title="bbox 2136 5807 3659 5875">
    <p class='ocr_par' dir='ltr' id='par_1_122' title="bbox 2136 5807 3659 5875">
     <span class='ocr_line' id='line_1_123' title="bbox 2136 5807 3659 5875; baseline 0.009 -23"><span class='ocrx_word' id='word_1_954' title='bbox 2136 5807 2156 5838; x_wconf 80' lang='grc'>³</span> <span class='ocrx_word' id='word_1_955' title='bbox 2191 5815 2293 5857; x_wconf 72' lang='grc' dir='ltr'>Αιιι.</span> <span class='ocrx_word' id='word_1_956' title='bbox 2333 5816 2385 5859; x_wconf 83' lang='lat' dir='ltr'><strong>et</strong></span> <span class='ocrx_word' id='word_1_957' title='bbox 2417 5812 2489 5857; x_wconf 81' lang='lat' dir='ltr'><strong>Er.</strong></span> <span class='ocrx_word' id='word_1_958' title='bbox 2513 5842 2531 5872; x_wconf 86' lang='lat'><strong>,</strong></span> <span class='ocrx_word' id='word_1_959' title='bbox 2560 5807 2661 5875; x_wconf 65' lang='lat' dir='ltr'><strong>quo</strong></span> <span class='ocrx_word' id='word_1_960' title='bbox 2691 5807 2856 5873; x_wconf 72' lang='lat' dir='ltr'><strong>illam;</strong></span> <span class='ocrx_word' id='word_1_961' title='bbox 2893 5813 3098 5874; x_wconf 83' lang='lat' dir='ltr'><strong>omisso,</strong></span> <span class='ocrx_word' id='word_1_962' title='bbox 3137 5824 3243 5875; x_wconf 79' lang='lat' dir='ltr'><strong>per.</strong></span> <span class='ocrx_word' id='word_1_963' title='bbox 3280 5808 3423 5867; x_wconf 65' lang='lat' dir='ltr'><strong>ratio</strong></span> <span class='ocrx_word' id='word_1_964' title='bbox 3450 5816 3559 5875; x_wconf 70' lang='lat' dir='ltr'><strong>post</strong></span> <span class='ocrx_word' id='word_1_965' title='bbox 3600 5812 3659 5865; x_wconf 69' lang='grc' dir='ltr'><strong>ιι</strong></span> 
     </span>
    </p>
   </div>
  </div>
