4164 6540
519 396 612 454 151

516 511 696 573 nebat,
727 516 779 565 et
808 508 1185 565 interclusione
1229 508 1533 570 destructa,
1596 522 1698 575 qua
1752 504 2020 558 hominem
2074 520 2104 557 a

516 617 614 656 suo
659 598 911 656 Creatore
962 600 1273 668 separabat,
1317 607 1529 652 maneat
1577 598 1626 650 in
1661 596 1972 660 certamine,
1996 610 2101 664 quo

515 709 710 763 corpus
757 702 998 749 nostrum
1041 693 1360 762 castigamus
1402 699 1455 746 et
1496 690 1737 744 servituti
1766 687 2102 756 .subjicimus

514 785 571 857 (ι
595 784 714 841 Cor.
743 802 819 851 Ix,
851 785 968 855 27),
993 785 1073 839 vel
1095 784 1162 839 ad
1182 798 1309 838 usus
1329 784 1503 838 licitos
1524 790 1577 836 ct
1605 781 1933 836 necessarios
1961 780 2103 834 rela-

513 877 708 941 xanda,
736 878 823 932 vel
851 876 1177 932 continentia
1207 873 1521 930 cohibenda.
1561 872 1669 927 Sed
1714 872 1964 942 quoniatn
2016 870 2100 925 di-

500 968 637 1022 vino
661 969 881 1038 Spiritu,
922 968 1010 1038 qui
1044 967 1211 1020 multo
1246 965 1438 1019 melius
1463 978 1621 1035 quam
1660 977 1759 1017 nos
1785 962 1962 1016 omnia
2007 977 2101 1030 ge-

513 1059 659 1115 neris
683 1059 898 1113 humani
920 1058 1066 1112 novit
1093 1057 1176 1111 vel
1215 1059 1501 1125 prteterita,
1542 1054 1627 1109 vel
1657 1052 1969 1123 praesentia,
2014 1051 2101 1106 vel

512 1150 707 1216 futura,
741 1152 858 1221 talis
879 1151 982 1203 vita
1018 1150 1251 1202 humana
1282 1147 1601 1217 prmcognita
1632 1155 1790 1215 atque
1845 1143 2099 1213 prtedicta

510 1253 617 1311 est,
639 1252 696 1298 ut
723 1258 830 1298 non
875 1242 1196 1313 iustificetur
1240 1240 1295 1295 in
1339 1249 1631 1311 conspectu
1662 1238 1758 1293 Dei
1803 1235 1980 1292 omnis
2027 1233 2104 1287 vi-

709 1373 869 1433 editis,
898 1378 949 1423 et
986 1371 1113 1436 apud
1142 1378 1273 1434 ιρι,
1308 1366 1418 1436 quae
1452 1368 1692 1421 hominem
1725 1382 1756 1419 a
1784 1381 1872 1420 suo
1904 1374 2101 1420 creato-

570 1469 583 1493 ,
611 1469 708 1485 ιιινο

1139 395 1227 451 DE
1267 392 1721 451 PECCATORUM
1762 390 2038 447 MERITIS
2080 391 2165 446 ET
2208 392 2640 461 REMISSIONE,
2682 394 2737 451 S.
2781 395 3140 452 AUGUSTlNl

3706 398 3802 452 Γ]

2211 520 2339 559 vens
2360 502 2526 575 (Psal.
2551 520 2710 570 CXLII,
2741 505 2821 576 2);
2855 507 2914 561 ﬁt
2943 517 2999 561 ut
3032 524 3124 577 per
3150 508 3498 577 ignorantiam
3542 508 3622 563 vel
3646 508 3798 563 inﬁr-

2211 596 2447 651 mitatem
2473 612 2578 650 non
2601 598 2824 651 exsertis
2842 598 3096 653 adversus
3129 614 3247 653 eam
3285 599 3408 653 totis
3458 599 3661 652 viribus
3690 614 3796 653 vo-

2210 688 2640 753 luntatis,eidem
2668 689 2735 743 ad
2766 690 2946 744 illicita
2985 692 3143 745 etiam
3188 692 3439 745 nonnulla
3493 691 3749 747 cedamus
3775 733 3791 758 ,

2211 788 2357 835 tanto
2388 782 2552 853 magis
2574 790 2627 837 et
2655 766 2898 838 crebrius
2926 792 3123 853 quanto
3148 785 3461 850 deteriores,
3494 793 3642 840 tanto
3686 786 3792 839 mi-

2208 889 2309 927 nus
2329 883 2379 928 et
2405 875 2578 929 rarius
2605 885 2803 944 quanto
2831 877 3080 931 meliores
3131 892 3337 933 sumus.
3388 875 3492 931 Sed
3538 878 3792 946 quoniam

2208 964 2275 1019 de
2297 965 2396 1019 hac
2419 968 2710 1037 quaestione
2741 968 2792 1022 in
2817 984 2919 1038 qua
2950 969 3225 1039 quzeritur,
3268 979 3445 1024 utrum
3488 970 3676 1039 possit,
3710 970 3794 1025 vel

2209 1066 2384 1111 utrum
2412 1059 2498 1123 sit,
2533 1060 2707 1126 fuerit,
2740 1060 3008 1115 futurusve
3032 1061 3099 1114 sit
3128 1061 3289 1116 homo
3331 1062 3447 1116 sine
3476 1070 3696 1131 peccato
3740 1061 3794 1115 in

2207 1147 2306 1201 hac
2323 1149 2448 1214 vita,
2481 1160 2704 1218 excepto
2746 1150 2836 1205 illo
2892 1151 2980 1221 qui
3011 1150 3176 1213 dixit,
3208 1150 3338 1205 Ecce
3378 1151 3509 1206 venit
3558 1151 3795 1222 princeps

2208 1239 2402 1303 mundi,
2432 1250 2477 1294 et
2498 1241 2549 1294 in
2579 1258 2657 1294 me
2670 1241 2810 1294 oniltil
2838 1242 3050 1294 inveniet
3082 1240 3273 1313 (Joan.
3327 1257 3438 1306 xrv,
3486 1242 3555 1297 50
3580 1242 3599 1312 )
3625 1283 3640 1305 ,
3691 1241 3795 1295 ali-

2207 1340 2407 1401 quanto
2432 1331 2738 1402 diligentius
2768 1332 3139 1389 disserendum
3162 1342 3274 1398 est;
3306 1335 3407 1391 iste
3433 1334 3500 1388 sit
3531 1333 3687 1402 hujus
3708 1349 3800 1388 vo-

2207 1421 2421 1476 luminis
2471 1423 2679 1488 modus,
2728 1433 2780 1477 ut
2837 1424 2965 1479 illud
3009 1424 3076 1479 ab
3096 1426 3200 1479 alio
3229 1439 3530 1499 qureratnus
3549 1424 3793 1482 exordio.

1431 1652 1920 1765 LIBER
2005 1650 2185 1757 SE
2199 1655 2291 1756 ο
2306 1606 2843 1760 UND'US.

570 1865 786 1925 Disputat
809 1862 1095 1932 Augustinus
1114 1866 1286 1932 contra
1295 1871 1388 1932 eos
1409 1858 1492 1932 qui
1514 1856 1696 1915 dicunt,
1714 1857 1913 1932 quodin
1928 1857 2018 1932 hac
2035 1858 2133 1932 vita
2152 1858 2266 1930 sint,
2288 1856 2487 1932 fuerint,
2516 1866 2566 1909 et
2587 1858 2734 1932 futuri
2758 1862 2854 1932 sint
2877 1862 3098 1932 homines
3114 1863 3297 1914 nullum
3324 1866 3568 1918 habentes
3598 1870 3798 1920 omnino

512 1919 794 1986 peccatum:
822 1919 917 2032 quia
935 1923 998 1971 de
1018 1936 1075 1971 re
1099 1923 1357 1983 propositis
1375 1919 1581 1982 quatuor
1604 1919 1955 1982 quastionibus
1976 1919 2120 1969 docet
2145 1922 2314 1980 primo,
2341 1920 2585 1971 hominem
2608 1922 2657 1970 in
2682 1922 2772 1972 hac
2798 1926 2891 1972 vita
2929 1925 3037 1973 sine
3063 1934 3260 1986 peccato
3293 1940 3404 1977 esse
3430 1943 3573 1990 posse
3600 1943 3686 1990 per
3709 1919 3797 1980 Dei

512 1994 713 2033 matiam
739 1992 790 2033 et
813 1983 841 2033 li
863 1997 1020 2033 terum
1044 1983 1195 2033 iusius
1232 1983 1502 2031 arbitrium.
1524 1989 1692 2030 Postea
1717 1982 1885 2033 tq'obat
1903 1994 1997 2029 non
2019 1994 2131 2030 esse
2150 1987 2307 2030 tamen
2331 1993 2625 2033 quemquam
2648 1985 2695 2033 in
2719 1985 2807 2033 hac
2825 1986 2919 2033 vita
2942 1988 3207 2033 degentem
3223 1990 3330 2033 sine
3350 1988 3448 2033 ulla
3472 2004 3667 2033 nmrsns
3684 2004 3797 2033 tum.

511 1994 713 2049 gratiam
739 1992 790 2049 et

511 2047 635 2096 cato.
662 2048 836 2105 't‘ertlo,
862 2047 973 2095 ideo
995 2057 1090 2094 non
1116 2058 1225 2094 esse

510 2180 572 2220 ab
594 2172 722 2221 omni
746 2177 941 2232 peccato
954 2169 1235 2219 immunem.

863 1997 1020 2053 perum
1044 1982 1195 2045 ipSius
1232 1983 1502 2053 arbitrium.
1524 1989 1692 2053 Postea
1717 1982 1885 2053 [febat
1903 1994 1997 2029 non
2019 1994 2131 2053 esse
2150 1987 2307 2053 tamen
2331 1985 2695 2053 quemquam__in
2715 1985 2807 2053 hac
2825 1982 3330 2053 vitadegentemsine
3350 1982 3448 2039 ullo
3472 1982 3667 2053 prorsus
3684 2004 3798 2052 ιιθς.

1230 2080 1243 2103 ,
1268 2045 1379 2154 (plna
1402 2057 1549 2093 nemo
1572 2050 1649 2091 est
1671 2043 1753 2105 qui
1786 2049 1969 2092 tantum
1992 2042 2380 2113 velit,'quantnm
2396 2056 2487 2115 res
2501 2042 2676 2154 exigit,
2695 2046 2810 2093 dum
2828 2044 2904 2092 vel
2926 2042 3045 2095 late't
3064 2050 3189 2110 quod
3203 2050 3385 2111 justum
3409 2042 3504 2108 esi,
3530 2052 3609 2100 vel
3630 2042 3797 2102 facere

1230 2119 1291 2154 nu
1332 2119 1413 2154 um
1435 2117 1652 2154 prorsus.
1677 2110 1887 2154 excepto
1908 2117 2006 2153 uno
2027 2104 2285 2154 Medtatore
2301 2106 2504 2154 Christo.
2528 2118 2587 2154 ve
2629 2119 2761 2154 esse.
2786 2106 2865 2154 vel
2886 2106 3057 2154 fu'mse.
3076 2109 3154 2154 vel
3179 2110 3392 2154 futurum
3415 2126 3528 2154 mea
3550 2112 3797 2154 Immian

512 2122 608 2159 non
630 2104 857 2158 delectat.
882 2114 1056 2165 Quarto
1078 2105 1202 2164 loco,
1226 2104 1413 2155 nullum
1435 2117 1652 2168 prorsus,
1677 2110 1887 2165 excepto
1908 2117 2006 2153 uno
2027 2104 2285 2155 Mediatore
2301 2106 2504 2166 Christo,
2528 2118 2587 2155 ve

2629 2119 2761 2167 esse,
2786 2106 2865 2157 vel
2886 2106 3057 2169 fu'Lsse,
3076 2106 3154 2159 vel
3179 2106 3392 2161 futurum
3415 2106 3528 2163 esSe
3550 2112 3799 2165 hominem

1857 2297 2328 2351 ἤθε’.-

584 2433 810 2492 CAPUT
856 2433 1135 2491 PRIMUM.
1164 2463 1239 2476 —
1265 2434 1315 2489 l.
1346 2431 1483 2500 Quid
1526 2413 1765 2486 ltactenus
1791 2441 2049 2501 peractum
2079 2474 2094 2497 ,

515 2529 696 2599 quidve
724 2528 817 2582 hoc
847 2528 973 2582 libro
1002 2526 1343 2581 tractandum.
1393 2526 1471 2581 De
1525 2525 1798 2595 Baptismo
1847 2523 2098 2595 parvulo-

516 2636 656 2683 rum,
685 2618 988 2674 Marcelline
1016 2618 1352 2683 charissima,
1388 2614 1532 2687 quod
1557 2631 1664 2670 non
1688 2616 1863 2671 solum
1908 2617 1986 2671 eis
2033 2615 2101 2671 ad

517 2726 739 2779 regnum
772 2710 885 2773 Dei,
910 2724 1093 2764 verum
1120 2707 1359 2764 etiamad
1386 2706 1612 2763 salutem
1640 2708 1910 2777 vitamque
1938 2717 2102 2763 aeter-

521 2817 643 2856 nam
670 2800 1066 2872 adipiscendam
1102 2800 1291 2865 detur,
1317 2813 1477 2871 quam
1507 2798 1625 2854 sine
1666 2798 1759 2853 Dei
1791 2813 1959 2870 regno
1982 2839 1997 2864 ,
2049 2808 2106 2854 et

518 2893 636 2948 sine
664 2891 859 2948 Christi
875 2892 1156 2948 salvatoris
1190 2891 1446 2947 societate
1475 2932 1491 2959 ,
1548 2890 1601 2945 in
1650 2906 1809 2961 quam
1851 2906 1950 2947 nos
2006 2907 2105 2946 suo

519 2986 777 3055 sanguine
807 2984 1052 3052 redemit,
1085 2983 1281 3039 habere
1324 2984 1502 3039 nullus
1531 2992 1726 3054 potest,
1760 2985 1937 3054 priore
1965 2985 2104 3039 libro

519 3075 668 3140 satis,
703 3083 759 3128 ut
810 3075 1058 3141 arbitror,
1090 3074 1497 3145 disputavimus.
1546 3073 1605 3129 In
1656 3075 1757 3129 hoc
1792 3082 1991 3140 autem,
2022 3075 2106 3130 vi-

520 3175 679 3221 vatne
695 3166 887 3236 aliquis
915 3165 969 3220 in
988 3166 1090 3221 hoc
1118 3166 1336 3232 swculo,
1361 3165 1446 3220 vel
1472 3165 1686 3230 vixerit,
1710 3165 2011 3220 victurusve
2034 3166 2107 3221 sit

520 3257 637 3314 sine
663 3256 770 3310 ullo
798 3256 1015 3311 omnino
1072 3263 1291 3327 peccato
1318 3297 1333 3320 ,
1386 3262 1610 3325 excepto
1657 3270 1763 3309 uno
1816 3254 2109 3310 Mediatore

523 3346 618 3404 Dei
644 3355 698 3401 et
725 3345 996 3401 hominum
1030 3345 1245 3401 homine
1274 3344 1487 3400 Christo
1510 3345 1658 3412 Jesu,
1688 3344 1781 3414 qui
1831 3344 1981 3399 dedit
2022 3358 2110 3400 se-

521 3438 809 3510 metipsum
827 3436 1245 3507 redemptionem
1288 3450 1383 3506 pro
1407 3435 1654 3490 omnibus
1702 3432 1765 3509 (l
1796 3434 1926 3488 Tim.
1961 3450 2020 3502 ιι,
2053 3434 2107 3498 5,

524 3529 593 3601 6)
614 3570 630 3596 ,
661 3536 855 3600 quanta
886 3529 999 3598 ipse
1017 3528 1181 3585 donat
1206 3527 1477 3599 diligentia
1508 3527 1591 3582 vel
1612 3525 1866 3582 facultate
1887 3568 1903 3593 ,
1932 3526 2109 3582 disse-

521 3622 747 3678 rendum
786 3613 1244 3692 tnodandumque
1271 3620 1484 3691 suscepi
1509 3638 1523 3674 :
1548 3621 1636 3675 cui
1664 3618 2014 3690 disputationi
2063 3619 2111 3673 si

522 3728 583 3767 se
605 3711 891 3768 identidem
920 3712 1096 3781 aliqua
1119 3712 1438 3767 necessitate
1486 3711 1569 3766 vel
1600 3711 2002 3780 Opportunitate
2030 3709 2114 3764 in-

525 3804 755 3858 seruerit
792 3802 1016 3872 qutestio
1041 3802 1108 3858 de
1138 3802 1408 3870 Baptismo
1453 3802 1536 3855 vel
1577 3810 1802 3872 peccato
1852 3801 2103 3871 parvulo-

528 3909 667 3962 rum,
696 3892 994 3948 mirandum
1016 3908 1125 3951 non
1158 3893 1282 3958 erit,
1311 3908 1411 3948 nec
1437 3891 1818 3963 defugiendum
1841 3902 1900 3948 ut
1928 3894 2007 3949 eis
2028 3893 2113 3949 lo-

524 3983 605 4037 cis
632 3982 699 4037 ad
728 3983 904 4038 omnia
929 3999 1048 4054 quae
1087 3984 1492 4054 rcSponsionem
1542 3991 1780 4040 nostram
1833 3982 2111 4055 ﬂagitant,

529 4073 667 4129 sicut
692 4073 932 4130 valemus
959 4074 1402 4143 respondeamus.

598 4163 822 4221 CAPUT
847 4163 908 4219 ll.
938 4194 1007 4205 --
1028 4164 1081 4219 2.
1114 4163 1293 4220 Libero
1304 4164 1512 4220 arbitrio
1540 4165 1745 4236 quidam
1773 4165 1986 4221 nimium
2012 4167 2105 4221 tri-

528 4256 703 4311 buunt.
737 4256 1036 4326 Ignorantia
1064 4266 1109 4312 et
1138 4258 1428 4327 inﬁrmitas.
1460 4258 1630 4328 Hujus
1658 4268 1832 4313 autem
1867 4258 2117 4328 quaestio-

530 4350 614 4403 nis
642 4347 838 4404 solutio
864 4348 933 4405 de
962 4347 1192 4404 hominis
1231 4351 1338 4406 vita
1367 4350 1483 4404 sine
1519 4349 1627 4406 ulla
1662 4350 2003 4420 subreptionc
2032 4349 2116 4405 vel

527 4439 990 4511 praeoccupatione
1027 4440 1269 4511 peccati,
1314 4448 1532 4510 propter
1575 4439 1926 4510 quotidianus.
1955 4440 2117 4495 etiam

528 4542 740 4585 nostras
777 4531 1048 4586 orationes
1092 4532 1320 4587 maxime
1349 4532 1651 4587 necessaria
1677 4540 1779 4588 est.
1811 4531 1947 4589 Sunt
1974 4533 2116 4587 enim

528 4619 744 4693 quidam
784 4629 986 4676 tantum
1017 4629 1402 4691 prmsumentes
1441 4620 1510 4676 de
1548 4620 1719 4676 libero
1752 4620 1997 4677 humana:
2026 4637 2121 4676 vo-

530 4711 749 4768 luntatis
789 4712 1043 4779 arbitrio,
1084 4721 1142 4767 ut
1183 4710 1250 4767 ad
1291 4726 1396 4767 non
1450 4711 1779 4782 peccandum
1826 4727 1926 4767 nec
1968 4712 2121 4781 adju-

528 4805 733 4862 vandos
780 4821 881 4863 nos
926 4805 1179 4862 divinitus
1218 4805 1538 4875 opinentur,
1581 4804 1747 4859 semel
1789 4805 1884 4872 ipsi
1917 4814 2119 4860 natura:

530 4904 730 4951 nostra}
771 4911 1028 4952 concesso
1067 4896 1247 4951 libera:
1291 4893 1580 4950 voluntatis
1609 4894 1847 4950 arbitrio.
1883 4895 2033 4951 Unde
2064 4896 2121 4950 lit

533 5003 866 5058 consequens
909 4996 966 5042 ut
1006 5004 1106 5044 nec
1147 5003 1304 5043 orare
1345 4988 1636 5043 debeamus
1675 5002 1744 5041 ne
1778 4987 2035 5040 intremus
2065 4987 2119 5041 in

533 5081 915 5146 tentationem,
944 5079 1046 5135 hoc
1098 5089 1199 5144 est,
1255 5096 1321 5135 ne
1364 5079 1655 5135 tentatione
1685 5077 1995 5143 vincamur,
2033 5077 2121 5133 vel

530 5188 652 5225 cum
679 5170 813 5224 fallit
840 5179 894 5225 et
922 5178 1254 5240 prmoccupat
1293 5171 1626 5237 nescientes,
1652 5170 1735 5224 vel
1769 5184 1888 5224 cum
1931 5169 2123 5239 premit

531 5271 692 5331 atque
733 5271 883 5331 urget
924 5259 1183 5314 infirmos.
1230 5259 1398 5326 Quam
1446 5258 1514 5313 sit
1551 5269 1728 5314 autem
1773 5258 2018 5322 noxium,
2067 5267 2122 5312 et

533 5352 689 5408 saluti
720 5362 946 5417 nostrae,
989 5367 1108 5421 quae
1152 5351 1202 5403 in
1250 5349 1463 5404 Christo
1509 5359 1619 5415 est,
1654 5349 2006 5419 perniciosum
2037 5358 2120 5403 at-

531 5459 636 5515 que
663 5442 988 5499 contrarium
1010 5483 1027 5509 ,
1058 5442 1264 5511 ipsique
1303 5441 1543 5511 religioni
1570 5456 1672 5511 qua
1703 5441 1886 5495 imbuti
1916 5455 2119 5506 sumus,

531 5544 588 5591 et
637 5534 819 5605 pietati
875 5548 975 5605 qua
1033 5533 1197 5588 Deum
1250 5532 1510 5596 colimus,
1565 5546 1722 5602 quam
1776 5530 2124 5586 vehementer

533 5627 835 5691 adversum,
867 5636 924 5680 ut
955 5640 1051 5695 pro
1091 5626 1179 5679 tali
1209 5623 1519 5693 accipiendo
1556 5622 1813 5677 benelicio
1840 5623 2122 5677 Dominum

533 5733 640 5773 non
665 5731 950 5788 rogemus,
989 5725 1148 5787 atque
1190 5716 1244 5770 in
1288 5717 1398 5784 ipsa
1441 5715 1683 5770 oratione
1709 5706 2007 5781 dominica,
2045 5714 2126 5770 Ne

536 5826 627 5870 nos
652 5810 841 5884 inferae
868 5812 920 5868 in
946 5810 1264 5871 tentationem
1296 5809 1516 5885 (Matth.
1543 5824 1616 5878 Vl,
1650 5806 1774 5883 l5),
1806 5807 1995 5865 frustra
2026 5825 2122 5885 po-

2207 2435 2365 2488 situm
2404 2436 2802 2507 existimemus,
2844 2442 3020 2499 verbis
3056 2444 3322 2514 explicare
3355 2460 3459 2501 non
3490 2461 3797 2516 possumus.

2281 2525 2505 2583 CAPUT
2527 2530 2613 2585 ΙΙΙ.
2628 2534 2760 2587 -5.
2783 2533 3046 2598 Quomodo
3063 2534 3201 2591 Deus
3217 2538 3344 2593 nihil
3360 2540 3587 2610 prtecipit
3610 2557 3803 2608 impos-

2209 2617 2368 2672 sibile.
2391 2617 2558 2689 Opera
2575 2623 2933 2681 misericordia:
2947 2629 3168 2707 remedia
3183 2640 3300 2684 sunt
3324 2631 3391 2684 ad
3406 2630 3578 2685 abole:.
3591 2633 3659 2685 da
3678 2650 3802 2703 pec-

2209 2716 2340 2760 cata.
2368 2711 2537 2765 Acute
2557 2722 2734 2767 autem
2761 2715 2862 2770 sibi
2889 2717 3135 2772 videntur
3159 2717 3358 2785 dicere,
3381 2723 3532 2790 quasi
3554 2732 3800 2779 nostrum

2210 2795 2314 2853 hoc
2339 2799 2475 2854 ullus
2503 2801 2729 2871 ignoret,
2758 2806 2899 2874 quod
2921 2825 2940 2859 ι
2970 2809 3015 2863 si
3043 2808 3312 2878 nolumus,
3351 2827 3455 2865 non
3486 2828 3802 2882 peccamus;

2217 2906 2238 2941 ι
2278 2906 2375 2945 nec
2398 2893 2710 2963 przeeiperet
2740 2896 2879 2952 Deus
2918 2897 3158 2968 homini,
3187 2901 3328 2971 quod
3366 2913 3509 2957 esset
3536 2907 3804 2960 .bumana:

2218 2997 2238 3031 ι
2277 2980 2606 3050 impossibile
2627 2988 2901 3042 voluntati.
2925 3009 2942 3041 ι
2970 2989 3075 3046 Sed
3100 2990 3204 3046 hoc
3224 3008 3328 3046 non
3353 2993 3552 3059 vident,
3570 2994 3711 3063 quod
3736 2994 3804 3050 ad

2215 3067 2465 3121 nonnulla
2495 3070 2827 3140 superanda,
2860 3074 2944 3127 vel
2991 3090 3109 3143 qua:
3156 3076 3293 3132 male
3334 3079 3624 3147 cupiuntur
3651 3120 3667 3146 ,
3716 3080 3804 3135 vel

2215 3171 2332 3226 qua:
2362 3158 2499 3213 male
2517 3169 2844 3227 metuuntur,
2869 3166 3075 3236 magnis
3094 3167 3385 3237 aliquando
3435 3177 3489 3223 et
3520 3171 3643 3225 totis
3672 3171 3806 3225 viri-

2219 3246 2315 3301 bus
2343 3263 2476 3318 opus
2501 3260 2585 3305 est
2609 3252 2911 3319 voluntatis,
2944 3271 3076 3326 quas
3106 3273 3202 3311 nos
3220 3274 3324 3312 non
3350 3257 3583 3328 perfecte
3613 3261 3665 3314 in
3687 3276 3808 3314 om-

2218 3338 2374 3393 nibus
2400 3339 2731 3398 adhibituros
2767 3347 3028 3413 prrevidit,
3056 3348 3145 3418 qui
3179 3364 3272 3417 per
3299 3352 3608 3419 prepbetam
3658 3351 3807 3405 veri-

2216 3427 2335 3484 dice
2382 3429 2487 3486 dici
2535 3432 2720 3500 voluit,
2757 3433 2878 3489 Non
2899 3437 3265 3508 justiﬁcabitur
3305 3441 3358 3493 in
3396 3450 3667 3510 conspectu
3717 3452 3815 3497 tuo

2217 3523 2381 3576 omnis
2405 3523 2570 3580 vivens
2597 3524 2775 3599 (Psal.
2794 3544 2955 3595 CXLI],
2976 3528 3057 3600 2).
3090 3530 3246 3586 Tales
3268 3531 3444 3601 itaque
3473 3548 3571 3588 nos
3598 3531 3808 3588 futuros

2218 3611 2476 3670 Dominus
2506 3615 2802 3685 prtevidens
2822 3658 2838 3684 ,
2870 3620 3111 3689 quaedam
3138 3621 3369 3676 salubria
3409 3621 3643 3677 remedia
3669 3638 3803 3677 con-

2222 3714 2301 3760 tra
2330 3715 2536 3761 reatum
2566 3717 2622 3763 et
2650 3709 2855 3764 vincula
2888 3720 3226 3781 peccatorum
3267 3714 3427 3769 etiam
3454 3724 3574 3786 post
3621 3715 3807 3784 Bapti-

2223 3808 2397 3849 smum
2422 3795 2552 3851 dare
2574 3812 2635 3853 ac
2660 3799 2837 3854 valere
2864 3799 3112 3871 dignatus
3139 3811 3241 3870 est,
3264 3819 3427 3874 opera
3469 3805 3676 3860 scilicet
3704 3805 3812 3861 mi-

2223 3889 2547 3958 sericordia‘,
2574 3906 2693 3946 cum
2724 3894 2816 3958 ait,
2842 3892 3111 3962 Dimittite,
3142 3905 3191 3949 et
3216 3897 3491 3952 dimittetur
3521 3898 3682 3960 vobis;
3709 3898 3810 3951 da-

2222 3987 2289 4046 te,
2312 3989 2357 4034 et
2381 3981 2582 4035 dabitur
2600 3983 2735 4038 vobis
2766 3983 2927 4057 (Luc.
2947 4002 3020 4051 vr,
3047 3986 3136 4054 37,
3168 3986 3294 4058 58).
3337 3987 3470 4056 Quis
3511 3989 3654 4042 enim
3683 4004 3809 4045 cum

2222 4071 2396 4142 aliqua
2424 4088 2520 4142 spe
2548 4074 2908 4144 adipiscenda:
2951 4078 3137 4132 salutis
3170 4087 3386 4133 arterna:
3428 4078 3496 4135 de
3552 4078 3654 4134 hac
3699 4080 3808 4134 vita

2223 4164 2527 4233 emigraret,
2560 4176 2809 4221 manente
2831 4168 2919 4222 illa
2952 4169 3214 4223 sententia
3243 4211 3258 4235 ,
3317 4171 3458 4240 quod
3503 4172 3810 4242 quicumque

2224 4257 2559 4329 totamlegem
2596 4260 2882 4326 servaverit,
2910 4258 3136 4327 oll'endat
3178 4270 3347 4316 autent
3388 4278 3442 4316 ιιι
3477 4278 3612 4329 uno,
3640 4261 3809 4331 factus

2221 4356 2293 4401 est
2322 4350 2545 4402 omnium
2573 4365 2723 4412 reus;
2752 4349 2852 4404 nisi
2884 4360 3002 4420 post
3023 4351 3296 4422 paululum
3326 4362 3642 4421 sequeretur
3664 4392 3680 4417 ,
3712 4352 3811 4407 Si:

2223 4439 2506 4510 loquimini,
2539 4452 2586 4495 et
2607 4442 2681 4496 sic
2706 4442 2876 4511 facile,
2909 4449 3148 4511 tanquam
3177 4459 3265 4513 per
3285 4443 3446 4526 leg‘m
3474 4442 3809 4497 libertatisin-

2222 4532 2717 4600 capientesjudicari.
2747 4531 3010 4585 Iudicium
3044 4532 3176 4585 enim
3201 4532 3310 4587 sine
3335 4532 3682 4588 misericordia
3727 4533 3809 4586 illi

2223 4621 2308 4690 qui
2325 4637 2425 4674 non
2446 4622 2568 4692 facit
2595 4622 3008 4676 misericordiam.
3047 4622 3404 4693 Superexaltat
3450 4635 3620 4679 autem
3653 4625 3810 4678 mise-

2222 4711 2652 4781 ricordiajudicio
2673 4710 2890 4782 (Jacobi
2920 4729 2977 4779 ll,
3010 4713 3098 4775 10,
3125 4715 3209 4778 12,
3241 4713 3367 4786 £5)?

2293 4795 2519 4853 CAPUT
2552 4796 2637 4849 ιν.
2665 4825 2739 4837 -—
2763 4798 2818 4851 4.
2845 4797 3261 4867 COncupiscenlia
3293 4808 3539 4868 quatenus
3561 4800 3612 4853 in
3644 4800 3809 4857 nobis.

2223 4888 2505 4956 Baptizati:
2529 4906 2629 4944 non
2658 4891 2769 4959 ipsa
2810 4891 3235 4962 concupiscentia,
3290 4891 3379 4946 sed
3419 4892 3558 4945 solus
3590 4892 3642 4945 in
3697 4907 3813 4946 eam

2223 5002 2494 5041 consensus
2538 4996 2698 5040 nocet.
2752 4985 3192 5056 Concupiscentia
3238 4987 3398 5057 igitur
3445 4995 3694 5055 tanquam
3720 4987 3808 5041 lex

2226 5078 2425 5147 peccati
2450 5093 2669 5133 manens
2685 5078 2737 5133 in
2764 5078 3018 5131 membris
3034 5078 3273 5147 corporis
3294 5078 3479 5132 mortis
3497 5077 3675 5146 hujus.
3688 5091 3814 5131 cum

2226 5170 2455 5240 parvulis
2473 5170 2726 5234 nascitur,
2747 5169 2797 5222 in
2818 5170 3052 5239 parvulis
3070 5170 3344 5238 baptizatis
3359 5184 3385 5222 a
3400 5177 3549 5223 reatu
3564 5168 3811 5232 solvitur,

2225 5260 2291 5313 ad
2305 5274 2527 5330 agonem
2549 5261 2879 5330 relinquitur,
2899 5270 3020 5313 ante
3046 5274 3269 5330 agonem
3297 5269 3535 5313 mortuos
3564 5259 3705 5313 nulla
3729 5259 3817 5312 da-

2227 5351 2495 5404 mnatitme
2514 5351 2848 5422 persequitur
2869 5369 2882 5404 :
2902 5351 3150 5419 parvulos
3167 5366 3271 5404 non
3292 5350 3583 5419 baptizatos
3600 5363 3721 5403 reos
3738 5350 3819 5404 in-

2227 5444 2409 5503 nectit,
2429 5450 2482 5496 et
2504 5450 2749 5511 tanquam
2769 5441 2859 5495 ira:
2878 5442 3034 5504 lilios,
3054 5442 3260 5496 etiamsi
3278 5440 3478 5510 parvuli
3497 5441 3814 5505 moriantur,

2227 5531 2291 5584 ad
2312 5531 2806 5586 condemnationem
2832 5531 3011 5584 trahit.
3038 5531 3092 5584 In
3123 5531 3413 5600 grandibus
3433 5539 3608 5584 autem
3635 5528 3815 5597 bapti-

2227 5625 2378 5689 zatis,
2408 5624 2457 5676 in
2490 5622 2678 5693 quibus
2702 5621 2811 5691 jam
2840 5622 3045 5677 ratione
3071 5622 3341 5677 utentibus
3366 5619 3620 5690 quidquid
3636 5618 3818 5674 eidem

2228 5716 2671 5784 concupiscentiae
2706 5730 2859 5770 mens
2897 5714 2960 5769 ad
2994 5714 3323 5785 peccandum
3356 5714 3646 5777 consentit,
3688 5726 3812 5781 pro-

2228 5809 2357 5881 pri-.e
2381 5808 2663 5863 voluntatis
2690 5815 2800 5876 est;
2824 5808 3013 5865 deletis
3069 5809 3300 5879 peccatis
3339 5806 3610 5869 omnibus,
3639 5809 3816 5863 soluto
