4168 6536
290 408 388 465 135
1614 395 1810 452 LIBER
1853 396 1874 447 ἓ

1986 391 2227 449 UNDUS.

286 526 447 582 etiam
478 534 646 591 reatu,
673 538 779 596 quo
832 523 1037 579 vinctos
1080 519 1407 591 originalitcr
1457 515 1770 579 detinebat,
1804 509 1870 565 ad

284 635 510 691 agonem
531 620 739 674 interim
762 624 962 684 manet,
986 631 1090 670 non
1110 614 1209 669 sibi
1241 612 1305 667 ad
1334 609 1513 666 illicita
1536 609 1877 664 consentien-

285 715 428 769 tibus
498 712 630 767 nihil
679 710 898 765 omnino
961 709 1240 772 nocitura,
1307 704 1478 760 donec
1526 703 1878 758 absorbeatur

285 821 433 861 mors
454 805 506 859 in
533 803 809 859 victoriam
860 798 920 873 (Ι
951 796 1071 854 Cor.
1103 813 1192 862 xv,
1212 797 1280 851 Si
1302 793 1320 867 )
1342 836 1357 862 ,
1395 805 1448 849 et
1478 809 1604 863 pace
1634 792 1873 863 perfecta

284 899 416 954 nihil
444 895 583 967 quod
613 896 852 949 vincatur
879 892 1090 948 existat.
1121 889 1533 944 Consentientes
1561 896 1737 940 autem
1769 884 1873 938 sibi

284 988 350 1044 ad
394 989 572 1042 illicita
612 1001 732 1041 reus
778 992 941 1048 tenet,
982 982 1035 1038 εἴ
1075 980 1175 1035 nisi
1225 995 1319 1050 per
1348 978 1666 1033 medicinam
1697 976 1873 1046 pinni-

288 1081 465 1136 tentia:
487 1089 540 1135 et
569 1094 730 1148 opera
757 1073 1135 1131 misericordia:
1164 1087 1263 1143 per
1295 1070 1573 1127 etelestem
1620 1068 1875 1123 sacerdo-

289 1181 394 1229 tem
423 1186 522 1245 pro
549 1172 703 1226 nobis
740 1168 1163 1237 interpellantem
1190 1172 1467 1229 sanentur,
1496 1160 1561 1215 ad
1585 1160 1873 1216 secundam

286 1274 512 1321 mortem
533 1262 1035 1332 damnationemque
1066 1261 1082 1292 ¹
1107 1258 1367 1330 perducit.
1414 1257 1639 1325 Propter
1692 1255 1793 1309 hoc
1822 1262 1877 1309 et

289 1360 542 1415 Dominus
558 1371 713 1411 orare
735 1369 831 1409 nos
851 1354 1072 1418 docens,
1100 1352 1241 1407 inter
1269 1359 1462 1405 cmtera
1491 1348 1696 1403 monuit
1724 1358 1780 1401 ut
1797 1347 1873 1401 (ιί-

284 1465 489 1516 camus,
520 1447 730 1501 Dimitte
750 1445 893 1500 nobis
921 1438 1087 1498 debita
1128 1453 1322 1507 nostra,
1353 1442 1484 1495 sicut
1510 1449 1556 1493 et
1580 1457 1671 1494 nos
1698 1438 1872 1492 dimit-

288 1541 439 1595 timus
458 1538 763 1594 debitoribus
798 1537 1014 1601 nostris;
1045 1543 1092 1591 et
1121 1551 1182 1588 ne
1210 1550 1300 1587 nos
1329 1533 1518 1602 inferas
1556 1532 1608 1585 in
1635 1531 1873 1584 tcntatio-

287 1648 425 1697 nem,
449 1630 538 1685 sed
563 1630 721 1685 libera
749 1646 839 1683 nos
865 1645 897 1681 a
923 1629 1057 1683 malo
1090 1624 1109 1698 (
1131 1624 1318 1679 Matth.
1350 1639 1424 1690 vn,
1458 1622 1521 1677 19.
1546 1632 1594 1677 et
1622 1620 1732 1694 15).
1764 1622 1871 1675 Ma-

289 1732 378 1777 net
407 1722 547 1775 enim
576 1720 771 1773 malum
798 1720 851 1773 in
882 1733 1042 1773 carne
1071 1723 1275 1777 nostra,
1310 1730 1415 1769 non
1450 1726 1639 1768 natura
1684 1714 1734 1767 in
1771 1728 1873 1784 qua

286 1812 539 1869 divinitus
559 1822 769 1867 creatus
812 1819 894 1867 est
940 1808 1120 1871 homo,
1144 1807 1238 1861 sed
1267 1807 1396 1861 vitio
1448 1821 1555 1877 quo
1604 1806 1875 1860 voluntate

288 1908 567 1976 prolapsus
595 1914 699 1971 est,
733 1905 820 1960 ubi
843 1903 1053 1959 amissis
1084 1902 1305 1966 viribus,
1331 1915 1435 1955 non
1476 1917 1535 1955 ea
1565 1916 1665 1971 qua
1692 1901 1875 1955 vulne-

288 2006 437 2053 ratus
461 2006 561 2060 est,
594 1996 884 2051 voluntatis
906 1994 1159 2049 facilitate
1201 2000 1443 2047 sanatur.
1476 1991 1550 2047 De
1599 1992 1699 2045 hoc
1734 1991 1875 2045 malo

287 2087 723 2159 dicitApOstolus
754 2106 767 2142 :
803 2081 925 2143 Scid
974 2086 1212 2158 quoniam
1255 2101 1355 2138 non
1393 2082 1583 2137 habitat
1631 2083 1681 2136 in
1724 2100 1874 2135 carne

286 2201 400 2237 mea
428 2185 611 2236 bonum
651 2182 839 2252 (Rom.
873 2197 968 2243 vn,
1014 2178 1123 2251 18).
1169 2178 1265 2233 Cui
1307 2176 1445 2231 malo
1483 2192 1589 2231 non
1618 2176 1871 2231 obedire’

286 2276 558 2346 prmcipit,
590 2290 711 2329 cum
754 2274 883 2328 dicit
924 2290 937 2327 :
985 2270 1105 2325 Non
1151 2286 1269 2341 ergo
1297 2278 1464 2341 regnet
1513 2278 1773 2338 peccatum
1821 2268 1873 2321 in

284 2376 446 2420 vestro
476 2363 677 2418 mortali
702 2378 914 2432 corpore
967 2361 1035 2414 ad
1082 2359 1419 2415 obediendum
1465 2357 1725 2411 desideriis
1765 2358 1873 2427 ejus

285 2448 400 2519 (Id.
430 2465 502 2513 vi,
532 2448 645 2517 i9).
674 2447 731 2501 Si
781 2462 908 2515 ergo
963 2444 1046 2499 his
1097 2443 1375 2498 desideriis
1427 2440 1874 2508 concupiscentia:

282 2540 461 2595 carnis
488 2538 668 2593 illicita
700 2535 987 2592 voluntatis
1015 2533 1360 2609 inclinatione
1390 2530 1781 2597 consensimus,
1807 2530 1875 2586 ad

281 2631 388 2687 hoc
407 2630 699 2685 sanandum
741 2629 987 2690 dicimus,
1017 2625 1228 2680 Dimitte
1277 2623 1418 2679 nobis
1459 2623 1625 2678 debita
1666 2632 1876 2678 nostra:

281 2725 604 2780 adhibentes
632 2721 926 2777 remedium
948 2736 1013 2775 ex
1042 2733 1205 2788 opere
1228 2716 1642 2781 misericordiae,
1696 2716 1749 2769 in
1808 2728 1875 2769 eo

280 2819 428 2893 quod
454 2818 714 2883 addimus,
736 2817 865 2870 sicut
914 2824 962 2870 et
1004 2830 1094 2869 nos
1133 2812 1432 2865 dimittimus
1462 2807 1765 2863 debitoribus
1792 2824 1876 2862 no-

280 2910 428 2965 stris.
454 2910 521 2964 lit
544 2919 721 2963 autem
746 2922 851 2962 non
882 2906 932 2961 ei
958 2903 1375 2968 consentiamus,
1405 2900 1753 2971 deprecamur
1780 2898 1875 2953 ad-

278 3001 539 3069 iutorinm
568 3000 806 3055 dicentes
831 3039 846 3062 ,
894 2997 958 3051 Et
985 3014 1048 3051 ne
1063 2987 1159 3050 nos
1184 2996 1375 3066 inferas
1414 2994 1467 3047 in
1509 2992 1832 3046 tentationcm
1854 3005 1873 3044 :

279 3090 413 3167 [ve],
446 3093 580 3145 sicut
615 3089 854 3144 nonnulli
883 3088 1095 3141 codices
1124 3085 1348 3149 habent,
1378 3100 1439 3137 ne
1465 3100 1553 3136 nos
1582 3082 1795 3136 inducas
1818 3081 1873 3134 in

279 3182 607 3237 tentationem
630 3178 695 3253 ³.]
723 3178 835 3233 Nan
859 3178 998 3249 quod
1023 3177 1137 3246 ipse
1170 3177 1308 3231 Deus
1331 3175 1418 3229 tali
1450 3173 1742 3230 tcntatione
1768 3170 1870 3225 ali-

280 3288 441 3345 quem
475 3272 675 3335 tentet';
702 3269 840 3324 Nam
870 3269 1005 3323 Deus
1057 3269 1330 3322 intentatur
1375 3266 1622 3320 malorum
1651 3273 1744 3327 est,
1768 3264 1875 3333 ipse

280 3344 451 3418 autem
485 3363 734 3416 neminem
773 3344 926 3414 tentat
973 3358 1183 3430 (Jacobi
1214 3374 1252 3423 ι,
1290 3357 1384 3429 15)
1413 3356 1542 3411 :sed
1571 3365 1629 3410 ut
1664 3356 1705 3409 si
1741 3354 1874 3409 forte

281 3457 476 3511 tentari
507 3456 827 3525 cmperimus
854 3469 884 3508 a
912 3452 1343 3524 concupiscentia
1370 3460 1551 3505 nostra
1575 3494 1590 3517 ,
1610 3449 1875 3519 adiutorio

279 3547 400 3617 eius
426 3563 537 3601 non
566 3547 899 3612 deseramur,
929 3553 987 3600 ut
1027 3545 1080 3600 in
1110 3560 1175 3598 eo
1225 3543 1489 3612 possimus
1517 3542 1729 3596 vincere
1760 3582 1775 3606 ,
1808 3557 1875 3595 ne

281 3638 661 3694 abstrahamur
692 3638 873 3693 illecti.
915 3637 1117 3693 Deinde
1146 3622 1390 3690 addimus
1442 3634 1582 3705 quod
1630 3632 1873 3703 perlicie-

282 3742 370 3788 tur
390 3733 445 3788 in
471 3732 600 3796 fine,
628 3748 748 3785 cum
773 3731 1150 3786 absorbebitnr
1194 3728 1416 3782 mortale
1437 3743 1465 3781 a
1496 3727 1598 3780 vita
1642 3726 1661 3799 (
1678 3723 1718 3780 ll
1752 3725 1870 3781 Cor.

281 3838 337 3888 ν,
364 3821 419 3893 Α)
454 3841 469 3878 :
500 3821 607 3877 Sed
633 3821 787 3875 libera
836 3838 926 3875 nos
957 3837 987 3873 a
1016 3820 1169 3873 malo.
1205 3818 1358 3873 Tunc
1391 3818 1531 3873 enim
1585 3817 1725 3871 nulla
1772 3817 1875 3871 erit

285 3915 407 3972 talis
426 3914 887 3986 concupiscentia,
922 3929 1042 3967 cum
1082 3927 1185 3983 qua
1233 3920 1469 3977 certare,
1523 3919 1576 3964 et
1626 3911 1712 3964 cui
1767 3924 1874 3963 non

282 4006 597 4061 consentire
620 4004 921 4076 iubeamur.
940 4003 1030 4057 Sic
1053 4017 1183 4072 ergo
1230 4010 1397 4054 totum
1451 4002 1553 4054 hoc
1608 3999 1660 4053 in
1708 3999 1876 4052 tribus

284 4095 569 4152 beneficiis
613 4096 842 4164 positum
874 4093 1111 4148 breviter
1138 4091 1242 4161 peti
1299 4100 1467 4161 potest
1494 4108 1506 4145 :
1533 4089 1750 4160 Ignosce
1775 4104 1873 4145 no-

281 4185 366 4242 bis
391 4186 531 4241 eain
557 4185 749 4256 quibus
791 4198 978 4239 sumus
1019 4182 1267 4238 abstracti
1322 4198 1352 4237 a
1403 4180 1871 4251 concupiscentia,

282 4277 475 4349 adiuva
502 4294 572 4333 ne
596 4278 966 4332 abstrahamur
987 4291 1019 4331 a
1049 4272 1503 4345 concupiscentia,
1531 4272 1681 4327 aufer
1708 4286 1739 4325 a
1777 4284 1878 4326 no-

283 4368 367 4425 bis
395 4369 909 4440 concupiscentiam.

350 4460 591 4517 CAPUT
631 4458 693 4513 V.
716 4459 859 4515 -5.
908 4457 1150 4512 Voluntas
1197 4456 1414 4511 hominis
1460 4464 1569 4527 eget
1617 4471 1713 4525 ope
1752 4452 1874 4511 Dei.

282 4551 364 4606 Ad
396 4550 733 4624 peccandum
763 4565 989 4618 namque
1027 4565 1131 4602 non
1161 4547 1474 4618 adiuvamur
1501 4563 1529 4599 a
1559 4546 1668 4602 Deo
1697 4564 1711 4600 :
1734 4547 1876 4615 iusta

280 4653 461 4699 autem
503 4659 666 4715 agere
705 4642 788 4697 vel
814 4641 1035 4712 iustitia:
1082 4648 1401 4709 praeceptum
1437 4638 1582 4694 omni
1620 4653 1686 4693 ex
1727 4646 1879 4707 parte

283 4735 511 4807 implere
552 4750 660 4791 non
687 4746 987 4802 possumus,
1020 4732 1121 4787 nisi
1160 4730 1472 4799 adjuve’mur
1497 4744 1528 4784 a
1559 4729 1693 4785 Deo.
1726 4727 1878 4783 Sient

279 4829 426 4884 enim
442 4828 691 4897 corporis
708 4826 893 4880 oculus
909 4840 1014 4879 non
1033 4824 1310 4893 adiuvatur
1325 4838 1355 4878 a
1376 4823 1515 4885 luce,
1536 4830 1594 4876 ut
1609 4821 1678 4876 ab
1690 4820 1877 4875 eadem

284 4919 402 4975 luce
426 4920 651 4974 clausus
670 4930 957 4972 aversnsve
989 4916 1263 4983 discedat;
1294 4925 1351 4970 ut
1374 4925 1548 4970 autem
1577 4915 1753 4968 videat
1779 4913 1879 4968 ad-

285 5009 495 5081 iuvatur
521 5010 594 5064 ab
627 5023 710 5072 ea,
744 5024 914 5079 neque
945 5009 1046 5062 hoc
1070 5008 1289 5063 omnino
1325 5007 1424 5061 nisi
1464 5006 1550 5061 illa
1590 5005 1873 5075 adiuverit,

284 5110 461 5170 potest
487 5119 502 5156 :
531 5100 612 5156 ita
643 5100 805 5163 Deus.
833 5100 922 5172 qui
959 5101 1044 5155 lux
1085 5109 1167 5155 est
1198 5098 1427 5154 hominis
1464 5098 1752 5164 interioris,
1784 5097 1878 5152 ad-

276 5189 428 5261 juvat
461 5202 668 5249 nostra:
705 5193 904 5250 mentis
926 5193 1192 5257 obtutum,
1222 5200 1280 5247 ut
1304 5207 1407 5247 non
1448 5189 1740 5246 secundum
1783 5206 1879 5246 no-

284 5295 470 5351 stram,
504 5283 605 5341 sed
634 5284 926 5339 secundum
954 5284 1067 5354 eius
1087 5283 1342 5354 justitiam
1372 5283 1496 5339 boni
1521 5282 1719 5354 aliquid
1749 5296 1881 5353 ope—

284 5389 485 5432 remur.
517 5376 579 5432 Si
610 5383 789 5430 autem
829 5378 895 5429 ab
936 5376 1027 5430 illo
1050 5375 1362 5441 avertimur,
1402 5384 1640 5430 nostrum
1682 5383 1798 5442 est;
1825 5383 1883 5432 et

285 5475 410 5523 tunc
434 5467 736 5524 secundum
754 5481 968 5522 carnem
999 5466 1257 5536 sapimus,
1285 5475 1410 5521 tunc
1430 5466 1881 5537 concupiscentia:

283 5559 458 5615 carnis
487 5558 559 5615 ad
587 5558 771 5614 illicita
814 5559 1197 5614 consentimus.
1241 5557 1545 5613 Conversus
1583 5573 1711 5630 ergo
1743 5559 1880 5615 Deus

345 5738 361 5768 ¹
400 5736 569 5787 Plures
589 5736 899 5798 manuscripti
924 5740 1241 5798 praetereunt.
1260 5734 1721 5798 damnationemque.

344 5800 365 5830 ³
403 5810 502 5848 Am.
529 5804 605 5848 Er.
634 5805 689 5846 et
709 5796 886 5850 aliquot
902 5796 1038 5846 Mss:
1064 5796 1152 5847 Cui
1169 5797 1295 5847 malo
1318 5809 1402 5847 nos
1424 5809 1516 5845 non
1533 5797 1744 5850 obedire.

346 5862 367 5895 ⁸
399 5868 512 5918 ηις
542 5858 885 5913 uncisinclusa
910 5866 1209 5923 praetereunt
1241 5873 1410 5910 omnes
1433 5860 1537 5909 fere
1573 5868 1675 5909 vss.

3476 399 3587 462 1ὕῖ

1978 509 2210 576 adjuvat,
2239 528 2457 570 aversos
2491 514 2707 571 deserit.
2740 513 2845 571 Sed
2876 516 3037 571 etiam
3081 526 3136 571 ut
3166 527 3564 587 convertamur,

1979 601 2093 671 ipse
2118 604 2331 673 adiuvat
2359 623 2372 659 :
2400 604 2540 676 quod
2570 615 2715 661 certe
2739 607 2909 661 oculis
2942 608 3181 677 corporis
3211 607 3298 662 lux
3327 608 3426 664 ista
3456 625 3565 665 non

1979 708 2217 767 praestat.
2247 698 2380 754 Cum
2423 714 2551 770 ergo
2596 700 2749 755 nobis
2785 700 2938 771 iubet
2974 701 3176 767 dicens,
3205 699 3568 757 Convertimim'

1978 789 2048 842 ad
2072 805 2167 854 me,
2211 799 2257 843 et
2294 800 2556 844 convertar
2580 791 2648 845 ad
2690 807 2777 846 vos
2804 791 2986 863 (Zach.
3033 807 3071 858 ι,
3100 792 3193 864 '5);
3239 807 3443 863 nosque
3489 793 3565 848 illi

1978 880 2233 946 dicimus,
2289 881 2531 936 Converte
2577 900 2703 949 nos,
2757 882 2895 938 Deus
2945 884 3218 938 sanitatum
3275 894 3563 939 nostrarum

1984 971 2153 1044 (Psat.
2200 989 2419 1038 Lxxxw,
2472 974 2566 1043 5);
2613 985 2688 1038 et.
2728 973 2864 1029 Deus
2902 976 3163 1041 virtutum,
3212 983 3441 1030 converte
3472 991 3569 1029 nos

1983 1063 2151 1137 (Psal.
2184 1082 2361 1131 Lxxtx,
2394 1066 2451 1137 8)
2479 1087 2491 1121 2
2518 1065 2644 1137 quid
2668 1054 2814 1121 aliud
2841 1066 3089 1131 dicimus,
3113 1081 3296 1137 quam,
3330 1067 3401 1120 Da
3422 1064 3570 1137 quod

1974 1155 2171 1232 iubes?
2198 1157 2327 1211 Cum
2359 1157 2508 1227 iubet
2537 1157 2784 1225 dicendo,
2832 1157 3111 1229 lntelligite
3145 1175 3286 1229 ergo,
3324 1159 3413 1229 qui
3430 1151 3569 1213 insi-

1981 1249 2172 1317 pientes
2194 1250 2307 1303 estis
2334 1250 2385 1303 in
2412 1250 2599 1320 popqu
2630 1249 2802 1321 (Psal.
2835 1266 2979 1316 xcut,
3008 1249 3098 1323 8);
3133 1258 3187 1305 et
3212 1265 3308 1305 nos
3335 1250 3408 1305 illi
3430 1249 3565 1304 dici-

1979 1357 2121 1406 mus,
2172 1341 2255 1397 Da
2307 1343 2432 1397 mihi
2475 1343 2804 1408 intellectum,
2848 1353 2901 1397 ut
2939 1344 3132 1397 discam
3186 1343 3430 1397 mandata
3478 1351 3569 1397 tua

1980 1432 2150 1503 (Psal.
2188 1449 2372 1498 cxvtu,
2416 1434 2506 1505 75)
2555 1452 2568 1489 :
2614 1434 2739 1505 quid
2778 1434 2920 1489 aliud
2968 1433 3212 1500 dicimus,
3259 1449 3439 1505 qnam,
3492 1434 3567 1489 Da

1979 1524 2119 1595 quod
2143 1525 2339 1595 iubes?
2362 1524 2495 1581 Cum
2522 1526 2671 1597 iubet
2696 1526 2946 1592 dicendo,
2980 1523 3107 1581 Post
3134 1526 3567 1595 concupiscendus

1981 1625 2093 1671 tuas
2122 1633 2222 1670 non
2251 1633 2337 1672 eas
2370 1616 2557 1687 (Eccli.
2588 1632 2739 1682 xvru,
2772 1618 2897 1689 30);
2936 1633 3140 1689 nosque
3169 1617 3414 1679 dicimus.
3446 1616 3567 1675 Sci-

1980 1724 2099 1763 mus
2131 1710 2253 1779 quia
2289 1726 2435 1764 uemo
2471 1720 2630 1781 potest
2673 1726 2781 1764 esse
2826 1711 3107 1775 continens,
3158 1711 3255 1763 nisi
3299 1708 3438 1763 Deus
3480 1709 3565 1764 det

1981 1800 2138 1872 (Sap.
2163 1816 2276 1868 vui,
2304 1800 2396 1871 ει)
2422 1818 2437 1853 :
2478 1802 2600 1872 quid
2626 1801 2773 1856 aliud
2811 1801 3062 1867 dicimus,
3091 1817 3273 1872 quam,
3304 1803 3375 1856 Da
3421 1802 3565 1873 quod

1976 1893 2135 1962 iubes
2151 1894 2176 1944 ?
2191 1894 2321 1947 Cum
2340 1893 2492 1963 iubet
2509 1894 2756 1961 dicendo,
2786 1893 2965 1949 Facite
2972 1895 3226 1967 justitiam
3245 1896 3261 1927 ¹
3281 1893 3332 1964 (1
3337 1895 3431 1948 sai.
3455 1911 3567 1961 Lvl,

1981 1986 2074 2056 l);
2131 2001 2335 2056 nosque
2388 1986 2648 2049 dieinms,
2699 1987 2834 2041 Doce
2877 2003 2957 2041 me
2996 1987 3388 2057 justiﬁcationes
3450 1995 3564 2039 tuas

1982 2079 2150 2152 (Psal.
2196 2097 2383 2147 cxvm,
2433 2081 2518 2153 l2)
2563 2080 2729 2152 :quid
2772 2080 2914 2135 aliud
2957 2081 3201 2146 dicimus,
3260 2094 3442 2151 quam,
3491 2079 3568 2136 Da

1979 2175 2119 2246 quod
2142 2175 2335 2245 iubes?
2365 2175 2492 2229 ltem
2524 2190 2642 2230 cum
2672 2174 2825 2241 dicit,
2865 2172 3008 2227 Beati
3030 2175 3116 2242 qui
3157 2173 3382 2227 esuriant
3423 2182 3470 2226 et
3496 2173 3569 2225 si-

1981 2266 2111 2319 t'unt
2128 2266 2401 2337 justitiam,
2446 2266 2681 2336 quoniam
2706 2265 2806 2335 ipsi
2847 2264 3211 2318 saturabuntur
3249 2263 3464 2334 (Matth.
3506 2279 3564 2331 ν,

1982 2357 2035 2426 6)
2066 2373 2132 2412 :a
2163 2373 2267 2427 quo
2295 2355 2553 2413 debemus
2594 2366 2773 2426 petere
2801 2354 2977 2411 cibum
3009 2364 3297 2424 potumque
3320 2353 3563 2423 iustitiae,

1981 2448 2081 2502 nisi
2112 2446 2178 2502 ab
2209 2447 2300 2503 illo
2324 2447 2410 2518 qui
2447 2446 2807 2502 esurientibus
2836 2460 2955 2501 eam
3002 2452 3057 2501 et
3094 2444 3395 2500 sitientibus
3426 2459 3561 2515 pro-

1980 2539 2141 2607 mittit
2170 2538 2283 2609 eius
2310 2538 2685 2593 saturitatem?

2051 2630 2104 2686 6.
2149 2630 2486 2700 liepellamus
2518 2631 2690 2699 itaque
2722 2628 2790 2683 ab
2824 2626 3045 2683 auribus
3068 2635 3124 2682 et
3163 2625 3429 2681 mentibus
3468 2640 3567 2681 no-

1980 2723 2107 2779 stris
2143 2739 2238 2778 eos
2272 2722 2359 2792 qui
2386 2720 2590 2788 dicunt,
2623 2728 2843 2790 accepto
2873 2714 3038 2774 semel
3067 2718 3248 2773 liberae
3273 2717 3565 2773 voluntatis

1979 2814 2222 2875 arbitrio.
2251 2829 2349 2868 nec
2375 2828 2530 2868 orare
2560 2827 2658 2867 nos
2686 2812 2902 2877 debere,
2942 2820 2998 2865 ut
3032 2809 3174 2865 Dens
3202 2823 3301 2863 nos
3326 2808 3564 2879 adiuvet,

1979 2922 2047 2961 ne
2089 2920 2388 2976 peccemus.
2433 2902 2650 2959 Talibus
2691 2903 2834 2958 enim
2876 2902 3110 2957 tenebris
3149 2917 3246 2956 nec
3274 2900 3567 2971 pharismus

1980 2998 2070 3052 ille
2093 2998 2412 3062 cmeabatur,
2431 2996 2520 3066 qui
2550 2995 2794 3066 quamvis
2822 2995 2871 3048 in
2903 2994 3005 3048 hoc
3033 3001 3259 3059 erraret,
3289 2991 3430 3063 quod
3462 2992 3564 3048 sibi

1979 3088 2282 3144 addendum
2309 3088 2371 3141 ad
2403 3086 2661 3157 justitiam
2690 3084 2819 3139 nihil
2854 3084 3091 3155 putabat,
3134 3097 3297 3153 seque
3334 3082 3564 3137 arbitra-

1980 3179 2135 3234 batur
2159 3178 2274 3248 ejus
2304 3176 2626 3248 plenitudine
2656 3184 2982 3239 saturatum;
3019 3174 3127 3229 Deo
3155 3181 3330 3227 tamen
3369 3173 3569 3242 gratias

1979 3272 2189 3343 agebat,
2216 3270 2357 3343 quod
2382 3286 2485 3325 non
2517 3278 2657 3325 esset
2687 3269 2823 3323 sicut
2850 3269 3030 3323 cmteri
3061 3268 3326 3329 homines.
3356 3266 3563 3337 iniusti,

1978 3373 2242 3432 raptores,
2270 3359 2517 3426 adulteri,
2546 3361 2683 3415 sicut
2711 3360 2799 3415 ille
2834 3357 3349 3429 publicanus;tquod
3383 3357 3466 3412 bis
3510 3356 3564 3412 in

1979 3455 2201 3509 sabbato
2228 3453 2510 3524 ieiunaret,
2535 3451 2675 3521 quod
2702 3452 2937 3505 omnium
2965 3466 3086 3521 qua:
3116 3450 3441 3520 possidebat,
3471 3449 3565 3504 dc-

1979 3547 2146 3602 cimas
2166 3547 2336 3602 daret.
2360 3546 2499 3600 Nihil
2521 3545 2619 3600 sibi
2647 3545 2767 3599 addi
2797 3543 2862 3599 ad
2888 3545 3149 3613 iustitiam
3167 3544 3277 3614 iam
3308 3544 3521 3612 petebat
3546 3560 3560 3598 :

1980 3636 2073 3692 sed
2106 3647 2281 3691 tamen
2310 3651 2376 3691 ex
2416 3636 2482 3689 iis
2516 3650 2634 3706 qua:
2666 3633 2912 3698 habebat,
2948 3634 3148 3705 gratias
3191 3633 3300 3688 Deo
3327 3631 3559 3703 agendo,

1978 3729 2046 3784 ab
2076 3731 2165 3785 illo
2202 3745 2261 3785 se
2298 3727 2570 3798 accepisse
2609 3726 2785 3782 omnia
2828 3725 3126 3781 fatebatur:
3156 3733 3211 3781 et
3252 3732 3431 3779 tamen
3463 3724 3568 3778 im-

1980 3821 2236 3893 probatus
2264 3826 2370 3886 est,
2400 3827 2455 3875 et
2474 3818 2594 3889 quia
2611 3817 2773 3872 veluti
2800 3825 3068 3871 saturatus
3088 3815 3220 3871 nihil
3246 3815 3314 3870 de
3346 3814 3570 3869 alimen-

1982 3913 2047 3967 tis
2072 3912 2292 3983 iustitia:
2315 3911 2424 3982 iam
2447 3910 2668 3980 rogabat
2690 3909 2952 3978 accipere,
2981 3918 3037 3963 et
3063 3907 3207 3978 quod
3232 3921 3351 3962 eam
3386 3906 3533 3976 publi
3549 3936 3570 3949 -

1980 4018 2115 4058 c:uno
2141 4001 2393 4058 esurienti
2421 4016 2485 4058 ac
2525 4000 2723 4057 sitienti
2750 4015 2810 4057 se
2840 4000 2983 4054 velut
3014 4000 3275 4055 insultans
3313 3999 3568 4071 przeferre

1979 4094 2240 4164 gestiebat
2267 4091 2417 4167 (Luc.
2447 4109 2595 4157 xvut,
2632 4091 2840 4159 10-14).
2870 4090 3006 4159 Quid
3045 4106 3174 4162 ergo
3203 4089 3306 4146 illis
3328 4092 3444 4156 tlet,
3476 4091 3566 4161 qni

1980 4185 2080 4239 etsi
2109 4180 2373 4240 fateantur
2396 4198 2456 4239 se
2488 4198 2593 4237 non
2621 4181 2839 4247 habere,
2872 4182 2955 4237 vel
2984 4196 3088 4236 non
3122 4182 3331 4253 plenam
3365 4181 3565 4239 habere
3614 4198 3630 4214 ·

1976 4274 2264 4346 justitiam;
2310 4282 2485 4331 tamen
2532 4289 2561 4328 a
2602 4288 2661 4329 se
2709 4273 2839 4345 ipsis
2876 4271 3195 4338 habendam,
3242 4288 3348 4328 non
3393 4288 3422 4326 a
3470 4288 3572 4329 suo

1980 4367 2254 4435 Creatore,
2283 4368 2370 4423 ubi
2401 4367 2653 4422 horreum
2693 4368 2810 4437 eius
2833 4375 2889 4422 et
2916 4364 3036 4421 fons
3077 4366 3194 4437 eius
3232 4374 3337 4433 est,
3376 4364 3569 4437 depre-

1981 4458 2206 4514 candam
2244 4474 2364 4515 esse
2402 4458 2766 4528 prtesumunt?
2809 4457 2920 4514 Nec
2961 4456 3084 4514 ideo
3116 4467 3291 4514 tamen
3329 4458 3460 4513 solis
3499 4456 3570 4514 de

1983 4548 2083 4605 hac
2113 4565 2172 4605 re
2198 4549 2335 4605 votis
2362 4548 2624 4621 agendum
2652 4556 2755 4613 est,
2787 4557 2845 4604 ut
2873 4564 2976 4604 non
3014 4548 3375 4603 subinferatur
3414 4548 3564 4603 adni-

1985 4644 2182 4699 tendo’
2233 4644 2392 4698 etiam
2448 4651 2645 4697 nostra:
2701 4641 2936 4698 efficacia
2986 4641 3295 4697 voluntatis.
3347 4641 3567 4713 Adjutor

1982 4734 2124 4789 enim
2155 4744 2323 4789 noster
2352 4732 2490 4788 Deus
2515 4733 2708 4789 dicitur
2733 4732 2906 4805 (Psal.
2946 4749 3054 4799 ut,
3084 4733 3166 4804 9),
3194 4748 3292 4788 nec
3329 4734 3570 4804 adjuvari

1984 4835 2178 4898 potest,
2210 4826 2311 4881 nisi
2348 4827 2436 4898 qui
2483 4827 2643 4882 etiam
2688 4826 2886 4898 aliquid
2930 4836 3120 4896 sponte
3157 4834 3402 4881 conatur.
3434 4827 3567 4897 Quia

1984 4936 2089 4974 non
2131 4919 2268 4975 sicut
2297 4920 2348 4973 in
2378 4919 2642 4989 lapidibus
2681 4919 2988 4982 insensatis,
3018 4926 3109 4973 aut
3135 4919 3273 4974 sicut
3317 4920 3368 4973 in
3408 4920 3486 4975 eis
3516 4922 3569 4975 iu

1984 5025 2208 5081 quorum
2246 5020 2431 5065 natura
2478 5011 2735 5065 rationem
2762 5009 3196 5083 voluntatemque
3237 5027 3341 5067 non
3384 5011 3572 5068 condi~

2049 5244 2066 5274 ί
2101 5247 2150 5312 tu
2173 5239 2506 5312 manuscriptis
2524 5236 2835 5312 post,
2846 5238 3090 5312 justitiam
3104 5275 3119 5301 ,
3137 5241 3444 5312 mntinenter
3462 5243 3576 5291 sub.

1977 5305 2197 5367 jungitur
2214 5338 2229 5363 ,
2252 5309 2459 5367 Itemque
2481 5313 2592 5350 eum
2622 5301 2741 5353 dicit
2757 5340 2772 5364 ,
2802 5301 2938 5353 serui
2971 5301 3053 5365 qui
3073 5301 3306 5363 esuriant,
3334 5311 3383 5355 et
3420 5305 3575 5354 inter-

2320 5340 2617 5413 're'ti'e'eutur.

2048 5430 2068 5460 ⁸
2100 5435 2269 5476 Locum
2293 5426 2419 5475 hunc
2441 5426 2510 5475 sic
2531 5438 2559 5474 a
2580 5425 2775 5490 ttartino
2804 5426 2959 5490 lipsio
2979 5428 3263 5489 castigatum
3298 5434 3466 5490 putant
3492 5433 3576 5474 Lo-

1983 5491 2271 5561 vaniense‘s.‘
2288 5496 2397 5536 Sam
2422 5501 2523 5558 pro,
2544 5487 2837 5561 qdm'tendo;
2856 5487 3381 5561 legebatuﬁin‘primis
3404 5489 3575 5538 editio—

1984 5553 2144 5608 nibus,
2166 5551 2231 5599 ad
2256 5550 2370 5599 bene
2402 5548 2655 5601 tivendum
2684 5554 2802 5601 :cui
2827 5548 3090 5601 editionum
3123 5548 3316 5599 lectioni
3340 5550 3436 5598 duo
3476 5559 3553 5598 tax:

1985 5621 2086 5663 tum
2109 5612 2414 5675 manuscripti
2432 5646 2446 5665 .
2472 5625 2597 5675 unus
2618 5626 2647 5661 e
2673 5612 2878 5675 Belgicis
2894 5647 2908 5671 ,
2933 5613 3059 5662 alter
3082 5625 3111 5661 e
3127 5612 3389 5675 (Vaticanis,
3411 5612 3590 5675 sull'ra-

1985 5685 2182 5740 gantur.
2200 5673 2284 5740 A_|i_i
2304 5671 2402 5740 duo
2425 5674 2630 5740 Vaticani
2656 5671 2858 5740 habent,
2896 5675 2968 5740 ad
2978 5672 3219 5740 agendum
3236 5684 3281 5724 et
3297 5671 3572 5740 uiuendum.

1986 5745 2085 5785 Duo
2104 5734 2298 5798 Belgici,
2314 5736 2379 5785 ad
2395 5735 2647 5785 rivetutum
2670 5748 2687 5785 :
2708 5745 2760 5787 et
2774 5734 3099 5794 sic'calliezini,
3115 5735 3574 5797 exceptisneoceusi

1987 5807 2039 5847 et
2086 5812 2183 5846 uno
2220 5799 2473 5860 l‘arisiensi
2527 5799 2949 5860 Augustinensium
2983 5799 3178 5860 maioris
3216 5804 3489 5851 conventus
3527 5798 3574 5843 iu

1988 5863 2163 5920 quit-us
2189 5867 2281 5920 est,
2308 5859 2584 5910 adnitenda.
