4164 6518
551 380 656 440 155

548 492 649 556 dlt,
684 488 911 549 salutem
957 492 1190 542 nostram
1219 484 1359 539 Deus
1401 491 1652 553 operatur
1706 482 1759 536 ln
1806 479 1983 541 nobis.
2018 477 2127 532 Cur

548 592 727 641 autem
755 579 902 635 illum
921 578 1154 649 adjuvet,
1178 576 1323 630 illum
1348 591 1453 631 non
1474 573 1717 646 adjuvet;
1743 573 1885 629 illum
1904 581 2128 635 tantum,

550 675 702 730 illum
753 681 930 728 autem
981 687 1086 728 non
1129 678 1330 725 tantum
1375 670 1426 736 ις
1460 669 1618 722 istum
1669 667 1780 732 illo,
1834 666 1980 720 illum
2029 665 2132 719 isto

551 763 748 829 modo;
795 777 958 832 penes
1003 760 1175 829 ipsum
1226 768 1308 814 est
1349 766 1405 813 et
1442 756 1708 827 aquitalis
1763 764 1869 815 tam
1910 763 2132 809 secreta:

549 857 704 921 ratio,
746 862 802 908 et
829 852 1140 909 excellentia
1162 850 1460 919 potestatis.

620 942 846 1005 CAPUT
891 940 972 1000 Vl.
1012 971 1084 983 -——
1112 942 1164 996 7.
1211 940 1441 1008 Quatuor
1479 938 1542 993 de
1571 938 1789 1009 justitia:
1828 936 2132 1009 perfectione

549 1034 866 1103 qumtiones.
902 1032 1075 1086 Prima
1098 1031 1324 1102 quaestio.
1347 1046 1415 1083 an
1435 1030 1585 1083 Immo
1610 1029 1719 1082 sine
1745 1038 1949 1097 peccato
1975 1026 2130 1097 possit

550 1141 654 1181 esse
690 1126 744 1177 iu
780 1124 874 1177 hac
906 1123 1025 1177 vita.
1052 1121 1185 1176 Nam
1212 1121 1301 1191 qui
1338 1120 1521 1175 dicunt
1564 1134 1684 1174 esse
1718 1119 1908 1189 possc'
1939 1118 1994 1172 in
2032 1117 2131 1171 hac

548 1216 654 1269 vita
685 1213 955 1269 hominem
985 1214 1101 1268 sine
1127 1221 1367 1281 peccato,
1399 1226 1509 1266 non
1549 1220 1632 1264 est
1658 1210 1734 1264 eis
1764 1209 2016 1263 continuo
2041 1207 2128 1261 in-

552 1311 708 1360 cauta
753 1302 1047 1358 temeritate
1087 1299 1473 1358 obsistendum.
1520 1300 1576 1356 Si
1621 1303 1761 1356 enim
1806 1314 1927 1355 esse
1976 1312 2132 1369 posse

553 1393 947 1464 negaverimus,
979 1401 1032 1447 et
1064 1392 1291 1449 hominis
1321 1391 1488 1445 libero
1521 1390 1764 1457 arbitrio,
1793 1390 1886 1460 qui
1915 1390 2017 1444 hoe
2040 1404 2133 1444 vo-

549 1485 708 1541 lendo
733 1485 954 1554 appetit,
985 1493 1039 1540 et
1062 1484 1156 1539 Dei
1183 1482 1361 1539 virtuti
1381 1483 1461 1539 vel
1491 1482 1890 1546 misericordiae,
1919 1481 2010 1551 qui
2032 1480 2134 1536 hoc

551 1575 853 1645 adjuvando
881 1574 1063 1637 efﬁcit,
1092 1574 1480 1645 derogabimus.
1506 1570 1613 1633 Sed
1643 1573 1747 1627 alia
1773 1573 1999 1645 qumstio
2027 1581 2128 1636 est,

553 1677 727 1723 utrum
767 1680 886 1721 esse
928 1665 1124 1734 possit;
1156 1665 1279 1730 alia,
1313 1673 1489 1719 utrum
1533 1663 1634 1728 sit;
1670 1663 1791 1730 alia,
1834 1661 1880 1717 si
1919 1678 2023 1716 non
2053 1672 2135 1717 est

551 1771 671 1815 cum
703 1758 867 1826 possit
892 1771 1032 1823 esse,
1059 1770 1155 1810 cur
1174 1770 1277 1810 non
1309 1755 1410 1820 sit;
1443 1754 1547 1809 alia
1586 1763 1762 1811 utrum
1802 1754 1891 1824 qui
1916 1754 2133 1809 omnino

551 1862 816 1917 numquam
846 1847 1006 1905 ullum
1032 1850 1307 1923 peccatum
1338 1844 1604 1912 habuerit,
1653 1861 1758 1900 non
1795 1844 1965 1900 solum
1992 1846 2135 1914 quis-

552 1952 711 2007 quam
756 1937 844 2002 sit,
882 1953 1064 1993 verum
1106 1937 1266 1997 etiam
1297 1936 1528 2007 potuerit
1566 1934 1853 2005 aliquando
1894 1949 2013 1991 esse
2052 1935 2134 1991 vel

550 2027 736 2096 possit.
771 2027 826 2082 ln
853 2026 951 2082 hac
978 2026 1359 2097 quadripartita
1385 2025 1749 2097 propositione
1774 2024 2133 2094 quaestionum

551 2118 658 2171 sia
704 2132 789 2177 me
834 2128 1122 2187 qumratur,
1158 2127 1330 2173 utrum
1376 2116 1536 2173 homo
1579 2115 1693 2170 sine
1724 2122 1941 2183 peccato
1970 2113 2138 2183 possit

550 2224 671 2265 esse
701 2209 752 2263 in
784 2208 883 2265 hac
913 2208 1050 2272 vita;
1079 2206 1373 2263 conﬁtebor
1399 2220 1557 2275 posse
1597 2220 1690 2275 per
1716 2204 1805 2258 Dei
1836 2202 2059 2273 gratiam
2084 2211 2139 2255 et

551 2299 776 2355 liberum
806 2297 921 2367 ejus
957 2296 1230 2353 arbitrium
1259 2312 1274 2350 :
1306 2297 1475 2365 ipsum
1500 2309 1710 2365 quoque
1738 2292 1963 2347 liberum
1992 2291 2137 2346 arbi-

556 2389 713 2449 trium
737 2386 803 2440 ad
835 2386 925 2440 Dei
946 2385 1189 2457 gratiam,
1222 2388 1323 2439 hoc
1349 2393 1449 2450 est,
1478 2383 1545 2439 ad
1583 2383 1678 2438 Dei
1705 2382 1842 2438 dona
1870 2381 2140 2452 pertinere

556 2493 661 2533 non
675 2477 967 2546 ambigens,
986 2492 1082 2531 nec
1102 2484 1301 2530 tantum
1316 2483 1373 2530 ut
1390 2476 1479 2542 sit,
1497 2489 1678 2529 verum
1694 2474 1853 2529 etiam
1871 2481 1927 2528 ut
1939 2472 2136 2527 bonum

557 2569 647 2636 sit,
680 2568 730 2622 id
755 2577 856 2633 est,
888 2567 953 2623 ad
977 2566 1214 2622 facienda
1246 2566 1493 2620 mandata
1525 2564 1733 2619 Domini
1762 2571 2136 2628 convertatur;

554 2668 714 2729 atque
742 2659 811 2714 ita
841 2658 931 2712 Dei
972 2658 1139 2728 gratia
1167 2672 1273 2713 non
1306 2657 1478 2711 solum
1508 2655 1757 2711 ostendat
1781 2653 1908 2726 quid
1940 2653 2138 2710 facien-

553 2748 680 2802 dum
734 2749 841 2813 sit,
888 2748 984 2803 sed
1033 2747 1245 2816 adjuvet
1294 2745 1455 2801 etiam
1503 2754 1560 2800 ut
1612 2745 1780 2815 possit
1832 2744 1946 2799 ﬁeri
1996 2742 2139 2813 quod

555 2838 867 2901 ostenderit,
896 2837 1032 2906 Quid
1067 2837 1208 2893 enim
1238 2837 1496 2892 habemus
1521 2836 1663 2907 quod
1704 2851 1809 2890 non
1839 2834 2140 2904 accepimus

555 2930 601 3000 (l
625 2928 742 2984 Cor.
774 2943 849 2997 tv,
882 2928 976 2998 7)?
1006 2927 1160 2984 Unde
1186 2926 1507 2983 etleremias
1522 2926 1650 2981 dicit
1678 2943 1691 2979 :
1723 2926 1868 2993 Scio,
1901 2924 2137 2992 Domine,

557 3019 679 3088 quia
703 3036 801 3074 non
828 3028 899 3073 est
930 3019 979 3072 in
1006 3018 1207 3072 homine
1238 3033 1320 3071 ma
1346 3018 1475 3088 ejus,
1504 3033 1594 3071 nec
1623 3016 1712 3069 viri
1742 3024 1886 3070 estut
1923 3016 2142 3071 ambulet

559 3120 607 3164 et
635 3108 820 3181 dirigat
848 3126 1048 3181 gressus
1081 3125 1198 3164 suos
1223 3107 1433 3175 (Ierem.
1463 3125 1517 3179 x,
1543 3108 1656 3180 25).
1686 3108 1818 3162 llinc
1844 3116 1896 3165 et
1924 3108 1974 3162 in
2004 3108 2142 3163 Psal-

556 3201 661 3259 mis
681 3217 800 3256 cum
827 3201 1037 3273 quidam
1070 3201 1293 3261 dixisset
1318 3201 1448 3269 Deo,
1491 3198 1566 3253 Tu
1594 3200 1877 3271 prlecepisti
1903 3200 2142 3255 mandata

559 3304 649 3349 tua
677 3294 919 3353 custodiri
954 3296 1140 3361 nimis;
1176 3294 1433 3351 continuo
1461 3310 1567 3348 non
1595 3292 1662 3348 de
1699 3308 1758 3349 se
1784 3293 2138 3363 prtesumpsit,

556 3384 653 3441 sed
677 3385 879 3456 Optavit
899 3394 955 3440 ut
984 3384 1181 3441 faceret
1210 3402 1224 3439 :
1259 3382 1487 3450 Utinam,
1521 3383 1706 3454 inquit,
1738 3382 2023 3455 dirigantur
2049 3384 2144 3438 vita

555 3492 682 3533 mea:
702 3476 770 3529 ad
793 3474 1145 3530 custodiendas
1162 3474 1554 3549 justiﬁcationes
1575 3483 1688 3533 tuas
1713 3489 1732 3528 :
1761 3482 1881 3528 tunc
1901 3490 2001 3529 non
2022 3489 2143 3529 con—

555 3566 748 3637 {undar
766 3607 781 3632 ,
834 3566 955 3622 dum
999 3566 1212 3638 inspicio
1262 3565 1318 3621 in
1359 3566 1530 3620 omnia
1570 3565 1815 3620 mandata
1857 3574 1966 3620 tua.
2010 3564 2142 3634 Quis

556 3668 734 3716 autem
757 3669 906 3730 optat
932 3659 1073 3731 quod
1103 3660 1155 3714 in
1182 3667 1444 3729 potestate
1462 3658 1542 3717 sic
1561 3658 1742 3724 habet,
1765 3668 1824 3715 ut
1851 3657 1918 3713 ad
1942 3656 2141 3715 facien-

554 3749 686 3804 dum
703 3750 848 3804 nullo
869 3749 1100 3819 indigeat
1125 3748 1470 3823 adjumento?
1490 3750 1534 3804 A
1559 3764 1665 3819 quo
1684 3759 1862 3807 autem
1890 3748 1943 3803 id
1969 3757 2137 3819 optet,

555 3842 682 3911 quia
715 3857 820 3897 non
865 3856 895 3895 a
930 3840 1166 3902 fortuna.
1206 3840 1291 3896 vel
1328 3855 1359 3894 a
1406 3839 1534 3907 fato,
1565 3840 1649 3896 vel
1683 3855 1717 3896 a
1755 3840 1993 3911 quolibet
2035 3839 2142 3895 alio

560 3942 756 4007 prmter
796 3933 985 4000 Deum,
1033 3932 1086 3988 in
1139 3932 1589 4003 consequentibus
1643 3932 1775 3989 satis
1811 3931 2139 3993 ostendens:

568 4021 764 4079 Itinera
794 4039 924 4090 nica,
953 4023 1138 4093 inquit,
1167 4023 1331 4094 dirige
1365 4023 1639 4081 secundum
1665 4021 1866 4083 verbum
1908 4032 2066 4089 tuum,
2095 4030 2143 4076 et

560 4129 662 4167 non
686 4112 1006 4166 dominetur‘
1033 4112 1157 4167 mihi
1180 4113 1347 4167 omnis
1384 4112 1621 4184 iniquitas
1646 4111 1666 4185 (
1692 4111 1836 4167 Psal.
1867 4127 2053 4181 cxvm,
2084 4114 2138 4181 4,

558 4203 617 4268 5,
645 4201 699 4267 6,
731 4200 878 4275 155).
919 4202 1002 4258 Ab
1028 4202 1183 4274 hujus
1213 4206 1554 4258 exsecranda:
1579 4202 1998 4259 dominationis‘
2024 4220 2142 4260 ser-

560 4290 728 4344 vitute
773 4290 1084 4359 liberantur,
1133 4289 1323 4364 quibus
1348 4291 1602 4345 Dominus
1626 4289 1782 4347 Iesus
1835 4289 1981 4367 [eum
2007 4292 2145 4348 reci-

560 4371 828 4457 pientibus
849 4378 915 4457 ‘j,
946 4381 1091 4436 dedit
1119 4391 1434 4453 potestatem
1462 4381 1598 4437 ﬁlios
1626 4383 1719 4438 Dei
1749 4382 1865 4437 ﬁeri
1909 4382 2139 4453 (Joan.t,

565 4472 680 4543 12).
706 4471 786 4525 Ab
813 4471 910 4526 ista
948 4471 1213 4527 horrenda
1240 4471 1601 4528 dominatione
1621 4472 1880 4528 liberandi
1908 4472 2139 4543 fuerant,

559 4563 752 4635 quibus
796 4563 946 4629 dicit,
983 4563 1044 4618 Si
1068 4561 1349 4637 vosFilius
1378 4563 1680 4635 liberaverit,
1716 4573 1831 4617 tunc
1860 4581 1971 4624 vere
1998 4565 2143 4624 liberi

559 4656 702 4710 eritis
729 4652 838 4729 (td.
865 4672 981 4723 vm,
1023 4655 1136 4728 36).
1175 4655 1269 4713 llis
1310 4663 1471 4727 atque
1499 4655 1803 4726 hujusmodi
1832 4657 1949 4712 aliis
1985 4657 2143 4712 innu-

558 4749 903 4805 merabilibus
943 4748 1262 4806 testimoniis
1301 4748 1545 4807 dubitare
1582 4765 1689 4804 nun
1736 4764 1983 4819 possum,
2042 4765 2141 4806 nec

564 4839 729 4896 Deum
774 4840 973 4912 aliquid
1019 4841 1350 4913 impossibile
1390 4839 1594 4896 homini
1650 4842 1982 4912 praecepisse,
2044 4856 2141 4897 nec

563 4931 671 4991 Deo
714 4931 781 4986 ad
831 4933 1198 5002 epitulandum
1249 4942 1302 4989 et
1326 4931 1707 5007 adjuvandum,
1752 4948 1858 5004 quo
1883 4933 1973 4988 ﬁat
1998 4933 2141 5005 quod

559 5022 728 5094 jubet,
778 5023 1106 5092 impossibile
1145 5024 1343 5094 aliquid
1387 5039 1527 5080 esse.
1569 5025 1647 5079 Ac
1686 5039 1780 5094 per
1823 5022 1925 5079 hoc
1968 5034 2143 5095 potest

560 5112 740 5177 homo,
771 5112 817 5166 si
842 5113 991 5176 velit,
1016 5128 1137 5168 esse
1165 5115 1283 5169 sine
1310 5121 1551 5184 peccato,
1583 5113 1796 5184 adjutus
1824 5131 1855 5169 a
1886 5116 2017 5170 Deo.

630 5200 856 5259 CAPUT
884 5201 990 5257 VII.
1014 5233 1087 5249 ι·-
1112 5203 1165 5259 8.
1186 5202 1429 5260 Secunda
1471 5207 1678 5277 qurestio
1702 5247 1717 5271 ,
1745 5222 1812 5260 an
1853 5208 1918 5262 sit
1960 5207 2145 5274 aliquis

561 5293 710 5347 homo
735 5293 842 5347 sine
867 5303 1069 5365 peccato
1093 5295 1146 5349 in
1184 5294 1278 5347 hac
1308 5296 1427 5350 vita.
1453 5296 1511 5352 Si
1538 5306 1714 5353 autem
1741 5296 1881 5369 quod
1909 5297 2143 5353 secundo

559 5489 654 5599 πολ
677 5495 728 5545 In
750 5489 975 5541 euntibus
995 5498 1345 5556 manusm1ptts,
1366 5488 1510 5545 illum
1529 5499 1689 5545 atatem
1709 5499 1922 5558 tinum;
1944 5495 2139 5555 omisso,

624 5613 645 5681 ξ
676 5620 856 5681 omnes
873 5624 1076 5681 (ruratio)
1113 5621 1259 5681 quem
1284 5616 1591 5679 manusaipti
1615 5616 1693 5666 hic
1713 5618 1964 5680 omittunt,
1990 5631 2140 5681 posse.

626 5673 647 5703 ³
679 5680 806 5729 Mss,
832 5679 879 5723 ut
902 5686 995 5722 non
1017 5672 1304 5725 dominetur.

627 5734 647 5762 ⁸
683 5740 808 5782 l‘nus
828 5748 857 5784 e
882 5735 1114 5784 Vaticanis
1138 5743 1260 5793 Mss,
1286 5735 1509 5785 dominre.

627 5795 648 5824 ⁵
682 5793 729 5841 td
752 5796 892 5846 abest
915 5809 942 5844 α
960 5804 1062 5845 Mss.
1091 5796 1205 5845 Vide
1229 5798 1366 5858 intra,
1387 5811 1435 5845 η.
1459 5799 1534 5847 57.

1187 372 1276 427 DE
1314 370 1769 427 PECCATOHUM
1810 368 2081 425 MERITIS
2117 365 2205 421 ET
2245 364 2672 429 REMISSIONE,
2714 366 2770 421 S.
2811 366 3178 422 AUGUSTINI

3718 369 3821 426 156

2239 475 2355 530 loco
2382 491 2681 544 posueram,
2709 489 2973 551 quaeratur
3003 488 3177 535 utrum
3206 480 3302 544 sit',
3336 495 3455 541 esse
3482 495 3587 539 non
3632 482 3815 543 credo.

2240 568 2402 637 Magis
2425 569 2567 624 enim
2592 568 2754 625 credo
2781 568 3069 639 Scriptura:
3107 569 3323 638 dicenti,
3358 571 3441 627 Nc
3473 574 3628 628 intres
3660 573 3713 626 in
3727 575 3821 644 ju-

2239 658 2427 715 dicium
2454 674 2566 712 cum
2586 675 2726 714 servo
2749 668 2853 723 tuo,
2877 660 3113 730 quoniam
3134 677 3234 721 non
3245 662 3611 731 justiﬁcabitur
3629 664 3683 716 in
3700 679 3825 717 cono

2238 760 2410 818 specta
2434 759 2518 802 tuo
2539 749 2698 803 omnis
2726 750 2893 804 vivens
2925 749 3093 820 (Psal.
3123 766 3285 816 exul,
3311 750 3388 820 2).
3418 750 3488 805 Et
3514 750 3634 806 ideo
3661 752 3823 806 mise-

2239 840 2465 893 ricordia
2495 840 2586 894 Dei
2612 855 2744 910 Opus
2768 852 2851 895 est
2869 882 2881 906 ,
2913 856 3031 911 qua:
3055 843 3415 912 superexaltat
3438 843 3638 913 judicio
3658 885 3673 910 ,
3704 859 3824 913 qua:

2241 929 2312 983 illi
2347 932 2579 987 nouerit
2619 933 2709 1001 qui
2753 948 2858 986 non
2902 933 3031 988 facit
3073 934 3494 989 misericordiam
3527 933 3733 1005 (Jacobi
3761 951 3820 1002 ιι,

2241 1021 2352 1092 15).
2386 1022 2449 1075 Et
2468 1022 2607 1092 quod
2630 1023 2882 1091 prephcta
2901 1039 3021 1083 cum
3050 1023 3270 1090 diceret,
3299 1023 3439 1091 Dixi,
3472 1023 3825 1078 Pronuntiabo

2240 1113 2477 1169 adversus
2527 1129 2605 1167 me
2647 1113 2882 1168 delictum
2929 1132 3093 1171 meum
3135 1116 3372 1183 Domino,
3418 1127 3465 1172 et
3505 1126 3559 1170 tu
3585 1117 3825 1171 dimisisti

2239 1203 2542 1272 impietatem
2579 1205 2743 1259 cordis
2789 1206 2921 1271 mei;
2967 1206 3221 1261 continuo
3257 1207 3561 1277 subjunxit,
3600 1206 3702 1261 Pro
3727 1206 3825 1260 hac

2241 1295 2399 1347 orabit
2429 1294 2496 1349 ad
2520 1304 2568 1348 te
2593 1299 2757 1351 anulis
2780 1308 2983 1355 sanctus
3008 1299 3060 1350 in
3090 1309 3311 1367 tempore
3338 1311 3622 1369 Opportuna
3650 1298 3822 1367 (Psal.

2241 1399 2388 1450 xxxx,
2420 1383 2474 1449 5,
2508 1381 2584 1455 6).
2631 1384 2747 1439 Non
2788 1402 2917 1456 ergo
2961 1389 3134 1443 omnis
3176 1399 3459 1458 peccator,
3508 1390 3602 1446 sed
3647 1392 3826 1446 omnis

2240 1484 2454 1531 sanctus
2486 1491 2500 1526 :
2533 1489 2632 1529 vox
2659 1475 2800 1530 enim
2842 1487 3146 1535 sanctorum
3176 1487 3278 1546 est,
3314 1479 3373 1535 Si
3403 1482 3681 1539 dixerimus
3706 1482 3826 1552 quia

2242 1574 2499 1634 peccatum
2522 1581 2623 1618 non
2654 1565 2892 1620 habemus
2917 1609 2930 1632 ,
2960 1584 3050 1622 nos
3074 1569 3211 1639 ipsos
3239 1568 3540 1641 decipimus,
3571 1581 3615 1625 et
3642 1573 3826 1626 ueritas

2241 1655 2292 1708 in
2320 1654 2461 1709 nobis
2489 1672 2586 1710 non
2617 1666 2690 1711 est
2729 1656 2770 1729 (Ι
2789 1656 2946 1711 Joan.
2977 1674 3013 1724 ι,
3045 1656 3121 1730 8).
3163 1658 3316 1714 Unde
3340 1659 3395 1714 in
3423 1659 3663 1730 ejusdem
3689 1676 3823 1732 apo-

2242 1745 2362 1798 stoli
2391 1745 2742 1817 Apocalypsi,
2774 1747 2859 1800 illa
2902 1758 3103 1802 centum
3140 1749 3479 1821 quadraginta
3520 1760 3568 1806 et
3603 1763 3829 1823 quatuor

2243 1836 2403 1889 millia
2422 1845 2747 1903 sanctorum,
2770 1839 2854 1908 qui
2880 1855 2933 1892 se
2951 1856 3065 1892 cum
3086 1838 3380 1895 mulieribus
3405 1858 3506 1894 non
3528 1842 3828 1914 coinquina-

2242 1937 2417 1982 vcrunt
2440 1970 2453 1994 ,
2486 1930 2701 2000 virgines
2736 1931 2866 1987 cnim
2891 1943 3306 2000 permanserunt;
3337 1941 3384 1988 et
3413 1950 3513 1987 non
3537 1943 3609 1988 est
3646 1935 3826 1988 inven-

2243 2027 2349 2072 tum
2391 2020 2444 2073 in
2482 2036 2569 2074 ore
2612 2037 2783 2074 eorum
2825 2022 3172 2090 mendacium,
3204 2023 3329 2094 quia
3367 2024 3830 2095 irreprehensibiles

2243 2120 2356 2162 sunt
2377 2110 2557 2182 (Apoc.
2580 2126 2690 2173 xw,
2710 2111 2743 2167 tl
2759 2121 2805 2165 et
2825 2111 2882 2184 5)
2907 2111 2982 2183 (a)
3003 2127 3018 2178 ;
3044 2115 3278 2182 proiecto
3299 2114 3417 2171 ideo
3441 2115 3831 2185 irreprehensi-

2245 2203 2376 2256 biles
2400 2212 2555 2271 sunt,
2586 2202 2707 2273 quia
2747 2219 2807 2258 se
2850 2205 2993 2273 ipsos
3042 2206 3300 2273 veraciter
3328 2208 3826 2276 reprehenderunt:

2246 2305 2295 2350 et
2325 2295 2445 2349 ideo
2484 2310 2586 2350 non
2618 2306 2699 2351 est
2730 2297 3002 2352 inventum
3034 2297 3084 2351 in
3116 2311 3209 2352 ore
3250 2312 3435 2353 eorum
3468 2299 3824 2365 mendacium,

2246 2389 2366 2457 quia
2388 2387 2431 2441 si
2458 2387 2695 2443 dicerent
2718 2403 2776 2444 se
2806 2400 3080 2460 peccatum
3103 2404 3207 2445 non
3233 2389 3449 2455 habere,
3477 2405 3534 2449 sc
3566 2392 3708 2461 ipsos
3735 2391 3831 2446 de-

2247 2479 2504 2548 cipcrcnt,
2535 2489 2588 2537 et
2618 2481 2811 2537 veritas
2842 2481 2892 2538 in
2924 2481 3002 2536 eis
3028 2497 3131 2541 non
3158 2492 3332 2549 esset;
3364 2493 3419 2538 et
3450 2484 3629 2554 utique
3672 2500 3831 2541 tuen-

2246 2567 2454 2625 daciqu
2481 2580 2656 2634 esset,
2690 2570 2776 2626 ubi
2803 2571 2997 2628 veritas
3026 2586 3131 2626 non
3166 2580 3308 2627 esset
3334 2591 3347 2627 ε
3377 2574 3624 2642 quoniam
3652 2572 3832 2644 justus

2246 2675 2366 2716 cum
2383 2662 2432 2715 in
2455 2663 2719 2718 sermonis
2735 2661 2953 2718 exordio
2972 2673 3250 2720 accusator
3270 2664 3351 2719 sui
3370 2674 3450 2720 est
3472 2662 3651 2735 (Prov.
3677 2681 3831 2731 xvtn,

2250 2752 2361 2825 l7),
2394 2767 2499 2808 non
2527 2754 2709 2823 utique
2736 2755 3009 2809 mentitur.

2318 2844 2371 2899 9.
2412 2848 2490 2898 Ac
2515 2859 2611 2914 per
2641 2845 2739 2899 hoc
2763 2844 2816 2901 in
2845 2860 2909 2901 eo
2934 2844 3075 2917 quod
3100 2844 3353 2916 scriptum
3381 2855 3463 2901 est
3486 2888 3501 2915 ,
3536 2846 3635 2915 Qui
3673 2856 3828 2902 natus

2247 2946 2320 2992 est
2343 2954 2409 2992 ea:
2434 2939 2562 3005 Deo,
2589 2954 2690 2993 non
2729 2948 2919 3008 peccat,
2950 2948 2994 2995 et
3026 2955 3123 2997 non
3155 2948 3312 3009 potest
3339 2956 3562 3007 peccare,
3595 2941 3715 3010 quia
3744 2958 3829 2997 se.

2247 3046 2360 3084 mea
2379 3029 2490 3100 ejus
2515 3029 2567 3083 in
2590 3032 2699 3100 ipso
2726 3040 2891 3083 manet
2918 3028 2959 3099 (l
2983 3028 3139 3082 Joan.
3164 3045 3241 3095 Ill,
3270 3029 3359 3100 9);
3391 3029 3509 3089 etsi
3536 3030 3659 3100 quid
3686 3030 3830 3084 aliud

2247 3135 2317 3176 eo
2344 3119 2504 3175 modo
2528 3117 2725 3173 dictum
2753 3128 2856 3185 est,
2889 3119 3110 3174 multum
3136 3119 3394 3173 falluntur
3432 3120 3608 3174 minus
3652 3121 3833 3176 θαλεί-

2248 3209 2484 3264 derando
2510 3209 2827 3279 Scripturas.
2862 3208 2975 3264 Non
2999 3209 3142 3265 enim
3167 3208 3475 3273 advertunt,
3498 3223 3562 3265 eo
3586 3223 3831 3279 quosque

2248 3300 2361 3356 ﬁeri
2393 3299 2528 3353 ﬁlios
2555 3299 2680 3364 Dei,
2723 3315 2830 3370 quo
2867 3314 2987 3354 esse
3026 3299 3283 3370 incipiunt
3321 3299 3373 3359 in
3402 3299 3638 3359 novitate
3671 3300 3833 3370 spiri-

2251 3401 2367 3458 tus;
2398 3403 2451 3447 et
2477 3391 2720 3449 renovari
2749 3391 2800 3449 in
2838 3390 3142 3447 interiorem
3180 3391 3451 3449 hominem
3479 3391 3497 3426 ί
3525 3391 3831 3449 secundum

2249 3482 2531 3554 imaginem
2556 3481 2673 3552 ejus
2714 3482 2803 3552 qui
2845 3481 3045 3537 creavit
3083 3496 3176 3537 eos
3213 3479 3431 3552 (Coloss.
3463 3497 3540 3547 tu,
3571 3481 3684 3555 10).
3710 3480 3830 3538 Non

2247 3574 2391 3629 enim
2425 3588 2491 3629 ex
2525 3587 2628 3643 qua
2668 3571 2801 3631 hora
2845 3574 3067 3642 quisque
3113 3572 3429 3641 baptizatur,
3475 3571 3652 3626 omnis
3676 3579 3829 3629 vetus

2248 3663 2528 3721 inﬁrmitas
2548 3661 2665 3734 ejus
2691 3661 2988 3719 absumitur
3018 3678 3031 3714 :
3060 3660 3155 3717 sed
3184 3661 3460 3716 renovatio
3489 3658 3674 3731 incipit
3695 3674 3727 3714 a
3754 3676 3835 3716 re

2248 3754 2504 3809 missione
2527 3753 2764 3809 omnium
2792 3760 3152 3823 peccatorum,
3175 3760 3229 3807 et
3248 3751 3301 3805 in
3328 3760 3581 3829 quantum
3607 3750 3834 3823 quisque

2249 3845 2541 3916 spiritualia
2568 3845 2740 3915 sapit,
2769 3844 2860 3916 qui
2893 3843 3004 3914 jam
3032 3844 3171 3914 sapit
3189 3846 3232 3897 '.
3262 3843 3469 3900 Caetera
3495 3858 3623 3898 vero
3652 3843 3703 3897 in
3736 3857 3834 3912 Spe

2249 3935 2387 3991 facta
2414 3942 2561 4001 sunt,
2590 3933 2762 3990 donec
2788 3933 2947 3990 etiam
2974 3933 3028 3988 in
3054 3948 3112 3988 re
3142 3933 3298 3997 ﬁant,
3348 3947 3514 4003 usque
3556 3932 3622 3988 ad
3666 3931 3833 4002 ipsius

2249 4025 2490 4097 corporis
2516 4025 2916 4081 renovationem
2947 4025 3000 4079 in
3031 4024 3305 4079 meliorem
3327 4032 3521 4079 statum
3549 4022 3833 4077 immorta-

2249 4121 2414 4177 litatis
2428 4128 2481 4174 et
2500 4118 2930 4191 incorruptionis,
2952 4132 3054 4189 qua
3073 4116 3354 4172 induemur
3369 4116 3420 4170 in
3440 4114 3836 4171 resurrectione

2248 4221 2599 4271 mortuorum.
2629 4210 2762 4269 Nam
2786 4219 2840 4267 et
2869 4211 3036 4280 ipsam
3076 4209 3334 4269 Dominus
3370 4207 3833 4281 regenerationem

2248 4314 2433 4371 vocat,
2463 4318 2568 4359 non
2616 4304 2797 4373 utique
2834 4302 2993 4358 talem
3036 4302 3206 4373 qualis
3254 4300 3312 4355 ﬁt
3354 4316 3451 4371 per
3481 4300 3832 4371 Baptismum,

2250 4394 2344 4457 sed
2375 4395 2427 4451 in
2452 4410 2553 4464 qua
2574 4395 2734 4450 etiam
2764 4394 2817 4448 in
2844 4408 3069 4463 corpore
3088 4392 3390 4464 perﬁcietur
3409 4391 3549 4462 quod
3570 4405 3711 4446 nunc
3723 4390 3832 4461 spi-

2249 4486 2353 4545 ritu
2395 4485 2693 4541 lnchoatur.
2729 4483 2798 4539 In
2832 4485 3242 4555 regeneratione,
3270 4484 3469 4552 inquit,
3503 4499 3618 4535 cum
3644 4482 3834 4541 sederit

2251 4576 2420 4635 Filius
2449 4577 2667 4631 hominis
2695 4578 2747 4630 in
2773 4575 2890 4632 sede
2913 4574 3193 4645 majestatis
3220 4590 3344 4639 sure,
3387 4572 3618 4627 sedcbitis
3663 4581 3709 4626 et
3746 4588 3837 4631 vos

2250 4686 2400 4740 super
2427 4668 2691 4723 duodecim
2712 4667 2871 4732 sedes,
2892 4666 3182 4737 judicantes
3203 4665 3465 4719 duodecim
3487 4663 3643 4717 tribus
3666 4659 3837 4719 Israel

2255 4759 2464 4832 (Matth.
2492 4774 2602 4820 XIX,
2632 4757 2746 4831 28).
2792 4756 2923 4817 Nam
2966 4757 3018 4812 in
3065 4755 3334 4825 Baptismo
3357 4754 3600 4825 quamvis
3630 4761 3738 4806 tota
3781 4762 3839 4806 et

2250 4852 2407 4922 plena
2454 4851 2542 4905 ﬁat
2592 4850 2837 4908 remissio
2886 4857 3259 4919 peccatorum,
3304 4855 3477 4901 tamen
3505 4845 3547 4900 si
3579 4845 3837 4901 continuo

2252 4951 2359 4999 tota
2391 4952 2443 4999 et
2472 4943 2624 5019 plena
2669 4941 2828 4999 etiam
2860 4940 3090 4999 hominis
3110 4940 3131 4971 ³
3161 4940 3214 4995 in
3258 4947 3513 4993 mternam
3546 4936 3836 4991 novitatem

2251 5034 2473 5089 mutatio
2503 5033 2652 5087 ﬁeret
2676 5072 2689 5095 ,
2722 5047 2826 5086 non
2857 5030 2979 5086 dico
3005 5040 3061 5085 et
3102 5029 3155 5090 in
3205 5043 3451 5099 corpore,
3492 5026 3635 5098 quod
3683 5034 3837 5082 certe

2250 5123 2589 5183 manifestum
2615 5131 2698 5178 est
2721 5122 2896 5181 adhuc
2918 5121 2971 5176 in
2994 5130 3225 5181 veterem
3253 5120 3648 5190 corruptionem
3674 5128 3839 5188 atque

2252 5216 2304 5275 in
2361 5222 2590 5273 mortem
2642 5212 2903 5277 tendere,
2951 5212 3003 5266 in
3060 5212 3164 5268 ﬁne
3209 5222 3392 5282 postea
3444 5209 3835 5276 rcnomndum,

2251 5304 2464 5377 quando
2493 5320 2617 5360 vere
2644 5312 2749 5360 leta
2780 5303 2985 5365 novitas
3011 5303 3113 5358 erit
3148 5322 3163 5357 :
3202 5303 3297 5361 sed
3323 5310 3546 5373 excepto
3574 5316 3802 5371 corpore
3821 5342 3839 5369 ,

2253 5396 2295 5457 si
2345 5396 2397 5452 in
2440 5395 2554 5465 ipso
2596 5394 2776 5455 animo
2819 5394 2907 5465 qui
2939 5402 3020 5448 est
3052 5392 3211 5448 homo
3239 5393 3481 5457 interior,
3512 5391 3753 5463 perlecta
3785 5390 3839 5443 in

2318 5557 2333 5588 ί
2370 5562 2476 5605 Lov.
2513 5564 2563 5605 et
2590 5556 2773 5619 aliquot
2802 5565 2930 5619 Mss,
2962 5553 3486 5619 renovareinteriorem
3510 5551 3766 5619 hominem.

2316 5619 2336 5649 ²
2370 5625 2493 5675 Post,
2517 5616 2600 5680 qui
2618 5616 2720 5675 iam
2740 5618 2882 5681 sapit,
2910 5621 2955 5666 in
2977 5619 3120 5667 editis
3151 5617 3390 5679 adjectum
3426 5617 3614 5681 fuerat.
3648 5616 3698 5665 in
3731 5623 3832 5666 tan-

2254 5684 2356 5727 tum
2378 5687 2644 5730 renovatur.
2681 5681 2726 5729 td
2753 5680 2871 5730 vero
2890 5694 2985 5729 non
3009 5687 3169 5729 exstat
3194 5681 3243 5733 in
3266 5680 3618 5741 manuscriptis.

2320 5741 2340 5809 ξ
2374 5748 2473 5809 pne
2498 5749 2732 5809 itss.,non
2754 5742 2927 5809 atinas.
2982 5801 2991 5809 .
3028 5801 3036 5809 ε

2321 5803 2392 5863 (α)
2417 5810 2594 5865 ωηερε,
2614 5806 2815 5855 (υνεόηωὶ
2838 5816 2924 5868 gar
2948 5803 3054 5854 eisi.
