4164 6518
294 407 386 464 137
1604 386 1806 444 LIBER
1846 381 2218 439 SECUNDUS.
2312 426 2317 431 .

294 520 565 592 Baptismo
608 518 824 573 novitas
864 514 1042 577 ﬁeret,
1088 526 1192 565 non
1233 508 1438 563 diceret
1466 504 1789 575 Apostolus,
1818 495 1890 551 Et

291 615 331 670 si
375 591 596 668 exterior
653 609 806 664 homo
857 615 1026 661 noster
1073 599 1412 671 corrumpitur
1446 637 1463 663 ,
1524 595 1613 650 sed
1671 591 1884 646 interior

289 712 558 760 renouatur
600 700 665 755 de
705 700 791 754 die
827 698 880 752 in
919 696 1052 750 diem
1089 693 1152 766 (ιι
1172 690 1292 749 Cor.
1338 705 1428 756 tv,
1475 686 1587 760 i6).
1637 682 1883 741 Profecto

288 795 429 853 enim
468 794 560 865 qui
609 793 681 848 de
725 791 814 846 die
846 790 899 846 in
935 789 1078 845 diem
1107 785 1283 841 adhuc
1307 791 1614 846 renovatur,
1644 776 1882 833 nondum

292 898 430 943 totus
468 892 554 941 est
603 893 896 940 renovatus
921 882 939 913 ¹
969 900 982 936 :
1014 889 1069 936 et
1115 879 1168 934 in
1215 885 1473 948 quantum
1518 870 1756 928 nondum
1798 876 1884 923 est

289 987 576 1037 renovatus
598 1019 616 1044 ,
638 981 709 1031 in
738 983 942 1031 tantum
986 973 1163 1029 adhuc
1192 972 1243 1025 in
1272 977 1538 1025 vetustate
1562 974 1663 1022 est.
1700 963 1886 1019 Proin-

285 1072 354 1130 de
397 1089 462 1128 ex
508 1072 612 1127 hoc
655 1069 798 1139 quod
847 1067 1025 1123 adhuc
1077 1067 1131 1120 in
1179 1070 1440 1118 vetustate
1491 1068 1636 1125 sunt,
1689 1070 1880 1128 quam-

284 1165 366 1218 vis
385 1163 497 1232 jam
524 1160 800 1231 baptizati,
825 1175 889 1213 ex
912 1158 1014 1212 hoc
1038 1156 1197 1211 etiam
1224 1154 1400 1209 adhuc
1418 1160 1542 1206 sunt
1565 1150 1655 1204 ﬁlii
1678 1147 1881 1204 saeculi.

287 1253 364 1310 Ex
397 1253 501 1309 hoc
529 1262 708 1307 autem
740 1251 883 1321 quod
923 1250 975 1305 in
1024 1249 1260 1303 novitate
1303 1253 1426 1300 sunt
1452 1247 1494 1309 ',
1544 1245 1645 1296 hoc
1671 1250 1882 1305 est,'ex

287 1347 443 1417 plena
472 1354 525 1399 et
556 1344 784 1413 perfecta
811 1341 1127 1397 remissione
1145 1348 1508 1410 peccatorum,
1528 1344 1883 1406 etquantum-

284 1454 517 1510 cumque
560 1437 687 1492 illud
731 1446 819 1492 est
860 1434 1003 1507 quod
1048 1433 1397 1503 spiritualiter
1440 1431 1672 1500 sapiunt,
1726 1427 1884 1495 eique

283 1546 557 1602 congruos
583 1543 757 1584 mores
780 1536 964 1599 agunt,
990 1525 1083 1580 ﬁlii
1111 1525 1203 1580 Dei
1232 1532 1372 1579 sunt.
1395 1521 1716 1576 lntrinsccus
1739 1518 1886 1574 enim

284 1623 534 1678 exuimus
581 1630 817 1676 veterem
865 1618 1136 1674 hominem
1163 1658 1179 1683 ,
1234 1626 1290 1671 et
1332 1615 1602 1670 induimus
1645 1625 1881 1666 novum:

282 1713 540 1783 quoniam
568 1712 638 1766 ibi
668 1711 990 1780 deponimus
1021 1706 1355 1763 mendacium
1378 1747 1392 1771 ,
1422 1714 1477 1760 et
1501 1703 1767 1774 loquimur
1796 1715 1886 1754 ve-

285 1805 522 1869 ritatem,
556 1811 610 1857 et
649 1804 842 1857 e-‘elera
871 1802 1063 1872 quibus
1089 1798 1376 1869 Apostolus
1403 1796 1632 1866 explicat
1657 1792 1782 1864 quid
1813 1790 1886 1847 sit

283 1894 409 1950 exui
440 1903 673 1949 veterem
709 1892 980 1947 hominem
1004 1933 1020 1958 ,
1049 1902 1102 1945 et
1128 1889 1276 1944 indui
1304 1904 1498 1944 novum
1516 1930 1531 1955 ,
1559 1886 1650 1956 qui
1693 1900 1886 1940 secun-

282 1986 413 2040 dum
450 1986 613 2039 Deum
642 1989 853 2038 creatus
880 1991 963 2036 est
988 1982 1041 2035 in
1065 1979 1271 2050 justitia
1299 1989 1356 2034 et
1383 1978 1666 2033 sanctitate
1692 1975 1885 2030 verita-

286 2079 352 2134 tis
384 2076 603 2150 (Ephcs.
633 2093 706 2141 tv,
736 2075 956 2145 22-24).
990 2075 1053 2129 Et
1078 2073 1182 2128 hoc
1226 2081 1283 2127 ut
1320 2070 1547 2137 faciant,
1571 2070 1681 2141 jam
1712 2068 1886 2137 bapti-

283 2179 437 2226 zatos
479 2168 774 2239 ﬁdelesque
822 2165 1178 2221 adhortatur:
1227 2161 1368 2234 quod
1411 2161 1589 2217 adhuc
1630 2158 1883 2214 monendi

285 2276 391 2317 non
424 2268 643 2323 essent,
675 2259 720 2313 si
751 2258 855 2314 hoc
893 2257 944 2311 in
978 2256 1251 2326 Baptismo
1271 2254 1381 2324 jam
1406 2250 1649 2324 perfecte
1690 2251 1885 2304 factum

283 2362 430 2408 esset
456 2369 469 2404 :
492 2360 550 2406 et
574 2360 751 2406 tamen
780 2351 974 2404 factum
994 2356 1097 2414 est,
1131 2346 1271 2402 sicut
1297 2352 1353 2400 et
1373 2344 1505 2399 salvi
1533 2341 1653 2397 facti
1676 2356 1882 2397 sumus.

284 2448 475 2505 Salvos
502 2448 646 2502 enim
676 2462 768 2500 nos
795 2445 913 2517 fecit
934 2461 1025 2515 per
1050 2444 1306 2498 lavacrum
1331 2441 1723 2514 regenerationis
1754 2437 1880 2509 (Tit.

282 2556 357 2603 ιιι,
386 2539 471 2610 5).
495 2537 600 2594 Sed
632 2538 739 2592 alio
764 2536 1046 2601 locodicit,
1071 2533 1519 2605 quemadmodum
1554 2532 1655 2586 hoc
1684 2530 1882 2586 factum

280 2641 381 2688 est.
419 2630 544 2683 Non
569 2628 754 2691 solum,
787 2628 997 2699 inquit,
1029 2627 1117 2680 sed
1162 2628 1313 2680 etiam
1357 2642 1447 2679 nos
1490 2625 1591 2696 ipsi
1633 2622 1885 2694 primitias

280 2723 527 2776 habentes
550 2721 761 2791 spiritus
800 2731 844 2773 et
871 2720 970 2790 ipsi
996 2720 1048 2773 in
1077 2718 1447 2788 nobismetipsis
1476 2716 1881 2787 ingemiscimus,

280 2814 613 2883 adoptionem
653 2820 998 2881 exspectantes
1018 2852 1032 2875 ,
1075 2809 1468 2880 redemptionem
1512 2807 1740 2877 corporis
1786 2823 1881 2860 no-

278 2905 388 2959 stri.
429 2902 539 2974 Spe
566 2905 699 2957 enim
730 2903 859 2957 salvi
901 2902 1023 2971 facti
1055 2917 1252 2956 smnus.
1279 2899 1410 2970 Spes
1448 2909 1617 2953 autem
1652 2914 1767 2968 qua
1806 2898 1891 2951 ui-

279 2997 452 3058 detur.
478 3012 581 3050 non
614 3003 685 3050 est
710 3010 825 3063 spes
847 3009 865 3049 :
887 2995 1022 3064 quod
1049 2993 1180 3047 enim
1207 2992 1337 3047 uidet
1357 2992 1490 3061 quis,
1529 2991 1652 3062 quid
1678 2997 1845 3062 sperat
1861 2990 1887 3043 .’

282 3086 340 3141 Si
380 3095 560 3139 autem
608 3084 746 3154 quod
788 3100 890 3137 non
918 3083 1143 3137 uidemus
1170 3098 1449 3153 speramus,
1481 3098 1569 3152 per
1592 3082 1885 3153 patientiam

277 3184 638 3245 exspectamus
669 3172 843 3243 (Rom.
877 3188 1001 3238 vnt,
1033 3171 1249 3243 εἶθ-25).

342 3266 582 3323 CAPUT
624 3266 757 3321 Vill.
778 3296 851 3306 —
878 3266 963 3321 i0.
991 3265 1242 3336 Perfectio
1263 3264 1483 3334 quando.
1507 3262 1735 3334 Adoptio
1758 3276 1886 3332 ergo

280 3363 432 3434 plena
466 3362 699 3416 ﬁliorum
725 3360 777 3415 in
805 3359 1173 3430 redemptione
1204 3358 1294 3413 ﬁet
1317 3358 1477 3412 etiam
1516 3355 1758 3426 corporis
1788 3371 1884 3410 no.

281 3456 393 3511 stri.
429 3454 708 3509 Primitias
750 3454 929 3523 itaque
973 3452 1193 3521 spiritus
1228 3464 1371 3505 nunc
1414 3449 1672 3504 habemus
1697 3488 1713 3514 ,
1743 3447 1885 3503 unde

276 3547 383 3616 jam
411 3546 515 3601 ﬁlii
547 3545 640 3599 Dei
671 3542 1001 3619 reipsajacti
1030 3557 1218 3598 sumus
1245 3557 1259 3594 :
1295 3542 1347 3596 in
1378 3541 1587 3596 ca'teris
1618 3554 1750 3595 vero
1788 3552 1885 3609 spe

283 3640 415 3694 sicut
437 3637 578 3694 salvi
600 3679 616 3703 ,
643 3635 784 3693 sicut
814 3634 1069 3701 innovati,
1104 3635 1174 3689 ita
1218 3642 1275 3690 et
1316 3633 1406 3688 lilii
1447 3633 1580 3698 Dei;
1609 3647 1669 3687 re
1707 3640 1883 3686 autem

283 3732 393 3802 ipsa
424 3730 558 3802 quia
588 3728 825 3785 nondum
855 3728 1007 3795 salvi,
1036 3727 1157 3784 ideo
1178 3727 1413 3782 nondum
1442 3727 1599 3798 plene
1625 3726 1880 3791 innovati,

283 3823 525 3878 nondum
567 3822 729 3877 etiam
772 3819 863 3874 lilii
890 3819 1019 3887 Dei,
1063 3819 1158 3875 sed
1198 3818 1295 3873 ﬁlii
1331 3819 1534 3875 saeculi.
1567 3818 1885 3874 Proﬁcimus

283 3931 409 3991 ergo
454 3917 515 3969 in
548 3913 948 3969 renovationem
982 3912 1278 3984 iustamque
1300 3912 1465 3967 vitam
1494 3927 1592 3982 per
1614 3908 1757 3983 quod
1791 3911 1883 3966 ﬁlii

284 4004 377 4060 Dei
404 4019 622 4070 sumus,
648 4013 704 4058 et
725 4018 819 4073 per
841 4004 942 4057 hoc
963 4016 1186 4072 peccare
1205 4001 1422 4056 omnino
1446 4016 1552 4055 non
1572 4015 1881 4071 possumus,

282 4096 451 4153 donec
474 4104 650 4150 totum
686 4098 739 4149 in
768 4094 869 4150 hoc
897 4101 1300 4161 transmutetur,
1334 4093 1493 4147 etiam
1534 4092 1664 4147 illud
1692 4090 1836 4162 quod
1862 4090 1884 4124 ³

281 4189 453 4245 adhuc
488 4188 583 4244 ﬁlii
611 4187 792 4242 s-rculi
836 4203 1022 4242 sumus
1053 4205 1067 4240 :
1095 4201 1194 4258 per
1234 4187 1338 4240 hoe
1378 4186 1520 4240 enim
1567 4192 1623 4240 et
1660 4198 1885 4256 peccare

280 4282 451 4339 adhuc
478 4296 789 4352 possumus.
824 4281 899 4335 ita
937 4279 996 4334 ﬁt
1036 4288 1095 4336 ut
1132 4287 1186 4334 et
1224 4280 1312 4350 qui
1345 4285 1499 4333 natus
1533 4285 1709 4333 estex
1748 4277 1880 4344 Deo,

282 4389 385 4428 non
411 4380 640 4444 peccet;
663 4381 717 4427 et
738 4372 780 4427 si
803 4371 1096 4427 dixerimus
1122 4371 1245 4442 quia
1277 4378 1550 4440 peccatum
1584 4385 1688 4424 non
1712 4367 1884 4423 habeo

281 4479 417 4531 mus,
447 4480 557 4519 nos
585 4463 730 4533 ipsos
759 4461 1088 4531 decipiemus
1106 4502 1122 4528 ,
1150 4471 1204 4516 et
1227 4461 1426 4516 veritas
1460 4475 1568 4535 non
1593 4460 1663 4515 sit
1700 4460 1752 4515 in
1780 4473 1882 4514 no-

284 4555 380 4612 bis.
405 4557 778 4611 Consumetur
806 4569 935 4626 ergo
962 4553 1103 4626 quod
1144 4553 1237 4610 ﬁlii
1274 4554 1450 4610 carnis
1476 4563 1531 4609 ct
1567 4553 1747 4609 saeculi
1784 4569 1881 4609 su-

281 4662 418 4715 mus,
445 4655 512 4704 et
533 4646 839 4716 perﬁcietur
864 4645 1006 4716 quod
1036 4645 1130 4700 ﬁlii
1173 4646 1268 4701 Dei
1308 4654 1363 4701 et
1408 4646 1598 4715 spiritu
1639 4644 1879 4699 renovati

280 4754 487 4793 sumus.
508 4737 662 4794 Unde
682 4737 824 4792 idem
851 4736 1107 4804 Joannes,
1133 4736 1477 4803 Dilectissimi,
1495 4738 1685 4809 inquit,
1710 4755 1844 4792 nunc
1860 4736 1882 4769 ⁸

279 4830 373 4898 ﬁlii
396 4829 494 4885 Dei
520 4846 725 4896 sumus,
756 4839 802 4883 et
822 4829 1049 4884 nondum
1089 4832 1329 4903 apparuit
1352 4831 1474 4903 quid
1499 4831 1703 4885 erimus.
1745 4828 1881 4898 Quid

281 4933 358 4979 est
380 4924 506 4991 hoc,
539 4940 719 4979 sumus
742 4932 796 4978 ct
823 4924 1044 4988 erimus;
1068 4924 1165 4978 nisi
1191 4924 1312 4995 quia
1334 4938 1519 4979 sumus
1546 4924 1597 4978 in
1627 4938 1744 4995 spe,
1771 4923 1881 4978 eri-

282 5032 398 5073 mus
424 5019 479 5073 in
512 5018 618 5072 rei
644 5016 776 5071 Nam
816 5017 1078 5093 sequitur,
1110 5026 1160 5073 et
1189 5017 1337 5081 dicit,
1366 5016 1569 5072 Scimus
1605 5018 1726 5089 quia
1766 5033 1883 5070 cum

277 5112 599 5180 apparuerit,
630 5110 823 5165 similes
867 5110 915 5164 ci
949 5110 1159 5177 erimus,
1187 5110 1425 5182 quoniam
1452 5108 1725 5165 uidebimus
1767 5126 1881 5164 eum

279 5200 425 5255 sicuti
448 5211 525 5256 est
556 5199 599 5275 (l
628 5199 789 5255 Joan.
820 5216 897 5263 ιιι.
927 5199 1006 5273 2).
1028 5200 1181 5263 Nunc
1209 5202 1336 5273 ergo
1363 5209 1418 5256 ct
1442 5201 1492 5257 ei
1530 5201 1733 5258 similes
1758 5217 1881 5258 esse

276 5290 382 5360 jam
407 5293 996 5372 cmpimusnprimitias
1036 5293 1293 5349 habentes
1319 5294 1578 5366 spiritus;
1611 5304 1664 5350 et
1701 5294 1880 5350 adhuc

278 5380 569 5437 dissimiles
594 5399 803 5448 sumus,
840 5398 936 5452 per
963 5383 1213 5454 reliquias
1238 5384 1537 5439 vetustatis.
1568 5385 1798 5441 Proinde
1824 5387 1877 5439 in

277 5483 535 5543 quantum
558 5475 764 5531 similes
784 5516 799 5541 ,
836 5475 887 5529 in
918 5484 1124 5531 tantum
1156 5486 1508 5547 regeneraute
1549 5477 1737 5548 spiritu
1785 5481 1875 5533 lilii

340 5566 357 5597 ι
393 5572 443 5615 ω
475 5568 706 5617 erunibus
740 5580 897 5632 prope
933 5574 1039 5619 Mss.
1062 5567 1227 5629 deest,
1252 5574 1298 5621 et
1340 5568 1392 5621 in
1413 5575 1643 5633 quantum
1664 5574 1878 5625 nondum

273 5633 342 5677 est
363 5636 632 5677 renouatus.

336 5636 632 5680 trementia.

336 5691 356 5754 ξ
390 5689 582 5754 alttht
605 5699 698 5754 Mss
719 5729 734 5751 ,
760 5698 890 5754 quod
915 5687 1124 5743 inaurati
1142 5698 1268 5745 stult.

331 5751 358 5843 :
391 5751 673 5813 F1liti,t'ttud
696 5751 785 5818 pet;
809 5753 957 5827 quod.
985 5756 1149 5825 abest,
1171 5769 1277 5827 per,
1315 5768 1343 5805 a
1368 5762 1473 5807 Mss.

374 5821 554 5843 Manna
579 5829 840 5843 ηαλμ-..οη-η.
862 5823 894 5843 Ι.
949 5825 963 5843 1
984 5816 1249 5843 ίιηιιοηηιηιηὲ
1292 5819 1439 5843 ζ..ι...ξι
1489 5817 1573 5843 II”:
1600 5822 1678 5843 ..Α

275 5816 558 5927 on:
579 5816 842 5880 "laliiISCi'lj
862 5817 916 5877 ti,
944 5816 1262 5880 Lilcrtissimi,
1292 5819 1461 5883 inquit,
1481 5817 1573 5884 ﬁlii
1592 5822 1678 5876 Dei
1695 5837 1875 5884 sumus,

408 5890 413 5893 ‘
453 5911 469 5931 .
545 5890 639 5927 mc.

3488 394 3589 448 £58

1994 495 2087 550 Dei
2123 496 2220 566 :_in
2262 504 2518 567 quantum
2564 508 2739 553 autem
2771 498 3094 566 dissimiles,
3134 518 3186 558 tn
3231 511 3434 561 tantum
3490 507 3587 564 ﬁlii

1994 587 2170 642 carnis
2197 597 2251 641 et
2278 587 2480 641 saeculi.
2516 586 2665 642 illiue
2698 604 2826 659 ergo
2861 604 3085 659 peccare
3116 607 3223 648 non
3252 609 3538 665 possumus
3571 613 3591 650 :t

1995 677 2120 734 hinc
2146 693 2273 735 vero
2300 679 2356 734 si'
2371 677 2669 734 dixerimus
2694 681 2817 751 quia
2839 693 3116 752 peccatum
3149 699 3253 739 non
3282 684 3543 741 habemus
3566 726 3584 753 ,

1994 784 2093 825 nos
2140 769 2286 841 ipsos
2326 770 2665 843 decipimus:
2698 774 2866 829 cionee
2907 783 3074 830 totum
3115 784 3351 832 transeat
3392 775 3444 832 in
3486 778 3586 833 ad-

1993 862 2286 933 optionem,
2319 872 2372 917 et
2393 878 2498 918 non
2527 864 2598 919 sit
2626 870 2895 935 peccator,
2919 876 2976 922 et
3002 882 3214 937 quaeras
3234 869 3411 924 locum
3437 869 3577 941 ejus,

1994 963 2048 1008 et
2078 969 2185 1009 non
2214 954 2448 1009 invenias
2476 953 2647 1027 (Psal.
2680 972 2863 1021 sum,
2898 957 3012 1027 {0).

2063 1045 2290 1102 CAPUT
2329 1047 2587 1102 iX.——ii.
2609 1046 2839 1118 Objectio
2865 1048 3281 1122 Pelam'anorum,
3310 1053 3584 1125 Quarcju-

1992 1148 2097 1195 stus
2125 1156 2224 1194 non
2244 1141 2420 1212 gignat
2428 1141 2649 1210 justum.
2678 1142 2897 1197 Frustra
2920 1143 3097 1214 itaque
3139 1147 3379 1202 nonnulli
3420 1148 3581 1203 etiam

1993 1232 2119 1286 illud
2157 1241 2616 1302 argumentantur,
2658 1244 2715 1288 ut
2757 1234 2938 1290 dicont
2964 1237 3003 1301 ί,
3051 1237 3112 1292 Si
3142 1248 3373 1309 peccator
3410 1242 3589 1311 genuit

1994 1332 2324 1392 peecatorem,
2348 1333 2400 1377 ut
2422 1325 2635 1394 parvulo
2660 1326 2768 1395 ejus
2808 1335 2977 1381 reatus
3017 1329 3280 1400 originalis
3305 1333 3494 1401 peccati
3526 1332 3582 1386 in

1991 1413 2243 1485 Baptismi
2279 1417 2566 1486 acceptione
2595 1417 2853 1481 solvatur;
2890 1420 3043 1473 etiam
3073 1422 3246 1492 justus
3273 1423 3472 1492 justum
3499 1424 3582 1494 gi-

1991 1520 2142 1575 gnere
2177 1505 2365 1559 debuit.
2390 1505 2549 1573 Quasi
2580 1522 2645 1563 ex
2686 1507 2790 1563 hoc
2817 1509 3040 1580 quisque
3082 1513 3370 1569 carnaliter
3402 1515 3588 1584 gignat

1991 1597 2131 1668 quod
2153 1597 2328 1668 justus
2355 1609 2458 1665 est,
2480 1608 2535 1655 et
2563 1615 2668 1657 non
2693 1616 2760 1657 ex
2782 1602 2881 1659 hoc
2902 1604 2923 1635 '
2949 1604 3090 1674 quod
3114 1604 3165 1659 in
3193 1606 3447 1661 membris
3467 1606 3584 1677 ejus

1991 1690 2545 1759 mncupiscentialiter
2583 1701 2846 1758 movetur,
2878 1702 2933 1748 et
2975 1694 3041 1751 ad
3072 1711 3224 1750 usum
3258 1696 3583 1767 propagandi

1993 1779 2076 1837 lex
2097 1783 2296 1852 peccati
2312 1785 2505 1839 mentis
2524 1784 2642 1856 lege
2657 1787 3000 1844 convertitur.
3029 1787 3105 1841 Ex
3136 1788 3240 1845 hoc
3264 1805 3393 1860 ergo
3416 1792 3586 1861 gignit

1990 1874 2132 1943 quod
2170 1875 2345 1930 adhuc
2386 1887 2651 1932 vetustum
2695 1878 2855 1933 trahit
2887 1880 3027 1936 inter
3057 1879 3195 1936 ﬁlios
3220 1883 3401 1937 sreculi
3426 1925 3442 1950 ,
3475 1898 3582 1939 non

1990 1979 2054 2019 ex
2088 1964 2189 2020 hoe
2215 1966 2354 2035 quod
2386 1967 2439 2022 in
2468 1968 2755 2024 novitatem
2797 1970 3063 2039 promovit
3109 1971 3248 2028 inter
3288 1973 3423 2031 ﬁlios
3465 1975 3581 2032 Dei.

1991 2057 2119 2111 Filii
2143 2058 2284 2114 enim
2319 2059 2495 2114 seaculi
2534 2060 2687 2131 hujus
2724 2072 2965 2133 generant
3007 2073 3055 2118 ct
3083 2075 3389 2136 generantur
3413 2066 3580 2138 (Luc.

1990 2165 2082 2217 xx,
2112 2151 2222 2221 54).
2255 2151 2381 2207 Inde
2420 2161 2475 2208 et
2516 2152 2656 2223 quod
2684 2154 2919 2209 nascitur
2944 2156 3052 2211 tale
3080 2166 3181 2221 est,
3214 2157 3336 2228 quia
3366 2166 3424 2215 et
3444 2160 3582 2230 quod

1990 2241 2216 2294 nascitur
2241 2242 2305 2296 de
2330 2258 2502 2308 carne,
2543 2260 2664 2298 caro
2699 2254 2772 2298 cst
2804 2243 2983 2314 (Joan.
3017 2261 3095 2314 ill,
3127 2247 3204 2318 6).
3239 2246 3374 2304 Iusti
3399 2261 3581 2306 autem

1991 2348 2098 2388 non
2143 2342 2267 2389 sunt
2328 2335 2427 2389 nisi
2484 2334 2578 2390 ﬁlii
2632 2335 2747 2391 Dei.
2801 2336 2858 2390 in
2910 2345 3167 2407 quantum
3224 2349 3401 2394 autem
3455 2352 3583 2398 sunt

1992 2422 2089 2478 ﬁlii
2164 2424 2303 2489 Dei,
2373 2439 2535 2483 carne
2609 2440 2715 2483 non
2787 2427 3044 2498 gignunt;
3120 2430 3242 2500 quia
3315 2432 3504 2500 spiritu
3557 2434 3580 2465 ³

1991 2524 2044 2569 et
2074 2515 2207 2584 ipsi,
2244 2530 2349 2571 non
2372 2531 2533 2572 carne
2570 2519 2678 2571 nati
2714 2528 2859 2573 sunt.
2893 2517 2999 2574 Sed
3046 2535 3116 2576 ex
3155 2521 3257 2577 hoc
3299 2537 3459 2578 carne
3498 2526 3583 2594 gi-

1990 2618 2178 2679 gnunt,
2210 2610 2532 2679 quicumque
2555 2624 2741 2666 eorum
2763 2610 3003 2681 gignunt,
3035 2626 3099 2667 ex
3124 2627 3230 2683 quo
3262 2614 3497 2669 nondum
3526 2615 3581 2670 in

1991 2701 2282 2756 novitatem
2319 2701 2610 2772 perfectam
2657 2708 2795 2756 totas
2823 2702 3104 2758 vetustatis
3134 2704 3384 2775 reliquias
3429 2704 3583 2762 eom-

1991 2798 2282 2846 mutarunt.
2319 2790 2470 2848 Unde
2498 2791 2740 2861 quisquis
2768 2790 2912 2849 ﬁlius
2933 2792 3001 2848 de
3028 2792 3127 2851 hac
3167 2804 3319 2864 parte
3347 2797 3587 2853 nascitur

1992 2891 2199 2937 vetusta
2224 2892 2280 2938 et
2307 2883 2539 2950 inlirma,
2569 2897 2788 2939 necesse
2813 2892 2897 2939 est
2923 2893 2982 2939 ut
3004 2885 3165 2943 etiam
3206 2887 3320 2955 ipse
3348 2896 3586 2947 vetustus

1991 2975 2061 3029 sit
2079 2983 2134 3029 et
2158 2975 2437 3030 inﬁrmus:
2467 2974 2666 3032 ideirco
2693 2960 2909 3046 oportet
2932 2980 3175 3034 utetiam
3205 2979 3318 3049 ipse
3344 2980 3394 3034 in
3419 2981 3580 3036 aliain

1990 3068 2389 3137 generationem
2416 3080 2511 3136 per
2536 3068 2905 3123 remissionem
2950 3070 3152 3138 peccati
3198 3072 3389 3140 spiritu
3423 3088 3586 3128 reno-

1991 3165 2162 3212 vetur.
2193 3156 2346 3225 Quod
2389 3157 2434 3212 si
2470 3158 2521 3213 in
2550 3172 2619 3213 eo
2656 3172 2762 3212 non
2793 3156 2871 3225 fit,
2903 3158 3039 3215 nihil
3075 3160 3122 3215 ei
3154 3160 3392 3230 proderit
3432 3172 3586 3232 pater

1985 3247 2194 3318 justus;
2219 3248 2410 3318 spiritu
2436 3249 2579 3305 enim
2606 3249 2784 3319 justus
2806 3258 2908 3314 est,
2931 3265 3040 3321 quo
3064 3265 3187 3306 eum
3219 3267 3324 3307 non
3354 3254 3537 3323 genuit
3562 3272 3578 3310 τ

1990 3343 2035 3397 si
2065 3351 2241 3397 autem
2272 3343 2349 3408 ﬁt,
2381 3342 2509 3396 nihil
2538 3342 2589 3397 ei
2615 3341 2789 3398 oberit
2816 3342 2977 3398 etiam
3006 3351 3158 3412 pater
3182 3343 3410 3413 injustus
3438 3361 3451 3397 :
3480 3345 3585 3403 iste

1990 3435 2132 3490 enim
2152 3433 2326 3503 gratia
2354 3431 2612 3503 spirituali
2636 3432 2690 3487 in
2715 3446 2865 3503 spem
2897 3433 3149 3488 novitatis
3172 3444 3387 3490 aeterna:
3411 3444 3587 3492 trans-

1988 3527 2123 3583 itum
2153 3525 2310 3593 feeit;
2334 3526 2428 3583 ille
2450 3534 2628 3581 autem
2655 3533 2835 3581 mente
2853 3525 3052 3581 carnali
3078 3534 3219 3582 totus
3239 3527 3296 3583 in
3321 3535 3585 3585 vetustate

1992 3617 2302 3690 permansit.

2058 3708 2287 3766 CAPUT
2323 3708 2483 3765 X.-—
2509 3707 2595 3763 i2.
2635 3704 2884 3764 Conciliat
2914 3706 3229 3777 Seripturas.
3258 3706 3376 3763 Non
3417 3707 3583 3780 igitur

1989 3800 2316 3857 contrarium
2360 3798 2727 3856 testimonium
2772 3805 2876 3863 est,
2913 3795 3013 3861 Qui
3043 3805 3194 3851 natus
3234 3807 3308 3852 est
3348 3814 3412 3853 ea;
3451 3797 3576 3865 Deo,

1990 3908 2092 3947 non
2117 3896 2294 3963 peccat
2311 3932 2328 3959 ,
2356 3890 2407 3946 ei
2438 3889 2745 3947 testimonio
2764 3903 2876 3960 quo
2898 3888 3009 3959 jam
3042 3887 3184 3943 natis
3208 3903 3273 3945 ex
3309 3889 3418 3944 Deo
3440 3889 3579 3946 dici-

1993 3994 2098 4051 tur,
2145 3984 2206 4040 Si
2240 3984 2520 4039 dixerimus
2556 3984 2677 4053 quia
2715 3991 2977 4053 peccatum
3020 3998 3123 4037 non
3165 3981 3405 4038 habemus
3430 4025 3445 4052 ,
3469 4000 3588 4039 nos

1989 4076 2128 4146 ipsos
2143 4075 2441 4146 decipimus,
2469 4082 2515 4128 et
2552 4073 2735 4130 uetitas
2777 4073 2832 4127 in
2869 4072 3013 4127 nobis
3059 4089 3160 4128 non
3194 4083 3288 4129 est.
3320 4074 3584 4143 Quamdiu

1991 4167 2135 4224 enim
2160 4166 2323 4222 homo
2343 4164 2587 4237 quamvis
2621 4173 2764 4220 totus
2786 4179 2886 4235 spe
2904 4163 2927 4201 ⁸
2946 4164 3081 4235 jam,
3106 4174 3162 4221 et
3182 4166 3291 4237 jam
3331 4167 3383 4222 in
3423 4184 3483 4224 re
3513 4183 3586 4229 ex

1990 4271 2142 4332 parte
2173 4261 2579 4332 regeneratione
2603 4257 2865 4329 spirituali
2885 4259 2908 4293 ⁸
2939 4268 3246 4325 renovatus,
3278 4260 3468 4318 adhuc
3496 4269 3583 4317 ta-

1992 4370 2113 4410 men
2142 4361 2320 4425 portat
2341 4366 2538 4423 corpus
2563 4350 2707 4422 quod
2731 4351 3095 4422 corrumpitur
3119 4362 3173 4407 et
3198 4363 3447 4424 aggravet
3470 4355 3583 4410 ani-

1990 4461 2167 4513 mum;
2194 4445 2320 4517 quid
2337 4459 2444 4515 quo
2468 4443 2754 4514 pertineat,
2773 4450 2828 4499 et
2850 4443 2978 4514 quid
3010 4443 3151 4499 unde
3173 4444 3399 4512 dicatur,
3420 4446 3584 4505 etiam

1991 4540 2043 4595 in
2075 4553 2182 4595 uno
2209 4538 2428 4593 homine
2453 4535 2889 4609 distinguendum
2928 4544 3033 4591 est.
3064 4536 3195 4591 Nam
3217 4577 3233 4602 ,
3263 4547 3320 4592 ut
3356 4552 3459 4609 ego
3486 4553 3581 4593 ar-

1988 4632 2178 4698 bitror,
2197 4646 2304 4686 non
2328 4629 2482 4685 facile
2507 4628 2755 4699 cuiquam
2773 4627 3046 4698 Scriptura
3071 4628 3164 4682 Dei
3191 4638 3298 4683 tam
3327 4645 3583 4700 magimtn

1984 4723 2206 4794 justitite
2235 4721 2483 4792 perhibet
2524 4719 2922 4785 testimonium,
2954 4733 3113 4789 quam
3151 4718 3323 4775 tribus
3371 4720 3584 4776 famulis

1989 4815 2127 4885 ejus,
2159 4812 2303 4876 Noe,
2328 4812 2547 4877 Daniel,
2579 4820 2634 4867 et
2673 4810 2808 4877 Job,
2850 4822 2991 4880 quos
3031 4809 3276 4864 Ezechiel
3321 4810 3580 4881 pmpheta

1989 4908 2116 4962 dicit
2136 4907 2206 4962 ab
2232 4906 2542 4961 imminente
2569 4904 2798 4977 quadam
2826 4903 3096 4959 ineundis
3126 4904 3219 4959 Dei
3246 4903 3393 4959 solos
3425 4918 3583 4975 posse

1989 4999 2202 5056 liberari
2240 4997 2452 5067 (Ezech.
2484 5013 2595 5064 xtv,
2621 4996 2710 5066 Η)
2740 5014 2754 5050 :
2788 4996 2842 5050 in
2874 4996 3050 5052 tribus
3084 4995 3270 5066 utique
3301 4997 3408 5051 illis
3448 4997 3579 5053 viris

1990 5092 2088 5146 tria
2118 5090 2360 5163 quaedam
2385 5089 2659 5143 hominum
2683 5086 2957 5143 liberanda
2974 5103 3171 5160 genera
3200 5090 3617 5162 prteliguransr

1989 5185 2041 5238 in
2067 5183 2200 5247 Nec,
2222 5190 2479 5253 quantum
2505 5180 2757 5246 arbitror,
2784 5179 2958 5251 justos
2982 5180 3218 5251 plebium
3242 5182 3558 5254 praepesitos

1987 5285 2209 5345 propter
2236 5287 2375 5328 arcae
2405 5281 2654 5341 tanquam
2686 5271 2946 5327 Ecclesiae
2970 5271 3413 5343 gubernationem
3438 5274 3492 5339 σς
3525 5276 3579 5331 in

2054 5389 2068 5421 ¹
2103 5386 2327 5452 Nonnulli
2347 5393 2475 5452 uss,
2501 5383 2626 5452 illud
2648 5391 2984 5452 argumentum
2997 5383 3253 5452 arripiunt
3268 5391 3319 5439 ut
3336 5386 3517 5439 dicmt.

2049 5452 2070 5514 ξ
2102 5452 2185 5514 Hie
2202 5451 2350 5514 etiam
2372 5449 2420 5498 in
2439 5450 2635 5499 excusis
2652 5446 2885 5514 additum,
2909 5446 3082 5514 potius.

2052 5512 2072 5575 Ξ
2103 5511 2207 5562 Sola
2232 5512 2381 5575 editio
2405 5519 2536 5575 tov.,
2555 5524 2621 5563 ea:
2637 5508 2831 5575 spiritu.

2042 5573 2071 5650 ,δ
2104 5580 2238 5635 Lov.,
2260 5572 2312 5625 in
2332 5586 2434 5636 spe.
2467 5574 2644 5633 Abest,
2665 5571 2737 5635 in,
2761 5573 2824 5622 ab
2860 5572 3006 5623 editis
3028 5571 3136 5624 aliis
3168 5580 3220 5624 et
3251 5586 3279 5623 a
3317 5584 3583 5622 manuscri-

1986 5645 2299 5811 l'ufst—Zr.
2322 5704 2373 5748 et
2396 5698 2545 5749 nostri
2568 5709 2743 5748 omnes
2765 5704 2890 5758 MSS.,
2917 5710 2981 5749 ex
2998 5702 3133 5761 parte
3152 5694 3204 5747 in
3223 5697 3583 5757 “gesseratng

1986 5774 2108 5811 δηιιί
2129 5774 2190 5811 tta
2210 5773 2244 5809 ι.

1984 5776 2074 5855 si”:
2301 5829 2407 5871 Mss.
2427 5858 2442 5880 ,
2466 5827 2667 5884 propter
2696 5833 2872 5884 aquam
2913 5827 2958 5873 et
3002 5832 3134 5871 arca:
3170 5817 3578 5883 gubernationem.

1985 5885 2154 5937 Confer
2180 5898 2336 5935 cuat't‘.
2364 5886 2413 5936 in
2439 5882 2563 5935 l‘sal.
2590 5882 2693 5942 152,
2717 5882 2765 5933 tt.
2791 5883 2839 5934 ὃ.
