4164 6508
561 373 662 430 159
1197 365 1286 420 DE
1326 363 1783 421 PECCATORUM
1822 363 2100 420 MEillTiS
2138 360 2151 414 l

2267 363 2305 415 ll
2319 365 2695 435 i-IMISSIONE,
2737 370 2795 425 S.
2836 373 2876 426 A
2889 372 3201 429 L'GUSTINI
3586 381 3595 385 ’
3743 375 3854 433 160

559 486 805 551 Daniele,
828 483 1003 555 justos
1033 482 1402 546 continentes;
1446 481 1497 535 iu
1528 479 1650 545 Job,
1674 481 1851 549 justos
1885 481 2140 549 coniuga—

558 587 645 632 tos
667 578 682 609 ¹
725 595 737 630 :
767 587 821 632 et
864 576 909 631 si
951 575 1071 646 quis
1112 584 1197 629 est
1236 573 1369 627 forte
1406 573 1541 627 alius
1576 573 1876 627 intellectus
1900 614 1913 638 ,
1946 572 2012 626 de
2038 586 2145 642 quo

558 684 704 723 nunc
733 682 840 722 non
864 675 944 722 est
973 679 1190 721 necesse
1216 664 1533 733 disquirere.
1554 662 2145 731 Verumtamenquanta

560 761 648 818 isti
671 762 876 832 justitia
901 756 1356 830 prmeminuerint,
1383 764 1440 810 et
1464 756 1566 810 hoc
1592 756 1923 826 prophetico,
1949 763 2004 807 et
2026 754 2144 807 aliis

560 853 756 908 divinis
793 850 1114 906 testimoniis
1144 848 1272 903 satis
1301 856 1543 917 apparet.
1574 846 1683 901 Nec
1711 845 1831 899 ideo
1859 846 2143 915 quisquam

558 942 773 999 sobrius
801 942 997 997 dixerit
1022 941 1333 996 ebrietatem
1374 955 1480 993 non
1519 953 1639 993 esse
1670 946 1942 1007 peccatum
1966 977 1980 1002 ,
2028 952 2147 1005 qua:

563 1043 743 1088 tamen
772 1032 1041 1102 subrepsit
1066 1039 1217 1085 tanto
1245 1030 1360 1084 viro
1384 1047 1398 1084 :
1424 1044 1547 1083 nam
1573 1027 1706 1093 Noe,
1736 1028 1869 1082 sicut
1898 1027 2145 1096 legimus,

558 1126 661 1181 fuit
685 1124 971 1196 aliquando
996 1124 1179 1179 ebrius
1206 1120 1358 1194 (Gen.
1387 1136 1465 1185 ιι,
1491 1120 1609 1190 21),
1638 1117 1905 1193 quamvis
1926 1117 2068 1171 absit
2091 1126 2149 1171 ut

560 1217 723 1273 fuerit
744 1218 1010 1272 ebriosus.

638 1310 726 1364 l3.
762 1308 942 1363 Daniel
974 1320 1102 1361 vero
1147 1314 1265 1376 post
1307 1304 1603 1361 orationem
1642 1318 1800 1373 quam
1840 1301 1975 1356 fudit
2003 1302 2147 1369 Deo,

564 1400 634 1454 de
660 1400 852 1468 seipse
876 1399 1001 1453 dicit
1028 1397 1182 1452 :Cum
1202 1413 1418 1460 orarem,
1441 1405 1487 1450 et
1508 1395 1771 1463 conﬁterer
1789 1400 1995 1462 peccata
2015 1409 2148 1459 mea,

567 1500 618 1544 et
644 1497 847 1558 peccata
874 1488 1050 1558 populi
1078 1487 1175 1540 mei
1203 1485 1424 1539 Domino
1454 1484 1561 1537 Deo
1600 1498 1708 1536 meo
1745 1481 1906 1552 (Dan.
1937 1498 2010 1545 Ix,
2033 1480 2147 1548 ρο).

570 1580 860 1649 Propterea
885 1622 899 1644 ,
944 1578 1044 1633 nisi
1091 1576 1261 1642 l‘allor,
1290 1591 1385 1645 per
1416 1589 1571 1643 supra
1613 1580 1966 1627 memoratum
2013 1571 2148 1626 Eze-

569 1668 795 1725 chielem
826 1669 1033 1724 cuidam
1061 1665 1440 1737 superbissimo
1462 1664 1673 1727 dicitur,
1700 1661 1963 1731 Numquid
1988 1672 2041 1714 tu
2062 1677 2149 1715 suo

567 1761 783 1829 pientior
814 1776 967 1829 quam
1009 1758 1194 1811 Daniel
1236 1756 1255 1828 (
1274 1755 1458 1809 Escch.
1493 1769 1684 1819 xxvnt,
1710 1754 1806 1824 5)?
1841 1752 2022 1822 Neque
2064 1751 2150 1807 hic

562 1851 667 1905 dici
700 1858 895 1920 potest,
945 1847 1087 1918 quod
1116 1845 1332 1917 quidam
1363 1853 1551 1899 contra
1577 1844 1875 1898 orationem
1916 1842 2151 1896 domini-

562 1959 680 1999 cam
708 1949 1145 2013 argumentautur
1168 1957 1181 1992 :
1217 1938 1350 2003 Quia
1376 1938 1466 1992 etsi
1486 1937 1698 1992 orabant
1726 1953 1857 2002 eam,
1885 1935 2149 2005 inquiunt,

560 2035 726 2091 sancti
744 2044 790 2089 et
820 2035 1028 2105 perfecti
1047 2034 1163 2107 jam
1183 2032 1435 2103 Apostoli,
1460 2031 1659 2085 nullum
1688 2031 1895 2084 omnino
1914 2029 2152 2084 habentes

563 2124 856 2198 peccatum;
880 2142 981 2179 non
1011 2135 1176 2179 tamen
1197 2140 1289 2195 pro
1308 2140 1362 2178 se
1384 2123 1529 2193 ipsis,
1548 2122 1637 2175 sed
1662 2137 1752 2191 pro
1774 2120 2080 2191 imperfectis
2105 2130 2152 2174 et

561 2219 730 2272 adhuc
750 2215 1090 2288 peccatoribus
1114 2213 1376 2279 dicebant,
1417 2232 1436 2265 ι
1466 2212 1676 2267 Dimitte
1694 2213 1841 2266 nobis
1861 2211 2029 2265 debita
2054 2226 2150 2265 no-

562 2319 670 2361 stra
698 2348 715 2372 ,
765 2308 893 2361 sicut
941 2316 988 2359 et
1053 2322 1145 2360 nos
1200 2302 1495 2358 dimittimus
1548 2303 1851 2358 debitoribus
1904 2303 2089 2356 nostris
2126 2322 2145 2356 ι

568 2398 779 2470 (Matth.
812 2414 882 2461 v1,
916 2396 1035 2469 l2).
1064 2396 1132 2452 Ut
1161 2414 1251 2467 per
1289 2396 1402 2460 hoc,
1445 2394 1714 2464 inquiunt,
1748 2394 1885 2464 quod
1930 2394 2151 2446 dicerent

569 2509 589 2541 ι
615 2498 808 2553 nostra,
831 2506 850 2540 ο
873 2488 924 2540 in
940 2502 1041 2541 uno
1058 2503 1162 2541 esse
1179 2501 1387 2555 corpore
1404 2484 1825 2548 demonstrarent,
1850 2492 1895 2536 et
1915 2483 2028 2536 illos
2052 2482 2150 2535 ad-

490 2627 495 2632 .
566 2580 665 2632 huc
688 2579 923 2648 habentes
942 2587 1167 2648 peccata,
1192 2587 1238 2630 et
1267 2592 1320 2629 se
1342 2576 1479 2647 ipsos
1504 2576 1590 2645 qui
1615 2576 1729 2645 jam
1751 2573 1985 2628 carebant
2013 2574 2152 2627 omni

564 2686 629 2725 ea:
650 2679 793 2741 parte
815 2678 1039 2739 peccato.
1070 2668 1126 2722 lu
1150 2667 1364 2722 Daniele
1392 2676 1538 2722 certe
1563 2668 1663 2721 hoc
1692 2683 1795 2720 nou
1825 2674 2001 2735 potest
2019 2665 2148 2732 dici,

562 2764 677 2834 qui,
701 2773 758 2818 ut
781 2761 965 2827 credo,
999 2770 1246 2831 tanquam
1276 2760 1536 2831 propheta
1567 2759 1868 2830 prmvideus
1895 2757 2030 2812 hanc
2061 2757 2152 2810 ali-

564 2856 779 2928 quando
825 2856 1294 2926 praesumptionem
1344 2851 1607 2916 futuram,
1640 2867 1762 2907 cum
1804 2851 1858 2907 in
1906 2851 2153 2906 oratione

562 2962 708 3017 saepe
756 2946 999 3011 dixisset,
1045 2945 1389 3014 peccauimus;
1419 2960 1526 2998 non
1576 2942 1644 2997 ita
1697 2941 1850 2997 nobis
1880 2938 2146 3010 exposuit,

566 3053 661 3095 cur
690 3036 1047 3100 hoc,dixerit,
1078 3044 1135 3089 ut
1164 3036 1232 3090 ab
1261 3036 1351 3090 illo
1395 3034 1726 3098 audiremus,
1751 3033 1883 3088 Cum
1912 3047 2145 3096 orarem,

564 3138 621 3184 et
650 3128 930 3184 conﬁterer
952 3136 1171 3199 peccata
1197 3128 1219 3159 ’
1251 3126 1427 3197 pepuli
1458 3126 1565 3180 mei
1596 3124 1823 3178 Domino
1853 3123 1962 3179 Deo
1996 3138 2150 3190 meo;

566 3236 668 3277 nec
701 3220 874 3276 adhuc
901 3220 1242 3275 distinctione
1285 3217 1504 3273 confusa
1534 3260 1547 3283 ,
1582 3226 1639 3271 ut
1681 3224 1825 3272 esset
1862 3217 2149 3281 incertum,

567 3321 787 3383 propter
836 3312 992 3366 unius
1037 3310 1277 3380 corporis
1320 3309 1628 3365 societatem
1668 3307 1713 3361 si
1760 3305 2151 3371 diceret,Cum

567 3411 780 3473 peccata
831 3412 1013 3457 nostra
1060 3403 1348 3458 conlitcrer
1393 3399 1620 3455 Domino
1672 3399 1783 3454 Deo
1821 3414 1944 3454 meo
1991 3413 2005 3450 :
2056 3397 2153 3453 sed

563 3493 785 3548 omnino
816 3502 921 3548 tam
948 3492 1198 3548 distincte
1219 3532 1232 3557 ,
1266 3501 1513 3562 tanquam
1557 3490 1625 3545 de
1653 3490 1767 3560 ipsa
1808 3488 2153 3545 distinctione

564 3593 834 3655 satagens,
861 3599 1088 3654 eamque
1126 3585 1358 3640 maxime
1387 3583 1843 3653 vehementerque
1871 3597 2152 3637 commen-

564 3674 718 3739 dans,
770 3686 997 3745 peccata,
1045 3675 1237 3745 inquit,
1288 3691 1398 3728 mea
1441 3684 1489 3728 et
1532 3683 1738 3744 peccata
1781 3673 1977 3744 populi.
2022 3672 2154 3740 Quis

568 3768 693 3823 huic
732 3767 1013 3823 evidentia:
1058 3765 1412 3832 Contradicit,
1456 3766 1557 3820 nisi
1586 3780 1747 3836 quem
1777 3765 1895 3835 plus
1924 3765 2156 3821 delectat

566 3859 845 3914 defensare
871 3856 1014 3928 quod
1040 3857 1221 3923 sentit,
1257 3872 1419 3927 quam
1440 3855 1570 3927 quid
1599 3854 1937 3912 sentiendum
1965 3857 2035 3911 sit
2072 3855 2156 3910 iu-

567 3951 781 4007 venire?

643 4043 727 4098 li.
766 4040 869 4099 Job
894 4049 1070 4097 autem
1095 4051 1215 4112 post
1241 4050 1347 4096 tam
1373 4056 1622 4112 magnum
1644 4040 1710 4097 de
1738 4041 1830 4098 illo
1843 4040 2063 4111 justitim
2086 4048 2157 4096 te-

568 4136 878 4192 stimonium
902 4135 1015 4201 Dei,
1043 4134 1170 4205 quid
1192 4134 1335 4188 dicat
1360 4134 1476 4203 ipse
1499 4133 1798 4189 videamus.
1832 4130 1898 4187 In
1927 4132 2152 4200 veritate,

568 4226 758 4296 inquit,
793 4226 899 4282 scio
929 4225 1048 4297 quia
1089 4226 1164 4279 ita
1201 4234 1295 4279 est.
1327 4223 1765 4288 Quemadmodum
1811 4224 1943 4278 enim
1982 4224 2156 4294 justus

566 4319 661 4371 erit
695 4317 844 4371 homo
883 4325 999 4371 ante
1042 4314 1352 4370 Dominum?
1395 4313 1458 4371 Si
1495 4322 1663 4367 autem
1698 4313 1814 4369 velit
1858 4313 2159 4368 contendere

568 4425 683 4463 cum
716 4424 795 4476 eo,
833 4423 933 4462 non
970 4407 1150 4477 poterit
1187 4405 1388 4460 obedire
1421 4406 1487 4461 ei.
1517 4406 1580 4459 Et
1611 4405 1768 4475 paulo
1798 4415 1917 4475 post
1945 4424 1958 4459 :
1992 4405 2152 4473 Quis,

484 4536 495 4541 -
567 4498 759 4570 inquit,
779 4497 979 4569 judicio
1009 4498 1117 4569 ejus
1145 4496 1532 4552 adversabitur?
1558 4497 1707 4564 Quod
1729 4498 1773 4553 si
1802 4501 1943 4559 [uero
1968 4498 2154 4565 justus,

567 4609 623 4647 os
649 4607 813 4645 meum
843 4590 996 4662 impie
1023 4591 1271 4661 loquetur.
1297 4589 1488 4645 lterum
1520 4590 1672 4659 paulo
1699 4599 1818 4658 post
1862 4608 1875 4643 :
1910 4589 2052 4654 Scio,
2077 4589 2160 4643 in-

567 4684 700 4754 quit,
728 4684 847 4755 quia
867 4683 1170 4754 impunitum
1190 4698 1269 4735 nte
1284 4698 1381 4735 non
1409 4680 1633 4734 dimittit.
1662 4680 1795 4747 Quia
1814 4697 1925 4734 sum
1948 4680 2155 4751 impius,

566 4792 722 4847 quare
760 4792 861 4830 non
899 4792 1013 4830 sum
1050 4773 1320 4829 mortuus?
1351 4772 1500 4841 Quod
1522 4773 1566 4827 si
1615 4772 1916 4843 puriﬁcatus
1955 4771 2085 4837 nive,
2111 4779 2157 4825 et

567 4867 840 4922 nnmdatus
867 4871 1012 4937 [uero
1035 4867 1236 4921 mundis
1256 4866 1505 4928 manibus,
1533 4866 1834 4936 sufﬁcienter
1856 4866 1909 4920 in
1928 4866 2160 4921 sordibus

571 4976 649 5014 me
678 4960 869 5015 tinxisti
890 4958 1012 5031 (Job
1043 4976 1117 5027 lx,
1137 4960 1194 5026 2,
1226 4960 1281 5027 3,
1316 4958 1404 5027 i9,
1435 4958 1527 5025 ΞΟ,
1553 4956 1774 5029 28-51).
1807 4957 1935 5014 Item
1974 4959 2027 5012 in
2053 4957 2160 5013 alio

567 5068 666 5107 suo
711 5067 958 5109 sermone
986 5070 999 5107 :
1036 5052 1169 5120 Quia
1200 5052 1566 5120 conscripsisti,
1592 5051 1783 5122 inquit,
1816 5050 2057 5106 adversus
2083 5066 2163 5104 me

569 5145 726 5210 mala,
755 5153 802 5199 et
828 5143 1036 5198 induisti
1058 5159 1136 5197 me
1148 5144 1430 5212 juventutis
1450 5159 1576 5198 mea:
1603 5151 1813 5214 peccata
1833 5183 1846 5207 ,
1872 5150 1918 5196 et
1948 5141 2162 5212 posuisti

570 5234 748 5304 pedem
775 5250 940 5288 meum
960 5234 1013 5288 in
1041 5232 1394 5302 prohibitione,
1415 5234 1619 5287 servasti
1647 5232 1817 5287 omnia
1842 5249 1998 5304 opera
2023 5248 2158 5297 mea,

527 5392 539 5401 ,
568 5336 616 5380 ct
642 5327 692 5380 in
717 5324 911 5380 radices
934 5323 1118 5395 pedum
1156 5339 1384 5378 meorum
1420 5324 1707 5394 inspexisti,
1729 5324 1818 5394 qui
1845 5330 2159 5378 veterascunt

568 5421 696 5474 sicut
747 5428 888 5482 uter,
931 5417 1008 5471 vel
1048 5416 1175 5470 sicut
1213 5418 1560 5470 vestimentum
1600 5433 1633 5470 a
1678 5417 1813 5471 tinea
1858 5426 2155 5470 comi-stum.

572 5511 740 5566 llonto
770 5510 903 5584 enim
927 5516 1075 5562 natus
1100 5523 1164 5562 ex
1190 5507 1398 5561 muliere
1426 5507 1568 5577 parui
1592 5516 1663 5561 est
1692 5508 1949 5578 temporis,
1975 5517 2022 5560 et
2046 5508 2160 5577 ple-

635 5691 649 5720 ι
690 5696 737 5736 In
755 5695 884 5746 πει,
904 5683 1197 5747 coniugales.

636 5752 653 5780 ²
689 5752 771 5798 Hic
792 5749 916 5860 Ἡψᾶ
941 5756 1040 5796 Am.
1068 5754 1139 5795 Fr.
1178 5753 1229 5795 et
1252 5752 1359 5794 Lor.
1388 5757 1641 5808 perperam
1681 5746 1921 5808 additum,
1949 5760 2054 5799 mea
2076 5754 2160 5808 et;

641 5811 699 5860 od
723 5811 807 5860 oui
841 5824 921 5860 em
944 5810 1119 5859 merito
1143 5810 1311 5859 aberat
1332 5820 1358 5856 a
1382 5810 1636 5860 manust-ri:
1658 5809 1733 5857 tis.

570 5811 699 5875 quod
723 5810 921 5875 quidem
944 5810 1119 5859 merito
1143 5810 1311 5859 aberat
1332 5820 1358 5856 a
1382 5810 1639 5871 manust-ri;
1658 5810 1733 5857 tis.

2254 497 2346 533 nus
2367 482 2647 549 iracundia,
2671 495 2717 539 et
2743 487 2871 539 sicut
2890 488 2986 557 ﬂos
3015 504 3128 541 cum
3147 486 3321 558 ﬂoruit
3350 498 3395 542 ct
3420 488 3627 556 decidit,
3653 491 3849 546 disces~

2253 583 2316 625 ιιι
2341 575 2467 629 sicut
2490 576 2691 641 umbra,
2721 595 2820 631 non
2849 589 3031 632 manet.
3065 579 3249 634 Nonne
3277 591 3323 635 et
3361 580 3516 653 hujus
3550 600 3728 637 suram
3766 586 3841 656 [eo

2253 665 2363 717 cisti
2388 668 2551 720 venire
2571 668 2623 720 in
2643 668 2897 738 judicium
2922 678 3062 722 tuum
3084 671 3108 723 ξ)
3135 670 3261 735 Quis
3286 672 3422 725 enim
3442 673 3533 725 erit
3564 674 3791 728 mundus
3812 691 3847 728 α

2253 757 2523 813 sordibus?
2544 759 2709 814 Nemo
2728 802 2743 826 ,
2771 778 2859 814 nec
2885 763 2929 815 si
2954 763 3101 817 unius
3140 763 3240 816 diei
3280 764 3431 833 fuerit
3458 766 3560 818 uita
3599 766 3730 834 ejus.
3782 766 3848 819 Et

2255 848 2412 916 paulo
2441 858 2595 917 post:
2622 849 2982 915 Dinnmerasti,
3013 852 3216 921 inquit,
3249 869 3422 908 omnes
3449 855 3847 909 necessitudines

2254 954 2419 1002 utens,
2461 949 2507 991 et
2533 939 2664 992 nihil
2689 950 2735 994 te
2762 941 2908 994 latuit
2942 942 3004 995 de
3043 945 3257 1011 peccatis
3285 944 3409 998 meis
3439 961 3458 997 :
3484 944 3696 1015 signasti
3727 964 3846 1015 pec-

2255 1039 2369 1082 cata
2392 1046 2501 1083 mea
2531 1033 2581 1083 in
2609 1032 2835 1102 folliculo
2858 1075 2873 1098 ,
2906 1041 2952 1086 et
2980 1036 3234 1087 annotasti
3271 1035 3316 1089 si
3344 1036 3468 1106 quid
3498 1036 3682 1091 inuitus
3708 1054 3845 1090 com-

2255 1119 2370 1172 misi
2401 1117 2528 1191 (Job
2549 1120 2890 1189 similium.
2925 1124 3043 1188 1-5,
3082 1125 3310 1196 16,17).
3342 1126 3481 1181 Ecce
3509 1135 3564 1181 et
3589 1126 3691 1181 Job
3718 1143 3852 1181 cmi-

2257 1209 2434 1266 litetur
2460 1222 2675 1282 peccata
2720 1228 2814 1268 sua
2836 1254 2850 1280 ,
2882 1224 2936 1270 et
2965 1218 3016 1270 in
3047 1217 3268 1272 veritate
3308 1233 3367 1273 se
3392 1218 3519 1274 dicit
3546 1219 3686 1275 scire
3725 1221 3851 1289 quia

2258 1317 2360 1356 non
2388 1313 2470 1358 est
2507 1304 2681 1374 justus
2704 1308 2981 1377 quisquam
3007 1317 3131 1364 ante
3160 1310 3461 1365 Dominum.
3492 1311 3559 1366 Et
3592 1311 3715 1367 ideo
3746 1313 3849 1368 iste

2258 1392 2427 1448 hocin
2454 1396 2674 1451 veritate
2699 1399 2819 1463 scit,
2843 1400 2964 1467 quia
2993 1400 3038 1454 si
3072 1414 3170 1455 nos
3191 1400 3486 1458 dixerimus
3507 1417 3611 1457 nou
3645 1402 3857 1460 habere

2256 1493 2531 1553 peccatum
2550 1528 2566 1554 ,
2605 1486 2714 1556 ipsa
2743 1488 2937 1544 veritas
2972 1489 3026 1543 in
3055 1490 3208 1545 nobis
3235 1507 3338 1546 nou
3366 1501 3467 1547 est.
3500 1493 3735 1549 Proinde
3764 1508 3851 1549 se-

2255 1575 2487 1630 cundum
2516 1577 2730 1633 modum
2760 1581 3182 1635 conversationis
3210 1583 3455 1638 humana:
3476 1625 3491 1649 ,
3525 1583 3776 1653 perhibet
3797 1586 3847 1641 ei

2257 1666 2398 1722 Deus
2432 1678 2537 1723 tam
2565 1685 2811 1740 magnum
2838 1672 3058 1741 justitiae
3091 1674 3450 1730 testimonium
3483 1694 3495 1729 :
3524 1676 3640 1746 ipse
3669 1687 3859 1733 autem

2256 1772 2316 1812 se
2355 1759 2579 1815 metiens
2606 1776 2667 1815 ex
2701 1764 2880 1832 regula
2907 1763 2994 1818 illa
3029 1763 3277 1833 iustitia},
3309 1781 3465 1836 quam
3507 1767 3644 1822 sicut
3674 1778 3856 1838 potest

2255 1851 2515 1919 conspicit
2541 1852 2679 1921 apud
2710 1853 2874 1908 Deum
2897 1895 2913 1921 ,
2955 1855 3008 1909 in
3030 1841 3253 1911 veritate
3280 1856 3382 1911 scit
3403 1857 3525 1927 quia
3554 1858 3624 1912 ita
3650 1868 3752 1914 cst.
3783 1859 3860 1914 Et

2255 1941 2521 2012 adjuugit,
2571 1943 3004 2008 Quemadmodum
3033 1948 3166 2001 enim
3198 1948 3371 2019 justus
3408 1951 3502 2003 erit
3543 1950 3695 2005 homo
3734 1961 3855 2008 ante

2255 2029 2571 2086 Dominum?
2587 2035 2649 2088 Si
2667 2036 2799 2089 enim
2820 2036 2936 2090 velit
2958 2038 3258 2092 contendere
3283 2056 3397 2091 cum
3424 2056 3481 2092 eo
3499 2081 3512 2103 ,
3541 2058 3641 2095 non
3667 2045 3859 2111 poterit

2255 2124 2455 2178 obedire
2482 2125 2528 2179 ei
2552 2141 2571 2179 :
2602 2126 2653 2180 id
2680 2136 2763 2182 est
2781 2169 2795 2192 ,
2823 2130 2866 2183 si
2901 2128 3219 2199 judicandus
3262 2131 3544 2186 ostendere
3576 2136 3804 2189 voluerit
3831 2176 3858 2199 ,

2256 2231 2361 2270 non
2401 2216 2555 2273 inse
2585 2218 2812 2274 inveniri
2856 2237 3010 2289 posse
3039 2221 3180 2291 quod
3210 2222 3425 2278 damnet
3446 2263 3465 2290 ,
3496 2239 3601 2278 nou
3644 2228 3859 2295 po‘erit

2255 2309 2474 2365 obedire
2499 2311 2548 2365 ei
2580 2312 2597 2343 ¹
2629 2330 2641 2365 :
2671 2313 2866 2369 amittit
2891 2313 3032 2367 enim
3074 2314 3234 2369 etiam
3270 2315 3413 2370 illam
3444 2316 3805 2372 obedientiam
3835 2359 3853 2385 ,

2254 2415 2358 2470 qua
2399 2400 2617 2458 obedire
2663 2404 2828 2473 possit
2857 2405 3185 2475 pr.:‘cipiettli
3233 2407 3533 2462 confitenda
3565 2422 3688 2464 es~e
3719 2425 3852 2480 pec-

2254 2500 2391 2545 cata.
2439 2491 2589 2548 Unde
2636 2495 2891 2564 quosdam
2939 2496 3210 2566 increpat,
3251 2497 3481 2554 dicens:
3517 2499 3655 2564 Quid
3695 2503 3853 2558 vultis

2255 2600 2448 2638 mecum
2467 2585 2664 2656 judicio
2705 2589 2999 2644 contendere
3036 2588 3246 2657 (Jcrem.
3276 2607 3341 2656 ιι,
3385 2591 3519 2662 29)?
3563 2592 3716 2662 Quod
3758 2594 3855 2651 ille

2254 2692 2560 2746 praecavens
2589 2697 2601 2733 :
2631 2678 2715 2734 Ne
2734 2682 2917 2743 intres,
2948 2682 3120 2753 inquit
3139 2725 3156 2750 ,
3193 2684 3245 2737 in
3285 2683 3532 2750 iudicium
3560 2702 3677 2765 pum
3706 2703 3855 2742 seruo

2256 2776 2376 2836 tuo,
2410 2770 2648 2839 quoniam
2675 2788 2776 2826 non
2807 2774 3172 2844 justi/imbitur
3195 2776 3248 2829 in
3278 2784 3548 2845 conspectu
3577 2787 3665 2832 tuo
3685 2780 3857 2834 omnis

2254 2859 2438 2914 uiuens.
2484 2860 2608 2917 Ideo
2650 2862 2809 2917 etiam
2840 2863 2969 2919 dicit
3003 2864 3138 2931 Job,
3174 2865 3300 2933 Quis
3345 2869 3479 2921 enim
3507 2867 3709 2939 judicio
3740 2869 3859 2939 ejus

2254 2950 2634 3008 adversabitur?
2660 2954 2811 3021 Quod
2833 2957 2878 3010 si
2910 2961 3055 3027 {itero
3071 2958 3279 3029 justus;
3314 2975 3371 3013 os
3393 2976 3556 3014 meum
3582 2961 3738 3032 impie
3770 2961 3855 3015 lo-

2253 3052 2432 3113 quetur
2459 3059 2481 3098 :
2508 3043 2608 3099 hoc
2650 3054 2734 3101 est
2771 3048 2912 3101 enim
2939 3089 2954 3113 ,
2985 3047 3039 3103 Si
3071 3065 3158 3104 me
3194 3049 3395 3119 justum
3435 3051 3622 3107 dixero
3660 3064 3857 3112 contra

2251 3133 2505 3204 judicium
2552 3136 2707 3206 ejus,
2752 3136 2841 3191 ubi
2871 3138 3099 3207 perfecta
3144 3141 3231 3195 illa
3269 3141 3490 3209 ju3titice
3531 3144 3715 3213 regula
3757 3160 3861 3200 me

2256 3226 2522 3280 convincit
2548 3227 2820 3296 injustam,
2848 3229 3084 3299 profecto
3111 3230 3272 3300 impie
3294 3233 3539 3302 loquetur
3558 3248 3619 3289 os
3641 3249 3855 3300 meum,

2254 3315 2377 3385 quia
2404 3324 2588 3371 contra
2613 3318 2705 3373 Dei
2728 3320 3003 3375 veritatem
3041 3320 3308 3390 loquetur.

2330 3408 2413 3463 15.
2438 3406 2794 3479 Fragilitatem
2815 3427 3025 3482 quoque
3051 3412 3219 3482 ipsam
3239 3454 3254 3478 ,
3278 3413 3362 3469 vel
3406 3414 3582 3484 potius
3623 3413 3858 3471 damna.

2258 3499 2456 3555 tionem
2479 3501 2710 3555 carnalis
2737 3503 3096 3571 generationis
3131 3503 3427 3560 ostendens
3464 3520 3531 3560 ex
3573 3506 3858 3576 originalis

2259 3590 2679 3661 transgressione
2709 3596 2929 3661 peccati,
2956 3607 3075 3647 cum
3106 3592 3173 3648 de
3196 3593 3429 3663 peccatis
3468 3596 3582 3651 suis
3626 3605 3860 3666 ageret,

2258 3684 2596 3740 veluteorum
2617 3684 3083 3757 eausas_reddens,
3109 3684 3243 3740 dixit
3263 3685 3534 3743 hominem
3568 3696 3752 3743 natum
3782 3703 3860 3744 ex

2258 3776 2481 3831 muliere
2519 3777 2665 3847 parvi
2704 3792 2829 3833 esse
2855 3778 3108 3848 temporis
3132 3819 3147 3845 ,
3194 3788 3249 3835 et
3283 3778 3495 3849 plenum
3536 3780 3853 3836 iracundia:

2257 3883 2358 3938 qua
2382 3866 2675 3935 iracundia,
2706 3866 2807 3923 nisi
2838 3884 2938 3939 qua
2964 3878 3087 3924 sunt
3114 3884 3320 3934 omnes,
3352 3871 3487 3925 sicut
3528 3870 3656 3925 dicit
3702 3872 3855 3940 Apo-

2259 3961 2425 4015 stolus
2454 4000 2470 4026 ,
2522 3960 2851 4025 naturaliter,
2900 3958 3002 4016 hoc
3056 3971 3174 4025 est,
3226 3961 3556 4031 originaliter
3612 3963 3705 4016 ira:
3753 3962 3857 4034 [itii

2263 4050 2475 4123 (Ephes.
2499 4066 2558 4117 ll,
2584 4051 2677 4121 5)?
2705 4051 2956 4121 quoniam
2980 4051 3074 4105 lilii
3104 4060 3230 4106 sunt
3253 4052 3701 4123 concupiscentiae
3726 4067 3863 4119 Caro.

2260 4144 2342 4198 nis
2368 4153 2427 4198 et
2449 4143 2651 4199 saeculi.
2682 4142 2761 4197 Ad
2788 4143 2957 4213 ipsam
2987 4142 3118 4198 iram
3143 4144 3410 4214 pertinere
3434 4144 3594 4200 etiam
3621 4154 3856 4201 mortem

2261 4233 2492 4288 hominis
2518 4242 2909 4303 consequenter
2936 4233 3245 4289 ostendens.
3269 4231 3400 4289 Cum
3423 4235 3564 4290 enim
3585 4234 3811 4291 dixisset
3835 4278 3854 4304 ,

2261 4324 2404 4393 parui
2430 4332 2503 4378 est
2531 4325 2789 4394 temporis,
2817 4334 2863 4378 et
2895 4324 3070 4394 plenus
3096 4324 3365 4379 iracundia
3387 4342 3408 4392 ;
3434 4325 3638 4380 addidit
3658 4327 3853 4395 etiam,

2261 4414 2328 4469 Et
2352 4415 2478 4469 sicut
2506 4415 2602 4484 ﬂos
2618 4431 2733 4469 cum
2756 4415 2929 4486 ﬂoruit
2951 4424 2997 4469 et
3024 4414 3246 4481 decidit,
3278 4415 3503 4470 discessit
3546 4417 3674 4471 sicut
3730 4433 3851 4470 um-

2262 4508 2370 4574 bra,
2399 4524 2501 4561 non
2526 4516 2711 4563 manet.
2743 4507 2875 4563 Cum
2907 4516 3082 4563 autem
3113 4508 3405 4579 subjuugit,
3426 4507 3612 4564 Nonne
3655 4520 3702 4563 et
3747 4512 3853 4564 Itu-

2260 4602 2345 4671 ius
2368 4617 2539 4658 curam
2561 4600 2719 4672 fecisti
2757 4602 2923 4655 venire
2950 4601 3001 4653 in
3022 4600 3276 4672 judicium
3328 4601 3509 4656 tuum?
3550 4600 3675 4667 Quis
3717 4608 3857 4657 enim

2263 4692 2354 4747 erit
2370 4692 2586 4746 mundus
2616 4709 2646 4745 a
2673 4691 2943 4747 sordibus?
2975 4691 3160 4759 Nemo,
3186 4709 3275 4746 nec
3300 4693 3343 4747 si
3364 4694 3513 4748 unius
3552 4695 3653 4747 diei
3698 4696 3857 4764 fuerit

2263 4783 2364 4837 vita
2393 4784 2502 4853 ejus
2524 4800 2542 4848 ;
2570 4782 2672 4837 hoc
2708 4781 2890 4852 utique
2918 4782 3063 4849 dicit,
3094 4782 3285 4837 Curam
3314 4783 3545 4838 hominis
3566 4784 3747 4840 brevis
3772 4788 3855 4840 vi-

2264 4881 2333 4928 ta:
2358 4871 2527 4927 fecisti
2554 4862 2736 4928 venire
2764 4871 3077 4939 injudicium
3091 4881 3257 4927 tuum.
3278 4871 3681 4941 Quantumlibct
3706 4875 3855 4931 enim

2264 4964 2441 5020 brevis
2470 4962 2629 5019 fuerit
2657 4963 2763 5017 vita
2791 4962 2928 5033 ejus,
2951 4962 3160 5017 etiamsi
3184 4963 3340 5016 unius
3365 4963 3470 5018 diei
3502 4973 3669 5030 esset,
3697 4980 3857 5020 mun-

2265 5056 2406 5110 dusa
2435 5054 2680 5110 sordibus
2694 5069 2814 5108 esse
2838 5069 2945 5107 non
2974 5061 3175 5123 posset,
3205 5061 3258 5107 et
3286 5052 3407 5108 ideo
3452 5053 3752 5124 justissime
3804 5057 3854 5112 in

2260 5149 2516 5220 judicium
2541 5159 2687 5205 tuum
2716 5149 2911 5203 veniet.
2932 5147 3062 5202 Illud
3089 5163 3217 5202 vero
3244 5147 3387 5218 quod
3412 5149 3507 5214 ait,
3539 5146 3857 5204 Dinumera-

2265 5244 2331 5297 sti
2360 5259 2531 5297 omnes
2560 5240 2945 5296 necessitudines
2975 5257 3130 5307 meas,
3160 5249 3205 5295 et
3232 5238 3363 5293 nihil
3398 5249 3446 5311 te
3470 5224 3618 5295 latuit
3649 5242 3712 5295 de
3737 5259 3858 5311 pec-

2267 5336 2393 5389 catis
2411 5335 2534 5389 meis
2559 5349 2577 5386 :
2598 5333 2808 5404 signasti
2832 5340 3040 5401 peccata
3069 5347 3178 5385 mea
3201 5331 3252 5384 in
3285 5310 3536 5402 follifulo,
3564 5340 3611 5384 et
3639 5310 3858 5385 annota—

2268 5426 2333 5479 sti
2353 5426 2396 5479 si
2416 5426 2535 5494 quid
2563 5425 2743 5478 inuitus
2763 5422 3029 5485 commisi;
3059 5437 3235 5476 nonne
3271 5421 3400 5475 satis
3417 5423 3661 5491 apparuit
3698 5422 3859 5478 etiam

2332 5560 2348 5591 ί
2384 5556 3053 5626 Pleriquemanuscriptihaac
3071 5554 3380 5626 omittuntﬁd
3401 5562 3491 5615 est,
3505 5556 3550 5607 si
3555 5555 3864 5626 judicmtdus

2266 5616 2768 5682 ostendere'voluerit,
2794 5616 2884 5668 non
2917 5616 2968 5666 in
3000 5631 3050 5667 se
3080 5616 3285 5667 inveniri
3322 5631 3456 5682 posse
3481 5616 3610 5679 quod
3645 5619 3861 5678 dmnnet,

2268 5696 2359 5731 non
2398 5682 2570 5745 poterit
2613 5681 2803 5731 obedire
2839 5682 2929 5745 ci.‘
2949 5687 3085 5745 forte
3109 5693 3170 5745 ex
3197 5681 3562 5745 amanueusiugn
3587 5683 3861 5740 oscitantia,

2271 5740 2446 5855 attigas
2479 5745 2669 5813 errandi
2700 5745 2887 5797 occasio
2910 5742 2997 5792 fuit
3032 5740 3147 5790 illud
3185 5742 3312 5805 quod
3349 5744 3564 5791 sccuu-Jo
3612 5744 3822 5796 recurrit
3845 5775 3863 5804 ,

2313 5820 2351 5855 vc
2390 5819 2460 5854 ire
2482 5819 2543 5854 ct.

2270 5806 2460 5857 obcdire
2482 5806 2543 5854 ci.
