4168 6538
288 428 309 469 t
324 414 382 470 (SI
1598 410 1800 470 LIBER
1837 413 2057 472 SECUN
2069 416 2217 474 DUS.

287 526 377 585 illa
398 536 616 601 peccata
630 516 774 600 juste
801 527 1068 600 Imputari,
1102 541 1219 599 qua:
1240 541 1345 583 non
1388 526 1760 585 delectationis
1807 529 1876 584 il-

287 621 499 679 iccebra
517 621 940 686 committuntur,
964 619 1059 675 sed
1087 634 1245 675 causa
1273 618 1570 674 devitanda:
1616 613 1877 675 molestiae

287 713 533 782 alicujus,
558 720 650 765 aut
676 711 897 778 doloris,
927 721 1019 766 aut
1044 711 1253 765 mortis?
1276 708 1409 764 Nam
1449 720 1504 765 et
1545 709 1661 765 haec
1693 711 1868 765 dicuu

289 813 377 860 tur
401 803 627 874 quadam
652 805 971 859 necessitate
1000 803 1282 870 committi,
1314 817 1436 858 cum
1489 803 1669 856 omnia
1717 818 1880 872 supe-

287 894 453 950 randa
479 896 584 949 sint
608 909 793 950 amore
806 903 861 949 et
878 894 1228 950 delectatione
1250 893 1491 963 justitiae.
1512 893 1695 947 Potest
1717 893 1881 947 etiam

289 986 431 1057 quod
460 986 615 1050 dixit,
644 984 715 1040 Et
743 987 997 1039 annotasti
1021 984 1208 1055 siquid
1262 986 1448 1040 invitus
1490 984 1759 1047 commisi;
1813 983 1882 1039 ad

290 1077 437 1132 illam
466 1092 651 1134 vocem
682 1077 851 1132 videri
877 1077 1144 1147 pertinere
1164 1119 1179 1142 ,
1213 1092 1314 1148 qua
1344 1077 1546 1131 dictum
1576 1086 1662 1133 est
1690 1114 1707 1143 ,
1758 1075 1881 1130 Non

289 1169 423 1223 enim
448 1168 582 1238 quod
602 1169 714 1223 uolo
742 1184 863 1241 ago;
888 1167 977 1223 sed
1017 1167 1152 1239 quod
1203 1168 1319 1235 odi,
1368 1167 1463 1222 hoc
1503 1168 1637 1238 facio
1676 1169 1696 1239 (
1728 1167 1878 1223 Rom.

289 1273 390 1324 vn,
414 1259 528 1329 lii).

363 1350 452 1406 £6.
478 1349 614 1419 Quid
634 1350 778 1421 quod
810 1351 925 1420 ipse
950 1351 1225 1416 Dominus,
1251 1351 1343 1423 qui
1364 1352 1412 1407 ei
1437 1351 1777 1422 perhibuerat
1801 1360 1881 1407 te-

291 1441 621 1508 stimonium,
648 1456 771 1496 cum
800 1443 961 1497 etiam
977 1441 1272 1513 Scriptura,
1298 1443 1399 1498 hoc
1425 1451 1542 1510 est,
1591 1443 1683 1499 Dei
1714 1443 1882 1513 Spiri-

293 1544 379 1589 tus
399 1534 624 1600 dixerit,
653 1535 704 1588 in
734 1534 966 1590 omnibus
992 1551 1106 1606 quae
1157 1536 1471 1606 contigerunt
1518 1536 1583 1602 ei,
1617 1552 1716 1590 non
1765 1553 1880 1590 eum

291 1626 523 1698 peccaise
563 1627 708 1682 labiis
736 1629 841 1682 suis
871 1638 986 1682 ante
1019 1628 1287 1683 Dominum
1329 1626 1451 1699 (Job
1482 1644 1534 1692 ι,
1563 1627 1689 1697 22);
1734 1637 1881 1698 post-

289 1734 355 1775 ea
397 1728 570 1775 tamen
606 1735 726 1774 cum
764 1722 812 1775 ei
853 1720 1181 1791 loqueretur,
1212 1721 1495 1789 increpans
1521 1721 1727 1776 locutus
1750 1731 1833 1776 est
1860 1762 1875 1788 ,

294 1813 434 1867 sicut
459 1813 570 1883 ipse
590 1812 691 1868 Job
721 1814 870 1867 testis
901 1822 983 1868 est
1002 1813 1209 1879 dicens,
1259 1813 1397 1880 Quid
1451 1813 1618 1867 adhuc
1663 1830 1756 1885 ego
1780 1815 1876 1884 ju-

289 1903 433 1956 diror
459 1903 709 1968 monitus,
751 1912 798 1957 et
825 1902 1194 1973 increpationes
1244 1901 1453 1957 Domini
1504 1904 1717 1959 audiens
1750 1903 1875 1976 (Id.

289 2010 476 2061 suis,
496 1996 591 2058 ‘53,
619 2011 718 2050 see.
749 1995 1148 2067 LXXHNemo
1178 2006 1357 2051 autem
1378 1997 1521 2074 juste
1546 1997 1872 2067 increpatur,

289 2085 393 2139 nisi
422 2085 472 2139 in
495 2100 602 2156 quo
620 2094 704 2141 est
726 2085 923 2157 aliquid
956 2086 1096 2156 quod
1116 2086 1478 2156 increpatione
1505 2087 1576 2141 sit
1598 2086 1837 2157 dignum.

361 2175 587 2234 CAPUT
638 2176 730 2231 XI.
764 2207 823 2219 —
843 2177 944 2233 Job
970 2178 1200 2249 pravidit
1229 2177 1482 2233 Christum
1501 2178 1570 2231 ad
1595 2179 1877 2247 passionem

289 2278 571 2322 venturum.
604 2266 921 2323 Humilitatis
948 2269 1079 2323 ratio
1109 2269 1161 2322 in
1203 2269 1457 2339 perfectis.
1510 2268 1576 2323 Et
1626 2269 1738 2339 ipsa
1790 2269 1877 2323 in-

289 2360 532 2430 crepatio
565 2360 738 2431 qualis
753 2370 856 2427 est,
879 2376 997 2429 quze
1021 2376 1088 2415 ex
1142 2360 1354 2415 Domini
1399 2358 1597 2415 Christi
1649 2375 1874 2429 persona

288 2453 635 2525 intelligitur?
660 2454 947 2509 Euumerat
975 2454 1049 2508 illi
1074 2453 1248 2508 divina
1276 2468 1437 2523 opera
1465 2454 1743 2523 potestatis
1762 2469 1876 2509 sum

288 2544 391 2598 sub
416 2543 514 2598 hac
539 2545 800 2599 sententia
822 2544 1123 2613 increpans,
1149 2553 1206 2599 ut
1232 2560 1355 2599 eum
1376 2543 1556 2599 dicere
1586 2554 1873 2616 appareat:

288 2634 552 2707 Numquid
572 2646 720 2707 potes
736 2637 853 2693 Iure
873 2646 1016 2693 tanta
1033 2652 1152 2708 qua:
1169 2638 1421 2707 possum?
1437 2636 1556 2704 Quo
1568 2644 1745 2692 autem
1766 2652 1879 2708 per-

290 2730 447 2795 tinet,
476 2728 575 2789 nisi
608 2738 665 2783 ut
691 2730 948 2798 intelligat
967 2730 1069 2787 Job
1105 2728 1289 2803 (etiam
1312 2731 1390 2803 (a)
1419 2730 1522 2786 hoc
1547 2731 1595 2786 ei
1622 2730 1877 2788 divinitus

289 2821 628 2889 ἱιιειιίνεηυῐη,
652 2829 707 2875 ut
737 2823 1010 2891 prmsciret
1035 2822 1304 2876 Christum
1323 2821 1388 2876 ad
1424 2823 1726 2891 passionem
1756 2837 1877 2879 esse

290 2909 594 2985 venturum)
629 2930 643 2964 :
676 2912 935 2983 intelligat
960 2927 1089 2982 ergo
1118 2927 1278 2982 quant
1305 2912 1463 2968 debet
1511 2928 1665 2982 sequo
1694 2913 1878 2968 animo

294 3002 522 3057 tolerare
555 3018 674 3073 qute
698 3004 914 3074 pertulit
936 3045 951 3072 ,
974 3004 1019 3058 si
1047 3003 1291 3059 Christus
1320 3004 1371 3057 in
1399 3019 1506 3074 quo
1554 3013 1827 3073 peccatum
1858 3046 1874 3071 ,

292 3107 413 3147 cum
446 3104 663 3164 propter
691 3108 790 3149 nos
817 3093 978 3149 homo
1002 3092 1171 3148 iactus
1200 3102 1367 3161 esset,
1412 3094 1632 3149 omnino
1677 3094 1877 3149 nullum

293 3184 409 3247 fuit,
435 3193 490 3239 et
514 3184 566 3238 in
592 3199 696 3255 quo
729 3185 838 3240 Deo
860 3193 1002 3239 tanta
1031 3184 1264 3255 potentia
1293 3193 1408 3251 est,
1439 3199 1771 3255 nequaquam
1802 3192 1882 3239 ta-

294 3289 417 3331 men
440 3276 703 3346 passionis
728 3276 1088 3331 obedientiam
1116 3276 1420 3332 recusavit?
1464 3275 1616 3345 Quod
1665 3278 1880 3347 puriore

291 3367 471 3422 cordis
498 3367 791 3423 intentione
814 3366 914 3422 Job
938 3368 1239 3439 intelligens
1266 3366 1604 3438 responsioni
1641 3381 1753 3422 sua:
1778 3365 1878 3420 ad-

292 3461 447 3528 didit,
473 3462 625 3517 Auris
652 3463 831 3516 auditu
850 3461 1114 3516 audiebam
1158 3469 1205 3515 te
1232 3461 1375 3532 prius
1401 3461 1443 3527 ’,
1501 3468 1547 3514 et
1593 3475 1726 3513 nunc
1770 3472 1881 3512 ecce

293 3556 469 3609 oculus
502 3571 640 3610 meus
668 3554 798 3609 videt
824 3564 870 3607 te
896 3570 914 3608 :
940 3554 1051 3608 ideo
1081 3553 1354 3624 eituperavi
1393 3567 1473 3605 me
1496 3552 1683 3621 ipsum,
1717 3558 1763 3604 et
1796 3549 1878 3603 di-

294 3645 487 3712 stabui,
518 3656 563 3699 et
587 3646 828 3699 testimavi
852 3661 932 3699 me
970 3646 1137 3715 ipsum
1180 3653 1365 3697 terram
1394 3652 1441 3696 et
1490 3642 1706 3696 cinerem
1745 3641 1876 3712 (Id.

294 3752 428 3803 nu,
454 3738 508 3804 5,
538 3738 617 3808 6).
646 3737 823 3806 Quare
847 3737 947 3792 sibi
976 3738 1047 3790 ita
1084 3736 1137 3791 in
1186 3735 1289 3791 hoc
1337 3745 1442 3790 tam
1480 3750 1673 3805 magno
1722 3732 1880 3789 intel-

293 3830 436 3885 lectu
451 3831 740 3900 displicuit?
760 3829 942 3899 Neque
960 3829 1102 3883 enim
1124 3842 1260 3898 opus
1280 3828 1391 3892 Dei,
1415 3843 1520 3897 quo
1541 3836 1657 3881 erat
1683 3827 1874 3893 homo,

294 3931 442 3977 recte
464 3923 536 3976 illi
557 3931 761 3991 poterat
781 3921 1084 3991 displicere;
1103 3936 1223 3975 cum
1253 3921 1412 3975 etiam
1457 3919 1561 3990 ipsi
1589 3919 1698 3975 Deo
1727 3919 1876 3975 dica-

294 4024 415 4077 tur,
458 4013 625 4083 Opera
668 4029 909 4067 manuum
955 4023 1157 4067 tuarum
1208 4030 1271 4067 ne
1327 4012 1615 4083 despexeris
1674 4010 1872 4082 (Psal.

238 4174 245 4179 μ
291 4119 534 4170 cxxxvn,
577 4104 656 4173 8).
689 4104 791 4160 Sed
823 4102 1383 4175 profecto'secundum
1426 4104 1569 4159 illam
1609 4104 1875 4174 justitiam

291 4211 397 4266 qua
423 4207 711 4252 seuoverat
726 4197 925 4266 justum
942 4198 985 4263 1',
1008 4210 1068 4251 se
1082 4197 1397 4266 vituperavit
1423 4206 1583 4268 atque
1599 4197 1876 4265 distabuit,

293 4288 687 4358 a-stimavitque
708 4303 766 4344 se
794 4296 994 4344 terram
1024 4298 1079 4343 et
1105 4288 1342 4344 cinerem
1371 4304 1386 4354 ;
1435 4297 1616 4343 mente
1661 4289 1878 4359 conspi-

293 4381 447 4436 ciens
470 4379 662 4437 Cln‘isti
684 4381 967 4453 justitiam,
996 4382 1048 4436 in
1075 4381 1230 4452 cujus
1251 4395 1358 4437 non
1389 4389 1593 4435 tantum
1622 4381 1878 4437 divinita-

293 4486 371 4542 te,
389 4474 483 4531 sed
514 4490 613 4530 nec
638 4474 897 4530 inanium
922 4489 1022 4530 nec
1070 4474 1124 4529 in
1151 4488 1316 4529 carne
1351 4474 1514 4528 ullum
1562 4474 1733 4543 potuit
1756 4487 1881 4529 esse

292 4574 570 4635 peccatum
594 4582 608 4617 :
636 4565 926 4621 secundum
953 4580 1111 4637 quam
1139 4563 1397 4634 justitiam
1418 4579 1536 4635 qua:
1547 4579 1616 4620 ex
1644 4564 1754 4620 Deo
1774 4573 1875 4630 est,

294 4656 457 4712 etiam
487 4655 683 4711 Paulus
710 4658 981 4726 apostolus
1021 4656 1150 4712 illud
1193 4671 1348 4711 suum
1394 4655 1538 4727 quod
1585 4656 1881 4711 secundum

293 4747 552 4816 justitiam
575 4763 692 4818 qua:
712 4763 778 4804 ex
798 4748 914 4818 lege
939 4756 1043 4815 est,
1070 4746 1170 4802 fuit
1181 4748 1297 4803 sine
1323 4747 1539 4817 querela
1558 4762 1663 4802 non
1681 4753 1876 4815 solum,

295 4839 513 4904 danina,
553 4853 737 4894 verunt
767 4840 927 4894 etiam
957 4849 1195 4894 stercora
1241 4838 1565 4895 existimavit
1599 4839 1619 4911 (
1649 4837 1877 4911 Philipp.

296 4943 358 4984 tu
379 4970 393 4990 .
424 4928 565 4997 6-8).

366 5020 591 5077 CAPUT
618 5019 731 5075 XII.
757 5049 833 5062 —
855 5022 942 5077 Π.
979 5020 1143 5076 Nemo
1163 5021 1335 5093 justus
1380 5021 1435 5075 in
1485 5021 1732 5077 omnibus.
1763 5022 1881 5077 Non

298 5113 457 5183 igitur
477 5114 788 5182 praeclarum
830 5111 956 5167 illud
988 5113 1346 5169 testimonium
1396 5112 1488 5168 Dei
1518 5154 1532 5178 ,
1559 5128 1665 5183 quo
1691 5113 1877 5169 lauda-

299 5213 385 5257 tus
405 5214 487 5259 est
512 5204 632 5270 Job,
656 5205 982 5258 contrarium
1009 5215 1091 5259 est
1119 5205 1167 5260 ei
1193 5205 1499 5260 testimonio
1529 5220 1637 5273 quo
1680 5205 1880 5261 dictum

297 5303 402 5359 est,
435 5294 555 5350 Non
580 5296 943 5367 iustiﬁcabimr
963 5297 1016 5351 in
1039 5306 1308 5367 conspectu
1332 5307 1418 5350 tuo
1469 5298 1631 5351 omnis
1676 5298 1844 5353 vivens
1862 5314 1883 5352 :

296 5389 419 5459 quis
450 5388 629 5444 nonid
659 5389 964 5460 persuadet,
991 5405 1209 5460 prorsus
1260 5391 1311 5445 in
1361 5391 1450 5446 illo
1498 5392 1630 5447 nihil
1680 5391 1877 5454 fuisse.

296 5480 439 5548 quod
461 5481 542 5535 vel
568 5480 637 5535 ab
679 5481 796 5551 ipso
823 5484 1088 5537 veraciter
1108 5523 1123 5548 ,
1154 5482 1289 5538 vela
1318 5483 1540 5538 Domino
1582 5484 1693 5538 Deo
1740 5491 1884 5538 recte

299 5571 800 5642 reprehenderetur;
823 5574 1182 5644 quamvisjam
1201 5575 1394 5644 justus,
1413 5582 1467 5643 et
1483 5590 1636 5629 verax
1657 5572 1751 5628 Dei
1767 5574 1881 5628 cul-

364 5742 379 5802 ξ
416 5741 465 5802 tu
486 5737 711 5786 omnibus
732 5743 860 5802 Mss,,
885 5736 1206 5802 intelligebam
1228 5743 1273 5788 te
1290 5737 1438 5802 prius.

361 5799 381 5865 ξ
411 5799 482 5846 sic
504 5807 605 5846 Am.
625 5804 699 5846 Er.
721 5807 773 5849 et
792 5799 1014 5865 plerique
1037 5799 1142 5851 Stss.
1161 5810 1216 5852 Αι
1238 5799 1365 5859 l.tiv.,
1392 5800 1638 5863 injustam.

363 5863 435 5924 ia)
455 5866 612 5918 Ferte.
637 5873 768 5910 nam.

3472 433 3575 492 162

1992 539 2094 598 tor,
2117 539 2172 586 et
2186 531 2253 587 ab
2273 533 2415 588 omni
2440 548 2601 605 opere
2617 535 2757 592 malo
2774 551 2831 593 se
2852 538 3145 605 abstinens,
3166 556 3271 598 non
3296 545 3569 601 mendaci-

1988 632 2070 678 ter
2086 624 2373 681 diceretur.
2398 628 2524 683 ch
2543 627 2684 685 cnim
2710 630 2779 687 de
2798 632 2888 687 illo
2909 632 3067 688 verba
3106 645 3227 689 sunt
3272 635 3366 690 Dei
3396 655 3409 690 :
3439 638 3539 693 Ani
3550 669 3569 680 -

1987 730 2069 768 mo
2093 716 2349 770 advertisti
2380 718 2395 750 ί
2423 719 2476 772 in
2497 736 2709 790 puerum
2739 738 2904 776 meum
2953 722 3053 778 Job
3076 724 3104 778 ?
3144 723 3264 779 Non
3313 727 3444 781 enim
3497 737 3574 784 est

1986 807 2063 862 illi
2084 809 2233 864 homo
2260 811 2442 867 similis
2463 830 2613 884 super
2637 825 2857 881 terram,
2885 816 2993 871 sine
3018 818 3238 886 querela,
3257 818 3449 888 justus,
3496 835 3575 874 ve-

1987 916 2075 955 rus
2104 900 2200 955 Dei
2225 902 2408 971 cultor,
2440 904 2693 960 abstinens
2717 924 2773 961 se
2796 907 2858 961 ab
2887 909 3025 962 omni
3052 925 3202 980 opere
3235 910 3369 964 malo
3423 910 3445 984 (
3465 910 3569 966 Job

1991 1005 2027 1053 ι,
2056 990 2135 1060 8).
2166 990 2360 1048 Primis
2377 994 2554 1049 verbis
2576 1010 2641 1049 ex
2670 995 2944 1052 hominum
2999 999 3091 1069 qui
3134 1009 3258 1054 sunt
3311 1000 3366 1055 in
3422 1010 3565 1058 terra

1985 1083 2385 1150 comparatione
2411 1084 2674 1140 laudatur.
2701 1071 2706 1075 ’
2735 1085 2966 1142 Proinde
3008 1090 3256 1146 omnibus
3303 1092 3393 1160 qui
3443 1099 3572 1147 tunc

1989 1165 2041 1218 in
2072 1176 2209 1221 terra
2230 1165 2359 1236 justi
2384 1183 2504 1225 esse
2533 1177 2841 1241 potuerunt,
2901 1173 3219 1229 excellebat.
3275 1173 3392 1229 Non
3441 1190 3572 1247 ergo

1992 1256 2109 1326 ipse
2132 1269 2410 1328 proluerea
2456 1261 2658 1315 nullum
2708 1273 2984 1333 peccatum
3031 1265 3249 1319 omnino
3293 1264 3519 1321 habebat
3552 1306 3570 1331 ,

1986 1350 2108 1418 quia
2142 1350 2192 1404 in
2216 1352 2452 1421 profectu
2470 1353 2690 1422 justitiae
2715 1363 2943 1411 caeteros
2960 1358 3215 1413 anteibat.
3249 1357 3450 1413 Deinde
3466 1357 3571 1413 ad-

1980 1439 2221 1511 jungitur
2243 1484 2256 1509 ,
2289 1443 2397 1497 sine
2419 1444 2622 1513 querela
2644 1487 2658 1512 ,
2690 1446 2759 1501 de
2784 1448 2938 1516 cujus
2957 1449 3065 1503 vita
3092 1464 3252 1503 nemo
3275 1452 3417 1519 juste
3443 1466 3570 1521 que-

1984 1536 2224 1586 feretur:
2244 1533 2437 1601 justus,
2470 1535 2559 1605 qui
2589 1543 2731 1591 tanta
2760 1551 2971 1593 morum
3020 1539 3284 1608 probitate
3329 1533 3571 1610 profece-

1984 1629 2083 1685 rat,
2111 1632 2169 1677 ut
2201 1624 2378 1679 nullus
2401 1626 2449 1679 ei
2481 1635 2624 1682 esset
2666 1628 2958 1697 a'quandus
2984 1646 3001 1683 :
3033 1645 3178 1685 verus
3211 1628 3310 1685 Dei
3360 1633 3525 1686 cultor
3551 1671 3568 1697 ,

1982 1713 2177 1782 quippe
2211 1714 2372 1769 etiam
2400 1730 2615 1771 suorum
2667 1728 3007 1787 peccatorum
3045 1734 3205 1774 verax
3250 1719 3572 1792 humilisque

1982 1804 2259 1859 confessor
2287 1822 2301 1858 :
2327 1805 2583 1861 abstinens
2601 1823 2654 1861 se
2678 1806 2740 1861 ab
2779 1810 2917 1862 omni
2958 1825 3107 1878 apere
3149 1811 3284 1864 malo
3307 1851 3321 1876 ,
3373 1814 3570 1867 mirum

1983 1895 2025 1948 si
2041 1896 2108 1950 ab
2131 1897 2274 1951 omni
2297 1898 2457 1953 etiam
2484 1899 2649 1955 verbo
2675 1908 2731 1956 et
2753 1901 2989 1972 cogitatu
3008 1903 3167 1957 malo.
3196 1903 3436 1972 Quantus
3452 1906 3571 1975 qui-

1980 1989 2103 2045 dem
2124 1989 2224 2045 Job
2245 1989 2401 2046 fuerit
2426 1996 2733 2062 ignoramus
2765 1994 2897 2049 :sed
2928 1996 3393 2066 novimusjustum
3418 2038 3434 2064 ,
3467 2012 3570 2053 no-

1980 2083 2155 2137 vimus
2180 2085 2419 2139 etiamin
2454 2085 2789 2155 perferendis
2836 2086 3117 2142 horrendis
3170 2088 3569 2144 tribulationum

1981 2174 2364 2229 tentationibus
2385 2190 2654 2246 magnum;
2684 2176 2932 2232 novimus
2953 2194 3057 2233 non
3087 2188 3303 2247 propter
3329 2188 3566 2249 peccata,

1980 2263 2074 2319 sed
2103 2276 2319 2335 propter
2336 2265 2454 2335 ejus
2476 2265 2946 2321 demonstrandam
2967 2267 3228 2335 justitiam
3253 2269 3340 2323 illa
3383 2270 3563 2325 omnia

1981 2355 2145 2411 fuisse
2170 2371 2503 2426 perpessum.
2538 2357 2921 2415 Verumtamen
2948 2359 3064 2414 haec
3088 2361 3251 2416 verba
3301 2362 3494 2432 quibus
3537 2377 3570 2416 a

1981 2446 2207 2502 Domino
2222 2448 2488 2515 laudatur,
2514 2458 2734 2519 possent
2762 2450 2922 2505 etiam
2942 2450 3011 2506 de
3038 2451 3130 2505 illo
3156 2451 3282 2520 dici,
3312 2452 3403 2524 qui
3434 2468 3535 2507 con
3555 2484 3573 2497 ο

1982 2537 2280 2594 delectatur
2298 2539 2405 2611 legi
2433 2542 2525 2597 Dei
2550 2540 2847 2597 secundum
2894 2543 3203 2598 Interiorcm
3259 2543 3569 2608 hominem,

1981 2632 2125 2689 videt
2150 2641 2327 2689 autem
2354 2635 2511 2690 aliam
2538 2635 2712 2707 legem
2740 2636 2794 2691 in
2823 2635 3081 2691 membris
3106 2637 3217 2692 suis
3260 2652 3568 2708 repugnan-

1983 2733 2089 2780 tem
2117 2726 2219 2796 legi
2250 2728 2445 2782 mentis
2463 2729 2923 2798 sumprresertim
2950 2728 3072 2798 quia
3099 2728 3247 2794 dicit,
3279 2726 3399 2782 Non
3434 2730 3571 2800 quod

1982 2817 2096 2872 rolo
2121 2817 2255 2889 facio
2277 2816 2485 2884 bonum;
2514 2818 2605 2873 sed
2631 2818 2768 2889 quod
2813 2818 2899 2873 odi
2939 2818 3163 2886 malum,
3204 2819 3299 2873 hoc
3340 2836 3458 2889 ago.
3510 2819 3574 2875 Si

1981 2915 2149 2959 autem
2171 2906 2306 2977 quod
2325 2907 2412 2962 odi
2431 2908 2643 2975 malum,
2675 2908 2771 2963 hoc
2794 2908 2949 2980 facio,
2971 2909 3077 2979 iam
3108 2925 3207 2961 non
3250 2924 3341 2978 ego
3387 2925 3573 2979 aperor

1981 2997 2131 3061 illud,
2159 2997 2248 3052 sed
2269 2998 2405 3068 quod
2425 2998 2615 3052 habitat
2659 2999 2712 3053 in
2750 3015 2830 3053 me
2864 3009 3141 3069 peceatum.
3194 2998 3334 3053 Ecce
3380 3008 3435 3054 et
3473 2998 3576 3053 iste

1983 3090 2275 3144 secundum
2296 3090 2604 3145 interiorem
2635 3089 2905 3145 hominem
2937 3090 3145 3145 alienus
3183 3099 3266 3145 est
3312 3090 3379 3144 ab
3425 3089 3573 3144 omni

1985 3195 2148 3251 opere
2166 3182 2327 3243 malo,
2349 3180 2474 3251 quia
2491 3180 2619 3235 illud
2647 3196 2757 3236 non
2783 3191 3040 3251 operatur
3067 3181 3203 3251 ipse,
3232 3180 3325 3235 sed
3350 3180 3492 3251 quod
3518 3181 3573 3235 iu

1982 3288 2143 3328 carne
2169 3273 2287 3343 ejus
2318 3273 2522 3328 habitat
2548 3273 2747 3327 malum
2782 3281 2872 3327 :et
2899 3280 3074 3327 tamen
3097 3288 3216 3327 eum
3248 3272 3375 3326 illud
3397 3273 3571 3341 ipsum

1986 3362 2127 3433 quod
2152 3362 2555 3419 condcleetatur
2584 3363 2688 3433 legi
2712 3363 2828 3426 Dei,
2860 3377 2965 3417 non
2996 3362 3189 3417 habeat
3209 3363 3316 3419 nisi
3348 3378 3412 3417 ex
3454 3377 3577 3432 gra-

1985 3454 2054 3509 tia
2084 3455 2198 3519 Dei,
2222 3453 2398 3512 adhuc
2422 3455 2760 3511 Iiberationis
2783 3454 3026 3525 indigens
3067 3456 3280 3520 clamat,
3303 3454 3460 3509 Miser
3478 3472 3570 3527 ego

1984 3546 2155 3608 Itonia,
2177 3546 2287 3615 quis
2316 3562 2394 3600 me
2422 3544 2648 3600 liberabit
2674 3544 2738 3600 de
2763 3560 2974 3614 corpore
2996 3544 3171 3599 mortis
3195 3545 3347 3613 hujus
3372 3543 3398 3598 ?
3434 3542 3572 3598 Gra-

1984 3637 2055 3690 tia
2078 3636 2172 3690 Dei
2193 3653 2283 3703 per
2303 3634 2337 3690 J
2342 3651 2481 3691 esum
2499 3635 2760 3692 Christum
2795 3633 3070 3689 Dominum
3096 3643 3323 3689 nostrum
3370 3633 3391 3706 (
3416 3634 3570 3690 Rout.

1982 3742 2080 3793 vu,
2107 3726 2318 3798 15-25).

2052 3817 2280 3875 CAPUT
2306 3817 2446 3873 XIII.
2469 3818 2653 3874 -18.
2686 3817 2920 3891 Perfecta
2957 3817 3163 3889 justitia
3201 3816 3425 3871 humana
3469 3816 3570 3870 im-

1986 3913 2207 3983 perfecta
2230 3921 2322 3966 est.
2353 3911 2490 3966 Sunt
2515 3925 2645 3982 ergo
2666 3910 2719 3965 in
2745 3920 2882 3965 terra
2905 3909 3056 3978 justi,
3089 3918 3215 3964 sunt
3233 3907 3429 3979 magni,
3459 3910 3570 3963 lor-

1986 4011 2091 4067 tes,
2122 4002 2435 4072 prudentes,
2460 4002 2818 4066 continentes,
2839 4000 3120 4071 patientes,
3146 4000 3239 4070 pii,
3263 4000 3571 4054 misericor-

1982 4093 2099 4159 des,
2121 4094 2432 4163 temporalia
2477 4092 2614 4148 mala
2644 4093 2824 4147 omnia
2863 4099 3080 4162 propter
3104 4092 3366 4162 justitiam
3413 4107 3572 4162 atquo

1984 4185 2164 4238 animo
2193 4184 2501 4240 tolerantes.
2550 4182 2656 4239 Sed
2684 4183 2730 4238 si
2764 4198 2947 4238 verum
2970 4191 3073 4247 est,
3102 4185 3209 4236 imo
3234 4183 3357 4253 quia
3384 4198 3569 4239 verum

1982 4283 2085 4337 est,
2111 4274 2172 4330 Si
2195 4275 2473 4329 dixerimus
2499 4274 2619 4345 quia
2640 4283 2900 4344 peccatum
2926 4290 3028 4327 non
3052 4273 3312 4340 habemus,
3359 4290 3451 4328 nos
3490 4273 3570 4343 ip.

1982 4384 2068 4424 sos
2088 4368 2367 4439 decipimus
2412 4366 2432 4439 (
2456 4366 2474 4420 ι
2501 4365 2663 4423 Joan.
2693 4381 2732 4432 I,
2763 4364 2864 4437 8);
2888 4374 2962 4431 et,
2996 4364 3117 4419 Non
3127 4365 3495 4436 justiﬁcabitur
3516 4365 3571 4419 in

1983 4468 2253 4531 conspectu
2276 4466 2363 4513 tuo
2388 4458 2553 4512 omnis
2576 4457 2744 4512 virens
2772 4455 2958 4528 (Psal.
2986 4471 3147 4523 cmi,
3178 4456 3247 4526 2)
3274 4472 3287 4508 :
3317 4471 3420 4511 non
3447 4464 3571 4509 sunt

1984 4549 2103 4605 sine
2138 4555 2392 4618 peccato;
2420 4562 2519 4602 nec
2546 4546 2825 4617 quisquam
2869 4561 3054 4601 eorum
3110 4556 3217 4599 tam
3257 4555 3570 4615 arroganter

1985 4641 2200 4707 insanit,
2232 4649 2290 4696 ut
2315 4656 2419 4697 non
2446 4640 2547 4696 sibi
2590 4654 2688 4712 pro
2714 4640 2826 4695 suis
2861 4638 3336 4709 qualibuscumque
3381 4652 3569 4707 pecca-

1986 4733 2055 4788 tis
2080 4731 2345 4787 dominica
2371 4732 2613 4785 oratione
2642 4745 2776 4799 opus
2806 4744 2927 4784 esse
2952 4729 3261 4782 arbitretur.

2057 4822 2145 4879 l9.
2166 4821 2299 4877 Nam
2326 4820 2394 4877 de
2419 4820 2674 4875 Zacharia
2706 4828 2760 4875 et
2788 4818 3077 4885 Elisabelh,
3109 4819 3197 4887 qui
3247 4816 3400 4872 nobis
3428 4831 3571 4887 saepe

1987 4915 2041 4971 in
2072 4914 2232 4984 hujus
2256 4912 2568 4983 quatstiouis
2596 4910 3043 4981 disputationibus
3069 4908 3414 4979 objiciuntur,
3445 4909 3570 4978 quid

1985 5010 2244 5071 dicamus,
2274 5004 2376 5060 nisi
2406 5004 2548 5074 quod
2579 5002 2857 5058 evidenter
2876 5002 3148 5072 Scriptura
3182 5008 3422 5066 testatur,
3439 5000 3574 5057 emi-

1985 5100 2130 5156 nanti
2155 5097 2358 5169 justitia
2382 5095 2546 5151 fuisse
2590 5094 2902 5149 Zachariam
2945 5094 2996 5148 in
3029 5093 3358 5165 principibus
3388 5108 3574 5148 sacer-

1985 5192 2167 5247 dotum
2189 5188 2255 5243 ad
2277 5186 2549 5243 olferenda
2582 5186 2788 5241 Veteris
2808 5185 3137 5242 Testamenti
3162 5185 3423 5242 sacriﬁcia
3455 5200 3576 5255 per-

1987 5282 2288 5337 tinentium.
2315 5279 2565 5349 Legimus
2605 5287 2785 5334 autem
2817 5278 2871 5333 in
2899 5278 3137 5349 Epistula
3187 5294 3306 5349 qua:
3354 5277 3423 5333 ad
3468 5278 3573 5331 lle-

1989 5376 2160 5431 brmos
2190 5372 2438 5427 scribitur
2460 5373 2503 5436 ³,
2529 5370 2669 5442 quod
2707 5372 3069 5426 testimonium
3123 5369 3176 5425 in
3229 5370 3367 5426 libro
3416 5384 3575 5438 snpe-

1989 5467 2133 5520 riore
2153 5465 2261 5534 jam
2294 5462 2444 5533 posui
2471 5461 2691 5532 (Supra,
2726 5462 2812 5515 tib.
2849 5463 2900 5529 l,
2930 5479 2984 5517 η.
3026 5458 3137 5535 50),
3195 5461 3366 5515 solum
3416 5460 3573 5514 Chri-

1989 5567 2127 5612 stum
2157 5571 2277 5612 csse
2301 5554 2591 5626 principem
2623 5552 2959 5609 sacerdotum
2981 5593 2995 5619 ,
3042 5553 3132 5623 qui
3190 5566 3297 5605 non
3348 5549 3572 5604 haberet

1991 5648 2383 5711 necessitatem,
2415 5646 2551 5700 sicut
2574 5644 2647 5698 illi
2675 5645 2763 5714 qui
2787 5643 3125 5698 sacerdotum
3154 5641 3415 5711 principes
3436 5639 3572 5693 dice-

2054 5743 2071 5773 ³
2108 5744 2159 5787 In
2180 5738 2341 5798 editis,
2380 5747 2448 5787 An
2468 5748 2563 5787 non
2595 5733 2861 5798 advenisti.
2898 5742 2955 5798 At
2993 5735 3043 5783 in
3065 5742 3189 5795 κει,
3212 5729 3379 5781 Animo
3397 5729 3573 5782 adver-

1874 5808 1891 5823 ‘
1992 5800 2279 5852 Μία-808
2303 5795 2396 5856 est,
2414 5797 2667 5862 proseches
2698 5795 2744 5847 te
2763 5796 2957 5862 dignata
2976 5807 3080 5846 sou.

2063 5864 2083 5894 ⁸
2113 5863 2185 5912 sic
2204 5867 2311 5912 Mss.
2335 5856 2455 5911 Editi
2469 5872 2604 5920 vero,
2626 5856 2919 5910 inscribitur.
