4168 6528
612 417 713 473 105

608 529 820 592 bantur,
852 523 1170 580 sacriﬁcium
1199 539 1295 595 pro
1322 525 1433 578 suis
1464 522 1690 592 primum
1737 518 1929 573 ollcrre
1956 513 2183 585 peccatis

608 616 864 688 quotidie,
887 614 1081 670 deinde
1105 629 1201 686 pro
1231 613 1427 684 populi.
1458 612 1633 666 Talem
1662 611 1794 665 enim
1839 607 2076 669 decebat,
2107 604 2189 658 in-

607 710 740 780 quit,
773 708 953 762 habere
979 720 1068 759 nos
1100 706 1376 776 principem
1415 704 1731 759 sacerdotum
1754 742 1772 768 ,
1802 700 2003 771 justum
2031 737 2049 763 ,
2081 695 2190 748 sine

610 801 825 867 malitia,
855 800 1325 863 incontaminatum,
1349 804 1638 865 separatum
1663 810 1694 846 a
1720 788 2083 863 peccatoribus,
2102 784 2185 838 al-

609 893 786 945 tiorem
808 907 841 943 a
862 890 997 944 cmlis
1024 893 1211 957 factum
1229 928 1244 954 ,
1276 903 1378 940 non
1403 885 1664 939 habentem
1710 881 2055 953 quotidianam
2100 890 2189 928 ne.-

608 982 908 1045 cessitatem,
941 981 1068 1033 sicut
1099 978 1350 1049 principes
1376 975 1712 1038 sacerdotum,
1737 972 1954 1041 primum
1973 982 2063 1036 pro
2083 964 2188 1018 suis

610 1072 824 1143 peccatis
848 1070 1153 1138 sacriﬁcium
1173 1067 1356 1132 e/ferre
1385 1064 1569 1133 (Hebr.
1597 1078 1690 1127 vn,
1717 1062 1807 1124 26,
1836 1060 1952 1129 27).
2004 1059 2059 1111 lu
2085 1054 2189 1110 hoc

608 1163 943 1219 sacerdotum
971 1176 1192 1216 numero
1212 1159 1497 1214 Zacharias
1517 1199 1532 1224 ,
1565 1158 1618 1211 in
1665 1156 1765 1209 hoc
1806 1153 2031 1206 Phineas
2061 1190 2077 1214 ,
2134 1149 2187 1202 in

609 1254 713 1309 hoc
738 1253 850 1324 ipse
875 1254 1070 1317 Aaron,
1100 1263 1129 1304 ιι
1157 1266 1262 1320 quo
1292 1250 1390 1303 iste
1410 1249 1544 1302 ordo
1572 1260 1795 1301 exorsus
1829 1253 1910 1297 est
1936 1284 1950 1303 ,
1981 1242 2106 1306 fuit,
2133 1248 2190 1295 et

608 1345 929 1414 quicumque
952 1343 1036 1396 alii
1066 1342 1117 1395 in
1151 1341 1243 1395 illo
1292 1338 1593 1393 sacerdotio
1646 1335 1977 1390 laudabiliter
2018 1331 2189 1400 juste-

609 1449 712 1504 que
730 1436 994 1498 vixerunt;
1013 1433 1101 1501 qui
1127 1440 1301 1485 tamen
1331 1429 1594 1482 habebant
1614 1425 1984 1481 necessitatem
2009 1419 2183 1475 sacri-

612 1525 789 1579 llcium
816 1524 1057 1593 primitus
1083 1534 1181 1592 pro
1205 1519 1314 1575 suis
1342 1518 1534 1573 offerre
1554 1516 1805 1587 peccatis,
1826 1513 1941 1569 solo
1963 1511 2184 1567 Christo

606 1617 889 1679 existente,
914 1617 1065 1683 cujus
1094 1613 1299 1667 venturi
1331 1611 1548 1681 ﬁguram
1580 1609 1881 1679 gestabant,
1903 1606 1994 1676 qui
2042 1603 2183 1659 hanc

608 1708 980 1763 necessitatem
1029 1704 1277 1760 sacerdos
1337 1699 1822 1756 incontaminabilis
1872 1712 1979 1752 non
2026 1695 2188 1750 habe-

604 1809 707 1856 ret.

675 1888 765 1944 20.
792 1887 927 1956 Quid
955 1894 1130 1940 autem
1157 1884 1226 1940 de
1252 1882 1510 1939 Zacharla
1537 1889 1592 1937 et
1613 1879 1881 1935 Elisabeth
1924 1875 2188 1932 laudabile

605 1978 803 2035 dictum
832 1987 933 2042 est,
964 1976 1105 2048 quod
1124 1991 1231 2031 non
1257 1975 1309 2029 in
1337 1989 1402 2030 eo
1426 1969 1939 2043 comprehendatur,
1961 1967 2100 2038 quod
2120 1966 2188 2021 de

602 2085 663 2127 se
689 2070 992 2140 Apostolus,
1014 2083 1137 2124 cum
1167 2068 1221 2122 in
1249 2066 1520 2122 Christum
1567 2063 1803 2119 nondum
1827 2059 2138 2115 credidisset
2165 2095 2184 2122 ,

602 2162 871 2234 professus
898 2159 1002 2217 est!
1029 2160 1171 2215 Dixit
1197 2158 1340 2213 enim
1366 2172 1424 2212 se
1449 2154 1724 2210 secundum
1735 2151 1991 2224 justitiam
2006 2162 2120 2220 qua
2133 2146 2187 2201 in

603 2257 714 2327 lege
740 2264 832 2321 est,
858 2255 1011 2324 fuisse
1038 2255 1147 2307 sine
1171 2248 1377 2324 querela
1402 2262 1421 2303 :
1446 2248 1549 2303 hoc
1573 2255 1628 2302 et
1647 2246 1715 2300 de
1741 2245 1847 2299 illis
1880 2244 1953 2297 ita
1976 2241 2181 2312 legitur,

603 2347 770 2403 Erant
798 2356 964 2401 autem
986 2345 1132 2400 ambo
1144 2344 1276 2417 justi
1294 2352 1411 2397 ante
1440 2341 1619 2407 Deum,
1651 2338 1935 2393 incedentes
1985 2335 2034 2389 itt
2073 2349 2183 2388 om-

602 2438 748 2493 uibus
772 2438 1025 2492 mandatis
1050 2448 1094 2491 et
1110 2431 1558 2509 justiﬁcationibus
1588 2430 1793 2485 Domini
1836 2428 1943 2482 sine
1982 2424 2185 2495 querela

601 2530 752 2600 (Luc.
776 2546 813 2596 ι,
838 2529 916 2600 6).
945 2529 1075 2597 Quia
1088 2541 1219 2598 ergo
1245 2524 1495 2596 quidquid
1517 2524 1595 2578 eis
1622 2518 2046 2589 inemtjustitize,
2078 2530 2182 2569 non

606 2631 723 2677 erat
751 2620 815 2676 ad
835 2622 1079 2676 homines
1110 2620 1455 2684 simulatum,
1499 2615 1618 2671 ideo
1655 2613 1852 2669 dictum
1901 2619 1984 2665 est
2011 2653 2026 2679 ,
2071 2616 2189 2662 ante

603 2710 789 2768 Deum.
817 2711 970 2780 Quod
992 2719 1169 2765 autem
1196 2709 1262 2764 de
1289 2707 1542 2763 Zacharia
1564 2714 1617 2761 et
1661 2705 1775 2771 ejus
1805 2702 2029 2771 conjuge
2055 2699 2185 2753 scri-

601 2812 750 2876 ptum
770 2811 872 2867 est,
900 2803 953 2855 in
981 2801 1208 2855 omnibus
1236 2798 1487 2852 mandatis
1513 2806 1558 2850 et
1577 2792 2030 2866 justiﬁeationibus
2076 2788 2183 2841 Do-

598 2895 729 2949 mini
754 2911 773 2948 :
801 2894 902 2948 hoc
922 2892 1012 2947 ille
1038 2891 1267 2946 breviter
1293 2888 1447 2953 dixit,
1474 2887 1525 2940 in
1555 2886 1679 2955 lege.
1730 2884 1845 2938 Non
1894 2883 2036 2938 enim
2079 2880 2183 2934 alia

603 2988 686 3044 lex
719 2986 815 3052 illi,
844 2985 945 3040 alia
976 2984 1090 3039 istis
1114 2982 1209 3037 fuit
1235 2989 1360 3036 ante
1378 2979 1757 3049 Evangelium;
1810 2974 1905 3030 sed
1952 2989 2053 3027 una
2098 2980 2182 3026 at-

607 3093 712 3149 que
741 3070 947 3144 eadem,
966 3091 1125 3147 quam
1147 3075 1371 3145 legimus
1403 3086 1499 3142 per
1526 3068 1745 3142 Moysen
1787 3068 1966 3122 dztmm
2015 3065 2184 3134 patri-

603 3172 705 3227 bus
733 3184 939 3234 eorum,
969 3166 1260 3224 secundum
1283 3178 1440 3235 quam
1468 3164 1629 3218 etiam
1673 3159 1924 3216 sacerdos
1952 3164 2067 3213 erat
2085 3155 2187 3210 Za-

606 3262 842 3329 charias,
863 3268 916 3315 et
936 3259 1051 3314 vice
1073 3273 1168 3312 sua
1197 3256 1551 3312 sacriﬁcabat.
1578 3254 1644 3307 Et
1660 3258 1837 3306 tamen
1864 3247 2181 3319 Apostolus,

604 3356 692 3427 qui
723 3353 886 3410 simili
909 3363 1034 3406 tunc
1050 3350 1252 3420 justitia
1284 3346 1538 3418 praeditus
1568 3338 1686 3411 luit,
1721 3340 1980 3413 sequitur,
2007 3345 2066 3393 et
2101 3336 2185 3391 di-

602 3449 676 3500 cit
705 3464 718 3499 :
748 3445 875 3510 Qute
895 3442 1018 3496 mihi
1060 3441 1201 3495 lucra
1236 3439 1441 3509 fuerunt
1472 3478 1487 3503 ,
1530 3437 1638 3491 hac
1680 3442 1884 3505 propter
1929 3430 2186 3485 Christum

603 3538 789 3592 damna
819 3551 923 3590 esse
952 3533 1078 3587 duxi
1102 3547 1122 3586 :
1147 3539 1484 3585 uerumtamen
1533 3537 1578 3582 et
1621 3526 1838 3580 arbitror
1880 3522 2050 3578 omnia
2088 3519 2185 3573 da-

604 3644 776 3683 mnum
805 3642 911 3680 esse
932 3632 1136 3695 propter
1161 3622 1457 3676 eminentem
1491 3617 1749 3673 scientiam
1788 3613 1994 3669 Domini
2030 3610 2187 3666 nostri

602 3719 728 3774 Jcsu
752 3716 955 3780 Christi,
980 3723 1185 3785 propter
1202 3727 1349 3783 quem
1368 3710 1536 3764 omnia
1564 3724 1665 3762 non
1694 3707 1860 3762 solum
1891 3703 2187 3757 detrimenta

605 3808 816 3872 credidi,
848 3822 1016 3861 verum
1036 3805 1186 3858 etiam
1203 3814 1426 3859 stercora
1445 3799 1726 3855 existimari
1751 3812 1857 3852 esse
1878 3838 1893 3861 ,
1933 3803 1990 3849 ut
2038 3791 2189 3847 Chri-

604 3913 737 3956 stum
766 3898 1099 3969 luerifaciam,
1130 3905 1176 3950 et
1201 3895 1428 3949 inveniar
1449 3892 1605 3947 iuillo
1640 3906 1742 3945 non
1790 3888 1977 3943 habens
2025 3900 2187 3939 meam

608 3993 851 4057 iustitiam
876 4004 986 4060 qua:
1006 3987 1193 4059 exlege
1212 3995 1303 4051 est,
1333 3984 1422 4040 sed
1472 3999 1586 4038 eam
1627 3996 1742 4054 qua:
1785 3988 1859 4034 est
1906 3993 1997 4050 per
2033 3977 2188 4046 ﬁdem

607 4086 813 4150 Christi,
836 4097 949 4154 quia
968 4090 1038 4137 est
1065 4096 1128 4135 ea:
1152 4078 1282 4146 Deo,
1302 4077 1557 4149 justitiam
1599 4077 1651 4130 in
1691 4075 1793 4144 ﬁde
1820 4112 1838 4141 ,
1885 4072 1953 4126 ad
2000 4085 2188 4141 cogno-

605 4179 845 4235 scendum
869 4193 980 4231 eum
1003 4184 1047 4229 et
1072 4175 1302 4229 uirtutem
1322 4169 1697 4226 resurrectionis
1725 4168 1833 4238 ejus
1869 4173 1914 4219 et
1954 4179 2185 4218 commu-

604 4273 899 4327 nicationem
922 4268 1166 4340 passionis
1190 4267 1320 4336 ejus,
1339 4266 1680 4336 conformatus
1726 4260 1880 4313 morti
1919 4258 2082 4327 ipsius
2106 4296 2121 4322 ,
2143 4257 2187 4311 si

605 4380 703 4435 quo
748 4360 899 4415 modo
946 4374 1208 4414 occurram
1244 4357 1299 4410 in
1365 4353 1778 4409 resurrectionem
1846 4357 2182 4402 mortuorum.

606 4430 833 4503 'l‘antum
860 4459 986 4516 ergo
1014 4444 1171 4514 longe
1195 4447 1297 4507 est,
1317 4448 1376 4494 ut
1401 4447 1618 4509 propter
1657 4436 1744 4489 illa
1771 4433 1932 4488 verba
1976 4430 2183 4486 Zacha-

606 4542 740 4597 riam
767 4549 820 4596 et
851 4538 1121 4594 Elisabeth
1142 4534 1423 4590 credamus
1448 4531 1565 4586 sine
1594 4528 1702 4583 ullo
1739 4534 1962 4597 peccato
2008 4523 2186 4594 perfe~

606 4643 745 4688 ctam
781 4630 1031 4687 habuisse
1070 4625 1365 4699 justitiam,
1417 4632 1475 4677 nt
1517 4635 1619 4676 nec
1658 4620 1831 4690 ipsum
1874 4617 2185 4687 Apostolum

605 4724 843 4795 ejusdem
873 4721 1070 4792 regulas
1099 4717 1405 4773 summitate
1434 4713 1753 4768 arbitremur
1797 4709 1960 4764 fuisse
2010 4706 2187 4777 perfe-

604 4826 771 4882 ctum,
791 4830 895 4870 non
914 4814 1087 4869 solum
1116 4811 1171 4865 in
1195 4809 1282 4863 illa
1306 4807 1440 4875 legis
1460 4803 1663 4875 justitia
1690 4844 1704 4868 ,
1748 4816 1906 4872 quam
1957 4800 2185 4855 similem

606 4909 721 4965 istis
747 4906 946 4971 habuit,
973 4918 1130 4975 quam
1159 4902 1298 4955 inter
1314 4898 1505 4952 damna
1531 4904 1586 4950 et
1613 4903 1850 4949 stercora
1881 4891 2101 4962 deputat
2130 4890 2182 4944 in

603 4997 1006 5071 comparatione
1031 4989 1467 5049 eminentissimae
1501 4986 1719 5056 justitiaa
1748 5026 1764 5052 ,
1809 4999 1927 5054 qua:
1977 4984 2029 5037 in
2059 4980 2184 5037 'tlde

604 5092 804 5149 Christi
831 5098 949 5153 est;
971 5099 1159 5141 verum
1184 5082 1343 5137 etiam
1372 5079 1426 5133 in
1468 5078 1584 5150 ipso
1611 5091 1822 5148 quoque
1853 5073 2141 5145 Evangelio
2164 5114 2182 5141 ,

605 5186 693 5242 ubi
715 5192 771 5240 et
794 5180 923 5236 tanti
949 5174 1289 5249 Apostolatus
1314 5171 1505 5227 meruit
1526 5170 1875 5241 principatum
1906 5182 1921 5220 :
1950 5166 2089 5237 quod
2105 5164 2188 5220 di-

606 5293 730 5334 cere
757 5289 860 5328 non
889 5269 1165 5334 auderem,
1195 5264 1295 5321 nisi
1320 5264 1369 5319 ei
1398 5278 1503 5318 non
1556 5261 1775 5317 credere
1825 5259 1975 5316 nefas
2026 5259 2187 5314 duce-

606 5384 742 5424 rem.
775 5363 875 5421 Ubi
904 5361 1063 5417 etiam
1085 5356 1341 5428 sequitur,
1372 5364 1425 5411 et
1444 5353 1685 5425 adjungit
1711 5371 1724 5407 :
1756 5350 1874 5407 Non
1920 5351 2041 5423 quia
2070 5352 2186 5421 jam

605 5456 920 5527 acceperim,
961 5459 1048 5506 aut
1065 5453 1178 5521 jam
1206 5451 1455 5520 perfectus
1502 5446 1631 5511 sim;
1676 5454 2094 5521 sequor‘autem.
2142 5441 2187 5494 si

609 5545 1032 5618 comprehendam
1057 5541 1099 5609 ί,
1121 5540 1174 5595 in
1197 5554 1295 5610 quo
1327 5547 1372 5593 et
1398 5536 1743 5611 apprehensus
1763 5551 1876 5591 sum
1905 5534 1958 5588 in
1983 5531 2185 5590 Christo

673 5704 690 5732 ί
711 5704 760 5747 ιιι
784 5697 946 5759 editis.
967 5694 1012 5750 si
1031 5708 1125 5761 quo
1143 5694 1286 5761 mdo
1302 5692 1716 5761 cmemem-
1733 5693 1896 5761 Abest.
1919 5702 2013 5761 em
2026 5691 2187 5761 νηοάρο

608 5774 636 5810 a
662 5754 996 5823 manuscriptis
1013 5754 1218 5823 {neque
1238 5760 1291 5808 in
1324 5754 1483 5823 latinis
1499 5754 2052 5823 BibiiisCorbeiensibus
2078 5754 2185 5803 Vul-

608 5830 734 5888 gatte
755 5819 984 5872 versionis
999 5819 1260 5887 reperitur,
1281 5832 1444 5883 neque
1468 5821 1515 5867 in
1532 5819 1718 5881 graecis.

1247 411 1337 470 DE
1375 408 1828 470 PECCATORUM
1869 400 2142 460 MERlTlS
2178 400 2267 456 ET
2307 400 2730 472 REHISSIONE,
2770 405 2828 464 S.
2870 407 3234 466 AUGUSTINI

3778 410 3891 465 164

2294 512 2439 570 Iesu.
2467 514 2692 580 Fratres,
2715 530 2807 590 ego
2827 536 2904 573 me
2923 524 3088 589 ipsum
3108 537 3208 576 non
3236 522 3454 578 arbitror
3502 526 3846 594 apprehendis
3861 554 3888 567 -

2293 624 2346 662 se
2367 624 2384 661 :
2405 622 2559 662 unum
2584 620 2769 675 autem,
2792 627 2905 680 qua:
2924 622 3056 667 retro
3082 612 3285 681 oblitus,
3310 615 3362 669 in
3387 631 3445 669 ea
3468 630 3584 686 qua
3601 626 3720 671 ante
3751 628 3880 673 sunt

2293 706 2538 765 extentus,
2570 702 2839 753 secundum
2866 702 3190 757 intentionem
3213 720 3412 775 sequor,
3439 704 3508 759 ad
3536 706 3760 776 palmam
3795 725 3884 761 su-

2296 805 2464 857 perme
2488 792 2757 845 vocationis
2777 791 2893 859 Dei,
2919 795 2971 848 in
2994 793 3195 850 Christo
3221 795 3366 851 Iesu.
3396 797 3510 867 Ipse
3538 813 3599 853 so
3643 800 3880 853 confitc~

2294 888 2379 933 tur
2405 880 2639 935 nondum
2669 871 2956 952 accepisse,
3011 886 3248 942 nondum
3300 902 3420 943 esse
3459 888 3756 959 perfectura
3809 906 3876 945 ea

2295 971 2621 1039 plenitudine
2643 972 2882 1041 justitim,
2904 988 3062 1045 quam
3090 977 3310 1046 adipisci
3330 978 3512 1033 dilexit
3538 980 3589 1034 in
3620 978 3873 1044 Christo;

2292 1061 2385 1115 sed
2403 1063 2578 1117 adhuc
2603 1063 2890 1119 secundum
2916 1066 3262 1122 intentionem
3285 1069 3470 1138 sequi,
3521 1078 3576 1124 et
3604 1071 3873 1139 praeterita

2294 1151 2694 1208 obliviscentem
2724 1155 2775 1208 in
2794 1169 2854 1208 ea
2888 1171 3010 1225 qua:
3040 1166 3166 1212 ante
3216 1168 3339 1213 sunt
3384 1159 3597 1215 extendi
3632 1178 3645 1213 :
3688 1170 3745 1214 ut
3774 1173 3849 1216 no

2294 1244 2527 1297 verimus
2550 1244 2707 1297 etiam
2737 1245 2801 1298 ad
2828 1245 2997 1314 ipsum
3028 1248 3298 1316 pertinere
3319 1249 3445 1303 illud
3488 1248 3629 1319 quod
3678 1250 3775 1315 ait,
3800 1246 3876 1305 Et

2291 1335 2335 1387 si
2363 1337 2576 1389 exterior
2602 1336 2751 1390 homo
2781 1348 2947 1392 noster
2971 1340 3332 1410 corrumpitur,
3354 1341 3443 1395 sed
3487 1342 3694 1396 interior
3720 1358 3875 1397 reno-

2292 1436 2437 1480 vatur
2456 1428 2518 1481 de
2536 1428 2616 1482 die
2634 1428 2685 1482 in
2712 1429 2843 1483 diem
2868 1429 2887 1503 (
2908 1428 2949 1484 ll
2975 1430 3091 1486 Cor.
3122 1447 3195 1499 tv,
3223 1433 3311 1503 16)
3340 1450 3353 1486 :
3385 1434 3629 1503 quamvis
3643 1434 3754 1502 jam
3783 1449 3874 1489 es-

2293 1528 2375 1572 set
2400 1520 2659 1588 pcrlectus
2675 1521 2865 1584 viator,
2898 1522 3000 1577 etsi
3030 1522 3264 1577 nondum
3295 1533 3416 1590 erat
3453 1525 3616 1594 ipsius
3662 1525 3872 1581 itineris

2293 1608 2618 1678 perfectione
2638 1613 3197 1683 perventor.Deuique
3237 1614 3371 1669 tales
3417 1615 3531 1670 vult
3583 1630 3767 1670 secum
3817 1617 3872 1671 iu

2292 1700 2394 1755 isto
2421 1717 2578 1755 cursu
2605 1703 2827 1757 comites
2850 1718 3057 1773 rapere,
3093 1704 3284 1774 quibus
3306 1705 3558 1761 continuo
3598 1706 3875 1775 subjungit

2290 1800 2343 1844 et
2365 1790 2530 1845 dicit:
2565 1792 2817 1863 Quotquot
2837 1810 2954 1864 ergo
2979 1796 3188 1864 perfecti
3214 1833 3230 1860 ,
3277 1795 3373 1848 hoc
3399 1796 3696 1865 sapiamus;
3740 1806 3788 1851 et
3828 1797 3876 1850 si

2289 1883 2409 1952 quid
2436 1882 2583 1937 aliter
2606 1885 2803 1955 sapitis,
2833 1885 2928 1939 hoc
2968 1903 3165 1956 quoque
3200 1886 3338 1942 Deus
3367 1886 3502 1941 vobis
3549 1890 3785 1943 reuelabit
3810 1891 3825 1921 ¹
3853 1908 3871 1945 :

2290 1985 2630 2030 verumtamen
2663 2016 2676 2042 ,
2704 1978 2755 2030 in
2775 1976 2910 2061 quod
2958 1979 3269 2049 pervenimus
3295 2019 3312 2047 ,
3349 1980 3403 2035 in
3446 1996 3503 2034 eo
3553 1981 3873 2036 ambulemus

2292 2068 2561 2142 (Philipp.
2599 2085 2689 2135 Ill,
2719 2069 2908 2142 3-16).
2945 2071 3249 2127 Ambulatio
3304 2072 3425 2139 ista,
3475 2088 3581 2128 non
3628 2074 3876 2144 corporis

2291 2162 2535 2233 pedibus,
2558 2162 2651 2217 sed
2680 2165 2871 2218 mentis
2892 2163 3168 2219 aﬂ‘ectibus
3186 2172 3241 2219 et
3261 2165 3384 2219 vitat
3438 2165 3678 2221 moribus
3721 2165 3873 2235 geri-

2292 2260 2398 2317 tur,
2428 2261 2484 2305 nt
2514 2254 2718 2321 possint
2741 2267 2860 2308 esse
2884 2254 3100 2324 perfecti
3123 2255 3345 2323 jus-tilia:
3380 2269 3740 2325 possessores,
3774 2256 3869 2327 qui

2289 2354 2437 2399 recto
2467 2346 2655 2400 itinere
2682 2345 2839 2400 fldci’
2866 2345 2933 2401 de
2957 2345 3043 2401 die
3073 2347 3123 2400 in
3159 2346 3298 2401 diem
3330 2347 3381 2401 in
3403 2361 3497 2402 sua
3524 2347 3876 2403 renovatione

2289 2434 2645 2505 proficientes,
2664 2435 2775 2506 jam
2798 2437 3017 2506 perfecti
3045 2434 3171 2492 facti
3196 2446 3322 2492 sunt
3370 2436 3609 2508 ejusdem
3647 2437 3872 2508 justiti-.3

2290 2528 2543 2580 viatores.

2356 2616 2584 2672 CAPUT
2600 2617 2915 2675 XlV.-—9L
2935 2620 3023 2675 Sic
3043 2620 3220 2691 itaque
3244 2636 3450 2687 omnes,
3472 2622 3792 2692 quicumque
3815 2623 3869 2676 in

2290 2706 2389 2762 hac
2413 2708 2517 2762 vita
2546 2708 2844 2763 divinarum
2873 2710 3262 2779 Scripturarum
3299 2712 3616 2767 testimoniis
3645 2711 3696 2767 In
3728 2712 3870 2767 bona

2288 2799 2561 2855 voluntate
2586 2809 2744 2871 atque
2769 2802 2975 2857 actibus
2996 2803 3212 2872 justitia:
3231 2803 3501 2875 praedicati
3528 2814 3669 2868 sunt,
3685 2805 3875 2874 etqui-

2288 2906 2516 2962 cumque
2536 2894 2667 2949 tales
2684 2893 2765 2946 vcl
2786 2903 2905 2963 post
2919 2909 3009 2949 eos
3028 2894 3259 2961 fuerunt,
3277 2897 3518 2966 quamvis
3540 2909 3646 2951 non
3664 2896 3871 2952 eisdem

2291 2985 2608 3041 testimoniis
2644 2986 2913 3055 prmdicati
2951 2996 3109 3058 atque
3153 2987 3380 3052 laudati,
3420 2988 3506 3042 vel
3534 3003 3675 3044 nunc
3703 3004 3873 3059 usque

2289 3079 2445 3132 etiam
2469 3086 2613 3143 sunt,
2638 3077 2721 3132 vel
2744 3087 2925 3146 postea
2945 3092 3158 3147 quoque
3184 3077 3343 3133 futuri
3367 3087 3490 3132 sunt
3511 3093 3527 3143 ;
3551 3092 3738 3133 omnes
3760 3093 3877 3133 tria-

2288 3169 2397 3239 gni,
2423 3183 2609 3223 omnes
2630 3169 2779 3236 justi,
2806 3182 2994 3223 omnes
3014 3170 3275 3224 veraciter
3296 3168 3585 3223 laudabiles
3606 3177 3750 3233 sunt,
3774 3166 3874 3224 sed

2290 3259 2406 3315 sine
2428 3267 2644 3329 peccato
2660 3257 2841 3333 aliquo
2864 3273 2971 3313 non
3002 3268 3126 3313 sunt
3151 3274 3167 3312 :
3197 3258 3446 3330 quoniam
3472 3256 3872 3328 Seripturarum

2292 3351 2627 3417 testimoniis,
2680 3350 2871 3420 quibus
2916 3350 2985 3404 de
3030 3349 3242 3404 illorum
3293 3349 3535 3405 laudibus
3578 3349 3872 3412 credimus,

2291 3436 2393 3498 hoc
2417 3444 2575 3497 etiam
2604 3442 2892 3505 credimus,
2924 3458 3028 3495 non
3060 3441 3338 3510 justifieari
3367 3441 3419 3496 iu
3446 3449 3735 3511 conspectu
3767 3441 3863 3496 Dei

2290 3548 2501 3590 omnem
2528 3533 2793 3589 viventem
2822 3549 2836 3598 ;
2869 3533 2988 3588 ideo
3011 3533 3205 3602 rogari,
3236 3548 3302 3586 ne
3342 3532 3503 3588 intret
3531 3533 3581 3588 in
3609 3532 3871 3603 judicium

2289 3639 2410 3680 cum
2441 3626 2609 3680 servis
2636 3625 2784 3690 suis;
2812 3634 2866 3680 et
2884 3639 2988 3679 non
3005 3631 3207 3679 tantum
3227 3624 3595 3680 universaliler
3623 3625 3874 3681 ﬁdelibus

2288 3717 2557 3782 omnibus,
2583 3732 2769 3773 verum
2799 3717 2956 3771 etiam
2973 3716 3196 3786 singulis
3225 3732 3347 3773 esse
3366 3720 3661 3772 oralionem
3684 3718 3868 3773 domi-

2290 3809 2464 3864 nicam
2485 3808 2858 3869 necessariam,
2875 3823 3035 3879 quam
3064 3807 3279 3862 tradidit
3303 3807 3578 3878 discipulis
3602 3810 3736 3865 suis.

2359 3898 2585 3955 CAPUT
2608 3898 2908 3954 XV.—r22.
2930 3897 3154 3968 Objectio
3180 3898 3593 3970 Pelagianorum.
3618 3898 3877 3971 Perfectio

2289 3990 2567 4051 ucundum
2606 3989 2866 4061 quiddam.
2914 3989 3176 4059 Perfectus
3202 3990 3255 4043 in
3274 3990 3478 4060 justitia
3507 4001 3636 4045 recte
3662 3992 3870 4057 dicitur,

2287 4085 2377 4155 qui
2401 4084 2618 4138 multum
2663 4080 2715 4138 in
2754 4101 2813 4139 ea
2841 4084 3070 4155 profecit.
3097 4112 3170 4126 -—
3197 4085 3262 4141 At
3306 4085 3441 4139 enim
3492 4083 3741 4138 Dominus
3778 4086 3872 4148 ait,

2295 4194 2315 4227 s
2344 4175 2517 4230 Estote
2541 4176 2766 4247 perfecti,
2791 4176 2917 4231 sicut
2942 4185 2990 4230 et
3020 4175 3175 4230 Pater
3200 4183 3356 4230 vester
3383 4176 3592 4230 cwlestis
3623 4178 3875 4245 perfectus

2291 4278 2361 4323 est
2388 4286 2408 4320 ι
2438 4268 2651 4340 (Jlatth.
2673 4283 2726 4332 v,
2756 4267 2884 4337 48);
2915 4268 3050 4338 quod
3074 4283 3175 4322 non
3200 4267 3508 4338 prteciperet,
3536 4266 3802 4337 inquiunt,
3829 4266 3874 4319 si

2289 4363 2435 4416 sciret
2460 4361 2571 4429 fieri
2594 4375 2693 4413 non
2716 4375 2864 4431 posse
2886 4358 3019 4427 quod
3040 4359 3287 4429 prccipit.
3315 4358 3429 4413 Non
3454 4372 3595 4412 nunc
3613 4358 3874 4427 quaeritur

2288 4461 2467 4507 utrum
2486 4451 2605 4506 ileri
2630 4452 2819 4521 possit,
2844 4450 2888 4505 si
2913 4451 3067 4505 istam
3096 4448 3474 4520 perfectionem
3502 4448 3569 4504 ad
3597 4447 3701 4503 hoc
3726 4449 3873 4503 acci-

2288 4544 2458 4615 piunt,
2491 4551 2549 4596 ut
2573 4543 2689 4596 sine
2718 4540 2827 4597 ullo
2855 4542 2923 4595 sit
2946 4541 3167 4611 quisque
3190 4549 3427 4610 peccato,
3455 4555 3575 4595 cum
3598 4539 3739 4595 hanc
3766 4541 3874 4609 agit

2288 4636 2451 4689 vitam
2471 4650 2487 4698 ;
2505 4634 2614 4704 jam
2635 4633 2776 4687 enim
2802 4647 2961 4703 supra
2992 4631 3382 4701 respondimus,
3408 4645 3567 4702 posse
3591 4629 3707 4685 ﬁeri
3735 4648 3749 4684 :
3780 4630 3874 4685 scd

2290 4737 2466 4784 utrum
2492 4727 2683 4797 aliquis
2725 4725 2902 4791 faciat,
2948 4724 3050 4779 hoc
3088 4739 3227 4778 nunc
3255 4724 3563 4795 quaerimus.
3589 4722 3870 4778 Neminem

2290 4830 2466 4876 autem
2487 4833 2605 4873 esse
2624 4817 2713 4887 qui
2741 4825 2941 4871 tantum
2969 4815 3115 4877 velit,
3144 4824 3399 4885 quantum
3422 4828 3506 4870 res
3530 4813 3715 4883 exigit,
3749 4823 3873 4869 ante

2290 4912 2669 4985 przecognitum
2684 4921 2785 4971 est,
2804 4908 3367 4978 sicutScripturarum,
3390 4923 3510 4978 qua:
3535 4921 3696 4977 supra
3722 4922 3873 4963 com-

2290 5003 2603 5068 memoravi,
2651 5001 2948 5057 testimonia
2972 5010 3113 5055 tanta
3139 4999 3429 5056 declarant.
3455 4999 3519 5054 Et
3536 5006 3717 5054 tamen
3748 5013 3871 5054 eum

2289 5096 2483 5151 dicitur
2504 5095 2759 5163 cujusque
2790 5091 3066 5161 perfectio,
3112 5105 3213 5161 qua
3267 5091 3319 5144 in
3355 5106 3414 5144 re
3437 5089 3646 5145 dicatur
3674 5089 3872 5144 viden-

2290 5188 2415 5244 dum
2442 5195 2544 5242 est.
2576 5184 2706 5239 Nam
2737 5198 2802 5239 ex
2853 5182 3106 5252 Apostolo
3136 5180 3496 5236 testimonium
3542 5180 3702 5250 paulo
3742 5190 3869 5235 ante

2292 5280 2463 5350 posui,
2490 5276 2579 5333 ubi
2597 5291 2655 5331 se
2682 5276 2873 5332 fatetur
2900 5275 2951 5328 in
2980 5272 3518 5343 aceeptionejustitiae
3536 5284 3696 5343 quam
3726 5269 3870 5326 desi-

2291 5371 2460 5434 derat,
2490 5367 2723 5423 nendum
2752 5380 2870 5421 esse
2912 5364 3199 5435 perfectum
3231 5380 3246 5428 ;
3278 5372 3334 5417 et
3381 5372 3556 5418 tamen
3608 5362 3865 5417 continuo

2291 5462 2438 5528 dicrt,
2492 5461 2747 5527 Quotquot
2796 5473 2914 5529 ergo
2961 5457 3187 5527 perfecti,
3234 5455 3328 5509 hoc
3375 5454 3635 5524 sapiamus
3665 5468 3685 5507 :
3721 5451 3863 5522 quod
3927 5492 3937 5498 .

2293 5562 2573 5622 utrumque
2601 5563 2705 5604 non
2735 5548 2956 5615 diceret,
2987 5548 3090 5603 nisi
3116 5547 3171 5602 in
3198 5546 3301 5601 alia
3327 5544 3670 5616 reperfeetus
3697 5552 3860 5607 esset,

2357 5750 2371 5780 ¹
2410 5757 2457 5798 tn
2481 5753 2605 5798 Mss.
2633 5743 2869 5795 rerelart't.

2356 5813 2376 5841 ¹
2412 5797 2527 5870 tos,
2550 5797 2684 5872 ﬁdei,
2709 5809 2847 5856 abest
2870 5804 2931 5855 ab
2947 5804 3169 5854 omnibus
3189 5800 3433 5851 Gallicanis
3455 5797 3807 5861 manusua)th
