4168 6544
302 425 407 482 165

298 559 351 612 in
368 556 470 611 alia
493 572 599 611 non
627 562 787 610 esset.
812 553 964 608 \‘elut
983 552 1025 606 si
1044 554 1152 622 jam
1191 552 1259 607 sit
1300 550 1579 621 quisquam
1609 551 1882 619 sapientiae

300 647 565 719 perfectus
593 647 821 712 auditor,
844 645 983 717 quod
1019 643 1251 699 nondum
1274 652 1423 699 erant
1470 642 1547 698 illi
1578 644 1770 713 quibus
1798 643 1883 698 di-

298 741 472 806 eebat,
505 738 608 792 Lac
628 738 763 793 vobis
790 746 961 808 patum
982 736 1118 801 dedi,
1141 752 1241 790 non
1267 752 1469 801 escam;
1502 739 1730 790 nondum
1748 735 1883 790 enim

299 832 538 901 poteratis
572 847 589 884 :
620 829 709 884 sed
736 845 823 882 nec
864 828 1032 880 adhuc
1074 826 1280 895 quidem
1325 826 1529 896 potestis
1556 825 1574 893 (
1606 824 1626 878 ι
1653 825 1767 879 Cor.
1801 840 1880 891 ιη,

300 921 332 975 2
360 925 377 991 )
402 939 414 972 :
449 920 525 973 eis
551 920 747 989 quippe
773 928 827 973 et
854 918 979 973 illud
996 918 1090 983 ait,
1128 915 1447 987 Sapientiam
1481 916 1735 985 loquimur
1754 916 1884 968 inter

300 1014 544 1083 perfectos
570 1011 587 1078 (
618 1009 700 1063 Id.
731 1025 786 1070 ll,
816 1009 888 1080 6)
913 1025 926 1072 ;
961 1009 1140 1076 utique
1162 1005 1426 1075 perfectos
1445 1005 1461 1037 ¹
1485 1004 1761 1060 auditores
1791 1019 1884 1060 vo-

299 1100 688 1169 lcnsintelling
713 1109 889 1170 potest
934 1113 1061 1168 ergo
1089 1098 1224 1162 fieri,
1274 1098 1412 1151 sicut
1439 1096 1570 1163 dixi,
1598 1106 1654 1149 ut
1672 1095 1783 1165 jam
1814 1096 1884 1151 sit

297 1193 485 1262 aliquis
512 1193 785 1260 sapientia:
827 1188 1094 1260 perfectus
1120 1188 1351 1255 auditor,
1379 1188 1533 1257 cujus
1562 1186 1793 1241 nondum
1815 1187 1886 1242 sit

299 1286 563 1355 perfectus
580 1291 628 1336 ct
657 1281 843 1335 doctor
870 1296 884 1347 ;
916 1286 1089 1350 potest
1110 1276 1375 1348 perfectus
1401 1293 1521 1333 esse
1542 1276 1764 1347 justitize
1785 1291 1882 1331 co-

296 1374 495 1445 gnitor,
534 1372 766 1427 nendum
799 1372 1061 1442 perfectus
1108 1369 1328 1425 effector
1358 1387 1371 1424 :
1401 1377 1573 1439 potest
1611 1368 1881 1439 perlectus

297 1478 417 1520 esse
439 1473 494 1518 ut
541 1463 723 1535 diligat
774 1463 1040 1528 inimicos,
1081 1462 1168 1532 qui
1217 1461 1451 1517 nondum
1479 1471 1560 1515 est
1606 1458 1880 1530 perfectus

297 1564 355 1609 ut
384 1554 621 1610 sufferat.
668 1552 733 1608 Et
758 1554 846 1624 qui
887 1551 1152 1623 perfectus
1193 1561 1275 1606 est
1305 1551 1359 1607 in
1408 1567 1475 1607 eo
1503 1550 1646 1622 quod
1690 1565 1879 1606 omnes

297 1646 540 1700 homines
560 1644 750 1715 diligit,
781 1644 977 1714 quippe
993 1643 1083 1715 qui
1108 1643 1269 1699 etiam
1313 1641 1379 1696 ad
1426 1642 1760 1697 inimicorum
1791 1641 1878 1697 di-

296 1739 575 1794 lectionem
603 1738 940 1808 pervenerit;
986 1736 1242 1806 quzeritur
1267 1742 1442 1788 utrum
1466 1736 1577 1805 jam
1609 1733 1677 1789 sit
1702 1734 1751 1788 in
1778 1733 1878 1790 ista

296 1830 584 1886 dilectione
612 1829 894 1901 perfectus,
941 1829 993 1884 id
1022 1837 1125 1893 est,
1157 1837 1336 1883 utrum
1382 1842 1516 1899 quos
1536 1826 1726 1898 diligit,
1759 1835 1879 1882 tan-

298 1934 409 1978 tum
436 1922 643 1994 diligat,
669 1931 923 1993 quantum
954 1921 1040 1975 illa
1069 1918 1516 1975 incommutabilis
1533 1919 1711 1988 regula
1741 1920 1879 1972 veri-

295 2016 419 2070 tatis
444 2013 739 2085 diligendos
767 2027 886 2068 esse
932 2012 1248 2083 praescribit.
1293 2007 1424 2065 Cum
1451 2026 1578 2080 ergo
1605 2009 1796 2079 legitur
1825 2008 1878 2064 in

294 2105 584 2176 Scripturis
607 2104 868 2174 cujusque
895 2099 1171 2174 perfectio,
1206 2117 1308 2172 qua
1338 2100 1390 2155 in
1428 2114 1489 2155 re
1514 2098 1740 2166 dicatur,
1769 2113 1878 2153 non

295 2198 627 2269 negligenter
650 2194 962 2250 intuendum
999 2204 1082 2249 est
1111 2211 1124 2247 :
1154 2192 1402 2263 quoniam
1452 2205 1556 2246 non
1590 2189 1710 2245 ideo
1734 2188 1880 2259 quis-

293 2307 399 2363 que
448 2304 666 2362 prorsus
713 2289 827 2343 sine
859 2294 1077 2358 peccato
1124 2300 1244 2341 esse
1286 2280 1615 2355 intelligitur,
1661 2284 1781 2355 quia
1824 2284 1876 2338 in

292 2382 469 2453 aliqua
498 2396 557 2436 re
585 2378 776 2435 dicitur
802 2392 922 2434 esse
943 2377 1225 2448 perfectus.
1264 2376 1574 2445 Quanquam
1619 2385 1672 2435 et
1702 2375 1756 2428 in
1775 2374 1880 2429 hoc

294 2474 464 2545 possit
488 2473 559 2527 ita
583 2471 709 2538 dici,
737 2479 794 2525 ut
822 2485 928 2524 non
944 2469 1063 2540 quia
1085 2468 1196 2538 jam
1222 2482 1329 2522 non
1365 2475 1448 2522 est
1466 2481 1572 2536 quo
1609 2464 1874 2537 proficiat,

291 2566 389 2621 sed
412 2565 533 2637 quia
553 2580 619 2620 ex
643 2564 869 2619 maxima
900 2574 1048 2633 parte
1078 2559 1320 2631 profecit,
1337 2561 1439 2615 hoc
1451 2560 1666 2614 nomine
1686 2558 1878 2629 dignus

295 2657 551 2714 habeatur
574 2673 587 2710 :
616 2657 751 2711 sicut
771 2656 821 2709 in
840 2654 1079 2709 doctrina
1099 2652 1256 2723 Legis
1281 2651 1384 2707 dici
1406 2659 1581 2722 potest
1598 2651 1878 2721 quisquam

292 2746 577 2820 perfectus,
603 2748 809 2803 etiamsi
836 2762 956 2802 eum
980 2744 1177 2816 aliquid
1200 2743 1374 2799 adhuc
1395 2744 1519 2799 latet
1546 2759 1561 2809 ;
1592 2743 1730 2797 sicut
1758 2758 1880 2812 per-

292 2841 465 2897 fectos
494 2840 703 2896 disebat
727 2837 1245 2909 Apostolus,quibus
1270 2843 1446 2890 tamen
1475 2834 1568 2900 ait,
1601 2834 1666 2888 Et
1690 2835 1733 2888 si
1757 2833 1879 2905 quid

291 2933 440 2987 aliter
465 2932 660 3001 sapitis,
685 2930 740 2984 id
763 2946 955 3001 quoque
982 2929 1117 2982 vobis
1142 2927 1275 2982 Deus
1319 2925 1554 2980 reuelabit
1579 2942 1597 2978 :
1626 2936 1879 2979 verumta-

293 3042 404 3079 men
424 3025 475 3077 in
504 3022 637 3092 quod
668 3026 1001 3092 pervenimus,
1032 3022 1085 3074 in
1114 3037 1171 3074 eo
1191 3019 1520 3073 ambulemus.

362 3112 592 3170 CAPUT
635 3110 773 3167 XVI.
800 3138 869 3153 -ν
894 3108 984 3168 23.
1010 3110 1112 3166 Cur
1161 3108 1299 3165 Deus
1348 3109 1574 3181 prwcipit
1614 3110 1749 3180 quod
1785 3110 1879 3164 scit

294 3222 393 3260 non
416 3206 797 3259 observandum.
822 3203 1006 3274 Neque
1038 3201 1337 3273 negandum
1368 3210 1453 3257 est
1479 3203 1579 3257 hoc
1605 3202 1773 3258 Deum
1792 3202 1880 3272 ju-

296 3297 443 3363 bere,
470 3297 539 3351 ita
585 3311 683 3351 nos
711 3297 761 3350 in
793 3279 1029 3351 facienda
1055 3294 1260 3366 justitia
1311 3309 1431 3350 esse
1459 3294 1658 3351 debere
1700 3292 1878 3364 perfe-

293 3400 432 3457 ctos,
475 3398 530 3444 ut
574 3388 776 3443 nullum
823 3387 1111 3443 habeamus
1154 3388 1374 3442 omnino
1422 3395 1720 3457 peccatum.
1749 3385 1879 3441 Nam

294 3496 394 3535 nec
437 3488 708 3550 peccatum
752 3478 872 3544 erit,
921 3477 965 3533 si
993 3477 1118 3548 qttid
1143 3478 1263 3545 erit,
1292 3480 1335 3533 si
1358 3493 1464 3532 non
1509 3475 1766 3531 divinitus
1787 3475 1877 3545 ju-

292 3573 449 3626 betur
469 3583 523 3625 ut
554 3587 657 3624 non
679 3571 768 3624 sit.
814 3564 918 3626 Cur
939 3586 1057 3641 ergo
1076 3569 1241 3640 jubet,
1294 3568 1560 3638 inquiunt,
1611 3568 1746 3635 quod
1786 3568 1879 3621 scit

293 3661 493 3716 nullum
518 3661 778 3714 hominum
807 3676 914 3715 esse
944 3664 1195 3730 facturum
1218 3658 1244 3712 2
1265 3658 1376 3714 Hoc
1405 3657 1565 3713 modo
1607 3658 1766 3713 etiam
1791 3656 1876 3712 di-

292 3752 341 3805 ci
366 3761 553 3821 potest,
570 3765 685 3805 -cur
711 3750 896 3820 primis
926 3750 1031 3804 illis
1057 3749 1360 3804 hominibus
1374 3748 1618 3819 jusserit,
1650 3749 1740 3819 qui
1771 3748 1879 3804 duo

292 3842 394 3896 soli
420 3849 589 3908 erant,
616 3840 757 3912 quod
787 3841 992 3897 sciebat
1015 3856 1107 3897 eos
1132 3856 1235 3895 non
1259 3856 1378 3896 esse
1399 3839 1673 3895 facturos?
1694 3840 1877 3911 Neque

293 3950 344 3989 et
364 3934 435 3988 im
465 3934 744 3989 dicendum
772 3945 873 3997 est,
906 3933 1029 3989 ideo
1050 3933 1296 4003 jussisse,
1326 3940 1385 3988 ut
1417 3943 1657 3988 nostrum
1683 3932 1877 4003 aliquis

292 4024 346 4079 id
378 4024 594 4089 faceret,
626 4026 669 4079 si
697 4024 772 4078 illi
802 4028 918 4079 'non
945 4024 1185 4080 facerent
1215 4043 1229 4081 :
1256 4026 1357 4080 hoc
1385 4025 1551 4091 enim,
1589 4041 1656 4080 ne
1684 4025 1753 4080 de
1790 4025 1876 4081 illa

292 4117 495 4170 scilicet
544 4116 736 4171 arbore
781 4115 959 4171 cibum
991 4124 1299 4181 sumerent,
1333 4115 1544 4170 nonnisi
1591 4115 1694 4170 illis
1748 4116 1877 4171 solis

292 4207 436 4262 Deus
470 4206 629 4278 jussit
653 4208 806 4277 ;quia
860 4206 997 4261 sicut
1029 4207 1230 4262 sciebat
1268 4206 1392 4277 quid
1428 4205 1648 4276 justitia:
1680 4204 1874 4261 facturi

291 4311 400 4351 non
433 4304 603 4363 erant,
635 4298 703 4350 ita
739 4295 898 4350 etiam
930 4296 1131 4352 sciebat
1155 4294 1278 4366 quid
1305 4295 1527 4366 justitia:
1546 4295 1613 4351 de
1634 4293 1741 4349 illis
1761 4304 1877 4350 erat

290 4386 407 4457 ipse
452 4387 702 4441 facturus.
737 4387 813 4441 Eo
858 4385 1016 4441 modo
1058 4401 1188 4457 ergo
1220 4384 1372 4456 jubet
1409 4386 1657 4441 omnibus
1700 4384 1875 4440 homi-

292 4477 452 4532 nibus
478 4488 533 4531 ut
568 4492 675 4533 non
719 4478 919 4533 faciant
946 4477 1112 4533 ullum
1158 4486 1457 4548 peccatum,
1513 4476 1757 4549 quamvis
1803 4476 1872 4533 sit

293 4567 548 4638 pnescius
587 4567 852 4624 neminem
903 4567 1003 4623 hoc
1042 4567 1403 4638 impleturum,
1451 4578 1510 4622 ut
1554 4569 1875 4639 quicumque

291 4658 455 4729 impie
484 4673 545 4713 ac
565 4658 935 4714 damnabiliter
962 4658 1077 4729 ejus
1128 4667 1387 4730 praecepta
1433 4659 1870 4729 contempserint,

290 4750 408 4820 ipse
447 4748 605 4805 faciat
656 4750 707 4805 in
760 4766 943 4806 eorum
969 4751 1310 4808 damnatione
1338 4752 1480 4823 quod
1501 4751 1710 4821 justum
1749 4760 1867 4808 est:

290 4842 607 4913 quicumque
651 4852 827 4897 autem
878 4844 931 4898 in
969 4844 1085 4912 ejus
1131 4845 1408 4914 praeceptis
1461 4844 1773 4900 obedienter
1818 4851 1875 4899 et

290 4933 378 5001 pie
428 4932 767 5001 proficientes
793 4975 808 4999 ,
852 4948 952 4989 nec
1000 4942 1175 4989 tamen
1220 4934 1397 4989 omnia
1449 4950 1569 5005 quae
1619 4934 1876 5006 praecepit

291 5023 594 5093 itnplentes,
624 5024 761 5078 sicut
781 5025 880 5080 sibi
928 5025 1122 5080 dimitti
1161 5024 1367 5092 volunt,
1400 5026 1480 5080 sic
1508 5027 1626 5080 aliis
1653 5036 1870 5096 peccata

291 5113 613 5179 dimiserint,
647 5116 759 5184 ipse
781 5114 939 5170 faciat
954 5115 1005 5170 in
1032 5130 1218 5171 eorum
1247 5116 1589 5171 mundatione
1605 5117 1746 5187 quod
1773 5116 1872 5172 bo-

287 5220 419 5260 nnm
461 5214 563 5262 est.
604 5206 882 5274 Quomodo
922 5208 1064 5264 enim
1116 5209 1402 5264 dimittenti
1448 5209 1733 5265 dimittitur
1780 5225 1874 5280 per

293 5296 385 5353 Dei
406 5297 857 5368 misericordiam,
872 5298 919 5354 si
941 5309 1213 5370 peccatum
1239 5301 1498 5356 nonest?
1524 5311 1617 5357 aut
1648 5316 1872 5372 quomo-

294 5387 362 5443 do
377 5403 485 5443 non
512 5396 719 5445 vetatnr
737 5400 832 5461 per
849 5390 941 5446 Dei
964 5392 1249 5461 justitiam,
1266 5393 1309 5446 si
1334 5402 1606 5462 peccatum
1635 5404 1717 5449 est
1744 5394 1767 5446 ?
1802 5440 1805 5441 ν

359 5478 449 5535 24.
479 5474 587 5536 Sed
627 5497 758 5546 ecce,
814 5481 1076 5553 inquiunt,
1131 5483 1403 5554 Apostolus
1431 5484 1593 5552 dicit,
1628 5501 1648 5536 ι
1672 5482 1872 5538 Bonum

290 5580 544 5626 certamen
576 5573 781 5638 certari,
807 5574 957 5643 ﬁdem
1000 5575 1211 5641 servavi,
1244 5591 1449 5629 cursum
1492 5576 1834 5630 consummavi
1852 5591 1872 5640 ,'

287 5672 514 5733 superest
543 5664 668 5718 mihi
693 5681 878 5720 corona
897 5667 1115 5737 jastitia:
1144 5685 1164 5721 ι
1198 5665 1266 5742 (ll
1290 5660 1424 5723 Tim.
1448 5684 1517 5732 tv,
1550 5669 1668 5740 7,8)
1697 5688 1710 5723 :
1737 5669 1873 5733 quod

288 5768 388 5807 non
424 5754 630 5821 diceret,
659 5754 706 5809 si
750 5754 951 5810 haberet
978 5755 1140 5812 ullum
1171 5768 1447 5829 peccatum.
1491 5758 1604 5819 lino
1632 5773 1757 5817 vero
1789 5775 1871 5815 re-

350 5867 368 5902 ί
402 5877 501 5919 un.
528 5873 581 5920 et
602 5873 698 5929 En,
714 5866 1043 5931 perfectiora.

1587 417 1782 473 LIBER
1825 414 2200 474 SECUNDUS.

3479 433 3581 492 166

1992 529 2288 599 spondeam
2322 531 2586 601 quomodo
2616 533 2786 605 potuit
2810 537 2921 591 tunc
2946 535 3144 607 dicere,
3176 538 3258 594 cui
3288 540 3460 597 adhuc
3492 558 3582 599 re-

1990 619 2163 675 stabat
2196 621 2358 691 ipsius
2389 623 2668 692 passionis,
2688 638 2851 694 quam
2899 627 2999 681 sibi
3019 626 3128 697 jam
3157 628 3469 699 impendere
3495 634 3582 687 di-

1992 720 2179 778 xerat,
2236 721 2344 767 tam
2397 728 2585 785 magna
2628 714 2978 783 conﬂictatio,
3030 726 3139 775 tam
3186 721 3470 777 molestum
3518 739 3581 781 ac

1988 804 2191 872 grande
2239 813 2529 861 certamen.
2563 806 2642 861 An
2673 808 2739 863 ad
2780 808 2898 877 ejus
2937 813 3419 869 censummandum
3447 830 3575 870 cur-

1988 906 2110 948 sum
2162 909 2345 964 parnm
2386 896 2557 953 adhuc
2592 898 2797 963 deerat,
2844 901 3058 970 quando
3088 903 3221 959 illud
3264 903 3447 960 deerat
3491 907 3580 961 ubi

1988 994 2100 1038 erat
2148 984 2358 1042 futurus
2410 989 2588 1044 acrior
2617 990 2973 1066 etgcrudelior
3025 994 3315 1051 inimicus?
3345 997 3496 1064 Quod
3533 999 3580 1053 si

1990 1070 2108 1129 ideo
2130 1076 2323 1131 talibus
2349 1077 2524 1133 verbis
2548 1090 2726 1134 certus
2772 1096 3097 1153 securusque
3120 1069 3426 1155 gaudebat;
3450 1088 3575 1158 quia

1987 1163 2054 1219 de
2105 1166 2321 1222 victoria
2376 1168 2536 1225 futuri
2580 1172 2890 1229 certaminis
2922 1175 2938 1206 ⁸
2977 1186 3180 1230 certum
3238 1194 3361 1235 eum
3420 1172 3582 1236 secul

1986 1258 2327 1328 rumquejam
2353 1257 2549 1316 fecerat
2574 1262 2699 1332 ,qui
2744 1265 2986 1319 eamdem
3020 1268 3317 1336 passionem
3352 1271 3461 1341 jam
3502 1271 3577 1326 illi

1987 1349 2314 1404 revelavet‘at
2341 1350 2645 1418 imminere;
2675 1369 2782 1408 non
2806 1370 2865 1409 re
2890 1355 3216 1426 plenissima,
3244 1362 3336 1416 sed
3363 1374 3459 1433 Spe
3481 1363 3575 1417 fir-

1987 1436 2223 1491 missima
2253 1438 2364 1495 haec
2385 1440 2539 1508 dixit,
2571 1452 2625 1497 et
2667 1443 2809 1514 quod
2853 1444 3086 1502 futurum
3139 1465 3257 1506 esse
3301 1464 3569 1523 prtesum-

1987 1528 2110 1596 psit,
2145 1537 2392 1601 tanquam
2421 1531 2611 1588 factum
2629 1532 2786 1591 fuerit
2816 1534 3085 1594 iudicavit.
3107 1540 3162 1596 Si
3176 1556 3303 1613 ergo
3332 1543 3413 1600 his
3443 1560 3568 1601 ver-

1985 1616 2069 1672 bis
2092 1620 2251 1674 etiam
2270 1619 2374 1677 hoc
2401 1622 2643 1689 adderet,
2679 1636 2740 1681 ut
2763 1627 2985 1694 diceret,
3007 1627 3224 1687 Nullum
3262 1632 3438 1691 habeo
3459 1634 3573 1707 jam

1987 1719 2265 1778 peccatum
2299 1730 2313 1766 :
2340 1712 2440 1768 hoc
2466 1729 2679 1785 quoque
2710 1716 2857 1772 illum
2908 1719 3325 1790 intelligeremus
3370 1741 3476 1781 non
3504 1726 3574 1783 de

1983 1800 2059 1855 rei
2093 1800 2259 1867 factm,
2293 1803 2387 1859 sed
2431 1804 2497 1859 de
2522 1807 2600 1860 rei
2644 1806 2836 1865 futurae
2867 1810 3195 1881 perfectione
3240 1808 3459 1873 dixisse.
3482 1817 3576 1874 Sic

1984 1894 2126 1948 enim
2177 1894 2242 1948 ad
2280 1896 2444 1966 ipsius
2493 1913 2680 1955 cursus
2727 1905 3243 1962 consummationem
3279 1909 3578 1979 pertinebat

1983 1985 2186 2039 nullum
2213 1985 2409 2043 habere
2438 2000 2738 2059 peccatum,
2762 1992 2906 2063 quod
2952 1994 3036 2050 isti
3067 2006 3276 2066 putant,
3303 2013 3423 2055 cum
3453 2000 3570 2057 lucc

1983 2074 2205 2147 diceret,
2232 2079 2342 2151 jam
2402 2083 2453 2138 in
2493 2084 2585 2139 illo
2630 2082 2799 2142 fuisse
2840 2090 3162 2160 completum
3187 2093 3568 2163 ;quemadmo-

1982 2166 2109 2225 dum
2157 2171 2225 2227 ad
2254 2172 2421 2243 ipsius
2467 2190 2656 2231 cursus
2706 2180 3223 2237 consummationem
3273 2183 3577 2253 pertinebat

1981 2261 2141 2315 etiam
2183 2263 2234 2317 in
2263 2264 2557 2321 certamine
2584 2267 2845 2335 passionis
2869 2268 3238 2326 adversarium
3286 2288 3567 2344 superare,

1982 2354 2123 2424 quod
2143 2355 2304 2410 etiam
2335 2357 2432 2427 ipsi
2461 2373 2683 2416 necesse
2708 2371 2790 2416 est
2819 2361 3100 2431 fateantur,
3131 2380 3253 2422 cum
3290 2367 3404 2422 haec
3424 2366 3577 2424 dice-

1982 2457 2083 2512 ret,
2113 2449 2286 2505 adhttc
2309 2449 2362 2504 in
2385 2450 2479 2506 illo
2497 2451 2660 2509 fuisse
2682 2455 3056 2526 complendum
3083 2442 3101 2513 ε’
3125 2458 3226 2513 hoc
3245 2474 3374 2530 ergo
3397 2467 3568 2514 totum

1983 2553 2082 2594 nos
2108 2538 2335 2597 dicimus
2358 2550 2482 2597 tunc
2510 2543 2671 2600 fuisse
2700 2545 2876 2602 adhuc
2904 2549 3304 2618 perliciendum,
3352 2550 3566 2621 quando

1977 2629 2087 2701 jam
2117 2630 2184 2688 de
2214 2632 2304 2687 Dei
2333 2634 2690 2703 promissione
2734 2635 3014 2706 praefidens
3041 2647 3209 2696 totum
3258 2641 3329 2696 ita
3359 2641 3575 2697 dicebat

1985 2730 2233 2791 tanquam
2279 2721 2466 2780 fuisset
2518 2725 2784 2781 effectum.
2812 2726 2891 2782 Ad
2932 2728 3101 2799 ipsius
3137 2732 3333 2800 quippe
3387 2745 3578 2788 cursus

1982 2815 2497 2872 consummationem
2545 2819 2880 2887 pertinebat,
2929 2822 3088 2875 eziam
3147 2823 3286 2893 quod
3348 2832 3569 2893 peccata

1983 2901 2284 2960 dimittebat
2326 2905 2657 2963 debitoribus
2692 2910 2820 2971 suis,
2853 2917 3014 2980 atque
3055 2911 3123 2966 ita
3166 2911 3269 2967 sibi
3298 2924 3356 2966 ut
3392 2913 3579 2968 dimit-

1984 3006 2187 3054 teretur
2214 2999 2443 3053 orabat'
2475 3015 2617 3071 :qua
2660 3000 2868 3055 Domini
2910 3003 3295 3072 pollicitatione
3337 3004 3577 3059 certissio

1984 3102 2103 3145 mus
2124 3099 2257 3156 erat,
2286 3090 2339 3144 in
2360 3089 2452 3145 illo
2474 3090 2600 3158 line,
2628 3106 2787 3161 quem
2803 3093 2975 3148 adhuc
2998 3092 3231 3150 futurum
3252 3095 3361 3166 jam
3409 3094 3579 3153 ﬁden-

1983 3181 2054 3238 do
2074 3182 2285 3239 dicebat
2313 3170 2612 3253 impletum,
2642 3182 2846 3240 nullum
2890 3200 2949 3241 se
2973 3186 3273 3243 habiturum
3303 3203 3426 3244 esse
3453 3204 3579 3260 pec-

1982 3284 2182 3330 catum.
2215 3275 2370 3342 Nam,
2405 3286 2461 3330 ut
2509 3275 2610 3332 alia
2654 3277 2919 3344 omittam,
2969 3279 3135 3334 miror
3164 3281 3206 3334 si
3235 3296 3357 3336 cum
3403 3281 3569 3338 verba

1983 3368 2069 3424 illa
2114 3369 2342 3433 dicebat,
2386 3384 2480 3439 per
2530 3382 2647 3439 quae
2689 3369 2806 3426 istis
2852 3371 3001 3427 visus
3036 3381 3121 3428 est
3145 3374 3349 3430 nullum
3368 3375 3579 3431 habuis-

1983 3474 2042 3517 se
2070 3471 2370 3531 peccatum,
2399 3464 2508 3532 jam
2540 3462 2711 3517 fuerat
2736 3461 2808 3518 ab
2837 3464 2930 3519 illo
2966 3465 3174 3520 ablatus
3210 3466 3299 3522 ille
3321 3468 3571 3523 stimulus

1982 3552 2181 3619 Carnis,
2198 3551 2268 3607 de
2293 3567 2400 3622 quo
2420 3566 2447 3605 a
2472 3567 2530 3608 se
2544 3550 2836 3609 auferendo
2864 3554 3145 3610 Dominum
3173 3567 3562 3628 terrogaverat,

1982 3654 2405 3712 responsumque
2449 3653 2766 3713 acceperat,
2824 3645 3021 3717 Sujﬁcit
3069 3646 3158 3702 tibi
3200 3651 3368 3720 gratia
3403 3667 3513 3705 mea
3539 3670 3561 3707 :

1982 3750 2102 3789 nam
2130 3734 2296 3788 virtus
2343 3735 2394 3789 in
2420 3736 2715 3805 inﬁrmitate
2742 3738 3001 3807 perﬁcitur
3028 3738 3047 3810 (
3070 3739 3111 3794 ll
3139 3738 3258 3795 Cor.
3287 3757 3383 3809 xu,
3406 3743 3502 3799 7-9

1983 3823 2117 3880 Huic
2160 3833 2307 3880 tanto
2346 3826 2462 3879 viro
2488 3827 2814 3896 perficiendo
2855 3830 3218 3886 necessarium
3261 3831 3376 3898 fuit,
3408 3843 3466 3889 ut
3506 3836 3576 3890 ab

1982 3914 2074 3970 illo
2097 3916 2315 3987 angelus
2342 3924 2542 3971 satanae
2579 3933 2684 3972 non
2729 3917 3047 3985 auferretur,
3074 3935 3103 3974 a
3137 3937 3244 3992 quo
3293 3935 3573 3994 propterea

1981 4007 2427 4078 eolaphizabatur,
2472 4025 2540 4065 ne
2570 4011 2934 4081 magnitudine
2980 4013 3243 4070 visionum
3283 4018 3574 4075 extollere-

1980 4107 2109 4155 tur:
2137 4100 2367 4155 claudet
2405 4101 2707 4171 quisquam,
2751 4116 3072 4175 quemquam
3116 4106 3205 4161 vel
3254 4114 3437 4177 putare
3483 4111 3569 4164 vel

1978 4190 2159 4247 dicere
2188 4192 2417 4263 positum
2436 4194 2534 4250 sub
2567 4209 2733 4251 onere
2762 4196 2920 4267 hujus
2951 4198 3078 4255 vitae
3102 4199 3171 4254 ab
3208 4202 3354 4256 omni
3393 4203 3571 4258 omni-

1980 4298 2053 4340 no
2078 4285 2335 4340 mundum
2362 4302 2481 4341 esse
2508 4298 2725 4358 peccato
2750 4288 2775 4342 ἲ

2048 4377 2140 4433 25.
2178 4377 2295 4433 Sint
2336 4378 2458 4435 licet
2497 4379 2738 4435 homines
2768 4389 2912 4439 tanta
2952 4385 3273 4441 excellentes
3309 4386 3553 4459 justitia,

1979 4477 2038 4523 ut
2075 4468 2141 4525 ad
2185 4484 2279 4525 eos
2314 4468 2382 4526 de
2425 4471 2670 4526 columna
2701 4473 2858 4529 nobis
2899 4474 3147 4546 loquatur
3170 4477 3312 4533 Deus
3335 4519 3351 4545 ,
3397 4480 3571 4551 qualis

1982 4560 2184 4632 Moyses
2208 4570 2255 4617 et
2278 4562 2451 4618 Aaron
2477 4565 2529 4618 in
2553 4566 2894 4621 sacerdotibus
2917 4566 3061 4635 ejus,
3088 4578 3138 4623 et
3159 4567 3372 4625 Samuel
3407 4573 3460 4626 in
3490 4573 3571 4629 Itis

1979 4653 2065 4723 qui
2083 4653 2320 4733 invocant
2343 4669 2523 4709 nomen
2544 4656 2654 4727 ejus
2677 4672 2698 4721 ;
2725 4655 2877 4727 cujus
2903 4673 3107 4731 magme
3144 4659 3328 4717 laudes
3359 4663 3570 4730 pietatis

1978 4752 2033 4800 et
2075 4745 2390 4801 innocentia:
2421 4747 2477 4801 in
2505 4747 2777 4817 Scriptura
2799 4749 3032 4805 veridica
3061 4752 3417 4822 praedicantur
3437 4795 3453 4821 ,
3497 4756 3567 4811 ab

1984 4835 2205 4892 ineunte
2250 4838 2496 4907 pueritia,
2528 4853 2597 4893 ex
2625 4853 2730 4909 quo
2771 4852 2895 4894 eum
2933 4851 3105 4897 mater
3128 4855 3309 4898 votum
3354 4846 3568 4909 solvens

1979 4926 2031 4981 in
2076 4927 2273 4997 templo
2311 4928 2403 4983 Dei
2432 4930 2732 4993 constituit,
2760 4940 2817 4985 et
2850 4945 3064 4987 servum
3096 4926 3322 4991 Dnmin‘o
3348 4936 3565 4993 dedica-

1978 5021 2053 5074 vit
2083 5032 2099 5075 :
2127 5019 2287 5073 etiam
2318 5018 2388 5076 de
2415 5020 2607 5076 talibus
2636 5023 2893 5091 scriptum
2918 5032 3001 5078 est
3022 5066 3037 5087 ,
3066 5023 3145 5079 Tu
3168 5029 3418 5096 pmpitius
3453 5047 3569 5086 eras

1976 5100 2112 5169 illis,
2152 5111 2197 5158 et
2235 5103 2496 5158 vindicans
2537 5104 2590 5157 in
2631 5121 2803 5160 omnes
2827 5105 3120 5176 affectiones
3160 5127 3332 5167 eorum
3382 5115 3565 5187 (Paul.
3632 5180 3637 5187 ,

1979 5208 2177 5263 xcvnt,
2205 5194 2360 5268 6-8).
2411 5196 2468 5251 ln
2514 5196 2651 5251 filios
2697 5198 2894 5269 quippe
2938 5201 3296 5259 damnationis
3338 5207 3571 5263 vindicat

1980 5286 2147 5342 iratus
2173 5305 2185 5341 :
2214 5286 2265 5341 in
2293 5286 2431 5341 ﬁlios
2457 5297 2632 5342 autem
2658 5291 2841 5360 gratia:
2867 5292 3099 5349 vindicat
3127 5297 3411 5366 prepitius,
3435 5298 3563 5354 dum

2042 5442 2059 5473 ι
2094 5440 2233 5514 editi,
2257 5440 2553 5514 [uturiutanti
2574 5443 2861 5514 certaminis.
2889 5448 3067 5514 Abest,
3090 5450 3227 5511 tmti,
3250 5463 3281 5502 ει
3310 5456 3571 5504 manuscri-

1979 5510 2089 5570 ptts.
2114 5528 2177 5570 :—
2200 5502 2362 5570 ln’hos
2390 5502 2536 5553 libros
2553 5506 2771 5570 attendas
2795 5523 2806 5570 ι
2826 5502 3089 5570 eculiareth
3112 5502 3276 5562 curam
3307 5527 3417 5563 eum
3446 5502 3569 5564 nou-

1976 5565 2094 5612 dum
2114 5565 2466 5635 impendisscnt
2483 5565 2811 5635 Benedictini,
2837 5569 2995 5635 locum
3031 5583 3324 5635 pnesentem
3354 5588 3568 5625 commc-

1977 5626 2827 5698 morantesintentoquiuto,
2854 5630 2963 5689 299,
2992 5626 3102 5698 nota
3121 5635 3213 5698 (a),
3235 5637 3477 5698 scripsere
3503 5651 3568 5687 ex

2336 5688 2454 5797 tartbtli
2475 5687 2789 5754 certaminis;
2811 5687 3016 5757 quorum
3032 5687 3293 5747 lectionem
3318 5687 3369 5746 ét
3392 5710 3480 5747 nos
3497 5700 3565 5748 ibt

2182 5774 2192 5794 ι
2297 5762 2337 5797 ὁ.
2449 5787 2459 5797 .

1978 5760 2131 5798 $8011“
2154 5760 2337 5797 sumus.
2404 5760 2459 5798 Μ.

2043 5810 2313 5919 prasagibat:
2346 5809 2696 5863 dindttercntur
2720 5814 2903 5865 orabat.
2931 5822 3033 5867 ns.
3058 5801 3241 5880 autem:
3277 5823 3328 5870 ut
3364 5813 3569 5869 diutine-

1983 5878 2114 5921 rctttr
2137 5878 2316 5922 orabat.
