4168 6524
598 371 699 429 lo?

594 499 755 559 quem
787 482 956 555 diligit
983 482 1221 554 corripit,
1244 493 1299 539 et
1327 484 1558 554 flagellat
1584 500 1797 541 omnem
1831 484 1996 540 filium
2025 499 2184 555 quem

597 574 787 645 recipit
816 573 1008 647 (Prov.
1036 589 1092 629 ιιι
1114 616 1127 638 ,
1163 574 1228 630 η
1249 617 1263 638 ,
1288 586 1335 628 et
1356 574 1511 628 Iltbr.
1548 592 1617 630 xu
1641 616 1658 640 ,
1686 576 1773 645 fi).
1808 575 1959 629 Nulla
2008 585 2184 629 autem

598 666 830 722 vindicta
855 708 870 732 ,
902 667 1045 721 nulla
1077 666 1341 737 correptio
1365 708 1379 731 ,
1424 668 1622 721 rutilum
1665 668 1755 722 Dei
1784 667 2050 737 flagellum
2087 667 2184 721 de-

599 757 756 814 betur
793 758 893 812 nisi
932 766 1150 828 peccato
1172 799 1187 823 ,
1217 767 1443 828 excepto
1475 758 1567 812 illo
1593 759 1681 829 qui
1713 761 1762 813 in
1794 758 1998 827 flagella
2032 773 2185 827 para-

600 858 685 903 tus
705 858 806 913 est,
840 858 894 902 ut
914 849 1248 919 experiretur
1268 848 1443 901 omnia
1470 848 1761 903 secundum
1784 848 2183 902 similitudinem

597 941 715 996 sine
739 952 988 1011 peccato,
1010 950 1066 995 ut
1089 949 1234 997 esset
1262 949 1478 996 sanctus
1508 950 1808 996 sanctorum
1832 940 2082 995 sacerdos
2106 940 2187 994 in-

602 1033 889 1101 terpellans
933 1032 1092 1086 etiam
1138 1047 1235 1102 pro
1283 1032 1513 1096 sanctis,
1567 1032 1656 1102 qui
1711 1046 1814 1085 non
1859 1030 2186 1085 mendaciter

598 1123 756 1178 etiam
788 1122 856 1178 de
884 1138 942 1177 se
969 1122 1193 1193 quisque
1233 1121 1449 1188 dicunt,
1483 1121 1689 1176 Dimitte
1727 1122 1867 1175 nobis
1892 1121 2057 1175 debita
2094 1138 2187 1174 no-

598 1226 724 1277 stra,
751 1217 880 1268 sicut
907 1224 952 1268 et
980 1230 1071 1267 nos
1101 1213 1398 1267 dimittimus
1426 1213 1729 1266 debitoribus
1765 1214 1945 1266 nostris
1971 1212 2181 1284 (Matth.

598 1321 670 1365 vt.
688 1305 798 1377 η).
819 1304 972 1360 Unde
992 1314 1043 1359 et
1066 1304 1162 1374 ipsi
1182 1305 1269 1373 qui
1296 1312 1481 1358 contra
1501 1302 1615 1358 haec
1630 1303 1916 1374 disputant,
1940 1318 2060 1357 eum
2079 1304 2187 1357 sint

598 1406 742 1452 casta
762 1396 888 1461 vita,
914 1395 1257 1465 moribusque
1285 1394 1594 1459 laudabiles,
1612 1409 1708 1448 nec
1729 1393 1966 1447 dubitent
1986 1392 2182 1459 faCere,

596 1487 739 1558 quod
788 1487 862 1542 illi
900 1486 1048 1541 diviti
1080 1501 1176 1557 pro
1213 1484 1585 1555 consequeuda
1616 1485 1720 1538 vita
1765 1493 1963 1539 aeterna
2001 1485 2184 1538 consi-

598 1578 728 1634 lium
771 1577 1099 1649 requirenti,
1131 1592 1250 1632 cum
1281 1592 1340 1632 se
1377 1575 1740 1645 respondisset
1764 1576 1872 1645 jam
1904 1577 2080 1631 omnia
2106 1576 2184 1629 le.-

597 1670 679 1739 gis
703 1668 1004 1738 implevisse
1034 1667 1297 1729 mandata,
1331 1668 1586 1738 prmeepit
1612 1666 1871 1721 Dominus
1898 1708 1912 1733 ,
1947 1665 1992 1720 si
2023 1667 2181 1722 vellet

598 1776 718 1817 esse
743 1760 1027 1833 perfectus,
1059 1762 1313 1817 venderet
1336 1760 1515 1816 omnia
1544 1775 1663 1830 quae
1692 1759 1920 1815 habebat
1948 1770 2002 1815 et
2034 1759 2186 1815 daret

598 1852 918 1922 pauperibus
940 1893 956 1918 ,
988 1851 1398 1921 thesaurumque
1426 1850 1738 1906 transferret
1764 1850 1816 1904 in
1842 1851 2035 1905 cmlum
2071 1850 2181 1922 (Id.

596 1941 947 2013 xrx,20,2l)
983 1961 997 1997 :
1047 1956 1205 1997 nemo
1250 1951 1427 1997 tamen
1467 1956 1655 1998 eorum
1704 1941 1865 1996 audet
1906 1942 2083 1996 dicere
2125 1957 2184 1998 se

594 2046 714 2087 esse
732 2033 850 2088 sine
877 2042 1111 2102 peccato.
1144 2032 1329 2099 Quod,
1353 2033 1492 2087 sicut
1529 2031 1797 2087 credimus
1819 2075 1834 2100 ,
1866 2049 1970 2086 non
2009 2032 2184 2087 fallaci

593 2124 771 2179 animo
796 2122 979 2179 dicunt
1007 2141 1022 2179 :
1052 2125 1293 2178 siautem
1324 2123 1671 2187 mentiuntur,
1695 2138 1760 2177 eo
1783 2124 1898 2194 ipso
1926 2123 2187 2193 incipiunt

593 2212 677 2268 vel
706 2229 903 2283 augere
926 2256 942 2281 ,
970 2214 1053 2268 vel
1077 2214 1273 2270 habere
1301 2222 1597 2283 peccatum.

663 2304 891 2361 CAPUT
923 2304 1082 2359 XVII.
1103 2334 1173 2347 -
1191 2304 1283 2359 26.
1311 2304 1477 2358 Tertia
1507 2306 1736 2374 quaestio,
1758 2320 1849 2358 cur
1874 2321 2018 2358 nemo
2046 2305 2109 2359 sit
2132 2304 2185 2358 in

595 2397 690 2450 hoc
714 2398 815 2451 vita
842 2398 949 2451 sine
975 2406 1198 2469 peccato.
1229 2397 1346 2452 Jam
1374 2412 1502 2468 ergo
1529 2397 1668 2468 quod
1701 2397 1816 2451 loco
1843 2398 2001 2453 tertio
2033 2396 2182 2467 posui

593 2488 887 2543 videamus.
916 2488 1049 2544 Cum
1072 2531 1086 2555 ,
1116 2490 1447 2544 voluntatem
1480 2487 1764 2543 humanam
1791 2489 1806 2521 ³
1836 2488 2002 2560 gratia
2032 2488 2181 2557 adju-

593 2589 755 2634 vante
797 2578 1008 2642 divina,
1057 2580 1172 2635 sine
1202 2590 1420 2651 peccato
1451 2580 1500 2633 iu
1532 2580 1631 2633 hac
1661 2579 1765 2635 vita
1810 2579 1977 2649 possit
2020 2578 2181 2634 homo

592 2685 747 2735 esse,
792 2685 891 2725 cur
932 2687 1038 2726 non
1076 2671 1181 2738 sit,
1232 2685 1442 2741 possem
1475 2669 1722 2725 facillime
1749 2685 1811 2725 ac
1839 2673 2179 2726 veracissime

592 2763 937 2833 respondere,
970 2763 1093 2833 quia
1124 2763 1368 2817 homines
1394 2762 1580 2815 nolunt
1604 2780 1616 2815 :
1642 2761 1736 2815 sed
1761 2761 1804 2815 si
1834 2776 1899 2816 ex
1926 2776 2009 2816 me
2033 2777 2181 2831 qutu-

591 2853 761 2917 ritur,
793 2869 957 2923 quare
1000 2853 1216 2916 nolunt,
1248 2852 1388 2908 imus
1430 2852 1483 2907 in
1514 2853 1748 2922 longum.
1796 2851 2178 2907 Verumtamen

586 2944 752 2998 setiam
799 2944 904 2999 hoc
930 2944 1045 2999 sine
1091 2942 1399 3013 prtejudicio
1428 2941 1780 3013 diligentioris
1823 2942 2182 3013 inquisitionis

591 3034 827 3091 breviter
870 3036 1062 3091 dicam.
1108 3035 1306 3091 Nolunt
1334 3034 1578 3090 homines
1609 3033 1784 3090 facere
1809 3034 1952 3105 quod
1975 3034 2178 3105 justum

589 3135 710 3195 est,
742 3130 854 3184 sive
880 3130 999 3198 quia
1040 3129 1167 3184 latet
1194 3144 1260 3183 an
1296 3127 1495 3199 justum
1520 3128 1625 3194 sit,
1656 3128 1767 3183 sive
1797 3128 1920 3198 quia
1948 3144 2055 3182 non
2080 3126 2179 3183 de-

591 3224 771 3279 lectat.
811 3224 984 3278 Tanto
1027 3223 1170 3278 enim
1209 3221 1441 3292 quidque
1482 3219 1851 3277 vehementius
1892 3220 2137 3276 volumus
2161 3263 2178 3289 ,

592 3324 793 3386 quanto
818 3314 1017 3370 certius
1041 3327 1201 3384 quam
1236 3312 1432 3367 bonum
1468 3310 1539 3367 sit
1565 3312 1841 3376 novimus,
1888 3306 2059 3381 eoque
2082 3312 2179 3367 dc-

592 3407 853 3463 lectamur
875 3405 1168 3461 ardentius.
1196 3404 1495 3475 Ignorantia
1526 3404 1682 3476 igitur
1707 3413 1761 3460 et
1791 3403 2074 3458 infirmitas
2102 3404 2181 3459 vi-

595 3502 665 3555 tia
691 3509 813 3556 sunt
832 3542 846 3564 ,
877 3516 996 3571 qua:
1022 3498 1321 3570 impediunt
1350 3499 1675 3568 voluntatem
1708 3516 1776 3554 ne
1809 3507 2084 3554 moveatur
2111 3497 2180 3554 ad

591 3593 888 3649 faciendum
915 3606 1051 3662 opus
1079 3591 1275 3646 bonum
1296 3633 1313 3659 ,
1340 3592 1422 3647 vel
1448 3592 1517 3646 ab
1549 3607 1714 3662 opere
1741 3591 1880 3645 malo
1908 3591 2179 3646 abstinen-

593 3683 740 3738 dum.
770 3682 834 3739 Ut
862 3691 1038 3737 autem
1070 3681 1364 3737 innotescat
1386 3681 1530 3753 quod
1560 3681 1792 3746 latebat,
1824 3691 1877 3735 et
1904 3695 2065 3734 suave
2090 3680 2182 3734 fiat

592 3775 735 3845 quod
761 3790 866 3829 non
893 3774 1191 3829 delectabat
1212 3814 1226 3838 ,
1268 3774 1454 3845 gratia:
1482 3775 1571 3829 Dei
1601 3785 1681 3829 est
1702 3816 1717 3839 ,
1750 3790 1868 3844 qua:
1904 3773 2179 3827 hominum

591 3866 808 3934 adjuvat
835 3866 1129 3920 voluntates
1161 3882 1173 3918 :
1207 3881 1308 3934 qua
1338 3874 1395 3919 ut
1437 3880 1547 3920 non
1576 3864 1931 3935 adjuventur,
1966 3863 2018 3917 in
2050 3862 2181 3932 ipsis

592 3958 774 4012 itidem
800 3973 955 4013 causa
978 3966 1059 4013 est
1079 3998 1096 4024 ,
1127 3972 1232 4011 non
1264 3956 1316 4011 in
1348 3957 1456 4012 Deo
1478 3998 1492 4020 ,
1522 3956 1635 4010 sive
1660 3954 1948 4009 damnandi
1976 3953 2184 4024 prmdc-

592 4049 772 4103 stiuati
801 4049 907 4103 sint
946 4057 1163 4119 pr0pter
1191 4046 1522 4117 iniquitatem
1553 4045 1858 4115 superbix;
1891 4044 2006 4098 sive
2046 4057 2182 4097 con-

594 4150 671 4197 tra
701 4142 866 4211 ipsam
897 4157 1045 4196 suam
1071 4140 1376 4210 superbiam
1401 4138 1673 4210 judicandi
1698 4147 1750 4192 et
1781 4135 2093 4201 erudiendi,
2135 4136 2180 4191 si

596 4231 686 4284 lilii
712 4231 816 4285 sint
837 4231 1212 4286 misericordia:
1234 4232 1276 4284 ’.
1310 4229 1463 4286 Unde
1491 4229 1753 4285 Jcremias
1773 4243 1893 4282 eum
1921 4227 2178 4293 dixisset,

594 4323 736 4389 Scio,
771 4320 1007 4389 Domine,
1038 4324 1159 4393 quia
1184 4338 1286 4377 non
1315 4329 1387 4376 est
1410 4322 1463 4375 in
1488 4319 1687 4373 homine
1712 4320 1791 4372 via
1816 4318 1944 4388 ejus,
1973 4333 2063 4371 nec
2089 4318 2183 4371 viri

593 4423 732 4468 estut
750 4415 966 4470 ambulet
984 4424 1027 4469 et
1044 4415 1230 4486 dirigat
1246 4430 1447 4487 gressus
1462 4429 1604 4479 suos;
1620 4412 1874 4467 continuo
1888 4410 2179 4479 subjuuxit,

594 4506 803 4579 Corripe
829 4524 907 4561 me
923 4549 939 4573 ,
964 4505 1216 4572 Domine;
1244 4516 1582 4562 verumtamen
1602 4504 1652 4557 in
1668 4502 1888 4573 judicio,
1913 4511 1959 4556 et
1985 4519 2087 4556 non
2128 4503 2182 4557 in

592 4601 765 4672 [more
789 4610 874 4657 tuo
901 4600 1110 4675 (Jerem.
1137 4613 1171 4656 ι
1191 4642 1207 4669 ,
1232 4599 1334 4666 25,
1358 4598 1473 4668 24).
1504 4597 1778 4666 Tanquam
1804 4594 2038 4659 diceret,
2059 4594 2182 4650 Scio

592 4694 657 4749 ad
684 4695 1076 4764 correptionem
1104 4708 1276 4748 meam
1308 4690 1596 4762 pertinere,
1629 4688 1767 4759 quod
1797 4686 1974 4744 minus
2002 4688 2097 4743 abs
2130 4697 2183 4745 tc

592 4786 840 4856 adjuvor,
872 4796 933 4842 ut
961 4786 1197 4856 perfecte
1221 4784 1519 4854 dirigantur
1547 4796 1761 4851 gressus
1789 4781 1891 4835 mei
1926 4799 1939 4835 :
1970 4797 2181 4837 verum-

594 4888 769 4933 tamen
802 4877 903 4933 hoc
927 4878 1099 4947 ipsum
1130 4876 1240 4931 noli
1268 4874 1347 4928 sic
1377 4888 1586 4927 mecmn
1624 4887 1781 4941 agere
1801 4913 1815 4937 ,
1849 4880 2096 4943 tanquam
2125 4872 2178 4928 in

593 4970 773 5026 furore
802 4987 909 5041 quo
948 4970 1156 5038 iniquos
1200 4967 1455 5024 danmare
1498 4966 1760 5032 statuisti,
1804 4966 1895 5022 sed
1929 4977 2178 5038 tauquam

593 5064 644 5117 in
673 5064 904 5131 judicio.
933 5077 1040 5133 quo
1065 5062 1226 5115 doces
1266 5069 1385 5115 tuus
1412 5074 1517 5114 non
1544 5060 1840 5129 superbire.
1874 5060 2027 5116 Unde
2052 5061 2178 5118 alibi

593 5152 788 5208 dicitur
809 5194 826 5221 ,
862 5152 927 5206 Et
960 5150 1162 5222 judicia
1191 5159 1277 5204 tua
1305 5149 1613 5221 adjuvabunt
1643 5167 1720 5204 me
1751 5149 1770 5223 (
1794 5147 1939 5206 Psal.
1972 5166 2134 5208 cxvnt
2160 5192 2175 5220 ,

597 5246 759 5310 175).

659 5377 676 5407 ί
712 5377 829 5426 aditi
852 5373 1105 5425 auferendi
1128 5386 1260 5434 casu,
1284 5374 1517 5427 infinitate
1540 5373 1766 5427 humana.
1790 5378 2091 5432 Castigantur
2114 5390 2179 5427 ex

594 5437 950 5499 manuscriptis,
976 5437 1057 5499 qui
1083 5448 1259 5500 magno
1290 5451 1531 5488 consensu
1557 5438 1719 5489 ferunt
1741 5476 1754 5499 ,
1775 5439 2064 5489 voluntatem
2084 5438 2169 5489 Itu-

510 5512 515 5517 ’
594 5511 807 5549 manum.

659 5564 679 5591 ²
717 5559 921 5628 Vaticani
938 5560 1304 5628 tres,_et_n_os_tri
1319 5574 1489 5628 omnes
1509 5559 1730 5628 Gallicani
1753 5570 1860 5628 Mss:
1881 5560 2088 5628 habent,
2096 5560 2179 5624 ju-

596 5619 815 5680 dicandi,
833 5627 881 5685 ut
897 5619 1075 5685 eruditi
1095 5619 1187 5685 ﬁlii
1204 5621 1299 5673 sint
1321 5622 1689 5685 misericordiae.
1712 5624 1803 5673 sed
1818 5623 1960 5673 alteri
1995 5619 2175 5685 tamen,

596 5694 707 5747 qua.
723 5682 1218 5747 omniumeditionum
1242 5686 1545 5746 superiorum
1564 5692 1657 5744 est,
1678 5683 1873 5747 lectioni
1896 5682 2179 5747 astipulatnr

598 5741 898 5811 Fulgentius,
922 5743 1045 5803 lihro
1068 5747 1218 5807 primo
1241 5741 1315 5811 ad'
1336 5747 1588 5796 Monimum
1606 5780 1620 5805 ,
1646 5741 1765 5811 cap.
1787 5746 1847 5795 9.8
1863 5786 1874 5807 ,
1902 5741 2049 5811 quem
2074 5748 2179 5797 Ful-

597 5803 750 5874 gen'tii
766 5803 922 5874 locum
945 5819 1038 5874 non
1060 5803 1329 5874 in__excusis
1351 5816 1535 5857 tantum
1556 5844 1569 5868 ,
1589 5803 1677 5874 sed
1704 5803 2176 5874 etiam'in'antiquis-

595 5868 720 5919 lituo
739 5868 1016 5920 Corbeiensi
1034 5872 1198 5922 codice
1221 5869 1485 5933 diligenter
1510 5869 1882 5934 exploravimus.

1202 368 1290 425 DE
1321 368 1777 426 PECCATORUM
1817 366 2097 425 MERITIS
2135 367 2223 423 ET
2265 368 2688 437 REMISSlONE,
2732 368 2789 424 S.
2832 368 3199 427 AUGUSTlNl

3784 378 3892 434 IRS

2360 484 2448 537 27.
2483 482 2685 538 Nullius
2725 484 2947 555 proinde
2989 486 3157 554 culpa:
3189 485 3431 543 humana:
3463 488 3516 544 in
3543 489 3714 546 Deum
3744 494 3894 547 refe-

2290 589 2377 628 ras
2406 590 2641 628 causam.
2690 576 2945 630 Vitiorum
2979 592 3204 648 namque
3241 580 3478 635 omnium
3521 582 3892 641 humanorum

2288 682 2446 720 causa
2472 668 2714 737 superbia
2742 679 2840 723 est.
2876 670 2956 724 Ad
2984 670 3118 724 hanc
3143 672 3561 729 convincendam
3589 684 3752 748 atque
3783 696 3893 735 au-

2289 754 2559 809 ferendam
2592 758 2709 810 talis
2739 759 2996 814 medicina
3024 761 3233 816 caelitus
3260 764 3400 817 venit
3427 764 3529 819 :ad
3560 767 3760 822 elatum
3787 768 3893 824 ho-

2288 849 2484 901 minem
2530 864 2623 918 per
2660 852 2994 919 superbiam,
3048 853 3185 908 Deus
3229 855 3443 911 humilis
3472 857 3753 916 descendit
3786 879 3892 934 per

2290 937 2704 992 misericordiam
2726 982 2740 1006 ,
2771 941 2994 1011 gratiam
3025 943 3223 1000 claram
3254 948 3695 1022 manifestamque
3722 970 3891 1008 οοιιι⁴

2287 1028 2547 1083 mendans
2579 1030 2629 1082 in
2659 1030 2774 1099 ipso
2816 1031 3059 1097 homine,
3093 1050 3249 1104 quem
3289 1046 3431 1091 tanta
3464 1055 3571 1109 pne
3602 1044 3890 1115 participi-

2287 1118 2387 1173 bus
2428 1120 2537 1173 suis
2576 1122 2834 1178 charitate
2874 1125 3125 1195 suscepit.
3153 1126 3337 1197 Neque
3366 1128 3529 1184 'eninr
3565 1143 3619 1187 et
3651 1134 3764 1203 ipse
3812 1138 3887 1193 ita

2291 1207 2468 1265 Verbo
2499 1212 2588 1266 Dei
2618 1213 2933 1282 conjunctus
2953 1258 2967 1283 ,
2999 1227 3055 1271 ut
3082 1219 3195 1288 ipsa
3225 1220 3598 1290 conjunctione
3630 1241 3767 1282 unus
3817 1229 3887 1281 η-

2287 1303 2388 1357 lius
2420 1304 2511 1359 Dei
2542 1313 2596 1359 et
2624 1305 2761 1361 idem
2793 1307 2907 1378 ipse
2934 1325 3068 1365 unus
3095 1310 3232 1366 ﬁlius
3258 1311 3489 1369 hominis
3516 1317 3702 1387 fieret,
3736 1336 3884 1389 prie-

2286 1393 2598 1486 cedentibus
2621 1412 2730 1452 sua:
2752 1399 3037 1456 voluntatis
3066 1404 3269 1458 meritis
3298 1403 3649 1486 fecit._Uuum
3677 1413 3886 1484 quippe

2288 1484 2433 1540 illum
2464 1502 2585 1542 esse
2612 1490 2892 1557 oportebat
2924 1509 2937 1546 :
2971 1502 3152 1548 essent
3180 1504 3356 1550 autem
3390 1484 3612 1567 efduo,
3645 1510 3698 1556 et
3729 1511 3868 1573 tres,

2286 1585 2339 1631 et
2371 1577 2582 1646 plures,
2615 1580 2659 1633 si
2692 1580 2792 1635 hoc
2822 1580 2934 1637 fieri
2967 1592 3178 1652 posset,
3216 1601 3319 1640 non
3353 1604 3447 1658 per
3477 1590 3566 1646 Dei
3599 1596 3884 1664 proprium

2287 1664 2507 1731 donum,
2531 1669 2623 1723 sed
2652 1686 2745 1738 per
2772 1670 3001 1726 hominis
3024 1673 3248 1730 liberum
3277 1679 3575 1734 arbitrium.
3611 1682 3723 1738 [loc
3748 1703 3885 1758 ergo

2289 1760 2555 1827 przecipue
2580 1762 3002 1831 commendatur,
3022 1763 3121 1820 hoc
3149 1766 3199 1821 in
3229 1771 3503 1837 sapientia:
3526 1781 3687 1845 atque
3704 1778 3886 1831 scieno

2287 1847 2374 1902 tite
2405 1848 2667 1905 thesauris
2698 1851 2749 1905 in
2776 1851 2992 1909 Christo
3021 1856 3364 1927 absconditis,
3396 1873 3653 1932 quantum
3685 1868 3880 1921 existi-

2286 1954 2435 1993 mare
2462 1940 2652 2005 audeo,
2679 1943 2943 2013 pra-cipue
2970 1945 3194 2001 docetur
3224 1958 3275 2002 ct
3302 1952 3543 2008 discitur.
3577 1953 3701 2011 Ideo
3729 1959 3883 2027 quis-
3914 2011 3920 2015 .

2285 2044 2388 2098 que
2413 2039 2649 2084 nostrum
2677 2032 2874 2087 bonum
2900 2050 3034 2103 Opus
3059 2040 3333 2109 suscipere
3353 2084 3368 2108 ,
3398 2058 3557 2113 agere
3578 2086 3593 2112 ,
3617 2045 3839 2117 implere
3867 2094 3883 2117 ,

2287 2137 2426 2176 imae
2475 2124 2610 2191 scit,
2645 2140 2787 2180 nunc
2815 2130 2986 2182 nescit
3007 2170 3022 2196 ,
3054 2145 3195 2185 nunc
3226 2131 3554 2202 delectatur,
3602 2154 3743 2195 nunc
3771 2156 3887 2197 non

2284 2211 2583 2267 delectatur
2603 2256 2617 2281 ,
2651 2223 2709 2269 ut
2736 2218 2951 2271 noverit
2979 2236 3082 2274 non
3112 2237 3222 2275 sua:
3250 2220 3511 2281 facultatis
3532 2267 3545 2291 ,
3580 2229 3673 2283 sed
3708 2230 3886 2286 divini

2285 2305 2523 2358 numeris
2549 2320 2668 2360 esse
2685 2306 2776 2386 vel
2806 2308 2946 2376 quod
2985 2311 3121 2376 scit,
3153 2314 3233 2368 vel
3264 2316 3406 2386 quod
3446 2318 3741 2376 delectatur
3772 2340 3785 2376 :
3818 2339 3888 2380 ac

2283 2394 2362 2448 sic
2384 2394 2451 2448 ab
2493 2382 2738 2450 elationis
2765 2399 2993 2453 vanitate
3022 2382 3358 2473 sanetum-et
3387 2408 3521 2463 sciat
3559 2425 3719 2481 quam
3750 2430 3884 2470 vere

2285 2500 2392 2539 non
2421 2486 2487 2541 de
2517 2495 2656 2541 terra
2694 2488 2817 2554 ista,
2850 2490 2945 2545 sed
2974 2493 3320 2561 Spiritualiter
3345 2496 3544 2553 dictum
3571 2501 3661 2569 sit,
3693 2501 3882 2557 Domi-

2284 2594 2380 2632 nus
2409 2578 2545 2632 dabit
2569 2582 2885 2650 suavitatem,
2905 2593 2950 2637 et
2974 2594 3108 2640 terra
3126 2597 3299 2642 nostra
3323 2589 3462 2644 dabit
3489 2591 3711 2661 [metam
3732 2613 3885 2652 suum

2283 2669 2457 2761 {PsaL
2488 2688 2682 2727 LXXXIV
2701 2716 2718 2742 ,
2750 2676 2857 2747 l3).
2891 2678 3061 2734 Tanto
3088 2691 3264 2738 autem
3296 2684 3464 2755 magis
3490 2685 3721 2744 delectat
3742 2705 3882 2761 Opus

2282 2760 2481 2853 bonum
2503 2804 2521 2828 ,
2550 2773 2749 2833 quanto
2778 2768 2945 2838 magis
2985 2768 3222 2841 diligitur
3253 2773 3391 2829 Deus
3422 2792 3689 2834 summum
3719 2760 3885 2853 atque

2283 2851 2715 2912 incommutabile
2746 2857 2963 2926 bonum,
2987 2869 3041 2916 et
3061 2873 3247 2917 auctor
3276 2866 3746 2941 qualiumcumque
3778 2851 3878 2928 bo-

2282 2960 2474 2999 norum
2521 2948 2779 3003 omnium.
2816 2949 2884 3006 Ut
2928 2960 3104 3007 autem
3152 2953 3401 3025 diligatur
3432 2958 3605 3027 Deus,
3651 2963 3881 3018 clmritas

2283 3035 2401 3103 ejus
2445 3037 2635 3105 di/fusa
2679 3049 2751 3094 est
2795 3042 2848 3096 in
2894 3044 3127 3099 cordibus
3172 3049 3358 3102 nostris
3384 3091 3399 3116 ,
3451 3066 3555 3104 non
3602 3066 3700 3121 per
3738 3070 3878 3123 nos,

2284 3126 2379 3181 sed
2428 3145 2517 3200 per
2547 3130 2795 3202 Spiritum
2824 3144 3050 3190 sanctum
3094 3139 3179 3209 qui
3207 3138 3357 3195 datus
3384 3151 3459 3195 est
3489 3142 3629 3198 nobis
3678 3143 3700 3217 (
3724 3143 3879 3201 Rom.

2285 3219 2490 3291 v,5).

2354 3310 2580 3369 CAPUT
2629 3314 2812 3371 XVIII.
2844 3349 2915 3359 —
2942 3319 3032 3376 28.
3078 3320 3320 3379 Voluntas
3368 3325 3499 3381 bona
3528 3344 3559 3381 α
3587 3325 3721 3384 Deo.
3771 3330 3882 3389 Sed

2282 3402 2525 3459 laborant
2565 3406 2810 3464 homines
2840 3411 3083 3469 invenire
3114 3415 3167 3469 in
3200 3426 3381 3472 nostra
3414 3419 3686 3478 voluntate
3706 3467 3720 3490 ,
3751 3427 3880 3495 quid

2282 3494 2405 3587 boni
2435 3497 2505 3551 sit
2534 3510 2792 3564 nostrum,
2822 3504 2963 3573 quod
2992 3505 3146 3561 nobis
3172 3523 3275 3562 non
3298 3511 3367 3564 sit
3386 3527 3452 3566 ex
3475 3512 3584 3567 Deo
3616 3531 3631 3569 :
3665 3525 3719 3569 ct
3743 3494 3883 3587 quo-

2282 3586 2444 3678 modo
2467 3589 2691 3645 inveniri
2721 3595 2883 3662 possit
2911 3596 3114 3665 ignoro.
3146 3598 3382 3670 Excepto
3403 3602 3543 3657 enim
3566 3605 3709 3674 quod
3736 3586 3884 3678 Apu-

2281 3677 2450 3731 stolus
2479 3679 2587 3746 ait,
2620 3695 2740 3735 cum
2771 3682 2837 3737 de
2864 3684 3018 3739 bouis
3043 3685 3318 3743 hominum
3362 3691 3701 3761 loqueretur,
3741 3677 3884 3761 Quid

2281 3768 2414 3820 enim
2443 3768 2593 3823 habes
2631 3772 2766 3841 quod
2793 3790 2893 3828 non
2919 3777 3155 3846 accepisti
3172 3778 3197 3832 ?
3228 3779 3288 3834 Si
3316 3791 3483 3835 autem
3509 3792 3555 3836 et
3582 3765 3838 3856 accepisti
3861 3828 3878 3850 ,

2281 3858 2402 3929 quid
2425 3858 2661 3928 gloriaris
2680 3904 2695 3929 ,
2726 3865 2870 3934 quasi
2895 3883 2995 3920 non
3016 3870 3270 3938 acceperis
3299 3869 3342 3943 (Ι
3369 3871 3487 3927 Cor.
3521 3889 3572 3928 tv
3593 3916 3608 3940 ,
3643 3875 3735 3945 7)?
3758 3877 3879 3947 Ipsa

2282 3948 2440 4002 etiam
2469 3950 2618 4012 ratio,
2651 3968 2769 4021 quae
2797 3953 2863 4009 de
2890 3955 2956 4011 iis
2983 3957 3141 4013 rebus
3170 3974 3199 4014 a
3233 3960 3427 4017 talibus
3453 3964 3638 4033 quales
3663 3980 3877 4035 sumus,

2284 4036 2405 4090 iniri
2434 4047 2631 4108 potest,
2651 4043 2939 4112 quemlibet
2964 4056 3205 4101 nostrum
3232 4042 3561 4119 quaerentem
3588 4053 3879 4111 vehemeu-

2284 4135 2365 4181 ter
2390 4138 2670 4200 angustat,
2703 4147 2769 4188 ne
2794 4134 2872 4189 sic
2896 4134 3246 4193 defendamus
3269 4141 3492 4210 gratiam
3512 4182 3529 4209 ,
3559 4151 3615 4197 ut
3646 4144 3878 4203 liberum

2282 4221 2558 4277 arbitrium
2589 4224 2804 4281 auferre
2844 4227 3153 4297 videamur;
3183 4246 3367 4286 rursus
3392 4275 3406 4296 ,
3445 4249 3513 4289 ne
3540 4235 3767 4292 liberum
3801 4241 3879 4293 sic

2282 4326 2584 4368 asseranms
2602 4315 2904 4384 arbitrium,
2925 4327 2981 4373 ut
3005 4321 3235 4390 superba
3263 4321 3537 4393 impietate
3565 4325 3759 4397 ingrati
3784 4328 3876 4384 Dei

2282 4406 2465 4474 gratim
2491 4406 2811 4475 judicemur.

2352 4496 2442 4550 29.
2476 4496 2713 4568 Namque
2743 4499 2871 4554 illud
2899 4501 3138 4571 Apostoli
3168 4503 3308 4575 quod
3335 4510 3775 4578 commemoravi,
3800 4511 3877 4567 sic

2282 4587 2571 4645 defendere
2594 4592 2807 4660 quidam
2834 4595 3141 4662 voluerunt,
3170 4605 3228 4653 ut
3252 4598 3513 4663 dicerent,
3539 4618 3557 4652 ι
3585 4598 3705 4657 ideo
3721 4603 3876 4674 quiil-

2289 4700 2309 4731 ε
2356 4682 2478 4752 quid
2508 4683 2667 4737 etiam
2710 4683 2862 4739 bonae
2890 4688 3176 4744 voluntatis
3202 4689 3362 4745 habet
3403 4686 3601 4759 homo,
3635 4693 3747 4750 Deo
3776 4705 3875 4751 tri.

2290 4789 2307 4821 ι
2357 4772 2624 4827 linendum
2652 4790 2791 4842 esse,
2824 4777 2946 4846 quia
2978 4787 3033 4833 et
3058 4779 3158 4834 hec
3187 4781 3238 4835 in
3272 4781 3363 4837 illo
3384 4799 3503 4838 esse
3535 4800 3641 4839 non
3670 4797 3870 4857 posset,

2288 4881 2308 4913 ι
2356 4863 2397 4917 si
2429 4863 2589 4918 homo
2612 4865 2724 4933 ipse
2758 4883 2861 4921 non
2889 4877 3033 4924 esset
3057 4886 3069 4921 :
3102 4886 3223 4925 cum
3250 4889 3377 4927 vero
3404 4885 3459 4928 ut
3484 4875 3554 4929 sit
3576 4877 3777 4946 aliquid
3797 4888 3877 4932 at-

2288 4972 2307 5005 ι
2354 4971 2455 5026 que
2484 4965 2539 5010 ut
2568 4957 2730 5012 homo
2759 4959 2862 5025 sit,
2890 4975 2997 5015 non
3044 4962 3237 5017 habeat
3263 4964 3361 5018 nisi
3392 4980 3420 5018 a
3457 4967 3563 5021 Deo
3583 5010 3598 5033 ,
3628 4985 3727 5024 cur
3770 4986 3874 5024 non

2289 5066 2307 5097 σ
2353 5049 2556 5103 auctori
2584 5049 2692 5104 Deo
2715 5051 2976 5106 tribuatur
3000 5054 3161 5109 etiam
3190 5056 3444 5126 quidquid
3475 5056 3527 5112 in
3560 5060 3648 5113 illo
3669 5070 3752 5115 est
3785 5061 3874 5115 bo.

2288 5158 2307 5190 ε
2355 5156 2436 5193 me
2466 5142 2769 5208 voluntatis,
2788 5144 2929 5213 quod
2963 5160 3067 5198 non
3096 5157 3259 5204 esset.
3280 5149 3380 5202 nisi
3410 5157 3554 5204 esset
3580 5149 3632 5204 in
3661 5167 3770 5221 quo
3794 5166 3873 5208 es-

2288 5248 2307 5281 t
2355 5230 2474 5285 set?
2512 5251 2531 5284 ι
2564 5231 2667 5287 Sed
2702 5234 2803 5289 hoc
2831 5234 2990 5289 modo
3018 5238 3177 5291 etiam
3209 5238 3335 5293 illttd
3374 5239 3474 5294 dici
3516 5248 3725 5309 potest,
3762 5260 3873 5296 ma-

2281 5319 2385 5375 lam
2416 5336 2625 5392 quoque
2649 5323 2975 5380 voluntatem
2995 5325 3104 5380 Deo
3131 5330 3333 5383 auctori
3358 5331 3694 5386 tribuendam
3718 5350 3729 5385 :
3752 5334 3876 5402 quia

2282 5427 2379 5465 nec
2418 5411 2527 5482 ipsa
2570 5428 2690 5467 esse
2732 5424 2911 5483 posset
2941 5416 2992 5471 in
3034 5417 3283 5483 homine,
3314 5420 3413 5473 nisi
3459 5421 3618 5474 homo
3643 5433 3789 5477 esset
3824 5424 3874 5476 iu

2282 5517 2387 5570 quo
2432 5512 2607 5568 esset;
2651 5513 2707 5558 ut
2749 5515 2928 5560 autem
2977 5505 3137 5562 homo
3182 5510 3285 5576 sit,
3336 5510 3478 5565 Deus
3522 5521 3711 5566 auctor
3752 5523 3874 5569 est:

2282 5592 2352 5647 ita
2384 5604 2435 5649 et
2462 5595 2578 5663 ejus
2623 5597 2777 5651 mal-.e
2816 5598 3142 5667 voluntatis,
3172 5616 3291 5670 quae
3322 5603 3421 5657 nisi
3465 5603 3738 5660 hominem
3779 5608 3877 5662 ba-

2283 5685 2427 5740 beret
2457 5688 2543 5741 ubi
2568 5698 2711 5743 esset
2730 5729 2744 5751 ,
2780 5704 2897 5743 esse
2926 5691 3148 5746 omnino
3173 5707 3279 5748 non
3309 5704 3490 5763 posset
3513 5696 3527 5727 ί
3549 5738 3564 5761 ,
3599 5697 3743 5766 quod
3776 5713 3873 5754 nc-

2281 5782 2359 5837 fas
2388 5791 2469 5837 est
2502 5780 2700 5837 dicere.

2353 5879 2367 5908 ¹
2405 5882 2533 5935 1.01.,
2556 5874 2625 5926 ita
2646 5884 2689 5925 et
2706 5875 2810 5939 ejus
2837 5875 3014 5929 malam
3043 5877 3354 5944 voluntatem,
3384 5893 3491 5945 ante
3523 5881 3618 5934 nisi
3644 5884 3875 5938 hominem
