4168 6606
366 375 468 434 εδει
904 342 1165 409 "1""

431 495 519 551 50.
551 494 886 568 Quapropter
911 494 1011 573 nisi
1036 492 1402 558 obtineamus,
1426 508 1533 547 non
1564 492 1737 547 solum
1766 492 1956 548 volun-

361 588 485 643 tatis
516 588 795 644 arbitrium
817 630 833 655 ,
864 587 1005 659 quod
1032 588 1136 643 huc
1178 598 1339 657 atque
1373 585 1499 640 illuc
1532 582 1755 640 liberum
1787 583 1953 639 flecti-

359 687 487 747 tur,
528 688 691 750 atque
738 680 791 734 in
836 679 915 735 eis
957 678 1287 734 naturalibus
1333 675 1489 731 bonis
1525 684 1603 730 est
1630 717 1645 743 ,
1676 673 1870 746 quibus
1899 683 1953 729 et

358 772 498 828 male
526 773 601 828 uti
633 772 806 827 malus
832 779 1025 843 potest,
1064 770 1157 826 sed
1183 770 1343 827 etiam
1372 768 1699 824 voluntatem
1732 767 1947 832 bonam,

357 879 476 936 qua:
495 864 603 935 jam
644 863 699 919 in
724 858 804 919 e‘ts
832 864 986 920 bonis
1012 872 1094 919 est
1113 904 1129 928 ,
1160 877 1386 933 quorum
1417 875 1537 916 esse
1567 876 1692 915 usus
1714 876 1818 915 non
1855 876 1950 930 po-

358 965 462 1011 test
486 955 688 1023 malus,
716 955 818 1010 nisi
838 971 904 1010 ex
932 955 1044 1011 Deo
1079 953 1233 1009 nobis
1265 968 1384 1009 esse
1406 967 1508 1007 non
1542 966 1698 1022 posse
1717 995 1732 1019 ,
1767 952 1948 1008 nescio

355 1046 802 1116 quemadmodum
829 1041 1181 1102 defenda‘mus
1206 1042 1345 1113 quod
1384 1042 1584 1098 dictum
1629 1050 1715 1099 est
1755 1061 1767 1096 :
1810 1042 1948 1108 Quid

354 1140 497 1211 enim
520 1138 672 1193 habes
697 1138 833 1207 quod
862 1154 963 1193 non
990 1136 1227 1207 accepisti
1254 1135 1281 1190 P
1320 1133 1452 1190 Nam
1495 1133 1543 1189 si
1583 1134 1738 1190 nobis
1777 1135 1951 1191 libera

354 1230 595 1302 qnmdam
627 1230 873 1285 voluntas
900 1245 968 1286 ex
994 1230 1104 1285 Deo
1131 1239 1247 1297 est,
1276 1243 1395 1299 qua:
1427 1227 1603 1284 adhuc
1625 1237 1801 1300 potest
1825 1241 1945 1283 esse

352 1323 437 1378 vel
476 1323 616 1378 bona
646 1321 729 1377 vel
756 1322 896 1377 mala
920 1339 935 1388 ;
966 1321 1104 1378 bona
1134 1338 1264 1379 vero
1286 1324 1532 1380 voluntas
1552 1339 1618 1379 ex
1640 1307 1794 1377 nobis
1814 1327 1898 1376 est
1926 1337 1941 1375 :

351 1414 543 1469 melius
576 1422 657 1468 est
686 1412 737 1468 id
767 1412 910 1485 quod
948 1429 981 1469 a
1015 1414 1197 1482 nobis,
1230 1430 1390 1487 quam
1430 1414 1573 1488 quod
1599 1413 1666 1469 ab
1703 1412 1794 1468 illo
1836 1421 1939 1468 est.

349 1507 502 1577 Quod
530 1508 575 1563 si
601 1508 985 1567 absurdissime
1009 1508 1224 1576 dicitur,
1253 1519 1465 1582 oportet
1483 1509 1750 1567 fateantur
1777 1508 1941 1564 etiam

349 1599 546 1655 bonam
575 1599 903 1656 voluntatem
944 1617 1044 1657 nos
1072 1600 1324 1658 divinitus
1352 1602 1595 1673 adipisci.
1624 1603 1939 1672 Quanquam

348 1690 594 1745 voluntas
640 1691 836 1747 mirum
864 1692 909 1746 si
939 1701 1114 1763 potest
1149 1694 1204 1749 in
1244 1694 1422 1751 medio
1452 1693 1683 1765 quodam
1710 1696 1780 1748 ita
1804 1707 1936 1747 con-

349 1784 537 1839 sistere
559 1825 576 1850 ,
604 1791 663 1838 ut
689 1798 790 1838 nec
813 1782 954 1838 bona
984 1799 1085 1840 nec
1112 1783 1251 1840 mala
1279 1785 1368 1841 sit.
1392 1785 1659 1840 Autenim
1677 1782 1939 1854 justitiam

346 1873 615 1946 diligimus
636 1915 652 1943 ,
682 1883 737 1930 et
764 1873 904 1930 bona
940 1883 1062 1943 est;
1089 1884 1145 1931 et
1167 1875 1213 1931 si
1246 1876 1417 1948 magis
1439 1876 1738 1947 diligimus,
1769 1873 1939 1945 magis

346 1967 485 2023 bena
512 1984 529 2031 ;
559 1968 605 2025 si
630 1968 806 2023 minus
826 2007 845 2037 ,
875 1967 1055 2024 minus
1080 1968 1219 2024 bona
1242 1978 1326 2026 est
1357 1987 1371 2025 :
1403 1979 1495 2025 aut
1516 1969 1562 2025 si
1583 1969 1803 2026 omnino
1826 1983 1936 2022 non

346 2059 653 2131 diligimus,
699 2075 806 2116 non
846 2059 986 2116 bona
1013 2067 1116 2116 est.
1158 2060 1289 2130 Quis
1334 2076 1462 2119 vero
1503 2060 1707 2117 dubitet
1756 2058 1938 2116 dicere

344 2150 669 2205 voluntatem
717 2150 863 2206 nullo
918 2149 1079 2207 modo
1115 2151 1375 2221 justitiam
1431 2150 1777 2223 diligentem,
1824 2166 1933 2206 non

343 2242 504 2298 modo
531 2256 651 2298 esse
673 2242 869 2298 malam
888 2284 905 2311 ,
932 2242 1027 2299 sed
1052 2244 1212 2299 etiam
1244 2244 1529 2315 pessimam
1554 2243 1935 2299 voluntatem?

341 2333 401 2390 Si
439 2348 566 2404 ergo
594 2333 841 2390 voluntas
882 2343 977 2390 aut
1014 2334 1153 2390 bona
1181 2345 1293 2403 est,
1336 2346 1428 2391 aut
1464 2336 1638 2402 mala,
1670 2344 1726 2391 et
1752 2336 1933 2407 utique

340 2425 533 2479 malam
556 2441 661 2480 non
685 2425 943 2482 habemus
983 2443 1051 2482 ex
1085 2427 1194 2484 Deo
1222 2445 1238 2494 ;
1266 2436 1433 2485 restat
1457 2428 1727 2485 utbonam
1754 2429 1935 2485 volun-

340 2524 503 2571 tatem
531 2514 822 2572 habeamus
842 2532 910 2573 ex
933 2516 1045 2574 Deo
1073 2535 1087 2571 :
1116 2519 1352 2591 alioquin
1374 2518 1556 2576 nescio
1575 2559 1592 2587 ,
1620 2533 1742 2575 cum
1773 2519 1842 2575 ab
1864 2534 1933 2576 eo

338 2605 687 2674 iustificamur
707 2647 724 2674 ,
750 2622 858 2679 quo
882 2608 989 2664 alio
1018 2624 1241 2666 munere
1268 2610 1436 2681 ipsius
1458 2609 1693 2682 gaudere
1727 2610 1930 2667 debea-

337 2713 479 2754 mus.
505 2698 574 2753 Et
604 2699 727 2754 hinc
760 2700 1015 2771 scriptum
1053 2700 1288 2757 arbitror
1308 2742 1324 2768 ,
1363 2700 1592 2758 Paratur
1618 2703 1852 2759 voluntas
1896 2721 1930 2759 a

340 2787 557 2844 Domino
585 2789 777 2863 (Prov.
806 2807 930 2859 vnt,
964 2790 1069 2865 '55)
1103 2800 1201 2858 ;et
1229 2792 1284 2848 in
1318 2793 1546 2850 Psalmis
1569 2834 1585 2861 ,
1622 2795 1668 2849 Α
1706 2794 1928 2851 Domino

336 2895 536 2952 gressus
563 2881 782 2938 hominis
821 2882 1104 2954 dirigentur
1126 2923 1142 2951 ,
1181 2893 1230 2938 et
1259 2884 1391 2938 viam
1429 2886 1538 2956 ejus
1576 2886 1704 2940 volet
1735 2884 1924 2966 (Psal.

336 2988 506 3028 xxxv)
526 3016 541 3042 ,
580 2974 680 3046 25)
711 2990 726 3040 ;
753 2983 811 3031 et
834 2975 974 3047 quod
998 2976 1284 3048 Apostolus
1310 2977 1417 3047 ait,
1438 2977 1576 3034 Deus
1591 2989 1663 3034 est
1686 2981 1819 3035 enim
1840 2982 1929 3054 qui

335 3076 574 3135 operatur
602 3065 656 3119 in
677 3066 812 3121 vobis
830 3076 881 3121 et
909 3065 1036 3123 velle
1053 3078 1101 3123 et
1126 3069 1359 3140 operari,
1387 3085 1480 3140 pro
1510 3068 1642 3129 bona
1674 3071 1929 3128 voluntate

334 3155 597 3229 (Philipp.
627 3174 687 3225 tt,
708 3158 828 3232 13).

405 3250 497 3305 51.
538 3250 799 3320 Quocirca
822 3252 1072 3323 quoniam
1095 3252 1237 3325 quod
1267 3268 1299 3308 a
1327 3255 1437 3311 Deo
1451 3270 1550 3312 nos
1584 3256 1875 3314 avertimus
1902 3299 1923 3328 ,

333 3352 576 3398 nostrum
596 3352 680 3399 est
697 3385 712 3410 ,
742 3345 799 3400 et’
817 3346 934 3401 haec
960 3355 1042 3402 est
1062 3347 1307 3405 voluntas
1326 3349 1464 3404 mala
1495 3366 1511 3417 ;
1538 3350 1681 3422 quod
1711 3368 1838 3408 vero
1856 3353 1926 3409 ad

335 3434 502 3490 Deum
530 3450 628 3491 nos
651 3437 1011 3494 convertimus
1033 3479 1049 3505 ,
1078 3439 1181 3495 nisi
1207 3440 1326 3511 ipso
1351 3442 1621 3498 excitante
1645 3451 1808 3515 atque
1830 3444 1928 3501 ad-

333 3530 547 3598 juvante
590 3543 695 3583 non
735 3543 1021 3599 possumus
1046 3572 1063 3598 ,
1102 3540 1159 3587 et
1192 3530 1309 3587 hazc
1334 3539 1421 3589 est
1460 3532 1708 3591 voluntas
1736 3535 1877 3593 bona
1906 3555 1921 3593 :

333 3617 460 3688 quid
488 3617 742 3675 habemus
767 3620 908 3691 quod
927 3637 1034 3677 non
1059 3624 1405 3694 accepimus?
1429 3623 1485 3682 Si
1515 3634 1692 3682 autem
1713 3631 1925 3701 accepi-

336 3724 485 3777 mus,
510 3709 636 3780 quid
665 3711 975 3782 gloriamur,
997 3714 1149 3784 quasi
1170 3729 1278 3769 non
1303 3715 1708 3787 acceperimus?
1728 3719 1808 3775 Ac
1829 3735 1928 3791 per

334 3798 458 3865 hoc,
486 3811 540 3854 ut
558 3802 645 3872 qui
662 3802 930 3874 gloriatur,
949 3804 1001 3859 in
1025 3803 1246 3860 Domino
1264 3805 1509 3877 glorietur
1529 3807 1575 3879 (Ι
1602 3807 1720 3865 Cor.
1743 3826 1783 3880 ι,
1804 3810 1923 3883 3i),

333 3891 526 3961 quibus
553 3891 652 3947 hoc
679 3892 822 3949 Deus
845 3894 1050 3952 donare
1095 3896 1356 3965 voluerit,
1397 3900 1515 3969 ejus
1541 3899 1925 3959 misericordia

331 3992 451 4049 est,
483 3999 587 4039 non
615 3986 790 4041 meriti
818 3987 1035 4044 illorum
1068 4006 1082 4044 :
1109 3989 1301 4060 quibus
1324 3999 1504 4047 autem
1526 3992 1791 4061 noluerit,
1830 4010 1927 4052 ve-

333 4078 508 4134 ritatis
530 4087 635 4134 est.
664 4078 815 4136 Justa
847 4096 1076 4153 namque
1105 4084 1477 4154 peccatoribus
1501 4099 1657 4156 pinna
1677 4085 1922 4157 debetur,

330 4172 584 4240 quoniam
632 4172 1031 4229 misericordiam
1069 4186 1115 4231 et
1158 4177 1418 4233 veritatem
1464 4178 1631 4251 diligit
1673 4179 1925 4238 Dominus

332 4261 475 4320 Deus
500 4264 520 4336 (
542 4264 689 4321 Psal.
734 4282 933 4324 Lxxxttt
957 4310 974 4337 ,
1018 4267 1168 4343 1%);
1209 4278 1266 4328 et
1288 4272 1635 4329 misericordia
1671 4283 1719 4331 et
1743 4276 1925 4332 veritas

332 4367 661 4414 occurrerunt
680 4359 774 4415 sibi
805 4358 993 4435 (Psal.
1020 4378 1229 4420 nxxxtv
1247 4406 1264 4433 ,
1292 4365 1353 4421 11
1375 4365 1437 4438 );
1465 4375 1522 4423 et
1552 4367 1802 4425 universa
1831 4370 1926 4428 via;

334 4447 544 4504 Domini
584 4451 932 4507 misericordia
969 4463 1017 4508 et
1056 4455 1240 4510 veritas
1261 4456 1281 4527 (
1304 4453 1454 4513 Psal.
1488 4473 1616 4515 xxiv
1634 4500 1651 4528 ,
1685 4458 1815 4532 10).
1860 4462 1926 4517 Et

332 4541 455 4612 quis
486 4543 715 4613 explicet
751 4560 909 4615 quam
935 4545 1128 4602 crebro
1154 4546 1270 4603 hare
1307 4547 1416 4604 duo
1439 4549 1721 4621 conjuncta
1745 4551 1924 4610 divina

332 4631 603 4704 Scriptura
631 4644 1019 4693 commemoret
1041 4636 1380 4709 ?Aliquando
1404 4640 1567 4696 etiam
1593 4644 1809 4699 mutatis
1828 4659 1926 4700 no-

335 4725 567 4780 minibus
588 4765 607 4793 ,
639 4734 696 4781 ut
739 4727 904 4798 gratia
931 4743 1029 4798 pro
1068 4729 1435 4787 misericordia
1463 4741 1694 4803 ponatur
1721 4751 1737 4791 :
1784 4736 1925 4793 unde

330 4825 452 4883 est,
479 4815 547 4871 Et
565 4817 783 4873 vidimus
800 4819 1020 4892 gloriam
1039 4823 1151 4894 ejus
1167 4864 1184 4891 ,
1215 4823 1432 4895 gloriam
1460 4835 1701 4897 tanquam
1736 4826 1925 4901 Unige-

332 4913 426 4966 niti
467 4928 500 4965 a
535 4911 725 4979 Patre,
772 4917 977 4985 plenum
1000 4918 1168 4988 gratia
1205 4926 1253 4972 et
1275 4919 1481 4974 veritate
1507 4918 1696 4994 (Joan.
1720 4939 1762 4991 ι,
1790 4922 1920 4996 ﬂ).

331 5004 632 5075 Aliquando
662 5023 758 5076 pro
802 5007 1028 5064 veritate
1046 5008 1308 5079 judicium
1348 5028 1363 5065 :
1396 5011 1538 5067 sicut
1564 5022 1681 5079 est,
1714 5014 1923 5071 Miseri-

328 5097 558 5152 cordiam
578 5107 625 5152 et
633 5099 890 5172 judicium
908 5101 1123 5157 cantabo
1147 5102 1274 5171 tibi,
1300 5100 1517 5158 Domine
1537 5102 1558 5176 (
1581 5102 1726 5160 Psal.
1750 5121 1802 5172 c,
1840 5107 1917 5178 1).

330 5229 525 5282 haberet
555 5226 606 5281 in
621 5235 887 5300 quo_esset_,
911 5244 1015 5285 esse
1261 5247 1357 5300 non
1379 5242 1535 5300 posset
1551 5272 1567 5298 ,
1590 5238 1658 5289 ad
1678 5243 1924 5292 auctorem

330 5301 487 5367 geum
517 5305 621 5345 esse
634 5294 641 5295 “
654 5296 979 5367 referendum:
1005 5294 1174 5367 Ultima
1206 5294 1569 5367 isthasc'verha,_
1584 5300 1925 5367 ad

330 5363 488 5426 Deum
500 5368 601 5426 esse
614 5356 1299 5426 referendumexpunximns,
1315 5356 1650 5426 revocatahuc
1662 5363 1741 5412 illa
1756 5363 1922 5413 lectio-

328 5430 415 5476 ne,
437 5423 507 5467 tta
526 5422 571 5490 et
712 5415 1163 5490 maltzvolwttattsﬁ;
1180 5415 1407 5490 subaudi,
1432 5429 1561 5490 Dens
1574 5431 1742 5490 auctor
1762 5432 1883 5476 esset
1902 5438 1923 5477 :

327 5492 475 5542 quam
490 5479 691 5542 quidem
710 5483 986 5542 aperimus
999 5484 1051 5534 in
1075 5483 1220 5533 editis
1234 5479 1416 5535 AmJir'.
1435 5490 1488 5535 et
1510 5486 1560 5535 in
1582 5488 1807 5537 omnibus
1823 5499 1923 5537 nta-

329 5544 586 5612 nuscrist
606 5544 871 5603 omnbus,
897 5556 927 5593 e
948 5545 1128 5607 quibus
1165 5552 1329 5617 tamen
1351 5545 1599 5608 nonnulli,
1624 5556 1757 5612 post,
1778 5548 1925 5601 mala!

328 5602 614 5665 voluntates,
660 5617 921 5669 perperam
957 5605 1155 5669 addunt,
1199 5613 1427 5659 amttam:
1456 5621 1647 5660 necnon
1665 5610 1788 5660 infra
1809 5624 1924 5662 cun.

598 5639 614 5665 ν
660 5639 739 5665 rm
754 5639 921 5665 γνι-μι
957 5639 1155 5665 manu,
1200 5639 1422 5659 autem".

329 5673 500 5731 mret
527 5670 623 5722 Er.,
638 5666 704 5731 ad
726 5666 972 5719 auctorem
993 5666 1149 5731 Deum
1169 5682 1273 5721 esse
1293 5672 1616 5731 referendum.
1637 5679 1686 5720 In
1705 5673 1919 5724 editione

324 5727 963 5803 quadamgraristensianui
1002 5730 1141 5803 16y,
1164 5734 1236 5803 sic
1277 5727 1458 5803 legitur
1476 5738 1591 5803 :_tta
1613 5741 1657 5786 ct
1681 5732 1919 5803 quidquid

324 5746 534 5790 quanam
575 5746 963 5802 Fatum!)an
1002 5746 1141 5791 wn,
1164 5746 1236 5783 ste
1277 5746 1489 5797 lcglml‘:
1520 5746 1591 5783 ua
1613 5746 1657 5786 ct
1715 5746 1916 5799 utaqma

324 5794 397 5863 est
419 5788 579 5863 male.
606 5789 877 5851 voluntatis,
902 5804 1012 5856 qua:
1031 5791 1125 5844 nisi
1162 5793 1401 5847 Itmninem
1423 5793 1619 5847 haberet
1660 5746 1743 5847 aliti
1776 5804 1916 5861 esset,

325 5861 429 5903 esse
449 5861 750 5905 cremonae
773 5863 942 5917 posset.

807 5946 1077 6009 PsTRnL.
1116 5942 1336 6006 XLIV.

1663 368 1865 427 LIBER
1901 368 2280 429 SECUNDUS.

2136 490 2225 547 32.
2257 490 2431 559 Quare
2470 500 2648 548 autem
2691 491 2810 547 illos
2836 490 2964 547 velit
2991 500 3305 549 convertere
3329 533 3346 561 ,
3392 490 3513 547 illos
3550 508 3650 564 pro

2062 584 2344 641 aversione
2388 585 2579 657 punire
2624 602 2639 641 :
2685 598 2989 656 quanquam
3035 592 3092 640 et
3141 584 3195 639 in
3239 583 3504 641 beneficio
3549 587 3649 639 tri-

2065 675 2281 732 buendo
2308 691 2466 733 nemo
2489 676 2634 748 juste
2662 675 3023 748 reprehendat
3044 674 3446 734 misericordem
3472 717 3488 743 ,
3520 685 3573 731 et
3598 677 3651 731 in

2061 767 2294 824 vindicta
2310 768 2627 838 exercenda,
2652 784 2811 824 nemo
2826 768 2970 841 juste
2982 767 3343 839 reprehendat
3367 783 3612 824 veracem
3630 786 3649 835 ;

2059 859 2199 915 sicut
2246 860 2299 915 in
2349 861 2456 915 illis
2500 860 2829 932 evangelicis
2883 860 3171 932 operariis,
3233 859 3351 914 aliis
3401 858 3650 930 placitam

2056 951 2361 1009 mercedem
2388 952 2732 1020 reddentem,
2765 953 2886 1010 aliis
2910 953 3070 1010 etiam
3102 967 3205 1008 non
3235 952 3487 1025 placitam
3537 951 3650 1007 lar-

2053 1044 2542 1118 gientemlMatth.
2584 1062 2688 1114 xx,
2742 1044 2809 1115 9,
2856 1043 2983 1119 10),
3037 1044 3217 1101 nullus
3267 1044 3414 1115 juste
3459 1043 3651 1114 culpa-

2054 1137 2191 1192 verit
2233 1156 2248 1194 :
2291 1137 2572 1194 consilium
2625 1123 2804 1193 tamen
2860 1137 3167 1194 occultioris
3212 1136 3433 1209 justitize
3480 1151 3649 1207 penes

2052 1231 2229 1302 ipsum
2257 1241 2360 1287 est.

2121 1320 2348 1380 CAPUT
2378 1321 2519 1378 XIX.
2545 1352 2617 1364 —
2643 1320 2746 1377 Per
2773 1322 2989 1395 gratiam
3013 1332 3059 1376 et
3087 1321 3305 1391 cognitio
3333 1321 3451 1376 boni
3478 1330 3524 1377 et
3551 1322 3645 1375 de-

2050 1413 2269 1469 lectatio.
2292 1413 2402 1469 Nos
2426 1422 2682 1485 quantum
2708 1428 3023 1470 concessum
3050 1419 3133 1468 est
3155 1412 3461 1483 sapiamus;
3487 1421 3541 1467 et
3563 1413 3615 1466 in
3632 1441 3650 1458 ο

2051 1507 2384 1578 telligamus,
2432 1507 2478 1564 si
2524 1522 2847 1580 possumus,
2898 1506 3183 1562 Dominum
3227 1506 3395 1561 Deum
3440 1505 3642 1560 bonum

2047 1597 2170 1655 ideo
2214 1599 2375 1655 etiam
2424 1600 2623 1655 sanctis
2678 1599 2788 1655 suis
2832 1597 3058 1668 alicujus
3100 1598 3279 1668 operis
3326 1595 3458 1666 justi
3490 1596 3507 1629 ¹
3535 1597 3642 1650 ali-

2046 1690 2260 1762 quando
2280 1707 2386 1746 non
2412 1692 2646 1747 tribuere
2669 1691 2754 1746 vel
2780 1698 2980 1746 certam
3011 1690 3310 1755 scientiam,
3339 1689 3423 1744 vel
3451 1688 3638 1745 victri-

2044 1797 2162 1838 cem
2191 1781 2602 1838 delectationem
2618 1825 2634 1849 ,
2663 1789 2721 1837 ut
2739 1788 3067 1854 cognoscant
3090 1796 3195 1836 non
3217 1795 3246 1834 a
3272 1795 3333 1836 se
3352 1780 3482 1850 ipsis
3501 1821 3517 1846 ,
3541 1778 3641 1835 sed

2043 1874 2112 1929 ab
2153 1873 2244 1929 illo
2285 1873 2387 1929 sibi
2432 1888 2554 1930 esse
2602 1874 2812 1941 lucem,
2855 1858 2957 1945 qua
3002 1871 3370 1927 illuminentur
3400 1869 3639 1925 tenebrze

2042 1981 2231 2021 eorum
2255 2007 2272 2034 ,
2322 1974 2378 2022 et
2417 1966 2735 2022 suavitatem
2773 1980 2878 2037 qua
2908 1963 2999 2021 det
3025 1962 3256 2020 fructum
3300 1977 3454 2018 suum
3487 1970 3636 2015 terra

2039 2070 2248 2113 eorum.

2112 2151 2202 2206 55.
2233 2149 2369 2206 Cum
2397 2157 2577 2207 autem
2618 2149 2687 2206 ab
2732 2148 2825 2206 illo
2850 2149 2991 2205 illius
3017 2147 3339 2220 adjutorium
3364 2146 3630 2217 depreca-
3654 2152 3659 2157 ‘

2040 2254 2161 2295 mur
2182 2240 2250 2296 ad
2279 2226 2575 2297 faciendam
2619 2240 3110 2311 perticiendamque
3149 2238 3442 2309 justitiam,
3492 2236 3622 2308 quid

2037 2333 2181 2390 aliud
2206 2334 2577 2405 deprecamur,
2618 2348 2778 2404 quam
2806 2340 2864 2387 ut
2887 2332 3092 2402 aperiat
3133 2329 3274 2401 quod
3310 2329 3542 2395 latebat,
3576 2338 3633 2381 ct

2037 2442 2202 2483 suave
2232 2427 2390 2483 faciat
2409 2427 2551 2498 quod
2585 2442 2695 2482 non
2720 2425 3056 2483 delectabat?
3076 2425 3197 2496 quia
3227 2432 3282 2481 et
3319 2424 3421 2479 hoc
3447 2422 3632 2479 abillo

2035 2533 2158 2575 esse
2185 2518 2581 2590 deprecandum
2601 2558 2620 2587 ,
2648 2517 2765 2589 ejus
2785 2521 2953 2589 gratia
2984 2516 3289 2581 didicimus,
3319 2513 3444 2569 dum
3466 2524 3630 2568 antea

2035 2610 2260 2677 lateret;
2291 2609 2410 2681 ejus
2448 2610 2620 2681 gratia
2654 2607 2960 2675 dileximus,
2987 2605 3113 2663 dum
3140 2616 3298 2662 antea
3335 2619 3444 2661 non
3473 2602 3651 2660 deie-'

2034 2713 2207 2761 ctaret
2233 2722 2248 2759 :
2278 2713 2331 2759 ut
2348 2706 2435 2775 qui
2454 2704 2728 2778 gloriatur,
2746 2719 2855 2759 non
2885 2701 2939 2758 in
2966 2717 3044 2769 se,
3070 2700 3166 2758 sed
3195 2701 3248 2755 in
3272 2698 3493 2753 Domino
3513 2697 3631 2770 glo-

2033 2796 2211 2851 rietur.
2227 2795 2424 2851 Extolli
2443 2796 2639 2867 quippe
2665 2796 2718 2850 in
2743 2793 3071 2867 superbiam,
3090 2790 3322 2864 propria:
3338 2790 3630 2869 voluntatis

2032 2897 2116 2945 est
2143 2887 2454 2956 hominum,
2495 2904 2603 2944 non
2650 2888 2829 2960 operis
2855 2887 2952 2943 Dei
2996 2906 3009 2941 :
3052 2900 3224 2957 neque
3250 2885 3393 2941 enim
3421 2882 3487 2939 ad
3517 2883 3625 2939 hoc

2032 2997 2129 3038 eos
2155 2983 2429 3053 compellit
2455 2992 2549 3037 aut
2566 2982 2787 3053 adjuvat
2810 2981 2970 3036 Deus.
2998 2978 3263 3036 Praecedit
3290 2977 3487 3049 ergoin
3517 2994 3618 3031 vo-

2031 3070 2236 3130 luntate
2261 3072 2494 3129 hominis
2517 3074 2785 3146 appetitus
2801 3071 3018 3144 quidam
3049 3071 3277 3143 propriae
3302 3071 3584 3142 potestatis
3608 3114 3624 3139 ,

2032 3172 2091 3219 ut
2114 3163 2207 3219 flat
2235 3163 2549 3220 inobediens
2575 3180 2671 3236 per
2696 3163 3023 3235 superbiam.
3055 3161 3155 3218 llic
3187 3171 3364 3218 autem
3409 3163 3625 3234 appeti-

2030 3254 2303 3312 tnsetiam
2351 3257 2372 3289 '
2417 3256 2461 3311 si
2510 3271 2616 3311 non
2648 3266 2825 3324 esset,
2867 3255 2998 3311 nihil
3036 3254 3322 3311 molestum
3365 3264 3537 3322 esset;
3569 3265 3627 3310 ct

2029 3362 2154 3404 eum
2173 3348 2279 3404 hoc
2305 3346 2474 3404 voluit
2503 3348 2686 3415 homo,
2713 3350 2831 3405 sine
2856 3346 3166 3403 difficultate
3193 3346 3455 3403 noluisset
3482 3363 3498 3399 :
3530 3362 3623 3401 se-

2030 3448 2211 3496 cutum
2239 3445 2324 3495 est
2346 3448 2523 3494 autem
2553 3455 2619 3495 ex
2639 3438 2815 3495 debita
2833 3438 2976 3510 justa
3003 3453 3159 3507 poena
3187 3437 3291 3493 tale
3320 3439 3525 3505 vitium,
3560 3449 3621 3493 ut

2026 3530 2137 3603 jam
2162 3529 2443 3587 molestum
2470 3540 2612 3587 esset
2631 3530 2849 3588 obedire
2872 3532 3114 3602 justitim.
3134 3530 3286 3598 Quod
3312 3531 3494 3586 vitium
3519 3532 3623 3586 nisi

2030 3625 2317 3697 adjuvante
2344 3627 2513 3696 gratia
2549 3635 2854 3696 superetur,
2884 3624 2954 3681 ad
2975 3625 3238 3695 justitiam
3286 3640 3445 3679 nemo
3487 3641 3622 3680 con-

2030 3718 2290 3787 vertitur;
2320 3717 2425 3772 nisi
2461 3725 2718 3788 operante
2747 3717 2915 3789 gratia
2944 3724 3179 3783 sanetur,
3222 3715 3442 3786 justitize
3490 3731 3624 3787 pace

2031 3824 2192 3865 nemo
2215 3807 2529 3881 perfruitur.
2561 3808 2725 3879 Cujus
2758 3818 2938 3864 autem
2981 3807 3151 3879 gratia
3196 3807 3430 3863 vincitur
3453 3815 3507 3863 et
3535 3823 3625 3861 sa-

2030 3910 2206 3967 natur,
2231 3900 2335 3956 nisi
2360 3900 2503 3956 illius
2528 3898 2614 3956 cui
2641 3898 2858 3965 dicitur,
2889 3897 3132 3954 Converte
3152 3916 3245 3954 nor
3264 3940 3279 3965 ,
3321 3897 3463 3953 Deus
3482 3896 3625 3954 sani-

2031 4000 2191 4046 tatum
2229 3975 2539 4058 nostrarum,
2570 4000 2618 4046 et
2638 4001 2806 4047 averte
2830 3991 2961 4045 iram
3005 4001 3149 4064 tuam
3189 4008 3221 4046 a
3256 3991 3399 4045 nobis
3446 3988 3623 4064 (Psal.

2030 4100 2245 4153 uxxtv,
2267 4084 2361 4157 5)?
2384 4084 2537 4154 Quod
2554 4092 2609 4141 et
2633 4086 2678 4140 si
2705 4083 2853 4152 facit,
2886 4058 3252 4141 misericordia
3285 4084 3431 4153 facit,
3454 4058 3511 4140 ut
3536 4086 3622 4139 di-

2029 4185 2202 4242 catur,
2230 4174 2356 4232 Non
2380 4176 2655 4231 secundum
2676 4186 2883 4249 peccata
2909 4185 3082 4230 nostra
3106 4176 3224 4249 fecit
3254 4176 3398 4230 nobis
3420 4217 3434 4243 ,
3463 4192 3625 4245 neque

2029 4268 2309 4324 secundum
2333 4268 2623 4339 iniquitates
2652 4276 2852 4323 nostras
2895 4268 3123 4323 retribuit
3149 4268 3291 4324 nobis
3311 4267 3485 4338 (Psal.
3513 4282 3583 4324 cn
3601 4306 3623 4333 ,

2031 4358 2146 4431 10).
2189 4359 2256 4414 Et
2293 4360 2487 4430 quibus
2512 4374 2621 4414 non
2654 4358 2817 4427 facit,
2842 4358 3047 4431 judicio
3073 4373 3180 4414 non
3213 4357 3356 4414 facit.
3389 4359 3457 4414 Et
3500 4360 3624 4431 quis

2030 4449 2174 4506 dicet
2198 4449 2275 4504 illi
2294 4481 2325 4516 ,-
2354 4449 2491 4518 Quid
2514 4448 2725 4516 fecisti,
2772 4450 2858 4505 cui
2886 4450 3252 4507 misericordia
3284 4458 3340 4507 et
3360 4450 3622 4521 judicium

2031 4543 2117 4613 pia
2141 4552 2446 4598 sanctorum
2476 4550 2658 4598 mente
2685 4542 2966 4598 cantatur?
2986 4542 3190 4599 Idcirco
3215 4544 3376 4600 etiam
3408 4550 3625 4602 sanctos

2030 4644 2085 4689 et
2111 4633 2295 4689 ﬁdeles
2324 4648 2450 4690 suos
2476 4634 2529 4689 in
2554 4633 2823 4706 aliquibus
2852 4634 2996 4690 vitiis
3042 4635 3247 4691 tardius
3272 4646 3456 4703 sanat,
3487 4647 3544 4691 ut
3571 4638 3624 4693 in
3650 4692 3665 4703 ,

2030 4725 2115 4781 his
2138 4742 2232 4783 eos
2256 4728 2433 4782 minus
2455 4743 2613 4799 quam
2645 4728 2928 4799 implendae
2959 4746 3023 4784 es
3047 4729 3193 4783 omni
3226 4739 3375 4800 parte
3401 4730 3625 4800 jnstitim

2029 4820 2247 4888 sufﬁcit,
2278 4820 2511 4877 delectet
2538 4821 2736 4878 bonum
2760 4862 2773 4886 .
2804 4822 2918 4878 sive
2960 4837 3079 4876 cum
3130 4822 3297 4889 latet,
3342 4823 3455 4878 sive
3501 4838 3624 4880 cum

2029 4914 2189 4970 etiam
2219 4911 2558 4968 manifestum
2586 4925 2674 4969 est
2703 4930 2717 4969 :
2751 4921 2807 4967 ut
2848 4923 3104 4984 quantum
3134 4914 3360 4984 pertinet
3388 4914 3451 4969 ad
3482 4915 3625 4970 inte-

2029 5004 2315 5076 gerritnam
2342 5004 2582 5074 regulam
2611 5004 2849 5060 veritatis
2891 5004 3043 5073 ejus,
3076 5018 3182 5057 non
3207 5002 3528 5073 justificetur
3571 5008 3624 5063 in

2029 5104 2319 5166 conSpeCIu
2349 5094 2465 5166 ejus
2490 5095 2667 5150 omnis
2694 5095 2900 5150 vivens.
2929 5093 3039 5150 Nec
3069 5094 3122 5150 in
3149 5108 3216 5151 eo
3244 5094 3361 5166 ipso
3389 5098 3502 5153 vult
3525 5115 3624 5153 nos

2029 5187 2360 5244 danmabiles
2405 5202 2554 5250 csse,
2601 5187 2696 5242 sed
2742 5186 3007 5253 humiles,
3040 5189 3424 5245 commendans
3468 5192 3625 5248 nobis

2028 5278 2272 5337 eamdem
2316 5279 2542 5349 gratiam
2592 5293 2790 5334 suam:
2836 5294 2901 5335 ne
2933 5279 3240 5337 facilitatem
3284 5280 3337 5336 in
3374 5283 3623 5339 omnibus

2028 5371 2278 5435 assecuti,
2308 5380 2550 5427 nostrum
2581 5381 2830 5443 putemus
2876 5388 2997 5430 esse
3040 5374 3185 5447 quod
3232 5374 3349 5448 ejus
3377 5384 3495 5442 est;
3528 5375 3625 5447 qui

2028 5479 2181 5521 error
2204 5463 2428 5519 multum
2455 5473 2537 5520 est
2566 5464 2810 5536 religioni
2841 5465 3132 5539 pietatique
3159 5469 3481 5526 contrarius.
3511 5467 3625 5524 Nec

2029 5556 2151 5613 'uleo
2178 5567 2355 5613 tamen
2384 5557 2435 5612 in
2464 5556 2669 5613 eisdem
2699 5558 2843 5614 vitiis
2866 5559 3020 5616 nobis
3048 5560 3469 5630 permanendum
3498 5574 3620 5615 esse

2091 5737 2130 5812 ι.
2144 5736 2261 5809 Editi
2281 5771 2297 5812 ,
2311 5735 2570 5812 justitiam.
2595 5738 2894 5804 Castigantur
2910 5739 3093 5792 auxilio
3125 5747 3207 5793 ἐς.
3233 5740 3440 5792 Vaticani
3471 5749 3613 5790 notus

2028 5808 2080 5850 et
2100 5805 2484 5862 Cygirannensis.

2091 5862 2111 5893 ³
2145 5869 2193 5911 tn
2231 5870 2334 5911 vss.
2362 5860 2606 5914 nonnullis
2621 5861 2783 5928 deest,
2806 5864 2971 5916 etiam.

3139 5948 3358 6019 (Sila)

3554 370 3655 430 570
3682 319 3765 428 Ἦδ
