4164 6522
496 336 622 398 ’³871

508 458 910 523 existimemus,
944 455 1038 515 sed
1060 455 1316 514 adversus
1336 442 1506 526 ipsam
1528 453 1759 509 maxime
1779 450 2107 521 superbiam,

527 564 744 624 propter
767 567 925 624 quam
949 554 1000 611 in
1022 551 1100 608 eis
1129 550 1497 617 humiliamur,
1517 557 1573 604 et
1598 560 1698 603 nos
1720 544 2002 616 vigilanter
2024 555 2118 596 co-

517 661 736 710 nemur,
761 658 815 702 et
843 645 1018 718 ipsum
1043 646 1397 716 deprecemur
1423 643 1694 707 ardenter,
1728 637 1886 695 simul
1916 633 2117 690 intelli-

525 747 717 807 gentes
740 746 794 791 et
814 738 955 807 quod
981 736 1056 791 sic
1077 751 1357 802 conamur,
1383 732 1594 807 etquod
1626 732 1704 787 sic
1726 730 2077 800 deprecamur
2096 764 2113 792 ,

524 827 670 883 dono
688 827 826 883 illius
850 843 948 884 nos
969 828 1165 883 habere
1186 845 1200 885 :
1221 828 1344 882 utin
1366 826 1617 882 munibus
1635 821 1816 878 nonad
1833 835 1930 875 nos
1946 816 2119 889 respi-

527 922 750 982 cientes.
782 921 876 978 sed
903 936 1113 978 sursum
1139 936 1233 977 cor
1257 921 1536 985 habentes,
1560 919 1787 974 Domino
1806 916 1914 970 Deo
1931 924 2116 969 nostro

521 1014 721 1077 gratias
747 1027 966 1082 agamus
986 1052 1001 1077 ,
1029 1021 1224 1068 etcum
1250 1012 1561 1084 glorianmr,
1606 1011 1658 1064 in
1688 1008 1778 1064 illo
1802 1006 2111 1077 gloriemur.

578 1098 808 1157 CAPUT
841 1101 1037 1158 XX.--
1051 1104 1139 1159 54.
1156 1103 1237 1157 Ad
1248 1114 1479 1174 quartam
1490 1103 1813 1174 (laxationem
1826 1097 2111 1171 respondet,

525 1194 746 1259 uultum,
776 1203 982 1265 excepto
1008 1193 1229 1261 Christo,
1260 1195 1435 1268 fuisse,
1459 1193 1537 1249 vel
1563 1209 1669 1248 esse
1694 1208 1861 1263 posse,
1893 1190 1978 1260 qui
2000 1188 2116 1242 nul-

524 1285 632 1338 lum
661 1285 841 1345 habeat
869 1296 1149 1356 peccatum.
1177 1286 1437 1357 Quartum
1463 1285 1575 1356 jam
1625 1284 1751 1338 illud
1778 1289 1975 1348 restat,
2007 1294 2114 1351 quo

520 1377 778 1445 explicito
809 1378 826 1410 ί
854 1363 1109 1447 quantum
1134 1378 1348 1447 adjuvat
1378 1377 1670 1443 Dominus,
1701 1389 1879 1429 sermo
1905 1386 2115 1444 quoque

526 1467 627 1521 iste
652 1477 758 1525 tam
782 1468 1018 1537 prolixus
1045 1468 1255 1522 tandem
1280 1468 1562 1523 terminum
1586 1476 1791 1529 sumat,
1816 1476 1998 1519 utrum
2023 1461 2114 1532 qui

524 1558 746 1614 omnino
763 1575 1030 1629 nunquam
1047 1560 1207 1614 ullum
1222 1569 1498 1632 peccatum
1513 1558 1755 1613 habuerit
1770 1556 2115 1613 habiturusve

526 1650 618 1714 sit,
638 1664 743 1704 non
763 1650 937 1705 solum
961 1652 1239 1721 quiSquam
1258 1661 1501 1706 natorum
1519 1650 1795 1713 hominum
1816 1650 1904 1710 sit,
1929 1662 2113 1702 verum

523 1742 685 1796 etiam
717 1745 946 1811 petuerit
970 1743 1257 1814 aliquando
1280 1756 1421 1808 esse,
1458 1742 1540 1797 vel
1571 1742 1755 1811 possit.
1792 1740 1943 1794 llunc
1971 1753 2117 1808 pror-

523 1849 618 1888 sus
642 1833 741 1889 nisi
775 1850 936 1889 unum
961 1833 1311 1890 mediatorem
1339 1834 1434 1888 Dei
1455 1843 1510 1888 et
1536 1833 1813 1888 hominum
1842 1830 2113 1886 hominem

523 1924 791 1978 Christum
823 1923 1005 1980 Jesum
1026 1964 1043 1990 ,
1074 1924 1279 1979 nullum
1304 1924 1386 1980 vel
1412 1938 1566 1989 esse,
1598 1923 1682 1977 vel
1712 1922 1896 1986 fuisse,
1924 1920 2008 1977 vel
2034 1922 2116 1976 fu-

522 2022 697 2085 turum
725 2031 865 2084 esse,
895 2017 1254 2073 certissimum
1285 2026 1387 2074 est.
1432 2014 1584 2077 Unde
1619 2014 1729 2085 jam
1760 2014 1927 2068 multa
1969 2011 2114 2068 dixi-

518 2122 641 2162 mus
669 2106 738 2162 de
768 2106 1040 2177 Baptisino
1068 2107 1439 2180 parvulorum,
1472 2106 1561 2176 qui
1587 2106 1631 2159 si
1670 2104 1874 2158 uullutn
1924 2117 2114 2173 pecca-

521 2205 635 2253 tum
662 2196 881 2265 habent,
913 2214 1019 2253 non
1046 2198 1219 2252 solum
1255 2208 1379 2251 sunt
1420 2197 1665 2251 homines
1700 2193 2116 2250 innumerabiles

519 2288 638 2344 sine
665 2299 920 2358 peccato;
958 2304 1141 2344 verum
1180 2289 1341 2344 etiam
1372 2288 1624 2353 fuerunt,
1651 2295 1707 2341 et
1738 2295 1914 2341 erunt.
1946 2286 2116 2341 Porro

519 2376 565 2430 si
595 2378 858 2434 veraciter
887 2377 1018 2432 illud
1061 2377 1333 2442 constitit,
1384 2377 1525 2433 unde
1569 2377 1806 2431 secundo
1854 2376 1974 2430 loco
2004 2374 2115 2445 egi-

521 2482 665 2535 mus,
690 2466 958 2523 neminem
989 2482 1111 2523 esse
1136 2469 1254 2522 sine
1280 2475 1500 2538 peccato
1539 2466 1768 2536 (Supra,
1815 2482 1908 2520 nn.
1936 2466 1992 2531 8,
2019 2462 2112 2538 9);

524 2560 767 2632 profecto
795 2576 893 2616 nec
918 2561 1117 2629 parvuli
1144 2560 1261 2616 sine
1292 2572 1511 2631 peccato
1536 2568 1679 2614 sunt.
1715 2557 1792 2612 Ex
1820 2573 1927 2628 quo
1947 2557 2117 2612 confi-

522 2655 681 2718 eitur,
713 2654 813 2708 etsi
858 2654 1135 2725 quisquam
1170 2654 1221 2708 in
1252 2654 1351 2708 hac
1377 2658 1482 2707 vita
1536 2666 1657 2707 esse
1699 2651 1993 2720 potuisset,
2024 2648 2117 2719 qui

525 2747 832 2802 \‘irtute'ita
882 2749 1248 2817 perficeretur,
1293 2758 1346 2801 ut
1382 2745 1449 2800 ad
1478 2755 1678 2799 tantam
1726 2742 2116 2813 plenitudinem

523 2841 742 2910 justitia:
772 2839 1076 2909 perveniret
1095 2881 1108 2901 ,
1140 2854 1241 2910 qua
1271 2838 1470 2893 nullum
1499 2837 1717 2892 haberet
1742 2837 1962 2890 omnino
1995 2849 2118 2903 pec-

510 2940 699 2984 catum
722 2972 737 2997 ,
764 2930 925 2984 fuisse
957 2940 1132 2984 tamen
1163 2945 1285 2984 eum
1310 2941 1466 2983 antea
1503 2937 1864 2997 peccatorettt,
1896 2926 2035 2980 unde
2062 2925 2117 2980 in

509 3024 688 3078 -istam
721 3023 1008 3077 novitatem
1037 3023 1158 3079 vita:
1187 3024 1207 3054 ²
1235 3029 1655 3086 converteretur,
1682 3034 1786 3074 non
1814 3034 1936 3074 esse
1962 3017 2118 3073 dubi-

530 3114 769 3170 tandum.
799 3115 1012 3169 Etenim
1044 3114 1096 3168 iu
1126 3115 1362 3170 secundo
1390 3114 1480 3168 illo
1510 3113 1630 3167 loco
1661 3113 1802 3166 aliud
1835 3111 2117 3182 quzereba-

524 3218 636 3272 tur,
666 3206 808 3261 aliud
829 3207 889 3259 in
918 3206 1019 3261 hoc
1044 3214 1235 3276 quarto
1272 3205 1601 3276 propositum
1627 3215 1728 3259 est.
1758 3203 1888 3256 Nam
1916 3203 1967 3256 in
1992 3201 2114 3268 illo,

522 3309 703 3357 utrum
730 3298 923 3370 aliquis
950 3299 1002 3353 in
1030 3298 1131 3353 hac
1155 3300 1262 3363 vita
1289 3298 1353 3353 ad
1399 3297 1716 3370 perfectam,
1745 3312 1864 3367 qua:
1898 3311 2118 3366 prorsus

522 3389 640 3445 sine
670 3389 779 3446 ullo
811 3400 1028 3459 peccato
1070 3400 1182 3455 est,
1221 3391 1383 3444 vitam
1431 3391 1733 3460 perveniret
1775 3404 1868 3459 per
1893 3390 2116 3458 gratiam

510 3479 617 3534 Del
640 3520 655 3547 ,
697 3479 873 3534 studio
910 3479 1199 3534 voluntatis
1219 3521 1236 3547 ,
1268 3478 1373 3534 hoc
1415 3478 1791 3549 requirebatur
1820 3478 1841 3509 '
1870 3495 1886 3533 :
1915 3478 1967 3532 in
2017 3477 2121 3532 hoc

484 3606 493 3611 -
522 3580 700 3626 autem
722 3578 933 3642 quarto,
960 3579 1135 3625 utrum
1166 3581 1310 3626 esset
1333 3571 1385 3625 in
1413 3570 1532 3624 filiis
1555 3569 1855 3635 hominum,
1879 3572 1963 3624 vel
1991 3582 2114 3624 esse

484 3663 806 3733 metuisset,
834 3672 924 3717 aut
954 3672 1136 3733 posset
1161 3661 1205 3731 ⁸,
1246 3663 1337 3731 qui
1367 3677 1472 3716 non
1507 3677 1574 3716 ex
1606 3670 1826 3731 peccato
1856 3660 1921 3714 ad
1947 3660 2110 3729 justi-

508 3754 652 3809 tiam
675 3752 1117 3823 perfectissimam
1145 3753 1468 3821 perveniret,
1492 3752 1587 3805 sed
1616 3751 1762 3805 nullo
1782 3751 2002 3803 omnino
2028 3766 2121 3806 ua-

493 3880 506 3890 ς
528 3860 693 3916 quam
725 3853 943 3914 peccato
970 3852 1113 3899 esset
1136 3844 1446 3909 obstrictus,
1491 3842 1594 3896 hoc
1618 3842 1891 3912 quaeritur.
1923 3840 2046 3897 Ideo
2073 3841 2121 3897 si

502 3962 503 3965 η
532 3939 622 3994 illa
652 3952 778 3993 vera
805 3946 960 4000 sunt,
993 3953 1113 4008 qua:
1150 3944 1259 3990 tam
1285 3936 1449 3990 multa
1495 3934 1565 3991 de
1595 3933 2118 4005 parvulisdiximus,

498 4044 633 4085 ~nec
673 4038 756 4084 est
797 4029 851 4083 in
887 4028 1006 4082 filiis
1044 4026 1322 4082 hominum
1365 4027 1680 4099 quisquam,
1713 4040 1814 4083 nec
1838 4025 1974 4092 fuit,
2021 4041 2122 4082 nec

525 4121 651 4187 erit,
681 4124 1045 4191 excepto‘uno
1073 4118 1385 4186 Mediatore,
1419 4118 1471 4173 in
1497 4132 1604 4189 quo
1630 4119 1787 4174 nobis
1813 4118 2120 4190 propitiatio

526 4223 584 4271 et
606 4214 920 4285 justifieatio
946 4214 1120 4283 posita
1148 4220 1260 4277 est,
1293 4226 1390 4282 per
1426 4227 1586 4282 quam
1617 4210 1782 4266 finitis
1826 4211 2120 4267 inimicitiis

523 4314 864 4378 peccatorum
891 4303 1308 4373 reconciliantur
1337 4303 1465 4357 Deo.
1493 4300 1611 4357 Non
1635 4304 1811 4373 itaque
1830 4302 1899 4356 ab
1919 4318 1979 4357 re
2003 4312 2083 4357 est
2099 4341 2117 4368 ,

524 4406 785 4469 quantum
840 4400 1088 4469 praesenti
1130 4410 1308 4465 causze
1349 4393 1596 4450 sufficere
1624 4393 1858 4461 videtur,
1904 4394 1973 4450 ab
2002 4393 2119 4463 ipso

500 4489 746 4549 ‘exordio
770 4489 982 4561 generis
1008 4487 1225 4542 humani
1254 4500 1421 4557 pauca
1464 4495 1744 4555 repetere,
1788 4483 1981 4554 quibus
2018 4484 2117 4538 ad-

522 4595 712 4637 versus
737 4579 979 4651 quaedam
998 4620 1014 4648 ,
1044 4594 1166 4651 quae
1208 4590 1427 4632 movere
1463 4584 1715 4646 possunt,
1747 4574 1974 4644 legentis
1997 4572 2119 4628 ani-

502 4687 643 4728 amus
664 4671 1002 4728 infotmetur.

597 4762 827 4820 CAPU?‘
874 4761 1016 4818 LXI.
1057 4790 1133 4802 —
1168 4759 1259 4816 55.
1300 4757 1467 4813 Adam
1505 4766 1555 4812 et
1604 4754 1718 4811 Eva
1771 4770 1791 4810 :
1838 4754 2120 4810 obedientia

528 4857 718 4914 homini
770 4858 1083 4912 vehementer
1131 4852 1482 4909 commendata
1518 4867 1551 4904 a
1588 4848 1717 4904 Deo.
1763 4848 2118 4919 Posteaquam

526 4952 603 5005 illi
664 4950 821 5020 primi
871 4948 1147 5013 homines,
1200 4945 1283 5001 vir
1343 4957 1483 4999 unus
1533 4941 1745 5005 Adam,
1798 4947 1854 4994 et
1906 4953 1972 4994 ex
2027 4938 2120 4994 illo

526 5042 639 5096 L'va
672 5054 807 5095 uxor
830 5037 981 5110 ejus,
1013 5045 1233 5108 accepto
1281 5035 1373 5089 Dei
1421 5043 1691 5104 praecepto
1729 5046 1950 5086 servare
1990 5030 2121 5085 obe-

523 5131 782 5187 dientiam
812 5129 1130 5193 noluerunt,
1168 5127 1313 5198 justa
1355 5140 1450 5181 eos
1493 5139 1652 5197 ptena
1692 5138 1754 5178 ac
1782 5122 1961 5178 debita
1990 5135 2122 5176 con-

525 5233 711 5281 secuta
754 5233 857 5279 est.
890 5220 981 5278 Sic
1015 5220 1157 5277 enim
1198 5219 1558 5274 comminatus
1601 5217 1771 5272 fuerat
1822 5215 2117 5284 Dominus,

522 5318 668 5390 quod
699 5333 763 5375 ca
789 5316 875 5372 die
899 5332 1002 5389 qua
1029 5314 1251 5369 vetitum
1273 5311 1450 5368 cibum
1472 5311 1727 5378 ederent,
1752 5319 1925 5365 morte
1943 5323 2122 5364 more-

595 5545 615 5575 ⁸
649 5551 718 5594 tta
739 5555 851 5593 eum
874 5540 1229 5600 manuscriptis.
1251 5536 1551 5600 [explicata]

591 5616 614 5641 ι
646 5615 764 5664 vox,
789 5603 916 5661 riae,
942 5605 1081 5651 ahest
1104 5597 1129 5649 a
1150 5597 1403 5664 Gallicanis
1422 5597 1646 5649 omnibus
1670 5597 2022 5664 manuscriptis.

592 5670 614 5703 ³
642 5657 775 5727 ιον.)
798 5657 957 5716 ειηιῖἰο
977 5661 1242 5723 venenatis,
1268 5662 1636 5726 requirebatur;
1659 5660 1844 5722 deleto,
1867 5657 1975 5720 hoc,
1991 5657 2120 5724 quod

514 5732 573 5780 in
590 5732 785 5780 etc-teris
806 5728 944 5777 lituis
963 5733 1137 5776 exstat.

587 5795 609 5826 δ
640 5799 747 5843 ιω.
763 5794 989 5844 omittunt
1008 5824 1024 5850 ,
1047 5795 1125 5838 aut
1142 5795 1317 5847 posset.

1162 339 1250 396 DE
1287 335 1752 395 PECCATORUM
1789 330 2068 391 MERlTlS
2104 330 2191 387 ET
2230 328 2656 400 REMISSIONE,
2696 333 2754 391 S.
2797 333 3169 392 AUGUSTINI

3713 339 3825 399 l7!

2228 456 2434 502 rentur.
2476 446 2706 505 Proinde
2746 451 2869 521 quia
2914 449 3100 507 utendi
3142 451 3210 508 ad
3250 467 3430 508 escam
3476 456 3623 510 omni
3669 456 3819 525 ligno

2223 539 2366 609 quod
2396 540 2446 593 in
2478 541 2724 610 paradiso
2748 553 2884 611 erat,
2914 555 3230 615 acceperant
3260 556 3600 617 potestatem,
3626 550 3680 603 in
3705 565 3815 621 quo

2224 630 2385 686 etiam
2428 631 2629 704 lignum
2658 636 2780 691 vitm
2811 638 3145 706 plantaverat
3184 640 3359 703 Deus;
3402 642 3471 696 ab
3511 642 3600 697 illo
3630 655 3814 699 autem

2224 721 2340 776 solo
2360 737 2452 778 eos
2477 726 2843 794 prohibuerat,
2867 727 3007 798 quod
3034 730 3319 799 appellavit
3342 732 3578 787 scientiae
3608 733 3730 788 boni
3758 744 3815 789 et

2223 813 2350 869 mali
2378 815 2527 885 (Gen.
2554 833 2627 881 tt,
2659 817 2714 882 9,
2746 819 2813 875 16
2835 859 2851 886 ,
2884 821 2978 892 17)
2997 862 3012 885 ,
3044 838 3150 892 qtto
3177 825 3393 879 nomine
3422 813 3814 893 significaretur

2223 907 2566 974 experientia:
2588 912 2993 980 consenuentia,
3023 921 3077 967 et
3104 913 3228 983 qui'l
3259 910 3382 968 boni
3412 916 3673 973 custodita
3695 957 3713 981 ,
3755 926 3811 972 et

2223 997 2350 1067 quid
2394 998 2517 1054 mali
2546 1011 2727 1055 essent
2757 1011 3089 1073 transgressa
3138 990 3495 1073 prohibitione
3540 1009 3750 1062 sensuri
3790 1023 3806 1061 :

2221 1097 2369 1144 recte
2414 1090 2653 1159 profecto
2705 1093 3074 1164 intelliguntur
3111 1104 3235 1149 ante
3280 1097 3566 1166 malignam
3610 1099 3813 1154 diaboli

2222 1183 2622 1251 persuasionem
2648 1184 2968 1241 abstinuisse
2997 1187 3119 1241 cibo
3143 1189 3325 1252 vetito,
3351 1197 3512 1259 atque
3536 1191 3613 1243 nsi
3643 1188 3813 1246 fuisse

2220 1275 2529 1338 concessis,
2559 1291 2623 1331 ac
2664 1292 2760 1346 per
2801 1277 2902 1332 hoc
2930 1287 2984 1333 et
3013 1280 3255 1347 czeteris,
3286 1289 3343 1336 et
3371 1282 3637 1351 praecipue
3665 1284 3814 1352 ligno

2221 1365 2364 1418 vitae.
2383 1366 2517 1433 Quid
2541 1367 2683 1422 enim
2700 1369 3004 1435 absurdius,
3032 1387 3192 1440 quam
3215 1381 3270 1426 ut
3290 1372 3577 1429 credantur
3602 1389 3666 1427 ex
3690 1376 3816 1429 aliis

2222 1457 2501 1513 arboribus
2526 1459 2774 1515 alimenta
2804 1463 3129 1531 sump~isse,
3161 1480 3267 1518 non
3309 1473 3488 1520 autem
3532 1467 3694 1520 etiam
3742 1481 3809 1525 ex

2221 1550 2313 1607 illo
2337 1552 2477 1621 quod
2508 1562 2564 1606 et
2602 1554 2848 1609 similiter
2885 1556 3205 1624 permissum
3247 1555 3453 1623 fuerat,
3484 1568 3539 1611 et
3583 1558 3812 1615 utilitate

2221 1643 2487 1712 praecipua
2528 1658 2625 1713 per
2647 1655 2864 1699 aetatum
2907 1647 3077 1702 labem
3110 1650 3300 1705 mutari
3333 1649 3371 1714 ‘,
3415 1651 3662 1716 quamvis
3688 1650 3810 1705 ani-

2220 1734 2378 1788 malia
2409 1750 2657 1805 corpora,
2687 1747 2851 1807 atque
2881 1740 2932 1792 in
2976 1748 3201 1794 tuortem
3234 1751 3566 1796 veterascere
3595 1757 3701 1796 non
3728 1743 3807 1797 si-
3834 1762 3838 1766 δ

2220 1825 2409 1892 nebat,
2441 1826 2679 1882 tribuens
2722 1830 2824 1883 hoc
2854 1831 3063 1900 corpori
3109 1832 3338 1884 humano
3364 1833 3431 1886 de
3457 1848 3554 1885 suo
3581 1847 3815 1899 corpore

2220 1918 2577 1986 beneficium,
2622 1929 2679 1975 et
2722 1922 2946 1990 mystica
3000 1923 3390 1990 significatione
3429 1923 3813 1980 demonstrans

2219 2009 2345 2078 quid
2376 2026 2472 2079 per
2495 2010 2834 2079 sapientiam,
2866 2013 3018 2082 cujus
3049 2015 3268 2083 figuram
3305 2015 3569 2082 gestabat,
3598 2014 3825 2070 confer:

2218 2112 2369 2156 retur
2391 2101 2585 2155 animm
2611 2102 2892 2167 rationali,
2924 2113 2979 2157 ut
3006 2105 3261 2159 alimento
3281 2104 3400 2173 ejus
3427 2105 3687 2159 vivificata
3717 2121 3815 2160 ne-

2221 2206 2490 2261 quaquam
2531 2192 2583 2246 in
2612 2192 2785 2248 labem
2832 2204 3167 2265 mortemque
3194 2195 3445 2265 nequitia:
3472 2194 3813 2250 verti-retur?

2218 2284 2406 2340 Merito
2435 2285 2579 2341 enim
2624 2285 2694 2340 de
2732 2285 2819 2339 illa
2853 2285 3068 2349 dicitur,
3117 2284 3331 2358 Μένωνι
3372 2288 3485 2341 riae
3509 2298 3581 2340 est
3610 2288 3810 2357 autple-

2216 2377 2467 2432 ctentibus
2505 2393 2615 2432 eain
2660 2375 2843 2450 (Prov.
2894 2393 2985 2443 ut,
3039 2376 3149 2448 l8).
3195 2378 3345 2432 Sient
3393 2378 3509 2433 hinc
3554 2378 3718 2432 arbor
3755 2378 3812 2433 in

2219 2468 2517 2536 corporali,
2547 2468 2625 2523 sic
2654 2467 2742 2522 illa
2772 2469 2824 2521 in
2854 2467 3114 2537 spirituali
3155 2468 3404 2537 paradiso
3450 2485 3466 2522 :
3513 2468 3613 2523 ista
3655 2478 3812 2524 exte-

2218 2558 2399 2625 rioris,
2432 2558 2519 2612 illa
2548 2558 2819 2613 interioris
2851 2558 3081 2614 hominis
3106 2559 3353 2614 sensibus
3390 2559 3634 2629 pra-bons
3661 2559 3812 2630 vigo-

2220 2662 2356 2712 rem,
2406 2653 2523 2704 sine
2569 2649 2676 2704 ulla
2724 2650 2778 2704 in
2824 2650 3061 2705 deterius
3095 2652 3353 2720 tentporis
3391 2653 3828 2707 commutatione'

2221 2742 2457 2797 vitalem.
2480 2742 2795 2798 Serviebant
2824 2742 2987 2813 igitur
3009 2744 3133 2808 Deo,
3171 2743 3521 2797 vehementer
3543 2744 3645 2798 sibi
3673 2760 3818 2800 com-

2222 2835 2471 2895 mendata
2520 2836 2716 2905 pietate
2758 2836 3108 2901 obedienthe,
3139 2851 3243 2906 qua
3287 2851 3391 2890 una
3422 2835 3617 2890 colitur
3648 2836 3814 2891 Deus.

2221 2929 2351 2997 Quae
2371 2944 2466 2998 per
2493 2944 2551 2983 se
2575 2930 2687 2998 ip~a
2717 2938 2911 2999 quanta
2935 2930 3023 2995 sit,
3047 2944 3314 3000 quamque
3344 2929 3458 2984 sola
3486 2927 3720 2985 sufficiat
3745 2929 3817 2985 ad

2223 3030 2473 3076 tuendam
2504 3022 2817 3076 rationalem
2862 3022 2964 3076 sub
3011 3022 3270 3078 Creatore
3315 3033 3652 3089 creaturam,
3705 3039 3815 3078 non

2222 3114 2395 3184 potuit
2421 3115 2767 3169 excellentius
2797 3115 3029 3168 iutimari
3052 3156 3068 3178 ,
3108 3131 3268 3185 quam
3302 3127 3357 3169 ut
3395 3131 3424 3169 a
3467 3116 3607 3185 ligno
3634 3116 3816 3187 prohi-

2221 3204 2480 3260 herentur
2509 3221 2614 3259 non
2663 3205 2823 3259 malo.
2857 3206 3009 3260 Absit
3038 3206 3180 3259 enim
3213 3217 3266 3260 tit
3297 3207 3558 3261 honorum
3590 3208 3818 3263 Creator

2225 3297 2315 3367 qtti
2348 3295 2470 3351 fecit
2498 3298 2674 3351 omnia
2693 3338 2707 3361 ,
2737 3307 2781 3351 et
2811 3313 2921 3351 erce
2952 3300 3083 3351 bona
3111 3298 3256 3352 valde
3287 3297 3441 3365 (Gen.
3468 3314 3511 3362 ι,
3537 3300 3651 3363 51),
3685 3299 3815 3353 tuali

2223 3388 2423 3457 aliquid
2454 3388 2505 3443 in
2539 3388 2681 3443 illius
2723 3390 2883 3444 etiam
2914 3391 3213 3458 corporalis
3254 3391 3487 3458 paradisi
3537 3392 3818 3447 fertilitate

2224 3478 2510 3549 plantaret.
2540 3479 2644 3535 Sed
2672 3489 2730 3535 ut
2758 3481 3136 3536 ostenderetur
3167 3482 3390 3545 homini,
3418 3483 3501 3536 cui
3531 3494 3673 3538 esset
3715 3484 3820 3537 srb

2225 3569 2312 3625 tali
2342 3571 2571 3626 Domino
2598 3571 2876 3626 utilissima
2907 3573 3139 3647 servitus
3158 3614 3171 3632 .
3195 3584 3452 3643 quantum
3482 3584 3621 3628 esset
3648 3574 3819 3630 solius

2223 3661 2543 3716 obedientia:
2572 3662 2793 3723 bontttn,
2828 3678 2987 3732 quam
3020 3663 3188 3717 Solam
3214 3664 3281 3716 de
3308 3664 3508 3718 fanmlo
3539 3675 3814 3734 exegerat,

2223 3752 2308 3807 cui
2335 3753 2556 3808 obedire
2587 3770 2692 3808 non
2723 3761 2940 3824 propter
2971 3754 3137 3823 ipsius
3156 3754 3519 3817 dominatum,
3552 3756 3648 3809 sed
3696 3770 3820 3824 pro-

2225 3852 2345 3914 pter
2370 3844 2657 3900 servientis
2700 3846 2721 3878 ²
2771 3846 3052 3900 utilitatem
3104 3846 3278 3916 potius
3307 3847 3619 3916 expediret:
3650 3847 3720 3901 ab
3749 3865 3820 3903 co

2225 3934 2371 4004 ligno
2408 3946 2536 3990 sunt
2574 3936 2853 4005 prohibiti,
2881 3954 2988 4008 quo
3012 3938 3058 3992 si
3087 3947 3365 3993 uterentur
3392 3954 3496 3993 non
3525 3938 3815 4009 prohibiti,

2224 4028 2359 4083 nihil
2413 4028 2537 4082 mali
2584 4029 2802 4084 omnino
2850 4039 3158 4100 paterentur
3205 4046 3221 4085 :
3267 4040 3325 4086 ut
3368 4032 3509 4102 quod
3563 4032 3651 4084 illo
3697 4043 3823 4102 post

2227 4119 2643 4190 prohibitionem
2686 4130 2897 4177 utentes
2937 4122 3075 4191 passi
3118 4131 3275 4187 sunt,
3325 4123 3454 4177 satis
3493 4122 3823 4192 intelligi-rm

2224 4216 2314 4264 tur
2337 4209 2481 4279 quod
2511 4211 2592 4264 eis
2621 4210 2723 4266 hoc
2751 4225 2857 4265 non
2889 4210 3123 4269 intulerit
3152 4212 3314 4267 :u-hor
3337 4213 3460 4267 cibo
3499 4210 3661 4267 noxio
3692 4226 3821 4283 pcr-

2223 4300 2426 4356 niciOSa
2447 4340 2463 4366 ,
2494 4300 2589 4355 sed
2618 4310 2823 4356 tantum
2852 4302 3159 4357 obcdientia
3189 4302 3405 4359 violata.

2293 4394 2525 4452 CAPUT
2566 4394 2734 4451 XXII.
2772 4424 2849 4437 —
2902 4397 2991 4451 '56.
3041 4395 3225 4452 Status
3266 4395 3484 4451 tramitti:
3528 4406 3646 4450 ante
3696 4412 3821 4467 pec-

2222 4500 2415 4544 catum.
2472 4490 2622 4545 lianc
2678 4505 2808 4561 ergo
2866 4490 3178 4561 priusquam
3246 4488 3573 4556 violassent,
3641 4490 3819 4559 place-

2222 4582 2353 4638 bant
2390 4583 2535 4650 Deo,
2565 4591 2621 4638 et
2660 4583 2903 4653 placebat
2927 4583 3007 4637 eis
3045 4583 3221 4647 Deus;
3251 4592 3309 4639 et
3349 4583 3597 4652 quamvis
3622 4597 3818 4654 corpus

2223 4678 2455 4733 animale
2481 4687 2791 4749 gestarent,
2825 4677 2954 4731 nihil
2984 4677 3299 4732 inobediens
3326 4678 3378 4731 in
3406 4677 3497 4731 illo
3532 4676 3818 4732 adversum

2222 4787 2283 4827 se
2308 4772 2509 4828 moveri
2533 4772 2854 4826 sentiebant.
2876 4762 3131 4825 Faciebat
3153 4769 3350 4840 quippe
3377 4770 3478 4824 hoc
3500 4769 3634 4824 ordo
3654 4768 3818 4838 justi-

2223 4866 2333 4930 tiae,
2364 4871 2423 4920 ut
2444 4866 2568 4935 quia
2598 4879 2786 4919 eorum
2815 4866 2989 4919 anima
3019 4862 3275 4917 famulum
3306 4876 3502 4932 corpus
3528 4876 3559 4916 a
3591 4863 3818 4916 Domino

2223 4967 2543 5027 acceperat,
2591 4955 2729 5011 sicut
2780 4955 2895 5026 ipsa
2938 4954 3113 5010 cidem
3154 4953 3383 5008 Domino
3433 4967 3574 5015 suo,
3615 4953 3690 5007 ita
3742 4953 3819 5008 illi

2223 5062 2420 5118 eorpus
2445 5050 2562 5118 ejus
2589 5046 2868 5114 obediret,
2897 5053 3058 5116 atque
3101 5045 3383 5100 exhiberet
3404 5044 3528 5098 vitae
3570 5042 3648 5097 illi
3684 5058 3821 5101 con-

2222 5158 2415 5213 gruum
2446 5142 2563 5197 sine
2592 5140 2701 5197 ulla
2739 5139 3042 5196 resistentia
3085 5136 3420 5192 famulatum.
3450 5136 3586 5190 llinc
3612 5144 3668 5190 et
3691 5136 3821 5192 nudi

2224 5241 2400 5300 erant,
2432 5242 2486 5289 et
2514 5248 2621 5286 non
2646 5230 3131 5287 confundebantur.
3158 5228 3403 5282 Animam
3434 5228 3631 5297 quippe
3662 5230 3823 5281 rator-

2226 5327 2402 5382 nalem
2453 5324 2680 5379 naturali
2741 5320 3066 5379 verecundia
3122 5334 3266 5376 nunc
3314 5318 3513 5389 pudet,
3573 5319 3717 5390 quod
3766 5320 3819 5374 in

2224 5434 2409 5482 Carne,
2439 5418 2493 5472 in
2518 5417 2670 5485 cujus
2698 5415 3005 5471 servitutem
3033 5412 3123 5483 jus
3146 5412 3421 5481 potestatis
3445 5412 3687 5480 accepit,
3721 5427 3822 5465 ne-

2225 5513 2338 5569 scio
2365 5527 2468 5582 qua
2493 5509 2801 5563 infirmitate
2825 5504 3041 5562 efficere
3072 5519 3181 5559 non
3209 5513 3403 5573 potest,
3437 5511 3494 5558 ut
3517 5517 3575 5557 se
3602 5503 3821 5557 nolente

2290 5720 2308 5748 ι
2344 5712 2450 5762 Sola
2470 5711 2618 5760 editio
2647 5716 2780 5777 μοιβ,
2798 5721 2884 5777 per
2923 5712 3118 5777 Mutuo}
3145 5704 3332 5777 lapsum
3349 5698 3566 5777 portari},

2290 5778 2312 5809 ³
2344 5782 2394 5825 ω
2433 5763 2776 5834 ωεωυίίρςίιρ-ιίέ
2798 5763 2876 5821 vel
2910 5777 3018 5829 est,
3044 5763 3257 5830 diariis;
3285 5763 3396 5827 vel,
3418 5764 3608 5815 tuentis.
