4164 6504
393 387 497 443 ΠΒ

390 515 499 558 non
538 502 859 554 moveantur
901 489 1174 557 membra,
1203 496 1260 544 et
1297 499 1360 543 se
1381 483 1596 542 volente
1631 489 1971 539 moveantur.

389 596 518 664 Quae
548 596 772 658 propter
797 584 903 641 hoc
930 582 985 638 in
1015 578 1203 653 quovis
1226 584 1397 644 casto,
1428 566 1621 631 merito
1642 570 1983 664 appellantur

393 660 639 756 pudenda
662 723 678 749 ,
709 678 854 750 quod
892 677 1154 732 adversus
1187 670 1463 727 dominam
1503 674 1738 722 mentem
1760 704 1778 731 ,
1825 660 1984 756 quasi

393 751 503 830 sua:
530 772 638 827 siut
667 766 970 840 potestatis,
995 764 1133 819 sicut
1157 760 1366 816 libitum
1390 764 1508 824 est,
1531 755 1838 812 excitantur
1864 771 1880 807 :
1911 751 1985 807 ide

390 878 496 934 que
529 862 706 917 solum
735 859 875 930 juris
904 858 955 911 in
983 856 1068 911 his
1104 852 1302 908 habent
1331 848 1482 905 frena
1520 846 1757 914 virtutis,
1803 854 1864 901 ut
1909 843 1980 899 ad

393 953 697 1013 Immundas
725 962 779 1007 et
808 949 1023 1005 illicitas
1057 943 1430 1014 carruptiones
1453 955 1517 997 ea
1560 938 1845 1012 pervenire
1873 949 1985 993 non

393 1049 592 1103 sinant.
627 1045 753 1099 ll:ec
777 1043 938 1114 igitur
963 1038 1144 1096 carnis
1175 1035 1536 1093 inobedientia
1555 1074 1572 1102 ,
1599 1047 1721 1105 qua:
1767 1030 1821 1087 in
1866 1030 1986 1101 ipso

395 1149 542 1194 motu
570 1145 655 1192 est
673 1177 689 1199 ,
720 1133 932 1189 etiamsi
966 1130 1165 1186 habere
1192 1143 1300 1183 non
1328 1124 1669 1197 permittatur
1694 1121 1942 1178 eﬁ'ectum
1966 1159 1982 1184 ,

394 1245 501 1285 non
545 1233 666 1285 erat
703 1226 760 1280 in
808 1224 916 1279 illis
962 1220 1146 1291 primis
1199 1216 1553 1282 hminibus,
1596 1211 1812 1285 quando
1857 1209 1986 1266 nudi

394 1326 581 1385 erant,
609 1328 665 1373 et
692 1329 800 1371 non
837 1310 1322 1369 confundebantur.
1351 1306 1603 1364 Nondum
1645 1304 1845 1376 quippe
1870 1302 1989 1358 ani-

394 1426 482 1465 ma
528 1406 804 1464 rationalis
844 1403 1062 1459 domina
1110 1398 1292 1457 carnis
1340 1397 1657 1456 inobediens
1706 1394 1989 1451 exstiterat

396 1501 625 1555 Domino
648 1512 779 1565 suo,
816 1505 878 1552 ut
905 1508 1062 1567 pana
1089 1493 1365 1562 reciproca
1392 1489 1790 1545 inobedientem
1816 1500 1983 1556 expe-

397 1594 595 1647 riretur
641 1603 858 1645 carnem
905 1584 1157 1641 famulam
1194 1596 1348 1638 suam
1391 1596 1515 1635 cum
1558 1592 1718 1635 sensu
1755 1575 1988 1649 quodam

396 1682 727 1740 confusionis
769 1690 825 1735 et
867 1677 1129 1734 molestiae
1165 1689 1316 1739 sum,
1368 1688 1528 1743 quem
1576 1684 1794 1727 sensum
1842 1677 1991 1724 certe

399 1775 512 1845 ipsa
537 1787 632 1843 ρες-
657 1769 1070 1827 inobedientiam
1095 1779 1249 1822 suam
1288 1779 1394 1820 non
1420 1762 1602 1818 intulit
1629 1762 1762 1817 Deo.
1806 1759 1992 1832 Neque

399 1867 544 1921 enim
572 1867 681 1920 Deo
705 1860 1013 1934 pudendum
1037 1867 1123 1915 est
1142 1867 1235 1913 aut
1258 1857 1545 1913 molestum
1568 1897 1584 1922 ,
1614 1854 1662 1910 si
1690 1868 1790 1909 nos
1809 1854 1858 1909 ei
1880 1868 1989 1908 non

399 1957 681 2015 obedimus
704 1996 721 2023 ,
763 1954 920 2025 cujus
954 1952 1011 2008 in
1058 1966 1159 2007 nos
1189 1964 1454 2005 summam
1492 1957 1811 2019 potestatem
1846 1947 1992 2003 nullo

399 2048 562 2103 modo
590 2044 832 2100 minuere
860 2042 1098 2098 valemus
1129 2059 1144 2096 :
1186 2039 1283 2096 sed
1326 2039 1482 2095 nobis
1529 2038 1836 2110 pudendum
1870 2043 1989 2104 est,

398 2136 544 2207 quod
568 2136 794 2205 imperio
820 2141 1003 2188 nostro
1026 2146 1152 2187 caro
1178 2145 1285 2187 non
1315 2131 1512 2196 servit;
1539 2129 1663 2200 quia
1692 2129 1794 2185 boc
1818 2128 1875 2184 ﬁt
1897 2143 1995 2200 per

400 2228 765 2283 inﬁrmitatem
802 2241 960 2296 quam
1001 2223 1273 2295 peccando
1299 2224 1626 2290 meruimus,
1666 2228 1995 2293 vocaturque

401 2328 678 2392 peccatum
718 2317 967 2373 habitans
1009 2316 1063 2371 in
1110 2314 1367 2371 membris
1412 2314 1611 2373 nostris
1663 2314 1841 2386 (Rom.
1883 2329 1991 2381 vn,

406 2413 511 2478 17,
564 2410 698 2482 23).
750 2410 843 2466 Sic
903 2417 989 2464 est
1046 2416 1226 2463 autem
1282 2407 1385 2463 hoc
1438 2416 1753 2477 peccatum,
1808 2414 1870 2462 ut
1925 2406 2000 2463 sit

403 2517 562 2573 pana
608 2500 834 2573 peccati.
880 2500 1118 2570 Denique
1158 2508 1507 2570 posteaquam
1567 2507 1652 2554 est
1713 2499 1802 2555 illa
1859 2499 1996 2555 facta

341 2666 348 2671 _
409 2592 803 2664 transgressio,
851 2598 908 2648 et
950 2591 1127 2646 anima
1172 2591 1486 2647 iuubediens
1526 2606 1557 2646 a
1600 2591 1718 2662 lege
1759 2590 1849 2669 sui
1887 2592 1997 2647 Do-

403 2685 536 2740 mini
578 2699 773 2739 aversa
808 2692 933 2751 est,
971 2683 1170 2739 habere
1196 2683 1374 2752 .cmpit
1419 2693 1603 2738 contra
1648 2698 1766 2737 eam
1810 2696 2000 2739 servus

404 2775 553 2844 ejus,
597 2776 699 2829 hoc
727 2783 810 2829 est
850 2789 1049 2843 corpus
1083 2773 1245 2843 ejus,
1277 2774 1448 2844 legem
1489 2773 1902 2840 inobedientize;
1944 2782 2001 2830 et

402 2867 592 2937 puduit
616 2868 738 2923 illos
758 2865 1005 2923 homines
1024 2866 1276 2921 nuditatis
1296 2880 1408 2921 sua:
1427 2906 1445 2933 ,
1466 2866 1841 2922 animadverso
1860 2864 1915 2921 in
1937 2880 2000 2924 se

403 2969 552 3014 motu
570 2999 587 3022 ,
617 2972 778 3027 quem
806 2968 932 3012 ante
956 2971 1061 3012 non
1088 2964 1369 3012 senserant
1398 2973 1413 3010 :
1442 2971 1562 3027 quae
1603 2956 1998 3012 animadversio

403 3049 611 3119 apertio
635 3048 776 3103 dicta
804 3056 886 3103 est
908 3048 1185 3102 oculorum
1213 3045 1368 3118 (Gen.
1396 3064 1484 3115 ιιι,
1515 3045 1570 3121 7)
1597 3062 1612 3113 ;
1656 3062 1830 3118 neque
1854 3048 1998 3104 enim

403 3139 575 3194 oculis
601 3138 799 3194 clausis
843 3138 984 3193 inter
1031 3138 1150 3193 illas
1193 3137 1416 3193 arbores
1456 3138 1800 3195 oberrabant.
1831 3138 1921 3195 Sic
1946 3148 2002 3196 et

404 3230 473 3286 de
507 3231 651 3300 Agar
674 3230 932 3299 scriptum
960 3237 1073 3291 est,
1101 3227 1276 3298 Δραιὶ
1314 3236 1435 3282 sunt
1469 3228 1606 3283 oculi
1630 3230 1739 3300 ejus
1758 3269 1777 3297 ,
1801 3237 1849 3284 et
1878 3228 2001 3285 vidit

406 3329 617 3391 puteum
667 3317 778 3392 (Id.
828 3334 953 3385 xu,
1003 3318 1119 3388 i9).
1149 3318 1301 3373 Tunc
1344 3318 1421 3375 illi
1465 3319 1712 3375 homines
1754 3320 2001 3391 pudenda

406 3419 692 3466 texerunt:
719 3422 841 3482 qua:
865 3410 1008 3466 Deus
1033 3409 1142 3466 illis
1160 3410 1433 3477 membra,
1465 3409 1567 3482 ipsi
1595 3425 1725 3467 vero
1753 3411 2000 3483 pudenda

403 3505 670 3562 fecerunt.

477 3593 708 3651 CAPUT
745 3592 937 3650 XXIII.
958 3622 1032 3635 —-
1058 3593 1151 3649 37.
1181 3591 1401 3648 Nature
1422 3592 1682 3662 corruptio
1711 3608 1802 3663 per
1825 3608 2003 3664 pecca-

408 3696 553 3751 tum,
599 3695 646 3740 et
691 3686 951 3741 renovatio
979 3702 1070 3756 per
1097 3684 1385 3760 Christum.
1406 3684 1482 3740 De
1509 3684 1610 3739 hac
1649 3683 1767 3755 lege
1795 3684 2001 3755 peccati

407 3776 644 3831 nascitur
668 3790 795 3830 caro
823 3777 1065 3845 peccati,
1091 3774 1354 3844 expianda
1394 3789 1491 3844 per
1514 3774 1658 3830 illius
1690 3788 2002 3831 sacramen-

404 3877 544 3935 tum,
571 3867 661 3938 qui
690 3867 835 3922 venit
863 3868 917 3921 in
945 3866 1294 3923 similitudine
1322 3865 1501 3921 carnis
1525 3865 1761 3936 peccati,
1792 3876 1845 3921 ut
1872 3881 2000 3922 eva-

405 3967 595 4014 cuatur
617 3973 816 4027 corpus
849 3958 1048 4028 peccati
1081 3958 1258 4029 (liam.
1286 3971 1402 4022 vnt,
1431 3955 1512 4028 5),
1553 3956 1697 4028 quod
1724 3966 1780 4014 et
1805 3973 2003 4028 corpus

312 4115 318 4120 η
406 4046 601 4104 mertis
645 4046 803 4118 hujus
847 4047 1189 4118 appellatur:
1235 4045 1380 4103 unde
1420 4045 1676 4102 miserum
1729 4047 2001 4105 hominem

407 4155 515 4194 non
543 4139 733 4193 liberat
775 4139 877 4193 nisi
920 4139 1087 4209 gratia
1118 4138 1212 4217 Dei
1245 4154 1341 4208 per
1366 4137 1551 4194 Jesum
1594 4139 1865 4195 Christum
1896 4139 2004 4195 Do-

405 4231 611 4286 minum
655 4240 900 4286 nostrum
934 4228 1060 4303 (Id.
1086 4245 1193 4295 vn,
1222 4228 1316 4294 24,
1346 4226 1463 4302 25).
1496 4229 1587 4285 Sic
1627 4229 1773 4285 enim
1813 4229 1882 4285 ab
1920 4232 2002 4286 eis

407 4324 692 4378 transitum
734 4323 859 4378 fecit
902 4322 954 4376 in
985 4332 1233 4393 posteros
1262 4321 1363 4375 ista
1408 4320 1495 4376 lex
1521 4320 1730 4376 initium
1772 4321 2000 4390 mortis,

406 4413 866 4485 quemadmodum
886 4412 1039 4469 labor
1058 4428 1165 4483 quo
1192 4411 1372 4467 cuncti
1401 4410 1647 4467 homines
1674 4410 1920 4467 laborant
1945 4411 2001 4467 in

408 4515 573 4572 terra,
600 4505 1053 4577 quemadmodum
1083 4506 1136 4560 in
1164 4503 1398 4561 feuninas
1437 4505 1720 4577 parturitio
1748 4521 1868 4561 cum
1899 4504 2000 4560 do-

408 4596 636 4653 loribus.
664 4596 791 4652 Haec
811 4596 980 4663 enim,
1006 4611 1130 4652 cum
1165 4596 1235 4653 de
1261 4605 1481 4666 peccato
1505 4606 1873 4667 arguerentur,
1904 4594 2001 4652 Dei

406 4688 673 4745 sententia
698 4694 1029 4754 meruerunt,
1062 4703 1181 4758 qua:
1201 4703 1312 4744 non
1337 4688 1391 4743 in
1420 4685 1501 4742 eis
1525 4687 1656 4743 solis
1674 4729 1691 4755 ,
1718 4686 1813 4744 sed
1839 4687 2001 4743 etiam

405 4779 461 4843 i_n
480 4778 884 4835 successoribus
903 4792 1117 4845 eorum,
1143 4777 1196 4832 iu
1222 4778 1342 4834 aliis
1365 4778 1554 4849 magis.
1581 4776 1635 4833 iu
1658 4775 1775 4834 aliis
1800 4778 1995 4845 minus,

407 4877 587 4924 tamen
609 4869 663 4923 in
687 4867 939 4923 omnibus
960 4866 1206 4922 videmus
1244 4867 1475 4938 impleri.
1506 4865 1637 4922 Cum
1677 4867 1857 4938 itaque
1885 4868 2000 4938 pri-

407 4973 621 5014 morum
643 4958 857 5013 illorum
881 4955 1161 5015 hominum
1185 4956 1350 5015 fuerit
1368 4958 1539 5030 prima
1554 4957 1758 5029 justitia
1779 4956 2001 5015 obedire

406 5052 541 5117 Deo,
567 5059 623 5107 et
650 5050 791 5106 hanc
820 5051 874 5107 in
900 5050 1160 5109 membris
1186 5052 1449 5107 adversus
1468 5051 1641 5123 legem
1669 5053 1863 5108 mentis
1888 5067 2001 5107 suae

406 5144 576 5216 legem
606 5144 1057 5215 concupiscentia
1080 5160 1188 5200 non
1218 5144 1455 5201 habere:
1487 5159 1632 5200 nunc
1656 5154 1779 5215 post
1812 5159 2001 5201 eorum

407 5248 686 5307 peccatum
730 5246 855 5292 nata
885 5252 952 5293 ex
980 5236 1061 5293 eis
1084 5245 1266 5292 nostra
1296 5250 1459 5292 carne
1486 5234 1721 5307 peccati,
1759 5250 1857 5307 pro
1884 5251 2001 5291 ma-

403 5342 512 5398 gno
554 5328 833 5383 obtinetur
867 5327 939 5382 ab
979 5326 1065 5384 his
1104 5326 1199 5398 qui
1238 5326 1495 5384 obediunt
1540 5327 1675 5396 Deo,
1722 5327 2003 5386 desideriis

405 5416 648 5487 ejusdem
679 5416 1130 5488 concupiscentia:
1176 5431 1285 5474 non
1328 5417 1579 5487 obedire,
1611 5428 1667 5475 et
1691 5418 2004 5491 cruciﬁgere

406 5509 460 5562 in
489 5523 549 5563 se
574 5522 798 5563 carnem
829 5522 955 5563 cum
992 5508 1330 5579 passionibus
1355 5508 1914 5579 cleancupiscentiis;
1946 5518 2005 5565 ut

405 5600 511 5654 sint
540 5598 667 5653 .Iesu
700 5598 932 5666 Christi,
978 5600 1069 5670 qui
1112 5598 1214 5654 hoc
1260 5599 1314 5653 in
1353 5614 1451 5655 sua
1488 5614 1650 5656 cruce
1692 5600 1999 5671 ﬁguravit‘,

405 5690 601 5760 quibus
626 5706 724 5761 per
759 5691 985 5760 gratiam
1015 5706 1167 5747 suam
1203 5691 1350 5749 dedit
1392 5701 1710 5765 potestatem
1742 5694 1878 5753 ﬁlios
1911 5695 2002 5752 Dei

468 5802 487 5833 ι
521 5797 750 5850 Gallicini
771 5814 945 5854 omnes
962 5809 1085 5867 Mss,
1112 5800 1163 5854 in
1179 5817 1268 5855 sua
1292 5816 1437 5855 carne
1459 5801 1699 5869 ﬁgurauit.

1716 364 1918 423 LIBER
1955 361 2335 422 SECUNDUS.

3572 362 3676 421 ιιι

2087 476 2226 534 ﬁeri.
2255 477 2372 534 Non
2400 478 2543 533 enim
2572 476 2822 534 omnibus
2850 475 3155 533 hominibus
3178 476 3351 547 dedit,
3385 476 3485 536 sed
3512 486 3673 551 quot-

2085 579 2216 643 quot
2236 580 2561 642 receperunt
2584 585 2731 635 eum,
2773 579 2832 626 ut
2863 570 2974 627 Deo
3006 578 3416 627 renascerentur
3428 564 3669 645 spiritu,

2085 661 2177 733 qui
2203 660 2401 716 steculo
2428 661 2539 717 nati
2571 668 2726 717 erant
2748 675 2929 718 carne.
2970 660 3061 716 Sic
3085 662 3227 717 enim
3257 660 3327 718 de
3355 660 3441 717 his
3464 661 3665 717 dictum

2084 759 2206 807 est:
2239 751 2495 824 Quotquot
2522 760 2690 806 autem
2714 760 3005 822 receperunt
3030 767 3161 818 eum,
3190 750 3329 805 dedit
3356 751 3428 805 eis
3455 758 3676 822 potestao

2086 852 2187 899 tem
2210 844 2346 915 ﬁlios
2369 844 2467 899 Dei
2494 845 2625 914 fieri,
2651 845 2740 915 qui
2772 862 2873 899 non
2902 860 2967 900 ea:
2988 860 3160 912 carne,
3188 862 3288 899 non
3318 860 3382 900 ea:
3405 843 3675 917 sanguine,

2054 932 2057 933 ⁷
2086 952 2188 991 non
2215 952 2279 990 es;
2304 936 2558 991 voluntate
2582 936 2677 991 viri
2691 977 2706 1003 ,
2747 951 2849 991 non
2885 952 2951 990 ea:
2985 935 3241 992 uoluntate
3267 936 3437 991 carnis
3455 974 3473 1004 ,
3497 934 3590 992 sed
3611 949 3679 992 ea:

2087 1023 2199 1080 Deo
2223 1026 2329 1080 nati
2355 1036 2494 1081 sunt.

2158 1117 2384 1174 CAPUT
2422 1117 2613 1174 XXIV.
2643 1148 2717 1161 —
2743 1119 2835 1175 58.
2865 1116 3229 1174 Incarnatione
3256 1117 3407 1174 Verbi
3428 1119 3564 1190 quod
3587 1135 3683 1175 no-

2088 1207 2167 1263 bis
2203 1208 2446 1264 collatum
2485 1210 2550 1264 sit
2578 1210 2895 1280 beneﬁcium.
2941 1210 3198 1266 Nativitas
3225 1210 3414 1266 Christi
3441 1211 3506 1266 de
3528 1226 3685 1266 carne

2089 1301 2145 1355 in
2169 1318 2267 1372 quo
2309 1290 2497 1356 nostrtz
2520 1302 2702 1356 similis
2729 1312 2777 1356 et
2806 1302 3087 1356 dissimilis.
3119 1300 3169 1355 F
3171 1301 3377 1356 idalium
3406 1303 3555 1356 etiam
3584 1302 3685 1372 [itii

2092 1393 2402 1464 baptizandi.
2443 1393 2669 1451 Secutus
2711 1405 2888 1448 autem
2934 1392 3168 1460 addidit,
3207 1390 3277 1447 Et
3322 1391 3536 1447 Verbum
3562 1408 3685 1449 caro

2092 1487 2283 1554 factum
2310 1494 2402 1551 est,
2433 1491 2479 1537 et
2507 1483 2750 1537 habitavit
2775 1484 2825 1538 in
2858 1483 3000 1538 nobis
3028 1482 3210 1555 (Joan.
3240 1499 3281 1550 ι,
3316 1483 3499 1554 12-14)
3524 1500 3540 1539 :
3569 1492 3689 1539 tan-

2093 1590 2251 1645 quam
2279 1574 2486 1641 dicens,
2517 1575 2762 1645 Magnum
2789 1575 3005 1646 quidem
3034 1574 3138 1630 hoc
3162 1576 3215 1631 in
3244 1575 3327 1629 his
3357 1574 3553 1630 factum
3579 1583 3685 1639 est,

2094 1676 2154 1723 ut
2178 1667 2288 1723 Deo
2317 1676 2666 1722 nascerentur
2684 1683 2752 1723 ex
2778 1668 2911 1733 Deo,
2943 1668 3033 1739 qui
3074 1669 3220 1739 prius
3247 1669 3355 1723 nati
3380 1668 3591 1723 fuerant
3618 1683 3687 1723 ex

2095 1771 2260 1812 carne
2283 1756 2501 1821 smculo,
2535 1756 2777 1827 quamvis
2800 1758 2963 1812 creati
2991 1757 3059 1812 ab
3087 1758 3202 1828 ipso
3226 1758 3334 1813 Deo
3363 1775 3378 1815 :
3409 1757 3503 1813 sed
3532 1758 3690 1827 longe

2095 1846 2391 1902 mirabilius
2427 1846 2624 1902 factum
2652 1856 2765 1914 est,
2794 1847 2937 1919 quod
2967 1863 3090 1902 cum
3131 1847 3249 1903 istis
3286 1855 3489 1903 natura:
3526 1847 3690 1903 fuerit

2097 1936 2243 1991 nasci
2273 1934 2342 1991 de
2369 1950 2533 1991 carne
2553 1977 2569 2003 ,
2600 1936 2846 1992 beneﬁcii
2873 1951 3003 1992 vero
3030 1937 3177 1991 nasci
3207 1951 3274 1992 ex
3308 1936 3443 2003 Deo,
3471 1946 3694 2006 propter

2098 2026 2201 2081 hoc
2219 2026 2634 2097 impertiendum
2664 2027 2982 2083 benelicium
3006 2069 3021 2094 ,
3051 2028 3143 2083 ille
3168 2028 3258 2100 qui
3301 2028 3369 2083 de
3398 2028 3507 2083 Deo
3534 2037 3695 2083 natu-

2097 2117 2281 2172 raliter
2302 2126 2457 2172 natus
2473 2128 2575 2184 est,
2599 2119 2746 2173 nasci
2767 2118 2927 2174 etiam
2953 2117 3374 2174 misericorditer
3395 2119 3412 2151 ⁸
3441 2118 3510 2174 de
3529 2133 3694 2174 carne

2098 2208 2346 2280 dignatus
2382 2220 2502 2267 est:
2533 2210 2635 2266 hoc
2660 2222 2742 2267 est
2770 2211 2913 2266 enim
2934 2250 2949 2276 ,
2981 2208 3049 2264 Et
3087 2209 3304 2266 Verbum
3347 2227 3467 2267 caro
3496 2215 3693 2284 factum

2100 2311 2197 2370 est,
2228 2314 2275 2356 et
2306 2302 2544 2357 habitavit
2568 2302 2620 2357 in
2644 2303 2807 2358 nobis.
2837 2302 2942 2358 Per
2967 2302 3103 2369 hoc,
3143 2302 3353 2373 inquit,
3384 2302 3582 2358 factum
3608 2313 3696 2358 cst

2100 2401 2159 2448 ut
2182 2392 2293 2448 nati
2312 2393 2381 2449 de
2404 2407 2566 2448 carne
2591 2404 2738 2459 caro,
2763 2401 2945 2464 postea
2975 2393 3244 2449 nascendo
3266 2394 3334 2449 de
3362 2394 3551 2465 spiritu
3579 2392 3696 2463 spi-

2101 2484 2239 2541 ritus
2267 2500 2531 2554 essemus,
2570 2494 2626 2541 et
2651 2485 3014 2541 habitaremus
3051 2487 3106 2542 in
3148 2486 3257 2541 Deo
3281 2502 3295 2539 :
3324 2488 3446 2556 quia
3472 2496 3525 2541 et
3554 2485 3700 2541 Deus

2102 2584 2260 2632 natus
2299 2575 2367 2631 de
2395 2576 2525 2643 Deo,
2560 2585 2743 2646 postea
2783 2575 2853 2632 de
2883 2591 3046 2633 carne
3083 2576 3352 2633 nascendo
3376 2591 3502 2632 caro
3526 2575 3700 2633 factus

2103 2676 2206 2734 est,
2232 2677 2287 2723 et
2316 2666 2576 2722 habitavit
2601 2668 2653 2721 in
2676 2667 2849 2723 nobis.
2875 2667 3109 2723 Verbum
3133 2668 3275 2724 enim
3299 2667 3440 2739 quod
3470 2683 3596 2723 caro
3617 2665 3700 2723 fa-

2103 2766 2249 2813 ctum
2269 2765 2371 2823 est,
2402 2757 2458 2811 in
2487 2757 2748 2828 principio
2774 2764 2921 2825 erat,
2953 2767 3009 2813 et
3034 2758 3173 2829 apud
3200 2759 3366 2813 Deum
3394 2759 3536 2815 Deus
3556 2768 3698 2814 erat.

2109 2848 2485 2904 Verumtamen
2525 2848 2637 2919 ipsa
2675 2848 3009 2919 participatio
3044 2848 3187 2903 illius
3223 2850 3279 2905 in
3310 2849 3562 2904 inferiora
3601 2864 3700 2905 no-

2103 2944 2237 3006 stra,
2265 2949 2324 2993 ut
2348 2947 2529 2993 nostra
2559 2948 2702 2995 esset
2723 2939 2776 2993 in
2809 2940 3089 3010 superiora
3119 2939 3284 3008 illius,
3311 2940 3483 2996 tenuit
3506 2955 3697 3011 quam-

2104 3029 2227 3086 dam
2257 3039 2312 3086 et
2341 3029 2394 3084 in
2421 3032 2600 3085 carnis
2627 3030 2904 3087 nativitate
2942 3030 3283 3086 medietatem
3309 3048 3324 3087 :
3356 3040 3415 3085 ut
3448 3045 3547 3085 nos
3575 3031 3699 3102 qui-

2104 3121 2226 3177 dem
2258 3121 2368 3176 nati
2398 3136 2640 3177 essemus
2664 3121 2716 3176 iu
2744 3136 2908 3178 carne
2933 3121 3167 3193 peccati,
3208 3122 3297 3178 ille
3322 3132 3502 3178 autem
3539 3122 3592 3177 in
3619 3123 3698 3179 si-

2105 3212 2404 3269 militudine
2430 3213 2607 3268 carnis
2634 3215 2832 3283 peccati
2858 3230 2874 3270 :
2902 3228 3003 3269 nos
3033 3229 3140 3269 non
3165 3213 3337 3269 solum
3367 3229 3435 3271 ex
3458 3230 3622 3271 carne
3643 3226 3700 3272 ct

2105 3306 2386 3376 sanguine,
2414 3318 2601 3359 verum
2631 3306 2792 3360 etiam
2822 3320 2888 3360 ex
2910 3304 3184 3361 voluntate
3209 3306 3308 3361 viri
3334 3315 3390 3361 et
3416 3321 3483 3362 ex
3509 3306 3701 3381 volun-

2107 3405 2214 3453 tate
2238 3398 2416 3452 earnis
2435 3399 2489 3465 ²;
2522 3399 2612 3453 ille
2637 3406 2815 3453 autem
2840 3407 3044 3453 tantum
3068 3414 3136 3454 ex
3154 3414 3316 3454 carne
3339 3406 3398 3455 et
3419 3400 3699 3472 sanguine,

2106 3501 2216 3542 non
2243 3503 2308 3542 ex
2337 3488 2607 3542 voluntate
2634 3487 2756 3552 viri,
2778 3503 2951 3557 neque
2980 3503 3049 3542 ex
3076 3488 3348 3544 voluntate
3370 3489 3569 3557 carnis,
3602 3490 3698 3545 sed

2105 3593 2171 3633 ex
2194 3578 2307 3634 Deo
2334 3586 2492 3632 natus
2515 3585 2618 3633 est.
2642 3577 2710 3632 Et
2733 3577 2851 3633 ideo
2878 3593 2978 3633 nos
3006 3579 3058 3633 iu
3087 3587 3314 3635 mortem
3339 3591 3556 3651 propter
3574 3596 3704 3652 pec.

2106 3677 2307 3735 catum,
2340 3668 2428 3723 ille
2453 3678 2670 3739 propter
2693 3682 2793 3723 nos
2813 3668 2868 3723 in
2895 3678 3121 3724 mortem
3143 3668 3260 3724 siue
3282 3679 3522 3739 peccato.
3548 3672 3703 3726 Sicut

2106 3768 2283 3815 autem
2313 3759 2564 3813 inferiora
2593 3759 2745 3830 ejus,
2786 3759 2980 3831 quibus
3012 3759 3079 3814 ad
3111 3774 3211 3815 nos
3245 3760 3556 3827 descendit,
3589 3777 3699 3817 nun

2106 3858 2253 3914 omni
2295 3857 2455 3913 modo
2492 3866 2768 3929 coxequata
2809 3867 2936 3912 sunt
2978 3856 3322 3914 inferioribus
3363 3858 3597 3927 nostris,
3644 3859 3699 3914 lu

2106 3950 2298 4022 quibus
2323 3964 2423 4006 nos
2451 3948 2541 4005 hic
2581 3951 2822 4004 invenit:
2848 3950 2928 4005 sic
2952 3956 3009 4005 et
3030 3951 3307 4021 superiora
3333 3958 3547 4018 nostra,
3577 3949 3703 4021 qui-

2106 4042 2206 4098 bus
2229 4041 2296 4098 ad
2324 4057 2446 4097 eum
2473 4040 2835 4108 ascendimus,
2870 4056 2978 4097 non
3003 4041 3431 4113 comquabuntur
3452 4043 3699 4113 superio-

2105 4135 2254 4191 ribus
2282 4134 2421 4205 ejus,
2450 4133 2505 4190 in
2534 4133 2729 4205 quibus
2755 4149 2877 4190 eum
2905 4134 3013 4189 illic
3043 4134 3312 4190 inventuri
3352 4149 3560 4190 sumus.
3591 4134 3702 4191 Nos

2106 4227 2250 4284 enim
2281 4225 2449 4297 ipsius
2471 4226 2639 4297 gratia
2665 4223 2792 4280 facti
2823 4225 3025 4281 erimus
3055 4225 3147 4279 ﬁIii
3181 4224 3309 4292 Dei,
3356 4226 3444 4282 ille
3483 4240 3704 4297 semper

2105 4329 2293 4375 natura
2318 4328 2436 4373 erat
2458 4317 2599 4373 ﬁlius
2627 4316 2725 4373 Dei
2749 4334 2765 4373 :
2796 4331 2897 4372 nos
2931 4316 3221 4388 aliquando
3247 4318 3493 4373 conversi
3519 4318 3705 4374 adhic.

2105 4410 2342 4466 rehimus
2369 4410 2602 4481 impares
2640 4408 2788 4476 Deo,
2832 4407 2922 4464 ille
2959 4423 3229 4480 nunquam
3256 4422 3480 4466 aversus
3518 4419 3703 4465 manet

2105 4500 2326 4572 mqualis
2363 4501 2474 4557 Deo
2497 4517 2513 4556 :
2540 4515 2640 4557 nos
2670 4500 2955 4571 participes
2995 4499 3118 4556 vitze
3161 4508 3415 4567 :eternte,
3467 4499 3559 4557 ille
3586 4501 3695 4554 vita

2104 4600 2326 4647 mterna.
2353 4589 2512 4647 Solus
2557 4604 2686 4661 ergo
2713 4588 2804 4646 ille
2849 4590 3011 4645 etiam
3061 4591 3223 4646 homo
3259 4588 3433 4646 factus
3477 4604 3702 4646 manens

2106 4682 2266 4749 Deus,
2300 4690 2574 4751 peccatum
2607 4681 2807 4738 nullum
2839 4681 3023 4737 habuit
3051 4696 3317 4753 unquam,
3345 4695 3445 4738 nec
3469 4683 3701 4753 sumpsit

2103 4789 2318 4831 carnem
2341 4775 2541 4846 peccati
2562 4773 2605 4841 ⁸,
2633 4775 2875 4845 quamvis
2895 4774 2963 4830 de
2983 4783 3222 4830 materna
3240 4789 3403 4832 carne
3425 4774 3693 4847 peccati‘.

2105 4864 2258 4935 Quod
2282 4866 2425 4922 enim
2448 4865 2626 4922 carnis
2651 4865 2777 4922 inde
2808 4867 3077 4937 suscepit,
3109 4866 3161 4922 id
3192 4865 3430 4938 profecto
3454 4878 3549 4925 aut
3572 4883 3699 4926 sus-

2171 5065 2189 5097 ¹
2222 5064 2389 5125 Abest,
2411 5060 2811 5123 inisericorditer,
2831 5070 2992 5125 attss.

2168 5122 2438 5198 '_Plerique
2458 5132 2588 5198 uss,
2610 5129 2671 5198 et
2699 5137 2765 5198 ea:
2796 5122 3037 5198 uoluptate
3074 5124 3271 5185 canis;
3292 5122 3515 5193 itemque
3550 5128 3700 5194 paulo

2766 5200 3203 5321 ρειρωίς
3225 5244 3456 5316 plerique
3476 5256 3584 5303 Mss.
3611 5251 3702 5302 1η-

2107 5312 2371 5384 ιιειιιριεο
2401 5312 2931 5384 ρυιηηεᾳνιξεπεεεαιὶ.
2973 5312 3116 5363 Forte
3149 5312 3273 5377 pro,
3311 5312 3475 5378 ιιᾱμιει
3500 5325 3703 5365 canem

2106 5372 2320 5439 peccati;
2340 5374 2564 5433 subaudi,
2584 5372 2768 5425 habuit.
3149 5372 3166 5377 ’
3253 5372 3265 5375 “
3366 5372 3398 5417 η’

2143 5435 2193 5510 ,⁸
2225 5434 2454 5510 mea
2468 5441 2828 5510 ποιμναεατιηδ
2861 5435 3063 5510 mea“:
3084 5436 3327 5510 ερτδοιιίοι
3361 5438 3565 5510 codices.
3582 5436 3700 5510 ἀξιον

2109 5504 2163 5550 ει
2182 5509 2310 5563 unus
2325 5494 2594 5548 Casalensis
2611 5497 2820 5563 abbatis:
2837 5494 2938 5563 {de
2957 5498 3165 5563 materia
3378 5497 3591 5563 peccati._
3601 5494 3702 5563 vel

2107 5560 2406 5611 tustissimus
2432 5570 2598 5626 autem
2628 5560 2938 5626 Qerbeiensis
2957 5559 3470 5626 caeteriquegcallit'ani
3504 5560 3703 5610 codices

2109 5633 2302 5684 necnon
2316 5628 2421 5671 tres
2441 5622 2668 5684 Vaticani,
2692 5627 2745 5684 et
2764 5628 2885 5684 quot
2903 5632 2931 5670 a
2950 5622 3329 5673 Lovaniénsibus
3345 5624 3438 5684 visi
3458 5629 3705 5684 suntme)-

2146 5683 2203 5731 ici
2227 5692 2434 5747 quatuor
2458 5682 2651 5738 ferunt,
2676 5682 2738 5732 de
2755 5682 2986 5747 atatem
3016 5696 3164 5735 came
3198 5683 3399 5747 peccati.
3437 5686 3609 5747 Confer
3642 5682 3702 5732 li-

2142 5744 2255 5792 rum’
2268 5745 2487 5808 quintum
2508 5754 2673 5794 contra
2695 5744 2947 5803 lulianum,
2972 5759 3076 5806 mp.
3101 5747 3164 5808 9;
3186 5744 3236 5797 et
3258 5746 3435 5796 librum
3455 5745 3699 5795 decimum

2112 5804 2175 5855 de
2198 5804 2373 5855 Genesi
2397 5806 2456 5855 ad
2473 5806 2722 5868 Litteram,
2746 5820 2828 5857 nn.
2856 5808 2914 5856 i8
2932 5804 3077 5858 et
