4168 6554
428 405 548 462 W35

444 515 744 589 cipleudum
773 513 1066 582 mundavit,
1095 524 1184 569 aut
1210 511 1546 583 suscipiendo
1577 511 1868 567 inundavit.
1903 511 2026 567 ideo

445 608 717 681 Virginem
736 613 983 674 matrem,
1009 620 1112 659 non
1131 605 1249 675 lege
1278 607 1453 659 carnis
1475 604 1700 674 peccati,
1722 604 1773 657 id
1802 610 1904 667 est,
1926 618 2027 657 non

439 699 887 773 concupiscentia:
919 697 1144 753 carnalis
1189 706 1335 751 motu
1363 696 1748 766 concipientem
1780 737 1793 759 ,
1825 694 1918 749 sed
1947 694 2029 764 pia

439 791 549 847 fide
575 791 592 823 ⁸
624 800 862 845 sanetum
890 803 1108 860 germen
1132 788 1184 842 iu
1210 802 1267 842 se
1290 787 1401 842 fieri
1433 795 1845 857 promerentem,
1872 801 2029 857 quam

440 884 666 956 eligeret
709 884 907 939 creavit
940 882 986 951 ³,
1017 881 1084 938 de
1129 898 1230 953 qua
1274 893 1546 937 crearetur
1592 882 1768 953 elegit.
1820 880 2029 950 Quanto

442 977 614 1047 magis
638 991 765 1047 ergo
805 991 931 1031 caro
958 975 1160 1046 peccati
1199 974 1514 1046 haptizauda
1545 983 1626 1030 est
1654 984 1871 1045 propter
1900 989 2029 1030 eva-

440 1066 674 1121 dendum
702 1067 723 1099 ³
747 1066 1007 1137 judicium
1028 1108 1044 1132 ,
1089 1065 1133 1119 si
1183 1064 1447 1136 baptizata
1478 1076 1560 1120 est
1601 1081 1725 1122 caro
1754 1069 1870 1121 sine
1901 1079 2027 1135 pec-

438 1167 560 1212 cato
591 1168 808 1229 propter
840 1157 1149 1212 imitationis
1177 1156 1517 1227 exemplum?
1636 1212 1641 1217 ,

511 1247 738 1306 CAPUT
779 1247 945 1303 XXV.
969 1278 1039 1289 —
1065 1248 1153 1304 39.
1181 1246 1406 1319 Objectio
1430 1245 1841 1317 Pelagianorum.
1868 1246 2021 1316 Quod

439 1349 615 1395 autem
663 1354 822 1409 supra
854 1338 1228 1409 respondimus
1263 1337 1518 1393 adversus
1558 1352 1651 1392 eos
1688 1338 1775 1408 qui
1805 1337 2023 1404 dicunt,

438 1432 504 1486 Si
532 1442 765 1503 peccator
789 1431 959 1504 genuit
998 1441 1343 1500 peccatorem,
1381 1431 1556 1503 justus
1595 1447 1789 1502 quoque
1823 1431 2026 1503 justum

434 1523 639 1593 gignere
676 1521 843 1576 debuit
882 1520 1099 1594 (Sitpra,
1133 1538 1186 1576 n.
1215 1520 1303 1593 ll)
1329 1537 1342 1574 :
1379 1522 1479 1577 hoc
1506 1521 1666 1576 etiam
1694 1521 1777 1576 his
1801 1535 2024 1590 respou-

434 1615 653 1679 deutus,
690 1613 778 1683 qui
806 1611 1023 1679 dicunt,
1065 1611 1132 1667 de
1162 1612 1374 1667 homine
1402 1612 1668 1680 baptizato
1698 1619 1882 1666 uatum
1909 1610 2023 1682 jam

436 1707 583 1758 velut
623 1705 949 1775 baptizatum
975 1704 1156 1758 haberi
1187 1703 1456 1758 debuisse.
1490 1702 1593 1758 Cur
1621 1704 1753 1758 enim
1778 1720 1909 1769 non,
1940 1703 2023 1757 iu-

436 1796 660 1864 quiuut,
691 1796 743 1849 in
770 1795 951 1850 luntbis
981 1796 1140 1865 patris
1163 1795 1242 1850 sui
1270 1796 1432 1867 potuit
1459 1796 1738 1865 baptizari,
1766 1796 1811 1850 si
1839 1811 2022 1850 secun-

436 1890 558 1942 dum
593 1888 872 1960 Epistolam
898 1905 1010 1960 qua:
1033 1889 1101 1942 ad
1142 1888 1382 1943 Hrbrwos
1410 1890 1599 1960 scripta
1628 1898 1727 1956 est,
1757 1891 1809 1945 in
1844 1890 2026 1946 lumbis

433 1980 652 2034 Abralttz
678 1980 800 2035 Levi
826 1980 985 2051 potuit
1024 1980 1263 2035 decimari
1303 1979 1496 2051 (Hebr.
1537 1996 1640 2047 VII,
1676 1981 1730 2045 9,
1761 1981 1882 2052 10)?
1911 1981 2024 2037 lloc

433 2071 524 2149 qui
565 2072 770 2139 dicunt,
798 2072 1076 2127 attendant
1104 2088 1208 2126 non
1238 2082 1517 2143 propterea
1550 2072 1675 2128 Levi
1706 2082 1885 2143 postea
1915 2090 2021 2128 non

431 2162 597 2218 fuisse
622 2163 963 2229 decimatum,
991 2163 1115 2234 quia
1138 2162 1248 2234 jam
1277 2160 1449 2219 fuerat
1475 2163 1767 2219 decimatus
1802 2163 1855 2219 in
1881 2164 2023 2219 lum.

432 2258 517 2311 bis
547 2257 808 2322 Abrahm;
837 2256 931 2312 sed
974 2255 1097 2327 quia
1145 2257 1224 2312 sic
1251 2255 1527 2311 ordinatus
1565 2256 1894 2315 est‘houore
1938 2272 2024 2311 sa-

429 2351 673 2414 cerdotii,
700 2360 756 2405 ut
775 2351 1043 2422 acciperet
1062 2349 1319 2415 decimas,
1340 2364 1443 2404 non
1461 2350 1727 2421 praeberet
1752 2366 1766 2402 :
1788 2349 2021 2420 alioquin

415 2457 530 2498 nec
554 2442 731 2499 exteri
764 2441 959 2497 fratres
983 2442 1122 2512 ejus,
1148 2441 1235 2512 qui
1261 2440 1311 2497 ei
1339 2432 1665 2510 premebant,
1692 2439 2025 2495 decimaren-

422 2549 537 2601 aur,
560 2534 682 2605 quia
710 2544 762 2589 ct
789 2533 886 2603 ipsi
910 2533 963 2588 in
992 2532 1185 2589 lumbis
1203 2530 1302 2587 Abt
1318 2531 1434 2585 aha:
1452 2546 1481 2585 a
1504 2530 1893 2588 Melchisedech
1909 2530 2021 2604 jam

430 2625 642 2679 fuerant
666 2623 933 2683 decimati.

500 2714 591 2770 40.
624 2713 729 2770 Sed
768 2730 834 2769 ne
873 2715 994 2785 quis
1037 2712 1214 2779 dicat,
1267 2718 1545 2783 propterea
1596 2720 1740 2769 recte
1787 2712 2023 2783 potuisse

429 2806 659 2862 Abraha:
692 2806 829 2863 filios
857 2806 1133 2871 decimari,
1162 2805 1531 2876 quamvisjam
1562 2804 1786 2860 fuissent
1811 2805 1862 2859 in
1886 2805 2025 2859 lum-

430 2898 514 2952 bis
536 2899 710 2971 patris
736 2898 821 2953 sui
846 2897 1095 2954 decimati
1117 2938 1133 2964 ,
1161 2898 1281 2967 quia
1311 2895 1595 2952 dccimatio
1627 2896 1745 2951 talis
1770 2911 1859 2952 res
1883 2904 2019 2963 erat,

429 3005 547 3061 quae
574 2990 630 3044 in
654 2990 975 3060 unoquoque
998 2987 1219 3043 homine
1245 3002 1387 3057 saepe
1418 2986 1586 3041 fuerat
1603 2984 1895 3053 facienda‘,
1918 2976 2024 3041 sic:

430 3093 488 3136 ut
509 3082 761 3137 Israelita:
783 3083 939 3137 annis
961 3081 1207 3136 omnibus
1226 3122 1241 3145 ,
1268 3080 1374 3134 imo
1394 3096 1456 3135 ex
1482 3078 1736 3136 fructibus
1776 3080 2022 3135 omnibus

427 3174 664 3231 decimas
692 3182 801 3229 tota
827 3172 932 3228 vita
963 3188 1056 3228 sua
1082 3171 1297 3227 crebras
1320 3171 1495 3226 solent
1519 3170 1759 3240 prmbere
1788 3168 2017 3235 Levitis;

429 3265 760 3339 Baptismum
790 3272 967 3318 autem
996 3263 1098 3319 tale
1122 3271 1515 3319 sacramentum
1543 3276 1662 3316 esse
1686 3260 1826 3331 quod
1853 3260 2020 3317 semel

427 3344 617 3423 datur;
635 3365 690 3412 et
712 3354 758 3410 si
787 3355 892 3427 jam
921 3354 1023 3410 hoc
1046 3361 1327 3424 acceperat
1355 3351 1612 3422 quisque,
1641 3367 1762 3407 cum
1789 3352 1840 3407 in
1870 3361 2019 3422 patre

404 3464 527 3504 ηδεο
555 3454 731 3513 esset,
782 3445 991 3502 nonnisi
1037 3444 1358 3515 baptizatum
1406 3442 1570 3497 fuisse
1622 3441 2016 3513 deputandum,

402 3557 548 3597 cum
580 3540 649 3597 de
683 3540 775 3597 illo
800 3539 888 3611 qui
915 3538 1212 3608 baptizatus
1239 3536 1408 3592 fuerat
1436 3539 1760 3608 gigneretur.
1790 3534 1891 3602 Qui
1919 3534 2020 3590 hoc

426 3633 558 3688 dicit
589 3631 679 3706 (ne
722 3631 814 3687 diu
852 3627 1172 3702 disputem),
1220 3626 1681 3684 circumcisiouem
1727 3627 2014 3694 respiciat,

427 3740 549 3795 qua:
580 3723 749 3780 semel
775 3722 954 3782 fiebat.
986 3730 1040 3777 et
1063 3729 1242 3777 tamen
1263 3719 1316 3775 in
1337 3719 1558 3790 singulis
1586 3718 1889 3789 singillatim
1919 3717 2017 3773 fie-

426 3817 539 3871 bat.
565 3812 714 3871 Sicut
740 3828 866 3883 ergo
894 3822 1135 3883 tempore
1174 3812 1316 3868 illius
1342 3811 1659 3866 sacramenti
1689 3811 1757 3866 de
1785 3811 2016 3866 circum-

429 3906 545 3961 ciso
565 3906 654 3976 qui
687 3912 1017 3970 nasceretur,
1032 3901 1492 3959 eircumeidendus
1517 3902 1609 3956 fuit
1636 3919 1649 3955 :
1677 3901 1755 3957 sic
1782 3917 1921 3958 nunc
1949 3900 2017 3956 de

424 3999 697 4070 baptizato
725 3997 815 4068 qui
840 4005 996 4051 natus
1022 3994 1196 4062 fuerit,
1227 3994 1571 4065 baptizandus
1597 4003 1697 4050 est.

494 4091 585 4145 ιι.
616 4091 684 4144 At
707 4088 849 4145 enim
875 4086 1163 4159 Apostolus
1190 4086 1290 4149 ait,
1325 4084 1449 4140 Filii
1474 4086 1623 4141 vestri
1662 4086 1909 4141 immundi
1934 4104 2016 4142 es-

423 4189 554 4243 sent,
578 4196 714 4234 nunc
745 4188 913 4234 autem
938 4179 1101 4234 sancti
1127 4185 1246 4234 sunt
1275 4177 1321 4245 (l
1346 4177 1464 4233 Cor.
1504 4193 1607 4243 vn,
1644 4175 1732 4250 Η)
1759 4195 1772 4231 :
1805 4187 1851 4232 et
1879 4178 2012 4243 ideo,

425 4272 690 4343 inquiunt,
715 4271 944 4342 ﬁdelium
970 4270 1068 4340 ﬁlii
1080 4270 1196 4343 jam
1223 4268 1470 4340 baptizari
1497 4269 1701 4324 minime
1720 4268 2011 4323 debuerunt.

425 4364 589 4421 Miror
614 4363 718 4420 hoc
746 4363 945 4429 dicere,
980 4363 1069 4434 qui
1100 4371 1293 4433 negant
1320 4371 1596 4433 peccatum
1623 4377 1687 4416 ex
1716 4359 1886 4415 Adam
1908 4360 2017 4415 ori-

422 4458 672 4529 ginaliter
697 4456 854 4512 trahi.
884 4456 939 4512 Si
977 4457 1120 4512 enim
1159 4455 1297 4511 hanc
1319 4454 1555 4526 Apostoli
1588 4454 1905 4509 sententiam
1936 4457 2015 4508 sic

418 4549 725 4620 accipiunt,
762 4556 828 4603 .ut
846 4547 1075 4603 credant
1098 4546 1166 4603 de
1195 4547 1439 4603 fidelibus
1477 4546 1836 4602 sanctificatos
1875 4546 2015 4600 filios

423 4641 594 4709 nasci,
622 4655 723 4697 cur
746 4654 843 4697 eos
871 4640 1031 4697 etiam
1076 4640 1175 4712 ipsi
1206 4639 1461 4710 baptizari
1486 4650 1738 4709 Oportere
1781 4655 1887 4694 non
1915 4639 2017 4693 du-

422 4731 627 4788 bitant?
668 4732 773 4789 Cur
799 4731 1029 4803 denique
1067 4731 1257 4786 nolunt
1282 4730 1433 4786 fateri
1463 4729 1531 4786 de
1569 4739 1790 4802 parente
1826 4745 2015 4800 pecca-

422 4834 541 4878 tore
566 4823 778 4895 aliquod
803 4832 1074 4894 peccatum
1098 4822 1429 4892 originaliter
1456 4821 1614 4888 trahi,
1656 4821 1702 4876 si
1732 4820 1799 4877 de
1827 4832 2013 4878 sancto

421 4915 599 4984 aliqua
640 4916 893 4970 sanctitas
922 4913 1182 4969 trahitur?
1230 4913 1296 4968 Et
1320 4922 1503 4967 contra
1531 4921 1766 4967 nostram
1796 4911 2009 4984 quidem

422 5022 533 5062 non
557 5016 641 5062 est
663 5006 1048 5075 assertionem,
1080 5007 1289 5063 etiamsi
1320 5021 1384 5061 ex
1417 5004 1661 5060 fidelibus
1688 5006 1857 5062 sancti
1882 5022 2011 5076 pro-

392 5108 704 5169 vpagautur,
733 5099 874 5170 quod
898 5115 993 5155 eos
1023 5098 1268 5165 dicimus,
1298 5099 1341 5152 si
1371 5114 1477 5152 non
1509 5098 1857 5168 haptizantur,
1886 5115 2012 5169 per-

421 5207 546 5262 gere
576 5192 627 5246 in
655 5191 1073 5259 damnationem,
1097 5191 1290 5261 quibus
1315 5196 1367 5243 et
1389 5189 1486 5258 ipsi
1510 5203 1731 5259 regnum
1751 5190 2009 5246 caelorum

421 5283 802 5353 intercludunt,
831 5284 1074 5359 quamvis
1117 5298 1211 5345 eos
1258 5282 1436 5336 dicant
1475 5297 1578 5335 non
1619 5279 1816 5338 habere
1845 5284 2008 5339 ullum

402 5376 502 5431 .vel
522 5375 828 5447 proprium,
856 5377 940 5431 vel
970 5373 1227 5445 originale
1271 5379 1566 5440 peccatum.
1603 5372 1708 5427 Aut
1746 5373 1791 5427 si
1821 5374 1899 5429 eis
1928 5374 2009 5439 ius

461 5537 507 5604 ’ξ
537 5542 588 5586 tu
607 5544 737 5597 ιω..
759 5531 845 5585 sed
860 5533 967 5600 ipsa
983 5533 1100 5604 ﬁde.
1223 5600 1232 5604 _
1401 5592 1412 5604 ο

481 5600 503 5663 ξ
538 5611 638 5663 Am.
664 5595 835 5657 etiam,
860 5595 1006 5663 quam
1026 5595 1233 5663 elegerat
1250 5595 1446 5645 cream't.

483 5661 504 5724 ξ
536 5660 725 5724 aliquot
745 5658 1244 5724 Mss..jevacuandum.

480 5722 503 5753 ⁸
528 5718 696 5773 Plures
712 5730 838 5778 Mss,
863 5718 917 5770 in
939 5731 1217 5783 unoquoque
1250 5730 1377 5767 anno
1400 5718 1560 5781 fuerat
1578 5720 1835 5783 facienda;
1855 5723 2007 5774 omis-

409 5796 489 5850 so,
515 5797 660 5850 sape,
676 5783 803 5850 quod
831 5783 997 5833 στειρτὶ
1020 5789 1543 5850 quoquepraftereuut
1567 5797 1579 5832 :
1605 5792 1656 5833 et
1680 5786 1800 5833 intra
1815 5800 1917 5850 pro,
1940 5799 2003 5837 ea:

422 5840 887 5912 ﬁWntfhabeut
909 5840 1095 5905 outttés,
1121 5840 1185 5893 alr
1207 5840 1444 5906 (megillus.

1080 398 1168 455 DE
1207 396 1668 455 PECCATOIKUM
1709 395 1986 454 MERITIS

2148 394 2571 465 REMISSIOXE,
2613 397 2671 453 S.
2712 395 3080 454 AUGUSTINI

3621 399 3726 457 HG

2135 510 2353 581 dignum
2390 512 2616 578 videtur,
2648 519 2706 566 ut
2730 512 2899 567 sancti
2943 512 3283 577 damnentur,
3329 512 3596 582 quomodo
3642 525 3727 572 est

2135 603 2350 675 dignum
2373 614 2429 659 ut
2454 620 2486 659 a
2513 620 2676 676 regno
2701 605 2791 661 Dei
2821 605 2990 660 sancti
3011 605 3362 675 separentur?
3391 606 3519 661 Illud
3547 608 3722 677 potius

2134 696 2444 760 attendant,
2494 697 2758 767 quomodo
2784 712 2891 752 non
2920 697 2990 752 de
3019 696 3389 767 peccatoribus
3417 700 3725 768 parentibus

2134 786 2377 843 trahatur
2418 788 2632 859 aliquod
2663 799 2937 858 peccatum
2959 829 2975 855 ,
3006 790 3050 843 si
3090 788 3156 843 de
3181 790 3380 844 sanctis
3405 791 3577 860 aliqua
3603 806 3727 845 san-

2132 879 2290 935 ctitas
2316 878 2541 933 trahitur
2570 889 2620 934 et
2644 879 2976 933 immunditia
3002 878 3068 934 de
3092 880 3400 935 immundis.
3427 880 3727 953 Utrumque

2132 969 2276 1025 enim
2304 969 2457 1039 dixit,
2490 970 2580 1040 qui
2609 969 2772 1035 dixit,
2798 969 3034 1039 Alioquin
3065 971 3163 1039 lilii
3190 972 3342 1025 vestri
3370 972 3618 1027 immundi
3648 992 3725 1029 es-

2131 1072 2272 1127 sent,
2305 1079 2437 1117 nunc
2481 1072 2645 1116 autem
2675 1062 2838 1116 sancti
2877 1072 3015 1117 sunt.
3068 1065 3347 1133 Expliceut
3389 1066 3549 1120 etiam
3587 1083 3724 1138 quo-
3796 1053 3806 1083 τ

2131 1153 2292 1209 modo
2313 1154 2510 1223 justum
2536 1156 2624 1221 sit,
2657 1162 2718 1209 ut
2741 1155 2908 1209 sancti
2935 1170 3001 1209 ex
3033 1155 3279 1210 fidelibus
3300 1164 3349 1211 (-t
3378 1160 3635 1213 immundi
3658 1176 3723 1214 ex

2131 1243 2435 1300 infidelibus
2463 1246 2593 1312 uati,
2631 1247 2826 1315 pariter
2857 1256 3031 1300 tamen
3054 1287 3069 1312 ,
3116 1247 3162 1302 si
3191 1248 3440 1317 baptizati
3475 1265 3579 1303 non
3612 1250 3724 1305 fue-

2130 1336 2259 1403 rint,
2285 1351 2504 1406 regnum
2540 1335 2631 1389 Dei
2657 1352 2761 1390 non
2794 1336 3169 1405 permittantur
3189 1338 3406 1393 intrare.
3431 1339 3567 1407 Quid
3594 1356 3723 1411 ergo

2131 1427 2236 1482 illis
2259 1428 2357 1482 ista
2379 1429 2632 1483 sanctitas
2657 1429 2910 1498 prodest?
2934 1429 3067 1483 Nam
3097 1430 3142 1484 si
3163 1428 3403 1485 damnari
3434 1431 3725 1506 faterenjur

2130 1518 2430 1574 immundos
2459 1535 2524 1575 ex
2558 1519 2857 1575 infidelibus
2888 1529 3042 1575 natos
3066 1520 3107 1587 ί,
3138 1530 3352 1576 sanctos
3375 1531 3555 1577 autem
3584 1523 3722 1577 filios

2131 1610 2367 1666 fidelium
2410 1612 2462 1666 in
2507 1612 2598 1666 Dei
2638 1611 2850 1681 quidem
2879 1625 3102 1681 regnum
3134 1612 3334 1667 intrare
3370 1628 3479 1667 non
3526 1628 3718 1683 posse,

2130 1704 2231 1759 nisi
2261 1703 2458 1760 fuerint
2481 1704 2753 1774 baptizati,
2778 1719 2882 1758 non
2911 1712 3088 1758 tamen
3110 1703 3377 1773 damnari,
3401 1706 3521 1775 quia
3551 1708 3720 1761 sancti

2128 1802 2274 1861 sunt,
2307 1802 2447 1849 esset
2473 1795 2877 1864 qualiscumque
2903 1792 3173 1848 distinctio
3198 1812 3212 1848 :
3241 1809 3384 1849 nunc
3408 1811 3535 1850 vero
3566 1805 3725 1851 natos

2127 1882 2196 1939 de
2225 1884 2424 1939 sanctis
2446 1894 2682 1951 sanctos,
2712 1892 2766 1939 et
2788 1883 2855 1938 de
2883 1884 3171 1939 immundis
3199 1885 3523 1953 immundos,
3542 1902 3723 1958 mqua-

2128 1977 2251 2033 liter
2267 1976 2469 2043 dicunt,
2495 1985 2548 2031 et
2575 1976 2697 2043 quia
2734 1985 3010 2047 peceatum
3046 1992 3152 2031 non
3185 1977 3414 2045 habent,
3465 1996 3570 2035 non
3623 1981 3723 2035 da-

2129 2067 2321 2132 mnari,
2358 2076 2415 2122 et
2441 2068 2561 2137 quia
2601 2067 2927 2137 Baptismum
2955 2084 3060 2121 non
3102 2067 3323 2135 habent,
3353 2085 3383 2124 a
3428 2070 3523 2127 Dei
3554 2088 3726 2141 regno

2128 2158 2385 2229 separari.
2414 2158 2562 2214 Hanc
2591 2158 2971 2214 absurditatem
3002 2159 3126 2214 talia
3154 2159 3361 2230 ingenia
3402 2176 3507 2216 non
3537 2162 3723 2218 videre

2128 2253 2248 2322 quis
2276 2251 2497 2307 credat?

2199 2345 2286 2399 42.
2315 2343 2523 2400 Nostrae
2551 2353 2727 2400 autem
2746 2386 2760 2413 ,
2796 2345 2902 2399 imo
2934 2344 3100 2415 ipsius
3127 2345 3367 2416 Apostoli
3406 2346 3721 2412 sententiae,

2128 2439 2414 2511 qui/dixit,
2448 2437 2530 2493 Ea:
2555 2455 2657 2493 uno
2695 2455 2865 2493 omnes
2892 2439 2961 2492 ad
2988 2439 3486 2503 condemnationem;
3521 2448 3608 2505 et,
3638 2438 3727 2493 Ex

2128 2551 2228 2589 uno
2265 2549 2434 2588 omnes
2461 2532 2529 2586 ad
2552 2532 2970 2605 justiﬁcationem
2998 2533 3116 2587 vita:
3158 2531 3346 2605 (Rom.
3378 2547 3428 2598 v,
3467 2531 3556 2599 16,
3593 2532 3721 2602 18);

2128 2639 2286 2695 quam
2315 2638 2420 2683 non
2447 2624 2516 2677 sit
2541 2624 2870 2677 contrarium
2902 2623 3003 2678 hoc
3043 2622 3183 2692 quod
3225 2622 3331 2689 ait,
3375 2637 3496 2677 cum
3525 2622 3592 2678 de
3616 2623 3723 2679 alia

2127 2731 2188 2773 re
2207 2726 2405 2787 ageret,
2441 2714 2673 2786 Alioquin
2704 2715 2800 2786 ﬁlii
2827 2715 2974 2769 vestri
2993 2714 3243 2769 immundi
3266 2725 3448 2782 essent,
3472 2729 3608 2769 nunc
3633 2730 3723 2767 au-

2129 2817 2227 2862 tem
2250 2808 2412 2863 sancti
2436 2816 2573 2874 sunt,
2604 2807 2872 2876 paululum
2901 2805 3135 2861 attende.

2196 2900 2423 2956 CAPUT
2450 2899 2726 2954 XX\’l.-—
2742 2900 3090 2968 Sancti/icatio
3115 2897 3384 2969 multiplex
3412 2898 3721 2953 Sacramen-

2128 3005 2230 3051 tum
2251 2994 2741 3049 catcclmmenorum.
2760 2992 2875 3047 Non
2898 2992 3053 3047 unius
3079 2991 3220 3048 modi
3241 2991 3718 3047 estsanctificatio:

2128 3102 2253 3142 nam
2292 3093 2348 3141 et
2393 3086 2807 3141 catechumenos
2834 3084 3126 3138 secundum
3169 3083 3453 3154 quemdam
3500 3083 3718 3138 modum

2126 3194 2282 3235 suum
2322 3194 2419 3249 per
2443 3178 2654 3249 signum
2685 3176 2881 3232 Christi
2908 3184 2962 3230 et
2998 3175 3292 3230 orationem
3323 3190 3513 3230 manus
3543 3176 3718 3245 impo-

2126 3270 2333 3327 sitionis
2357 3271 2379 3301 ¹
2407 3279 2535 3340 puto
2562 3267 2878 3324 sanctificari
2906 3285 2919 3321 :
2951 3278 3007 3322 et
3031 3265 3173 3336 quod
3203 3266 3491 3334 accipiunt,
3523 3280 3719 3336 quam—

2125 3363 2205 3417 vis
2247 3376 2353 3417 non
2391 3362 2461 3417 sit
2499 3375 2694 3432 corpus
2732 3359 2959 3424 Christi,
3004 3366 3246 3413 sanctum
3286 3368 3369 3412 est
3404 3368 3617 3426 tamen,
3663 3366 3722 3412 et

2124 3452 2362 3508 sanctius
2401 3466 2560 3523 quam
2606 3450 2709 3507 cibi
2754 3449 2947 3520 quibus
2986 3449 3200 3515 alimur,
3242 3447 3492 3520 quoniam
3540 3464 3722 3503 sacra-

2126 3554 2366 3602 mentum
2391 3554 2473 3601 est
2497 3543 2595 3618 (a).
2634 3543 2830 3600 Verum
2855 3552 2910 3599 et
2944 3542 3088 3612 ipsos
3113 3542 3282 3609 cibos,
3313 3541 3509 3612 quibus
3532 3541 3598 3596 ad
3624 3557 3721 3596 ne-

2125 3638 2432 3694 cessitatem
2462 3635 2824 3693 sustentanda:
2842 3635 2998 3705 hujus
3026 3634 3144 3689 vita:
3172 3634 3384 3701 alimur,
3401 3630 3716 3689 sanctificari

2124 3729 2264 3785 idem
2293 3728 2568 3800 apostolus
2599 3727 2768 3795 dixit,
2810 3741 2908 3797 per
2932 3726 3156 3782 verbum
3201 3725 3296 3780 Dei
3339 3736 3393 3781 et
3420 3726 3717 3780 orationem

2125 3820 2168 3893 (Ι
2193 3818 2327 3875 Tim.
2359 3837 2429 3887 ιν,
2462 3821 2542 3892 5),
2568 3836 2672 3891 qua
2699 3834 2915 3874 oramus
2934 3861 2949 3885 ,
2978 3819 3159 3889 utique
3187 3827 3371 3873 nostra
3398 3818 3715 3887 corpuscula

2121 3910 2394 3968 refecturi.
2418 3910 2566 3966 Sicut
2591 3924 2718 3981 ergo
2743 3911 2843 3964 ista
2866 3909 3107 3964 ciborum
3135 3908 3487 3963 sanctificatio
3511 3923 3615 3962 non
3638 3908 3718 3963 ef-

2123 4004 2232 4059 ficit
2263 4013 2319 4059 ut
2346 4004 2486 4075 quod
2518 4003 2569 4057 in
2608 4017 2670 4058 os
2699 4001 3005 4066 intraverit,
3049 4016 3157 4056 non
3190 4001 3242 4056 in
3272 4008 3517 4055 ventrem
3555 4000 3716 4056 vadat

2120 4105 2176 4153 et
2196 4098 2246 4152 in
2264 4112 2534 4153 secessum
2556 4096 2830 4152 emittatur
2849 4110 2945 4166 per
2964 4095 3385 4166 corruptionem,
3407 4110 3511 4167 qua
3532 4097 3712 4151 omnia

2122 4198 2333 4247 terrena
2363 4189 2664 4255 solvuntur,
2697 4188 2837 4244 unde
2863 4197 2917 4242 et
2953 4186 3021 4242 ad
3059 4188 3217 4241 aliam
3252 4202 3428 4242 escam
3457 4203 3577 4259 quze
3605 4204 3713 4245 non

2120 4281 2499 4351 corrumpitur,
2533 4295 2633 4335 nos
2655 4280 2916 4335 Dominus
2941 4279 3260 4335 exhortatur
3280 4278 3455 4350 (Joan.
3476 4296 3552 4345 vr,
3577 4279 3669 4352 2'7)
3694 4297 3711 4335 :

2122 4374 2193 4429 ita
2224 4370 2575 4428 sanctificatio
2599 4371 2989 4438 catechumcni,
3016 4372 3058 4427 si
3082 4386 3189 4427 non
3212 4370 3369 4427 fuerit
3389 4372 3709 4443 baptizatus,

2121 4479 2225 4519 non
2251 4464 2300 4518 ei
2329 4463 2469 4518 valet
2496 4461 2563 4517 ad
2590 4461 2894 4517 intrandum
2924 4462 2977 4517 in
3023 4477 3243 4534 regnum
3284 4462 3543 4519 caelorum
3564 4506 3579 4532 ,
3619 4475 3713 4517 aut

2119 4556 2185 4613 ad
2217 4563 2554 4626 peccatorum
2594 4554 2987 4610 remissionem.
3017 4556 3096 4610 Ac
3134 4570 3231 4626 per
3257 4554 3358 4610 hoc
3383 4565 3433 4611 et
3464 4557 3551 4610 illa
3583 4571 3712 4610 sau-

2119 4646 2388 4713 ctiflcatio,
2419 4647 2805 4717 cujuscumque
2847 4646 2989 4702 modi
3017 4648 3107 4713 sit,
3139 4662 3296 4717 quam
3328 4648 3382 4704 in
3413 4647 3536 4702 filiis
3574 4647 3709 4703 fide-

2120 4736 2245 4791 lium
2285 4750 2406 4791 esse
2429 4735 2561 4791 dixit
2587 4736 2909 4808 Apostolus,
2941 4735 3007 4791 ad
3049 4737 3203 4792 istam
3229 4735 3297 4791 de
3337 4737 3605 4808 Baptismo
3654 4746 3713 4794 et

2118 4828 2186 4883 de
2215 4827 2418 4899 peccati
2440 4827 2648 4899 origine
2672 4827 2760 4883 vel
2786 4829 3101 4884 remissione
3121 4829 3468 4900 qumstionem
3490 4830 3710 4884 omnino

2117 4935 2224 4974 non
2254 4918 2502 4989 pertinet.
2530 4917 2660 4974 Nam
2687 4927 2741 4975 et
2763 4920 3019 4990 eonjuges
3039 4919 3286 4975 infideles
3312 4920 3363 4974 in
3390 4920 3706 4990 conjugibus

2070 5046 2081 5057 ι
2119 5010 2366 5067 fidelibus
2395 5011 2718 5067 sanctificari
2756 5009 2885 5066 dicit
2924 5026 2990 5067 eo
3031 5011 3148 5081 ipso
3185 5010 3402 5066 locoita
3445 5012 3705 5083 loquens:

2182 5231 2197 5261 ¹
2225 5236 2274 5281 tn
2305 5230 2528 5280 omnibus
2543 5227 2651 5279 fere
2671 5231 3011 5292 manuscriptis
3047 5229 3211 5290 deest,
3236 5241 3303 5281 ea:
3320 5225 3597 5283 infidelibus
3622 5242 3706 5280 na-

2117 5297 2204 5385 m;
2234 5354 2542 5417 ttemigianus
2568 5359 2663 5404 Ms.
2682 5388 2698 5414 ,
2748 5358 2795 5403 et
2833 5351 3098 5403 oratitmem
3136 5359 3185 5402 et
3229 5366 3404 5404 atauus
3444 5353 3708 5418 ὺπροαιίο-

2286 5476 2588 5539 Aecipichant
2609 5475 2945 5539 catechumeni
2981 5483 3336 5526 sacramentum
3370 5475 3502 5539 salis,
3526 5488 3622 5538 qua
3643 5474 3709 5524 de

2113 5550 2171 5588 re
2207 5537 2370 5588 exstat
2391 5537 2589 5588 concilii
2625 5538 3015 5600 Carthaginean
3050 5539 3182 5587 tertii
3204 5550 3356 5588 canon
3373 5539 3422 5589 5.
3446 5537 3495 5587 td
3516 5537 3711 5587 rursum

2116 5601 2407 5663 augustinus
2427 5601 2475 5649 in
2491 5600 2626 5663 libro
2641 5600 2707 5649 de
2723 5600 3078 5663 Catechizandis
3100 5600 3327 5663 uadibus,
3361 5614 3411 5650 n.
3443 5600 3521 5663 5Q,
3549 5611 3709 5649 sacra-

2113 5660 2333 5713 mentum
2362 5661 2575 5725 appellat
2608 5670 2661 5713 et
2695 5662 2915 5725 Speciem
2952 5662 3298 5725 benedictione
3329 5660 3705 5712 sanctificatam:

2112 5725 2363 5797 quietiam
2386 5724 2512 5797 libro
2535 5725 2557 5773 l
2583 5724 2961 5797 Confessiopum,
2983 5735 3087 5797 cap.
3114 5724 3189 5786 lt,
3214 5724 3387 5797 desuo
3405 5735 3557 5796 ips'tus
3577 5731 3710 5797 catef

2113 5785 2406 5858 clintueuatu
2430 5785 2652 5897 loquens,
2685 5792 2769 5860 {Et
2799 5786 3024 5898 signabar
3040 5785 3197 5849 jam,’
3228 5787 3313 5849 ait,
3344 5785 3521 5851 «signo
3550 5785 3707 5835 croci!

2122 5868 2145 5895 ι
2169 5861 2289 5898 eius.
2318 5856 2368 5898 et
2392 5860 2482 5898 con
2516 5850 2651 5898 tebar
2677 5859 2783 5898 ems
2886 5860 2931 5898 e.
2959 5865 2981 5895 ι

2122 5868 2145 5895 ι
2169 5852 2289 5914 ejus,
2318 5856 2368 5899 et
2392 5850 2651 5898 eoudiebar
2677 5850 2783 5914 ejus
2810 5850 2931 5898 sale.
2959 5865 2981 5895 ι
