4168 6548
432 518 533 574 17?

428 629 799 701 Sanctiﬁcatur
821 632 953 687 enim
976 632 1052 686 t'ir
1076 631 1299 702 inﬁdelis
1325 631 1377 687 in
1399 646 1571 696 uxore,
1603 639 1648 685 et
1669 628 2014 700 sanctiﬁcatur

428 719 611 775 mulier
650 719 874 789 inﬁdelis
913 721 970 775 in
993 721 1173 792 fratre.
1202 721 1439 792 Alioquin
1465 720 1563 789 ﬁlii
1591 720 1740 775 vestri
1766 718 2014 773 immundi

429 819 621 879 essent,
664 827 798 867 nunc
824 822 991 869 autem
1030 813 1195 869 sancti
1220 825 1339 868 sunt
1368 814 1411 885 (l
1439 811 1556 869 Cor.
1581 829 1653 868 vn
1674 853 1689 878 ,
1717 812 1828 885 14).
1859 812 1973 867 Non
1996 854 2012 880 ,

431 902 643 972 opinor,
675 901 954 974 quisquam
981 911 1091 959 tam
1115 903 1406 959 inﬁdeliter
1430 903 1713 975 intelligit,
1740 902 2017 974 quodlibet

427 993 480 1047 in
510 993 593 1048 his
619 993 799 1049 verbis
820 994 1098 1066 intelligat,
1127 1003 1186 1051 ut
1208 994 1279 1051 ob
1299 996 1401 1051 hoc
1421 995 1689 1050 existimet
1711 995 1872 1050 etiam
1903 1009 2016 1049 ma-

428 1085 589 1139 ritum
633 1100 739 1140 non
778 1087 1163 1155 christianum,
1207 1083 1330 1159 q'uia
1369 1085 1657 1143 christiana
1694 1086 1853 1143 fuerit
1878 1102 2015 1143 uxor

426 1177 565 1247 ejus,
588 1192 762 1249 neque
783 1179 892 1249 jam
919 1180 1176 1252 baptizari
1203 1190 1473 1252 oportere,
1502 1191 1556 1237 et
1576 1182 1642 1238 ad
1669 1192 2013 1253 peccatorum

429 1268 797 1325 remissionem
835 1271 946 1341 jam
998 1271 1342 1342 pervenisse,
1389 1281 1444 1328 et
1484 1272 1537 1327 in
1579 1287 1802 1343 regnum
1844 1272 2014 1329 caelo-

427 1375 545 1414 rum
574 1375 693 1417 esse
727 1361 1044 1419 intraturum
1062 1404 1079 1432 ,
1110 1365 1236 1437 quia
1262 1363 1620 1421 sanctiﬁcatus
1647 1364 1822 1421 dictus
1845 1374 1929 1421 est
1952 1364 2007 1420 in

431 1468 620 1508 uxore.

474 1542 701 1600 CAPUT
719 1543 909 1601 XXVII
918 1546 1095 1603 .—43.
1116 1546 1286 1614 Quare
1301 1546 1712 1621 baptizenturqui
1719 1548 1835 1620 jam
1850 1546 1913 1603 de
1924 1546 2018 1602 ba-

425 1636 625 1706 ptizatis
641 1647 935 1694 nascuntur.
948 1639 1197 1711 Quisquis
1216 1656 1345 1697 vero
1359 1641 1534 1698 adhuc
1559 1650 1828 1707 movetur,
1846 1655 2013 1712 quare

423 1725 755 1797 baptizeutur
781 1731 873 1801 qui
894 1730 1004 1801 jam
1030 1730 1101 1789 de
1137 1732 1420 1805 baptizatis
1437 1743 1745 1801 nascuntur,
1772 1733 1873 1790 hoc
1893 1733 2015 1791 bre—

424 1817 560 1872 viter
577 1818 822 1890 accipiat.
840 1819 987 1877 Sicut
1003 1823 1279 1894 generatio
1303 1825 1479 1882 carnis
1508 1825 1711 1897 peccati
1732 1840 1830 1896 per
1846 1840 2011 1881 unum

422 1910 590 1966 Adam
600 1911 667 1967 ad
680 1913 1179 1972 condemnationem
1192 1916 1353 1973 trahit
1364 1932 1552 1974 omnes
1566 1918 1655 1989 qui
1671 1932 1737 1974 eo
1753 1915 1915 1974 modo
1929 1933 2015 1988 ge-

422 2010 695 2070 nerantur;
712 2004 791 2059 sic
808 2006 1082 2076 generatio
1100 2007 1317 2078 spiritus
1331 2009 1515 2080 gratim
1535 2024 1631 2080 per
1646 2024 1806 2064 unum
1822 2007 2007 2068 Jesum

419 2089 687 2146 Christum
712 2092 778 2148 ad
802 2095 1238 2163 justilicationem
1268 2098 1392 2154 vita:
1412 2107 1628 2155 aeternae
1650 2098 1798 2154 ducit
1822 2112 2011 2155 omnes

420 2182 510 2251 qui
541 2196 607 2239 eo
635 2184 795 2240 modo
828 2186 1191 2256 praedestinati
1220 2198 1605 2260 regenerantur
1627 2190 1666 2243 ί.
1689 2188 2009 2246 Sacramen-

418 2283 530 2327 tum
552 2285 729 2332 autem
757 2276 1012 2349 Baptismi
1041 2280 1278 2351 profecto
1307 2289 1701 2338 sacramentum
1725 2296 2010 2353 regenera-

420 2366 578 2421 tionis
599 2378 703 2424 est.
734 2369 997 2440 Quocirca
1027 2373 1163 2429 sicut
1190 2374 1352 2430 homo
1375 2375 1465 2446 qui
1492 2390 1599 2431 non
1626 2375 1840 2441 vixerit,
1871 2375 2007 2431 mori

420 2471 527 2512 non
557 2467 751 2528 potest,
779 2469 834 2516 et
855 2463 946 2533 qui
976 2471 1216 2520 mortuus
1244 2479 1352 2521 non
1378 2464 1558 2533 fuerit,
1587 2481 1871 2538 resurgere
1899 2481 2005 2522 non

417 2559 593 2619 potest
620 2569 635 2606 :
667 2552 738 2607 ita
780 2555 870 2625 qui
901 2565 1056 2612 natus
1082 2571 1189 2611 non
1216 2555 1391 2627 fuerit,
1432 2557 1642 2614 renasci
1671 2574 1783 2614 non
1807 2564 2001 2631 potest.

415 2640 497 2696 Ex
528 2659 632 2713 quo
659 2645 968 2715 coniicitur,
998 2648 1265 2703 neminem
1312 2649 1365 2704 in
1403 2663 1502 2705 suo
1534 2658 1757 2720 parente
1796 2650 2003 2706 renasci

414 2734 649 2802 potuisse
677 2750 780 2790 non
808 2746 1011 2793 natum.
1035 2737 1258 2809 Oportet
1276 2748 1476 2808 autem,
1501 2750 1557 2796 ut
1576 2740 1621 2797 si
1648 2749 1804 2797 natus
1823 2740 1999 2810 fuerit,

415 2836 727 2883 renascatur
756 2846 771 2883 :
801 2830 922 2901 quia
949 2830 1048 2885 nisi
1073 2831 1185 2902 quis
1216 2841 1365 2887 natus
1393 2832 1546 2903 fuerit
1570 2832 1755 2901 denuo,
1779 2849 1879 2888 non
1904 2852 2002 2906 po—

412 2926 502 2970 test
524 2917 692 2973 videre
715 2935 922 2991 regnum
952 2920 1048 2975 Dei
1078 2921 1254 2995 (Joan.
1286 2939 1363 2991 ιιι,
1392 2923 1469 2994 5).
1505 2916 1726 2995 Oportet
1762 2925 1921 2996 igitur
1944 2935 2003 2982 ut

412 3008 760 3064 Sacramento
785 3014 1237 3082 regenerationis,
1268 3029 1336 3070 ne
1374 3015 1490 3071 sine
1515 3015 1609 3071 illo
1638 3016 1775 3073 male
1800 3017 1870 3073 de
1898 3016 2000 3074 bac

411 3092 513 3155 vita
542 3111 734 3167 exeat.
762 3104 923 3158 etiam
954 3105 1208 3175 parvulus
1240 3107 1509 3164 imbuatur
1543 3125 1558 3163 :
1596 3109 1739 3180 quod
1784 3125 1892 3165 non
1940 3109 1999 3167 iit

410 3192 510 3247 nisi
541 3194 593 3248 in
616 3196 984 3253 remissionem
1007 3207 1365 3268 peccatorum.
1388 3199 1540 3269 Quod
1559 3202 1719 3257 etiam
1740 3201 1856 3271 ipso
1876 3201 1998 3260 loco

407 3282 648 3339 Christus
672 3286 925 3354 ostendit,
952 3303 1073 3344 cum
1095 3288 1455 3362 interrogatus
1481 3291 1752 3363 quomodo
1778 3302 1997 3363 possent

407 3374 505 3428 ista
530 3374 667 3443 ﬁeri,
698 3382 1138 3436 commemoravit
1162 3380 1288 3452 quid
1310 3382 1520 3456 Moyses
1547 3383 1734 3441 fecerit
1761 3386 1815 3441 in
1839 3385 1992 3442 exal-

408 3468 605 3524 tatione
631 3473 915 3542 serpentis.
937 3473 1072 3529 Cum
1094 3474 1272 3548 itaque
1288 3490 1386 3548 per
1410 3476 1666 3550 Baptismi
1686 3495 1994 3538 sacramen-

406 3566 514 3612 tum
541 3562 698 3616 murti
728 3562 925 3620 Christi
962 3565 1363 3625 conformentur
1389 3569 1648 3639 infantes,
1690 3587 1785 3629 eos
1814 3588 1846 3629 a
1873 3590 1992 3632 ser-

405 3651 581 3716 pentis
607 3667 786 3709 morsu
818 3654 1090 3713 fatendum
1136 3667 1220 3714 est
1260 3660 1509 3730 liberari,
1536 3663 1582 3718 si
1617 3678 1648 3719 a
1686 3657 1992 3723 chriStiana:

404 3740 523 3795 tidei
551 3743 733 3813 regula
760 3746 1010 3803 nolumus
1037 3748 1312 3807 aberrare.
1340 3750 1510 3821 Quem
1542 3763 1717 3811 tamen
1750 3772 1987 3814 morsum

402 3847 508 3886 non
535 3832 588 3887 in
614 3848 707 3890 sua
738 3836 844 3892 vita
873 3839 1109 3910 propria,
1139 3841 1233 3898 sed
1259 3841 1315 3898 in
1348 3842 1440 3900 illo
1460 3844 1545 3901 cui
1573 3846 1820 3917 primitus
1846 3849 1988 3907 inﬂi-

399 3933 518 3979 ctus
540 3934 643 3993 est,
672 3939 1012 4000 acceperunt.

468 4017 557 4073 ﬂ.
590 4017 816 4091 Objectio
846 4020 1263 4096 Pelagianorum.
1284 4028 1466 4101 Neque
1491 4032 1622 4090 illud
1649 4034 1815 4103 fallat,
1843 4037 1986 4109 quod

397 4124 498 4165 nec
521 4114 764 4181 parcnti'
796 4128 914 4186 post
932 4120 1375 4178 conversionem'
1402 4125 1836 4202 obsunt‘propria
1857 4147 1985 4202 pec-

395 4211 541 4256 rata:
564 4202 801 4271 «Quanto
817 4205 958 4264 enim
977 4211 1165 4282 magis,
1178 4232 1197 4265 ι
1220 4212 1486 4286 inquiunt,
1511 4237 1530 4271 ι
1542 4198 1651 4275 lilio
1665 4198 1778 4292 ejus
1792 4198 1985 4282 obesse

398 4307 502 4345 non
521 4297 793 4363 possunt?»
811 4298 914 4355 Sed
932 4302 1019 4373 qui
1043 4303 1145 4359 hoc
1163 4307 1418 4373 sentiunt,
1433 4323 1540 4364 non
1559 4312 1838 4370 attendunt
1854 4315 1980 4387 quia

395 4387 531 4441 sicut
552 4391 774 4458 parenti,
796 4409 895 4464 per
909 4394 1009 4452 hoc
1021 4398 1163 4467 quod
1193 4400 1385 4470 spiritu
1402 4414 1620 4461 renatus
1636 4416 1740 4473 est,
1767 4411 1979 4480 propria

398 4489 607 4545 peccata
622 4497 727 4538 non
740 4485 951 4555 obsunt;
973 4489 1040 4544 ita
1055 4491 1142 4560 qui
1155 4491 1221 4547 de
1235 4493 1324 4549 illo
1341 4503 1496 4552 natus
1508 4508 1609 4565 est,
1625 4500 1726 4556 nisi
1745 4517 1811 4558 co
1824 4505 1984 4561 modo

396 4582 731 4642 renascatur,
763 4594 880 4649 qua:
908 4594 937 4635 a
970 4593 1188 4651 parente
1214 4595 1379 4643 tracta
1400 4592 1813 4660 sunt,oberunt.
1846 4597 1979 4667 Quia

392 4674 444 4717 et
470 4664 709 4724 iunovati
746 4682 1028 4741 parentes,
1058 4692 1163 4732 non
1191 4694 1254 4735 ex
1284 4681 1532 4750 primitiis
1573 4688 1841 4759 novitatis,
1870 4664 1981 4748 sed

394 4769 458 4809 ex
490 4757 727 4829 reliquiis
764 4768 1042 4822 vetustatis
1083 4770 1370 4828 carnaliter
1395 4775 1654 4845 gignunt;
1680 4789 1734 4835 et
1778 4757 1872 4836 lilii
1915 4794 1979 4840 ex

394 4861 668 4915 parentum
700 4854 902 4925 reliqua
929 4866 1193 4915 vetustate
1217 4862 1315 4916 toti
1342 4867 1571 4935 vetusti,
1602 4875 1657 4925 α
1685 4870 1738 4925 in
1778 4874 1979 4942 peccati

390 4954 552 4995 carne
580 4946 923 5016 propagati‘,
959 4948 1356 5009 damnationem
1385 4959 1555 5013 veteri
1594 4958 1807 5018 homini
1830 4965 1979 5022 debi-

394 5038 492 5090 tam
515 5031 863 5092 Sacramento
885 5041 1176 5109 spiritualis
1196 5044 1218 5077 ⁸
1239 5053 1660 5118 regenerationis
1679 5063 1733 5109 et
1754 5070 1978 5114 renova-

392 5122 546 5178 Iiouis
571 5127 823 5183 evadunt.
859 5130 987 5188 Illud
1010 5141 1554 5211 namqueprzecipue,
1584 5156 1805 5216 propter
1827 5165 1977 5220 qua:-

390 5214 587 5272 stiones
631 5234 750 5290 qua:
787 5221 855 5278 de
882 5223 982 5281 hac
1019 5242 1079 5282 re
1108 5239 1266 5285 mota:
1295 5240 1422 5288 sunt
1449 5234 1530 5290 vel
1560 5214 1764 5294 moveri
1800 5242 1977 5303 adhuc

391 5318 641 5375 possunt,
672 5314 949 5372 attendere
991 5332 1054 5373 ac
1082 5321 1390 5380 meminisse
1418 5323 1707 5396 debemus,
1738 5337 1973 5391 tantum-

449 5466 469 5549 :
494 5472 609 5549 mox
634 5474 966 5549 supplic;th
998 5483 1101 5528 Mss.
1121 5516 1134 5537 ,
1171 5480 1255 5549 qui
1284 5493 1342 5549 eo
1372 5482 1514 5549 modo
1544 5487 1968 5549 praedestinatum.

449 5527 473 5619 rs.
493 5528 629 5619 imm,
651 5530 781 5619 quod.
816 5534 861 5584 si
890 5548 977 5586 nec
1016 5527 1443 5619 ηιηςῤηῖἶλὶξθέἰῖ
1452 5527 1520 5604 ἓν
1544 5527 1572 5596 5

386 5586 473 5697 iuncti
476 5588 557 5699 «iiut
562 5586 809 5662 sequente
832 5610 976 5647 versu
996 5586 1219 5664 additur,
1242 5586 1523 5669 631533.526

459 5666 479 5696 ι
523 5664 535 5698 l
562 5664 617 5699 ts.

385 5659 436 5697 tu
459 5659 617 5701 mntis.

450 5710 471 5802 ἲ
494 5718 924 5802 {quae
943 5726 1296 5790 manuscriptis,
1340 5742 1445 5792 pro,
1482 5733 1852 5802 com'ersionem,
1878 5741 1965 5793 ha-

382 5770 489 5838 bet,
513 5776 863 5838 confcsssmrem.

449 5834 583 5929 ἓ.
706 5847 755 5929 Et
778 5855 949 5929 omnes
974 5853 1112 5929 ,ι
1128 5850 1211 5900 ιιιί
1231 5851 1396 5901 retu.in
1417 5854 1465 5903 in
1478 5855 1667 5917 peccati
1682 5871 1830 5912 carne
1846 5878 1964 5929 pro-

1770 516 1975 574 LIBER
2014 471 2387 573 suosunus.

3621 523 3739 582 ιη·

2124 627 2287 683 modo
2307 638 2648 699 peccatorum
2670 631 2908 687 omnium
2939 633 3150 704 plenam
3192 639 3587 710 pet-lectamque
3630 652 3735 694 re-~

2122 718 2432 774 missionem
2459 719 2732 792 Baptismo
2760 721 2873 777 fieri
2898 740 2915 790 ;
2942 722 3175 779 hominis
3200 740 3328 782 vero
3356 726 3521 798 ipsius
3551 729 3724 798 quali-

2123 817 2286 865 tatem
2313 825 2418 865 non
2451 820 2615 867 totam
2642 812 2897 870 continuo
2925 817 3246 872 commutari
3272 834 3288 870 ε
3331 817 3426 873 sed
3469 818 3723 889 spiritua-

2122 900 2200 955 les
2229 902 2492 972 primitias
2530 905 2583 959 in
2621 906 2759 963 bene
2806 906 3208 977 proﬁcientibus
3250 909 3319 965 de
3355 910 3444 966 die
3488 912 3540 965 in
3572 910 3752 967 dicar

2120 995 2358 1052 novitate
2399 1007 2676 1055 crescente
2713 1009 3045 1057 commutare
3072 1001 3126 1057 in
3157 1018 3215 1058 se
3258 1002 3402 1074 quod
3434 1003 3723 1059 carnaliter

2122 1094 2274 1142 vetus
2289 1096 2390 1155 est,
2414 1089 2587 1146 donec
2604 1100 2771 1147 totum
2791 1090 2864 1147 ita
2885 1102 3195 1161 renovetur,
3217 1103 3274 1150 ut
3292 1095 3541 1152 animalis
3556 1096 3718 1151 etiam

2113 1162 2402 1238 infirmitas
2426 1185 2668 1254 corporis
2695 1184 2764 1240 ad
2786 1186 3094 1244 ﬁrmitatem
3123 1189 3453 1259 spiritualem
3477 1190 3723 1246 incorru-

2122 1273 2467 1346 ptionemque
2494 1278 2793 1347 perveniat.
2854 1338 2873 1349 ί

2191 1363 2419 1423 CAPUT
2456 1367 2696 1425 XXVIII.
2718 1401 2791 1411 —
2815 1370 2905 1429 £5.
2930 1370 3040 1428 Lex
3063 1375 3257 1443 peccati
3278 1375 3413 1429 dicta
3433 1386 3720 1447 peccatum.

2120 1455 2539 1530 Concupiscentia
2584 1462 2837 1532 quomodo
2895 1465 2949 1519 in
2992 1463 3261 1536 baptizatis
3300 1476 3557 1539 perempto
3607 1468 3720 1538 cjus

2121 1548 2257 1603 malo
2277 1560 2497 1605 maneat.
2521 1550 2647 1609 [huc
2669 1563 2849 1609 autem
2875 1554 2961 1610 lex
2985 1556 3215 1626 peccati,
3243 1557 3384 1627 quod
3404 1558 3563 1612 etiam
3593 1573 3719 1629 pec:-

2121 1650 2300 1695 catum
2328 1642 2564 1712 appellat
2589 1643 2898 1715 Apostolus,
2921 1660 3042 1702 cum
3066 1646 3214 1715 dicit,
3250 1646 3371 1702 Non
3398 1665 3517 1721 ergo
3543 1659 3737 1721 regnet.

2120 1740 2383 1801 peccatum
2409 1733 2462 1787 in
2489 1743 2649 1790 vestro
2670 1736 2876 1792 mortali
2899 1752 3109 1807 corpore
3131 1738 3199 1792 ad
3224 1738 3556 1819 obedientium
3578 1741 3716 1794 desi-

2119 1820 2273 1876 deriis
2292 1823 2402 1892 ejus
2418 1822 2595 1896 (Rom.
2611 1826 2817 1898 v1.42),
2835 1842 2941 1883 non
2964 1827 3042 1885 sic
3062 1839 3242 1886 manet
3264 1831 3317 1887 in
3340 1832 3598 1889 membris
3621 1849 3717 1889 eo.~

2118 1925 2241 1969 runt
2260 1913 2351 1984 qui
2378 1928 2446 1970 ex
2474 1930 2609 1988 aqua
2638 1926 2691 1974 et
2718 1918 2912 1990 spiritu
2951 1922 3126 1976 renati
3152 1930 3296 1992 sunt,
3329 1934 3579 1996 tanquam
3605 1943 3714 1983 non

2116 2001 2188 2057 sit
2208 2001 2328 2074 ejus
2356 2002 2498 2061 facta
2524 2007 2770 2064 remissio
2788 2050 2803 2076 ,
2831 2009 2925 2065 ubi
2951 2012 3171 2069 omnino
3200 2013 3355 2083 plena
3383 2023 3440 2071 et
3479 2016 3713 2087 perfecta

2118 2093 2178 2147 ﬁt
2214 2095 2463 2151 remissio
2491 2106 2859 2169 peccatorum,
2886 2101 3139 2158 omnibus
3167 2103 3460 2162 inimicitiis
3488 2106 3714 2163 interfe-

2113 2186 2235 2255 ctis,
2258 2188 2452 2259 quibus
2475 2190 2857 2261 scparabamur
2884 2208 2916 2247 ιι
2944 2193 3054 2250 Deo
3085 2212 3098 2248 :
3130 2195 3225 2251 sed
3252 2206 3436 2253 manet
3473 2198 3526 2253 in
3559 2211 3713 2256 vetu-

2114 2290 2253 2338 state
2295 2284 2475 2341 carnis
2522 2293 2776 2358 tanquam
2820 2299 3130 2360 superatum
3162 2300 3219 2348 et
3262 2301 3619 2363 peremptum,
3667 2296 3711 2349 si

2113 2387 2220 2427 non
2252 2373 2450 2432 illicitis
2473 2379 2917 2437 eonsensionibus
2945 2380 3176 2452 quodam
3208 2382 3368 2439 modo
3402 2383 3723 2455 reviviscat,.

2111 2473 2164 2518 ct
2191 2463 2242 2518 in
2266 2480 2489 2537 regnum
2524 2470 2801 2540 proprium
2837 2470 3363 2546 dominationemque
3404 2485 3708 2532 revocetur.

2112 2551 2197 2609 Ab
2235 2552 2338 2612 hac
2365 2568 2543 2614 autem
2585 2569 2851 2619 vetustate
2880 2564 3093 2633 carnis,
3123 2565 3177 2621 in
3223 2581 3327 2638 qua
3357 2576 3438 2623 est
3485 2567 3566 2624 lex
3609 2567 3711 2623 ista

2109 2646 2315 2715 peccati
2335 2648 2420 2704 vel
2446 2658 2723 2720 peccatum
2758 2652 2869 2725 jam
2899 2656 3206 2726 remissum,
3239 2672 3411 2730 usque
3434 2658 3571 2715 adeo
3595 2660 3719 2731 spi-

2108 2737 2244 2795 ritus
2267 2742 2376 2796 vita
2396 2740 2740 2814 discernitur,
2773 2746 2827 2802 in
2846 2746 3001 2817 cujus
3040 2749 3310 2806 novitate‘
3334 2751 3587 2822 baptizati
3615 2768 3710 2824 per

2107 2827 2205 2885 Dei
2243 2832 2470 2902 gratiam
2521 2847 2899 2909 renascuntur,
2930 2850 2991 2897 ut
3027 2857 3215 2914 parum
3252 2841 3412 2901 fuerit
3449 2846 3713 2917 Apostulo

2105 2918 2306 2991 dicere,
2342 2923 2473 2980 tales
2497 2940 2605 2982 non
2633 2942 2755 2985 esse
2782 2929 2837 2986 in
2869 2942 3089 3002 peccato
3109 2974 3124 3000 ,
3154 2933 3259 2989 nisi
3286 2935 3447 2991 etiam
3475 2936 3705 3005 diceret,

2104 3010 2157 3065 iu
2195 3011 2310 3083 ipsa
2338 3029 2499 3072 carne
2523 3017 2647 3075 illos
2684 3036 2794 3076 non
2823 3037 2977 3092 esse,
3008 3033 3294 3097 antequam
3323 3043 3387 3085 es
3425 3028 3526 3086 hac
3554 3047 3704 3087 mor-

2104 3101 2196 3159 tali
2220 3104 2328 3161 vita
2368 3106 2683 3179 migrarent.
2725 3108 2827 3178 Qui
2864 3116 2995 3170 enim
3025 3117 3080 3172 in
3109 3134 3262 3174 carne
3299 3129 3447 3189 sunt,
3493 3120 3703 3194 inquit,

2101 3189 2213 3249 Dea
2232 3196 2433 3268 placere
2457 3216 2560 3256 non
2580 3214 2792 3275 possunt
2818 3221 2839 3261 :
2864 3222 2954 3263 vos
2978 3218 3149 3264 autem
3174 3227 3276 3266 non
3297 3213 3415 3268 estis
3446 3213 3499 3269 in
3527 3231 3701 3280 carne,

2099 3286 2191 3385 sed
2226 3289 2281 3344 in
2314 3292 2536 3363 spiritu;
2575 3296 2619 3351 si
2662 3307 2830 3354 tamen
2856 3299 3084 3373 Spiritus
3121 3302 3221 3359 Dei
3256 3305 3447 3362 habitat
3476 3307 3527 3363 in
3563 3309 3702 3385 vobis

2104 3373 2282 3449 (Rom.
2303 3397 2412 3450 vm,
2438 3383 2493 3452 8,
2521 3386 2602 3457 9).
2626 3386 3010 3449 Verumtamen
3033 3394 3171 3451 sicut
3198 3396 3311 3468 ipsa
3328 3413 3489 3457 carne
3507 3373 3669 3472 quam
3678 3433 3699 3455 τ

2101 3470 2183 3527 vis
2199 3475 2532 3546 corruptibili
2547 3478 2686 3537 bene
2704 3491 2943 3552 utuntur,
2967 3486 3058 3558 qui
3083 3490 3324 3545 membra
3345 3489 3462 3561 ejus
3480 3470 3546 3547 ad
3572 3510 3701 3563 ope-
3720 3532 3731 3533 κ

2097 3578 2155 3618 ra
2184 3563 2323 3622 bona
2352 3580 2692 3640 convertunt,
2728 3574 2780 3630 in
2807 3591 2909 3648 qua
2935 3593 3099 3654 carne
3128 3596 3233 3637 non
3260 3591 3407 3650 sunt,
3440 3584 3561 3654 quia
3590 3602 3698 3645 non

2095 3656 2388 3715 secundum
2417 3675 2535 3717 eam
2568 3665 2782 3736 sapiunt
2811 3683 2987 3739 neque
3022 3671 3240 3740 vivunt;
3286 3675 3424 3731 sicut
3465 3677 3698 3749 denique

2094 3747 2256 3804 etiam
2287 3761 2485 3823 morte,
2510 3771 2629 3826 qua:
2659 3758 2813 3827 primi
2839 3762 3045 3832 peccati
3066 3780 3222 3836 poena
3249 3776 3352 3836 est,
3381 3768 3517 3826 bene
3537 3783 3699 3834 utuu-g
3737 3814 3745 3819 ~

2095 3847 2200 3907 tur,
2231 3842 2319 3913 qui
2348 3858 2466 3900 eam
2495 3862 2594 3916 pro
2632 3847 2910 3921 fratribus,
2947 3870 3047 3927 pro
3078 3857 3200 3923 fide,
3231 3874 3331 3932 pro
3359 3877 3695 3936 quacumque
3742 3898 3747 3903 ι

2092 3943 2219 4013 vera
2244 3941 2302 3988 et
2324 3944 2505 3991 sancta
2522 3936 2728 4008 justitia
2748 3938 2963 4000 fortiter
2986 3954 3041 4002 et
3066 3948 3329 4018 patienter
3356 3951 3692 4023 impendunt;
3742 4010 3749 4013 η

2092 4007 2172 4076 sic
2201 4020 2286 4076 illa
2317 4023 2480 4080 etiam
2503 4007 2623 4100 Rege
2644 4033 2871 4102 peccati,
2903 4034 3045 4106 quod
3065 4036 3176 4108 jam
3203 4041 3488 4098 remissum
3515 4045 3568 4100 in
3596 4063 3689 4102 vc-

2093 4120 2291 4170 tustate
2316 4117 2495 4173 carnis
2518 4130 2721 4191 manet,
2750 4122 2888 4181 bene
2917 4138 3141 4185 utuntur
3167 4132 3439 4204 eonjugali
3480 4135 3691 4203 fideles.
3750 4198 3755 4201 ,

2090 4204 2179 4272 qui
2208 4222 2271 4260 ex
2295 4222 2362 4262 eo
2386 4209 2527 4279 quod
2556 4221 2684 4268 sunt
2712 4215 2763 4270 in
2787 4213 2986 4275 Christi
3012 4221 3269 4293 novitate,
3294 4225 3556 4284 dominari
3589 4232 3691 4289 sibi

2090 4295 2365 4354 libidinem
2393 4300 2612 4360 minimc
2634 4306 2939 4378 patiuntur;
2967 4327 3031 4368 cx
3059 4330 3125 4370 eo
3153 4325 3331 4376 autem
3352 4322 3493 4392 quod
3515 4323 3691 4382 adhuc

2090 4388 2311 4446 trahunt
2351 4393 2480 4449 Atla:
2511 4406 2855 4469 vetustatem,
2887 4409 3287 4475 rcgenerandos
3317 4388 3692 4473 immortaliter

2089 4478 2231 4536 filios
2259 4485 2560 4541 mortaliter
2591 4500 2850 4559 generant
2878 4509 2999 4569 cum
3026 4512 3087 4553 ea
3117 4502 3410 4574 propagine
3456 4510 3687 4577 peccati,

2087 4588 2191 4643 qua
2221 4574 2298 4630 illi
2336 4577 2428 4647 qui
2456 4581 2630 4636 renati
2661 4592 2785 4639 sunt
2814 4586 3031 4645 obnoxii
3059 4605 3163 4647 non
3207 4574 3472 4665 tenentur,
3505 4609 3557 4656 et
3584 4574 3685 4672 qua

2087 4666 2161 4722 illi
2178 4667 2267 4738 qui
2290 4680 2582 4728 nascuntur
2599 4679 2932 4737 renascendo
2952 4683 3251 4744 solvuntur.
3274 4689 3535 4756 Quamdiu
3558 4710 3687 4766 ergo

2094 4770 2278 4843 manet
2305 4762 2389 4818 lex
2419 4768 2980 4838 concupiscentialitcr
3000 4777 3021 4808 ²
3043 4777 3096 4831 in
3126 4780 3405 4849 membris,
3433 4798 3685 4848 manente

2087 4851 2201 4923 ipsa
2239 4863 2418 4911 reatus
2443 4856 2557 4928 ejus
2586 4861 2841 4933 solvitur;
2884 4866 2976 4923 sed
3014 4869 3063 4925 ei
3085 4872 3348 4943 solvitur,
3377 4878 3467 4948 qui
3494 4879 3684 4937 Sacra-

2085 4954 2323 5000 mentum
2339 4951 2757 5018 regenerationis
2773 4957 3351 5036 accepitrcuovarique
3362 4966 3475 5037 jam
3493 4976 3677 5043 cu'pil.

2084 5032 2161 5089 Ex
2178 5034 2267 5090 illa
2281 5034 2489 5093 'autem
2509 5051 2758 5100 manente
2784 5050 3231 5120 concupiscentiae
3252 5032 3515 5118 vetustate
3530 5032 3673 5135 quod

2084 5127 2343 5198 nascitur,
2370 5133 2578 5188 renasci
2608 5132 2811 5208 indiget
2837 5149 2895 5194 ut
2920 5153 3158 5200 sanetur.
3183 5147 3316 5217 Quia
3340 5127 3589 5221 parentes
3613 5160 3678 5213 fi—

2081 5220 2231 5278 deles
2268 5232 2323 5279 et
2365 5225 2473 5281 nati
2511 5230 2800 5287 earnaliter
2822 5242 2876 5289 et
2911 5238 3084 5293 renati
3126 5220 3495 5313 spiritualitcr,
3541 5252 3679 5306 tilias

2080 5316 2366 5373 carnaliter
2390 5333 2719 5391 genuerunt;
2740 5324 2834 5381 filii
2852 5342 2982 5387 vero
2996 5342 3284 5406 antequam
3307 5355 3322 5393 ι
3350 5356 3671 5410 scht‘eulut',

2081 5406 2291 5463 renasci
2318 5412 2588 5479 quomodo
2618 5420 2933 5485 potuerunt?

2149 5497 2238 5553 46.
2280 5498 2388 5556 Nec
2425 5503 2658 5572 mireris,
2684 5510 2825 5581 quod
2854 5510 2980 5580 dixi,
3014 5531 3261 5577 manente
3283 5528 3667 5596 concupiscen-

2141 5629 2159 5712 :
2183 5629 2408 5712 Emissa!
2424 5647 2597 5712 οεηηεε
2618 5645 3027 5712 ωαηιρεοτίρςί.,,ίη
3046 5652 3184 5712 uti":
3201 5655 3467 5707 ηοιιίιαισηι.

2138 5691 2232 5772 '_
2449 5697 2536 5772 ,ζᾷττ
2554 5691 3026 5772 ορηειιρίἇξρἱῦἷᾷὶίξί
3202 5691 3669 5772 ηἲιῖωῖδέιιιιῆιιτὶ.

2182 5733 2231 5740 .-
2271 5733 2430 5755 Vw..."
2456 5733 2535 5748 ww
2554 5733 3017 5766 νυσιυιψωιειιιυιιδ.
3089 5733 3189 5765 aea
3254 5733 3303 5766 In
3412 5733 3665 5772 tostet'iurt-

2399 5760 2693 5841 cautionibus
2718 5766 2916 5839 legitur,
2942 5776 3365 5841 caucupisirnmli
3382 5733 3504 5841 iege.
3532 5791 3543 5828 ι
3568 5793 3665 5830 tm.

2681 5813 2685 5815 ν
2722 5813 2757 5815 η
2943 5813 3085 5821 πη-..
3461 5813 3469 5828 .
3492 5816 3504 5828 .
3532 5813 3543 5828 ι
3568 5813 3665 5830 ..η-

2546 5813 2870 5903 (emunitam,
2887 5846 3055 5897 conon;
3071 5813 3377 5887 isc'ettliuliter
3395 5853 3411 5899 ;
3428 5813 3560 5903 22mm
3580 5847 3683 5893 δα..

2069 5876 2296 5949 verbium
2322 5881 2535 5949 :uiltinttit
2560 5899 2724 5949 supra,
2744 5903 2791 5939 n.

2076 5936 2156 6044 ΜΞ
2191 5937 2413 5990 Gallicani
2448 5936 2632 5996 ennius'
2655 5936 2965 6016 ωνῶιτῶίέηίη
3009 5962 3059 6005 ει
3097 5956 3194 6008 duo
3226 5972 3255 6008 ρ
3293 5962 3555 6020 “uadis,
3595 5974 3664 6019 rx
