4202 6530
488 448 589 514 1‘49

385 561 392 567 ’
488 569 680 628 tialiter
698 568 817 640 lege
837 567 1043 642 peccati
1069 576 1275 624 reatum
1302 568 1419 639 ejus
1442 568 1574 625 solvi
1596 584 1692 640 per
1718 569 1942 640 gratiam
1967 569 2068 625 Sa-

480 660 763 717 cramenti.
785 660 935 716 Sicut
958 659 1098 717 enim
1125 658 1262 715 facta
1291 668 1345 715 et
1367 661 1508 716 dicta
1535 670 1588 716 et
1607 662 1834 735 cogitata
1862 661 2063 732 iniqua,

482 759 739 823 quantum
766 750 833 805 ad
862 750 1006 821 ipsos
1048 760 1224 805 motus
1250 749 1411 804 animi
1450 758 1503 806 et
1531 752 1771 821 corporis
1799 752 2064 821 pertinet,

476 838 592 917 jam
625 840 997 911 praeterierunt
1015 847 1067 894 et
1089 855 1195 895 non
1216 848 1372 906 sunt;
1404 841 1482 896 eis
1507 848 1686 895 tamen
1708 840 1994 912 praeteritis
2015 847 2071 895 et

484 949 593 989 non
625 943 735 988 tum
762 932 1112 988 existentibus
1141 939 1322 986 reatus
1346 947 1534 987 eorum
1572 942 1786 997 manet,
1814 932 1913 987 nisi
1942 945 2069 1001 pec-

488 1034 730 1079 catorum
773 1023 1086 1078 remissione
1117 1022 1355 1077 solvatur
1382 1038 1397 1078 :
1426 1021 1505 1075 sic
1527 1030 1710 1076 contra
1744 1020 1798 1076 in
1839 1020 1939 1075 hac
1964 1035 2069 1076 non

478 1116 590 1187 jam
618 1114 907 1185 przeterita,
935 1113 1028 1167 sed
1058 1112 1232 1167 adhuc
1266 1122 1517 1169 manente
1544 1113 1660 1183 lege
1682 1112 2070 1182 concupiscen-

482 1208 593 1269 tim,
626 1215 809 1261 reatus
838 1204 955 1273 ejus
981 1203 1223 1271 solvitur,
1254 1213 1309 1259 et
1344 1218 1449 1258 non
1478 1204 1611 1268 erit,
1641 1219 1759 1258 cum
1789 1202 1849 1257 fit
1892 1203 1942 1257 in
1970 1202 2073 1257 Ba-

481 1299 682 1369 ptismo
703 1298 859 1368 plena
889 1298 1134 1352 remissio
1159 1305 1519 1368 peccatorum.
1559 1295 1798 1365 Denique
1822 1295 1867 1349 si
1895 1295 2069 1349 conti-

481 1406 593 1449 nuo
618 1396 975 1460 consequatur
997 1388 1065 1443 ab
1096 1388 1195 1444 hac
1220 1388 1324 1442 vita
1349 1387 1629 1459 emigratio
1648 1428 1663 1454 ,
1690 1401 1795 1441 non
1826 1385 1927 1442 erit
1952 1399 2071 1439 om-

485 1482 613 1537 nino
646 1481 790 1553 quod
819 1480 1106 1536 obnoxium
1134 1479 1406 1535 hominem
1434 1487 1633 1543 teneat,
1677 1477 1864 1533 solutis
1893 1476 2071 1531 omni-

481 1575 585 1631 bus
611 1590 730 1647 qure
751 1575 1020 1645 tenebant.
1039 1572 1188 1627 Sicut
1213 1587 1342 1642 ergo
1370 1586 1478 1627 non
1501 1578 1584 1626 est
1610 1569 1826 1637 mirum,
1854 1576 2075 1639 prmter-

482 1666 680 1722 iterum
717 1665 1003 1732 dictorum,
1050 1663 1334 1731 factorum,
1376 1669 1539 1732 atque
1568 1659 1920 1731 cogitatorum
1949 1672 2073 1711 rea-

480 1766 597 1812 tum
638 1771 854 1811 manere
879 1764 1002 1811 ante
1031 1763 1368 1825 peccatorum
1398 1750 1768 1807 remissionem
1794 1766 1807 1802 :
1841 1747 1919 1803 sic
1941 1762 2072 1803 con-

483 1861 565 1906 tra
598 1866 702 1905 non
729 1848 890 1904 debet
914 1862 1036 1904 esse
1064 1847 1256 1901 mirum
1280 1887 1295 1913 ,
1337 1844 1604 1900 manentis
1627 1840 2073 1911 concupiscentiae

481 1949 691 1997 reatum
723 1939 992 2008 prmtcrire
1016 1945 1139 2010 post
1161 1944 1503 2009 peccatorum
1529 1932 1929 1989 remissionem.

553 2032 782 2090 CAPUT
821 2030 1185 2087 XXIX—47.
1218 2028 1405 2085 Omnes
1431 2025 1779 2099 prwdestinati
1803 2040 1893 2097 per
1918 2038 2074 2076 unum

482 2123 810 2177 mcdiatorem
851 2121 1108 2178 Christum
1142 2128 1191 2174 et
1230 2136 1321 2191 per
1358 2133 1514 2171 unam
1552 2115 1877 2184 eamdemque
1923 2113 2075 2181 ﬁdem

481 2214 762 2273 mlvantur.
793 2211 1132 2266 Parvulorum
1159 2225 1356 2281 quoque
1389 2207 1610 2262 salvator
1636 2205 1887 2260 Christus.
1926 2202 2078 2259 Chri-

481 2316 592 2362 stus
620 2308 770 2362 etiam
798 2306 971 2376 infans
996 2302 1285 2376 ignorantia
1310 2300 1474 2355 caruit
1508 2307 1555 2354 et
1573 2297 1730 2352 animi
1756 2296 2073 2365 infirmitate.

485 2398 617 2466 Quae
646 2412 766 2452 cum
795 2396 866 2449 ita
891 2395 1019 2461 sint,
1046 2408 1111 2448 ex
1138 2407 1246 2463 quo
1271 2405 1368 2460 per
1392 2404 1553 2444 unum
1584 2387 1854 2444 hominem
1886 2400 2078 2455 pecca-

483 2501 598 2546 tum
653 2487 870 2545 intravit
903 2487 974 2542 'in
1031 2484 1173 2541 hunc
1224 2482 1504 2545 mundum,
1557 2488 1611 2534 et
1655 2493 1748 2549 per
1804 2486 2077 2548 peceatum

485 2596 657 2650 mors,
684 2590 740 2637 ct
769 2580 839 2635 ita
868 2579 919 2633 in
950 2592 1138 2632 omnes
1173 2575 1421 2631 homines
1454 2571 1755 2643 pertransiit
1796 2568 1815 2644 (
1845 2570 1994 2626 llam.
2020 2584 2076 2629 ν,

485 2672 618 2745 12),
648 2685 819 2741 usque
868 2669 920 2723 in
952 2668 1110 2722 finem
1156 2663 1387 2721 carnalis
1432 2662 1585 2735 hujus
1623 2658 1985 2732 generationis
2024 2665 2080 2712 et

486 2760 853 2831 corruptibilis
873 2759 1075 2823 smcnli,
1097 2756 1250 2826 cujus
1275 2755 1366 2809 lilii
1389 2761 1643 2825 generant
1663 2762 1714 2807 et
1735 2758 2076 2821 generantur,

487 2854 636 2915 nullo
662 2853 920 2909 existente
959 2849 1173 2904 homine
1208 2846 1278 2902 de
1310 2861 1416 2915 quo
1454 2844 1506 2899 in
1537 2843 1638 2899 hac
1661 2843 1763 2897 vita
1792 2841 2080 2895 constituto

488 2946 756 3001 veraciter
780 2942 884 2997 dici
908 2941 1094 3009 possit,
1120 2935 1261 3008 quod
1284 2936 1485 2991 nullum
1513 2933 1707 2989 habeat
1727 2932 1943 2985 omnino
1959 2943 2083 2998 pec-

488 3048 667 3095 catum
688 3077 704 3101 ,
730 3043 954 3104 excepto
980 3047 1087 3087 uno
1119 3029 1412 3086 Mediatore
1429 3066 1447 3093 ,
1477 3025 1569 3097 qui
1597 3039 1691 3079 nos
1717 3021 1955 3101 Creatori
1982 3030 2083 3074 nov

489 3138 608 3186 stre
650 3143 747 3200 per
773 3124 1143 3181 remissionem
1186 3118 1499 3176 reconciliat
1537 3123 1911 3187 peccatorum:
1938 3112 2081 3169 idem

490 3221 609 3293 ipse
637 3218 894 3274 Dominus
922 3224 1104 3274 noster
1144 3211 1285 3267 hanc
1311 3225 1459 3265 suam
1501 3207 1763 3263 medelam
1808 3205 1967 3261 nullis
1992 3220 2085 3276 ge-

491 3311 643 3368 neris
662 3308 879 3365 humani
902 3304 1228 3377 temporibus
1246 3310 1371 3358 ante
1390 3300 1634 3355 ultimum
1658 3299 1891 3354 futurum
1910 3296 2085 3351 adhuc

490 3403 748 3475 judicium
777 3397 1060 3470 denegavit
1097 3396 1210 3463 eis,
1240 3409 1373 3467 quos
1413 3406 1510 3463 per
1546 3389 1896 3475 certissimam
1944 3402 2083 3458 prte-

490 3471 769 3551 scientiam
798 3500 854 3549 et
890 3490 1122 3547 futuram
1155 3484 1561 3543 beneficentiam
1579 3484 1599 3514 ¹
1626 3496 1807 3537 secum
1832 3471 2086 3550 regnatu-

387 3640 391 3645 .
491 3601 583 3643 ros
610 3587 662 3642 in
683 3573 843 3640 vitam
863 3579 1266 3654 praedestinavit
1282 3586 1559 3632 aeternam.
1586 3572 1828 3642 Namque
1856 3578 1979 3623 ante
2000 3581 2087 3621 na-

493 3681 751 3737 tivitatcm
773 3678 951 3734 carnis
974 3673 1441 3740 infirmitatemque
1469 3664 1736 3740 passionis
1754 3670 1808 3719 et
1833 3661 2084 3715 virtutem

492 3770 902 3832 resurrectionis
937 3784 1080 3834 sum,
1114 3779 1298 3822 earum
1329 3776 1506 3817 rerum
1535 3758 1829 3814 futurarum
1859 3754 1964 3809 fide
1992 3766 2088 3809 eos
2134 3780 2139 3785 ο

494 3867 585 3940 qui
617 3875 741 3922 tunc
771 3861 1016 3924 fuerant,
1052 3854 1370 3913 lnformabat
1406 3851 1475 3909 ad
1506 3847 1872 3905 htereditatem
1899 3843 2087 3900 salutis

496 3933 747 4020 arteriae;
783 3965 1008 4025 quarum
1036 3962 1213 4004 rerum
1255 3941 1595 4016 praesentium
1643 3939 1747 3994 fide
1785 3933 2089 3992 informavit

497 4062 595 4103 eos
620 4047 709 4118 qui
739 4058 860 4101 cum
890 4046 1205 4114 gererentur
1228 4035 1486 4101 aderant,
1519 4039 1681 4102 atque
1713 4027 1923 4099 impleri
1952 4041 2091 4096 prte-

498 4114 951 4194 dicta'ccrnebant
969 4147 983 4198 ;
1004 4142 1228 4202 quarum
1245 4127 1402 4181 etiam
1427 4123 1816 4194 prazteritarum
1841 4117 1945 4173 fide
1960 4116 1981 4148 '
1998 4114 2089 4188 qui

498 4240 684 4299 postea
706 4225 944 4287 fuerunt,
966 4232 1021 4277 et
1041 4234 1140 4276 nos
1160 4219 1326 4289 ipsos,
1348 4224 1403 4272 et
1425 4215 1514 4288 qui
1541 4212 1734 4269 deinde
1761 4210 1921 4267 futuri
1942 4217 2088 4273 sunt,

502 4318 795 4376 informare
824 4330 928 4370 non
960 4319 1153 4370 cessat.
1194 4307 1310 4367 Una
1337 4322 1463 4377 ergo
1492 4304 1624 4360 fides
1652 4311 1739 4360 est
1764 4316 1882 4373 quae
1904 4313 2092 4356 omnes

503 4413 681 4469 salvos
725 4410 868 4474 facit,
900 4407 991 4478 qui
1019 4421 1085 4463 ex
1129 4401 1328 4460 carnali
1369 4397 1712 4472 generatione
1748 4393 2094 4467 spiritualiter

502 4498 916 4565 renascuntur‘,
950 4495 1230 4552 terminata
1256 4492 1308 4546 in
1335 4504 1401 4546 eo
1430 4488 1519 4559 qui
1547 4488 1690 4542 venit
1712 4501 1808 4556 pro
1834 4484 1987 4539 nobis
2009 4482 2095 4553 ju-

504 4592 671 4649 dicari
692 4600 747 4647 et
773 4589 933 4654 mori,
956 4586 1122 4660 judex
1142 4584 1383 4639 vivorum
1408 4590 1463 4637 et
1481 4588 1836 4635 mortuorum.
1865 4576 1971 4632 Sed
1996 4575 2096 4630 hu-
2164 4587 2171 4591 '

500 4689 592 4756 jus
634 4682 793 4740 unius
835 4680 957 4737 fidei
1001 4693 1101 4750 pro
1143 4673 1542 4747 significationis
1579 4671 1973 4742 opportunitate
2000 4684 2095 4739 per

506 4778 655 4837 varia
684 4787 921 4847 tempora
945 4777 1275 4829 sacramenta
1303 4768 1504 4822 variata
1523 4774 1668 4821 sunt.

576 4869 669 4926 A8.
719 4867 867 4923 Idem
925 4865 1041 4936 ipse
1087 4862 1265 4932 itaque
1317 4858 1561 4915 Salvator
1614 4863 1699 4910 est
1751 4853 2094 4924 parvulorum

509 4974 671 5035 atque
723 4962 986 5030 majorum
1016 4998 1033 5024 ,
1080 4955 1148 5012 de
1194 4968 1301 5025 quo
1340 4952 1592 5008 dixerunt
1647 4946 1874 5018 Angeli,
1930 4944 2099 5000 Notus

511 5067 584 5113 est
607 5054 745 5112 vobis
773 5052 924 5109 hodie
947 5048 1170 5105 salvator
1204 5046 1371 5119 (Luc.
1414 5060 1487 5112 ιι,
1518 5044 1576 5099 Η
1600 5039 1622 5116 )
1649 5060 1661 5095 :
1692 5048 1749 5098 et
1786 5039 1854 5095 de
1882 5053 1991 5110 quo
2018 5036 2101 5092 di-

511 5161 657 5207 ctum
696 5156 780 5204 est
813 5145 881 5201 ad
918 5143 1175 5215 virginem
1218 5140 1471 5205 Mariam,
1521 5132 1735 5191 Vocobis
1770 5147 1951 5187 nomen
1988 5129 2101 5200 ejus

512 5243 732 5306 Iesum;
783 5237 893 5311 ipse
936 5236 1070 5291 enim
1115 5232 1311 5289 salvum
1359 5229 1513 5300 faciet
1569 5224 1814 5298 populum
1865 5235 2014 5276 suum
2069 5225 2104 5271 α

516 5332 734 5407 peccatis
766 5344 943 5388 eorum
964 5323 1177 5398 (Matth.
1207 5340 1246 5391 ι,
1274 5322 1368 5394 21)
1404 5341 1419 5377 :
1450 5319 1538 5375 ubi
1560 5324 1743 5387 aperte
1766 5313 2103 5407 demonstra-

518 5401 630 5483 tum
652 5435 734 5483 est
752 5467 768 5492 ,
807 5439 930 5481 eum
962 5422 1065 5477 hoc
1092 5417 1328 5481 nomine,
1361 5428 1469 5486 quo
1490 5408 1787 5482 appellatus
1814 5412 1899 5460 est
1924 5401 2099 5463 Jesus.

584 5540 605 5573 ι
621 5537 762 5593 sunt.
776 5542 821 5589 et
834 5530 1153 5600 jusde
1176 5512 1920 5600 θςηεβςενέείειῖζπεεείῖἓίέἱὶέἶοξηῗί
1933 5521 2110 5600 ἓὲῗὲῗ

1612 5568 1658 5631 et
1679 5578 1895 5641 futuram
1931 5568 2109 5635 anteﬁ-

525 5655 1355 5789 cai'i‘ii'iiiffiiziéniiaﬁi'ﬁ'ﬁe’r'im
1391 5704 1510 5773 ﬁde.
1548 5701 1713 5759 Abest,
1737 5707 1920 5755 rerum,
1956 5705 1987 5743 a
2010 5705 2112 5744 ma-

524 5791 801 5899 Lugii???
814 5846 1038 5897 omnibus
1076 5848 1186 5891 Mss.
1237 5843 1295 5899 λζ
1333 5832 1386 5899 in
1420 5822 1566 5899 (imm
1596 5820 1893 5899 ιῗῗεὲὶῖῗῖιξτέ
1927 5828 2115 5899 φιλ-ᾳ

525 5880 713 5961 {frtri}
1222 5880 1523 5963 spiritualcm
1578 5883 1874 5934 renascendo
1928 5880 2116 5929 saltau-

530 5989 597 6029 βυ
617 6014 628 6025 .

1170 453 1261 509 DE
1298 451 1765 513 PECCATORUM
1803 453 2084 512 MEBITIS

2188 454 2211 509 l‘
2248 454 2676 526 REMISSIONE,
2715 458 2775 515 S.
2817 452 3177 519 AUGUSTI)"

3652 465 3768 525 480

2174 578 2395 659 propter
2430 572 2658 630 salutem
2694 590 2851 646 quam
2881 576 3035 632 nobis
3076 578 3292 644 tribuit,
3332 580 3627 645 nominari;
3669 582 3771 641 Je-

2173 674 2267 716 sus
2303 661 2529 732 quippe,
2577 665 2744 720 latine
2785 665 3031 722 Salvator
3066 678 3167 723 est.
3209 669 3339 737 Quis
3363 679 3447 726 est
3487 672 3649 743 igitur
3669 675 3768 746 qui

2174 749 2367 806 audeat
2403 752 2581 810 dicere
2606 754 2886 812 Dominum
2920 757 3185 814 Christum
3223 770 3422 816 tantum
3466 763 3770 832 majoribus

2177 854 2283 895 non
2305 841 2466 896 etiam
2492 845 2724 912 parvulis
2743 861 2863 903 esse
2888 847 3112 905 Jesum‘l
3135 851 3225 921 qui
3250 852 3395 908 venit
3415 851 3467 907 in
3496 852 3761 908 similitu-

2176 927 2301 983 dine
2330 932 2507 985 carnis
2544 935 2768 1002 peccati,
2819 944 2877 991 ut
2901 949 3183 995 evacuaret
3210 955 3403 1011 corpus
3422 942 3627 1013 peccati
3655 983 3672 1008 ,
3713 942 3773 997 in

2176 1033 2283 1090 quo
2326 1020 2692 1079 infirmissimo
2726 1026 2855 1080 nulli
2888 1029 3007 1083 usui
3047 1031 3299 1100 congruis
3328 1033 3410 1088 vel
3443 1034 3649 1088 idoneis
3680 1034 3773 1088 in-

2177 1108 2448 1167 fantilibus
2475 1115 2749 1183 membris,
2773 1118 2947 1173 anima
2980 1120 3256 1176 rationalis
3287 1123 3577 1178 miserabili
3614 1124 3778 1191 igno-

2176 1205 2348 1259 rantia
2392 1217 2769 1276 praegravatur.
2815 1208 2984 1277 Quam
3028 1212 3183 1281 plane
3226 1215 3577 1283 ignorantiam
3616 1214 3780 1269 nullo

2177 1294 2339 1348 modo
2379 1295 2696 1351 crediderim
2726 1297 2890 1355 fuisse
2924 1300 2976 1355 in
3006 1300 3208 1357 infante
3229 1303 3353 1369 illo,
3402 1304 3453 1358 in
3493 1320 3600 1371 quo
3625 1303 3774 1359 Ver-

2176 1382 2302 1438 bum
2343 1399 2471 1440 caro
2518 1384 2713 1441 factum
2743 1397 2857 1452 est,
2906 1398 2965 1444 ut
3010 1389 3279 1447 habitaret
3326 1391 3378 1446 in
3425 1394 3612 1458 nobis,
3665 1409 3776 1449 nec

2177 1474 2322 1531 illam
2371 1476 2536 1547 ipsius
2578 1478 2743 1533 animi
2789 1479 3153 1536 infirmitatem
3189 1483 3243 1537 in
3283 1482 3501 1539 Christo
3544 1485 3775 1554 parvulo

2178 1564 2368 1621 fuerim
2403 1568 2740 1638 suspicatus,
2786 1585 2944 1642 quam
2988 1572 3230 1629 videmus
3274 1572 3325 1626 in
3353 1573 3609 1643 parvulis.
3662 1573 3775 1628 Per

2177 1654 2315 1712 hanc
2343 1658 2486 1712 enim
2512 1659 2669 1714 etiam
2692 1701 2707 1727 ,
2744 1676 2865 1716 cum
2894 1663 3124 1719 motibus
3168 1663 3620 1718 irrationabilibus
3646 1680 3775 1733 per-

2177 1746 2492 1815 turbantur,
2525 1750 2666 1803 nulla
2710 1752 2952 1818 ratione,
3000 1753 3144 1807 nullo
3172 1753 3426 1825 imperio,
3456 1753 3550 1809 sed
3577 1753 3774 1810 dolore

2176 1841 2459 1911 alitptando
2480 1845 2565 1901 vel
2593 1846 2793 1903 doloris
2827 1856 3033 1904 terrore
3054 1849 3374 1905 cohibentur
3406 1866 3422 1905 :
3450 1860 3514 1909 ,ιιι
3540 1852 3774 1907 omnino

2178 1933 2359 1991 videas
2404 1935 2545 1991 illius
2596 1937 2970 1994 inobedientize
3022 1941 3192 2008 filios,
3246 1957 3365 2013 qua:
3414 1954 3663 1998 movetur
3718 1943 3774 1998 in

2178 2026 2434 2081 membris
2460 2043 2760 2099 repugnans
2782 2030 2885 2103 legi
2915 2033 3147 2101 mentis,
3191 2048 3291 2089 nec
3312 2048 3433 2090 cum
3462 2034 3576 2088 vult
3605 2035 3770 2100 ratio,

2178 2120 2507 2188 conquiescit
2540 2138 2552 2174 :
2577 2137 2759 2177 verum
2791 2132 2845 2177 et
2874 2123 2985 2193 ipsa
3014 2140 3157 2196 διξερε
3178 2125 3262 2179 vel
3291 2124 3479 2180 dolore
3500 2125 3770 2196 corporis,

2180 2214 2430 2277 tanquam
2482 2211 2781 2280 vapulando
2829 2216 3225 2283 compescitur,
3270 2214 3360 2270 vel
3400 2215 3770 2286 pavesceudo,

2180 2298 2263 2353 vel
2296 2299 2384 2352 tali
2405 2299 2584 2370 aliquo
2608 2301 2770 2357 animi
2797 2312 2965 2365 motu,
2994 2321 3098 2359 non
3124 2313 3301 2361 tamen
3325 2306 3594 2362 voluntate
3626 2322 3773 2375 prte-

2182 2389 2412 2459 cipiente
2444 2392 2834 2461 comprimitur.
2862 2392 2967 2448 Sed
2994 2396 3116 2466 quia
3147 2396 3197 2449 in
3220 2410 3285 2451 eo
3312 2407 3428 2451 erat
3471 2397 3773 2452 similitudo

2181 2484 2360 2538 carnis
2392 2484 2629 2554 peccati,
2679 2488 2998 2542 mutationes
3027 2497 3238 2542 :etatum
3268 2490 3474 2558 perpeti
3506 2489 3674 2542 voluit
3702 2489 3775 2543 ab

2182 2573 2297 2643 ipsa
2332 2590 2556 2630 exorsus
2597 2575 2816 2629 infantia
2841 2616 2857 2643 ,
2890 2585 2948 2631 ut
2982 2576 3046 2631 ad
3077 2589 3303 2632 mortem
3336 2579 3576 2633 videatur
3604 2580 3774 2634 etiam

2183 2663 2513 2718 senescendo
2542 2663 2632 2718 illa
2657 2680 2783 2719 caro
2811 2667 3087 2735 pervenire
3114 2666 3351 2737 potuisse
3371 2710 3386 2735 ,
3436 2669 3534 2722 nisi
3556 2668 3776 2736 juvenis

2184 2755 2371 2811 fuisset
2414 2756 2641 2810 occisus.
2686 2756 2818 2825 Qua:
2866 2767 3041 2811 tamen
3085 2774 3231 2813 mors
3268 2758 3321 2813 in
3365 2775 3524 2813 carne
3567 2759 3775 2829 peccati

2186 2846 2563 2901 inobcdientite
2592 2846 2609 2879 ⁸
2639 2846 2816 2901 débita
2842 2848 3099 2913 redditur,
3125 2849 3176 2903 in
3221 2849 3564 2904 similitudine
3588 2860 3775 2905 autem

2186 2936 2365 2993 carnis
2393 2937 2594 3005 peccati
2619 2937 2936 2993 obedientia:
2980 2938 3253 2994 voluntate
3281 2949 3528 3009 suscepta
3557 2949 3661 2994 est.
3693 2939 3776 2997 Ad

2185 3043 2304 3085 eam
2340 3028 2536 3098 quippe
2571 3028 2742 3083 iturus
2771 3044 2994 3099 eamque
3018 3045 3309 3101 passurus,
3358 3030 3457 3083 hoc
3487 3031 3560 3084 ait
3590 3048 3602 3084 :
3636 3028 3777 3085 Ecce

2185 3118 2316 3173 seuit
2352 3118 2585 3188 princeps
2631 3118 2808 3172 mundi
2849 3119 3029 3191 hujus,
3072 3127 3120 3172 et
3148 3119 3201 3173 in
3229 3136 3309 3174 me
3340 3120 3470 3173 nihil
3508 3120 3727 3174 inveniet
3753 3136 3774 3174 :

2187 3213 2276 3268 sed
2307 3220 2361 3267 ut
2393 3212 2554 3266 sciant
2597 3228 2768 3266 omnes
2795 3213 2913 3284 quia
2949 3212 3252 3267 voluntatem
3281 3211 3451 3266 Patris
3478 3213 3571 3266 mei
3602 3213 3769 3283 facio,

2187 3306 2393 3376 surgite,
2409 3319 2580 3357 eamus
2591 3303 2707 3357 hinc
2720 3300 3011 3376 (Joan.xtv,
3027 3303 3115 3371 30,
3130 3305 3241 3377 5|).
3258 3303 3350 3357 llis
3362 3304 3514 3357 dictis
3534 3303 3777 3372 perrexit

2188 3395 2254 3450 ad
2268 3395 2549 3450 indebitam
2563 3393 3250 3465 mortem,factusobediens
3262 3410 3429 3465 usque
3440 3394 3505 3448 ad
3519 3407 3777 3450 mortem.

2260 3506 2485 3564 CAPUT
2513 3505 2849 3563 XXX—49.
2868 3507 3157 3577 Respondet
3176 3507 3245 3560 ad
3272 3506 3596 3578 objectionem
3618 3504 3781 3561 Pela-

2189 3600 2475 3671 gianorum.
2519 3598 2852 3669 Quapropter
2874 3599 2950 3653 illi
2977 3599 3063 3670 qui
3088 3598 3304 3663 dicunt,
3346 3598 3408 3652 Si
3433 3597 3582 3666 primi
3605 3596 3780 3651 homi-

2191 3693 2270 3747 nis
2307 3698 2510 3763 peccato
2548 3690 2742 3761 factum
2771 3698 2841 3745 est
2871 3698 2927 3745 ut
2955 3705 3264 3745 morerentur
3282 3730 3299 3755 ,
3345 3686 3530 3743 Christi
3557 3687 3780 3741 adventu

2191 3783 2330 3852 ﬁeret
2357 3791 2410 3836 ut
2451 3780 2707 3836 credentes
2742 3780 2797 3836 in
2821 3795 2934 3835 eum
2981 3796 3085 3834 non
3112 3792 3456 3842 moreremur;
3500 3787 3554 3832 et
3576 3778 3781 3832 addunt

2192 3874 2341 3946 quasi
2371 3874 2665 3939 rationem,
2696 3872 2934 3928 dicentes
2955 3912 2971 3937 ,
3003 3869 3183 3941 Neque
3210 3870 3343 3923 enim
3376 3869 3782 3938 pramaricatoris

2194 3966 2521 4038 transgressio
2565 3964 2681 4035 plus
2729 3963 2871 4019 nobis
2917 3962 3128 4024 nocuit,
3174 3976 3325 4032 quam
3369 3960 3653 4015 incarnatio
3700 3962 3780 4015 vel

2192 4076 2249 4114 re
2262 4059 2471 4127 lemptio
2519 4057 2711 4129 profuit
2738 4054 3024 4111 Saluatoris
3051 4069 3073 4109 :
3100 4068 3198 4110 cur
3221 4069 3328 4108 non
3358 4054 3531 4122 potius
3564 4054 3665 4109 hoc
3694 4063 3782 4108 at-

2195 4152 2438 4217 tendunt,
2467 4151 2569 4207 hoc
2591 4149 2832 4216 audiunt,
2865 4147 2965 4203 hoc
2989 4146 3105 4202 sine
3132 4144 3462 4201 dubitatione
3486 4148 3507 4177 '
3523 4146 3777 4209 credunt,

2194 4243 2335 4315 quod
2362 4243 2647 4313 Apostolus
2666 4240 2783 4297 sine
2802 4237 3143 4308 ambiguitate
3164 4236 3372 4291 locutus
3396 4245 3497 4302 est,
3529 4235 3660 4301 Quia
3684 4251 3779 4305 per

2196 4335 2449 4389 hominem
2472 4349 2607 4387 mors
2624 4373 2640 4397 ,
2666 4340 2713 4385 et
2743 4346 2833 4403 per
2859 4329 3111 4383 hominem
3130 4328 3423 4381 resurrectio
3444 4337 3779 4383 mortuorum.

2198 4423 2344 4481 Sicut
2369 4423 2501 4479 enim
2526 4423 2579 4477 in
2604 4419 2772 4476 Adam
2796 4434 2968 4473 omnes
2994 4419 3307 4481 moriuntur,
3334 4416 3406 4470 sic
3435 4417 3554 4472 etin
3577 4417 3780 4472 Christo

2199 4534 2369 4572 onmes
2397 4514 2779 4583 viviﬁcabuntur
2807 4510 2848 4583 (l
2879 4509 2997 4566 Cor.
3028 4525 3120 4577 xv,
3151 4509 3244 4577 21,
3271 4508 3404 4580 2‘2)?
3429 4508 3612 4579 Neque
3634 4510 3781 4564 enim

2199 4606 2453 4671 aliunde,
2495 4618 2655 4677 quam
2700 4601 2767 4657 de
2812 4601 3054 4670 corporis
3105 4599 3500 4655 resurrectione
3545 4599 3779 4653 dicebat.

2200 4697 2452 4753 Omnium
2479 4708 2607 4765 ergo
2625 4692 2866 4762 corporis
2896 4699 3119 4745 mortem
3152 4690 3341 4744 factam
3370 4704 3465 4759 per
3494 4705 3655 4743 unum
3683 4688 3781 4742 ho-

2202 4791 2403 4846 minem
2428 4786 2596 4852 dixit,
2641 4792 2696 4839 et
2722 4782 2961 4839 omnium
2987 4781 3227 4853 corporis
3256 4780 3695 4836 resurrectionem
3725 4778 3782 4835 in

2201 4881 2367 4936 vitam
2416 4886 2670 4931 aeternam
2718 4889 2813 4943 per
2858 4887 3023 4927 unum
3067 4869 3336 4925 Christum
3387 4870 3614 4927 futuram
3662 4881 3785 4924 esse

2204 4968 2467 5043 promisit.
2484 4964 2764 5036 Quomodo
2782 4979 2910 5034 ergo
2925 4965 3040 5035 plus
3056 4954 3387 5015 nobis-nocuit
3403 4960 3489 5013 ille
3506 4957 3783 5029 peccando,

2205 5078 2360 5132 quam
2402 5059 2495 5113 iste
2533 5056 2725 5130 profuit
2766 5052 3089 5120 redimendo,
3130 5068 3249 5107 cum
3295 5067 3390 5121 per
3425 5051 3566 5105 illius
3594 5063 3786 5120 pecca-

2208 5162 2320 5206 tum
2352 5149 2715 5220 temporaliter
2738 5145 3050 5209 moriamur,
3082 5158 3175 5211 per
3198 5142 3350 5197 istius
3376 5149 3553 5196 autem
3581 5138 3789 5195 redem-

2207 5241 2444 5312 ptionem
2486 5254 2593 5293 non
2634 5234 2703 5292 ad
2746 5234 3090 5304 temporalem
3130 5232 3291 5286 vitam
3318 5272 3334 5298 ,
3366 5230 3458 5287 sed
3499 5230 3565 5285 ad
3597 5244 3791 5300 perpe-

2211 5342 2355 5387 tuam
2398 5327 2778 5399 resurgamus?
2822 5325 3073 5381 Nostrum
3112 5338 3242 5392 ergo
3281 5338 3476 5393 corpus
3520 5331 3787 5377 mortuum

2212 5431 2297 5480 est
2333 5428 2548 5492 propter
2565 5425 2866 5490 ,peccatum
2890 5455 2907 5482 ,
2956 5413 3153 5473 Christi
3189 5424 3369 5469 autem
3397 5428 3593 5484 corpus
3618 5413 3788 5470 solum

2215 5522 2481 5571 mortuum
2533 5520 2616 5563 est
2658 5509 2774 5564 sine
2815 5515 3069 5578 peccato;
3122 5512 3182 5560 ut
3224 5503 3345 5559 fuso
3386 5506 3641 5576 sanguine
3675 5503 3792 5557 sine

2215 5604 2409 5672 culpa,
2462 5599 2700 5655 omnium
2746 5598 3019 5667 culparum
3060 5594 3412 5666 chirographa
3461 5595 3792 5657 delerentur,

2218 5695 2408 5767 quibus
2432 5692 2703 5749 debitores
2725 5690 2815 5760 qui
2841 5688 2893 5743 in
2921 5702 3041 5743 cum
3071 5688 3313 5758 credunt,
3340 5702 3372 5743 a
3400 5686 3615 5743 diabolo
3637 5692 3790 5740 antea

2285 5853 2299 5883 ¹
2332 5849 2515 5912 Aliquot
2535 5854 2663 5912 Mss,
2688 5856 2812 5912 nunc
2834 5838 3179 5912 inohcdientitr.

2289 5916 2309 5945 ²
2334 5921 2385 5960 ιιι
2404 5909 2528 5969 $135.,
2550 5910 2647 5959 sine
2673 5909 3030 5966 disceptatione.

3476 5892 3522 5909 ,οδ

3442 5910 3457 5919 ,4
