4202 6530
358 624 698 681 timebantur.
736 618 806 675 Et
841 617 963 674 ideo
985 657 1002 685 ,
1033 614 1136 671 Hic
1171 621 1280 679 est,
1307 612 1413 678 alt,
1442 611 1654 683 sanguis
1674 607 1832 675 nicus',
1860 611 1947 681 qui

358 731 452 787 pro
472 714 643 768 multis
662 708 951 781 eﬂ'undetur
962 709 1016 764 in
1031 705 1373 763 remissionem
1388 711 1709 776 peccaton
1731 701 1944 777 (Matth.

360 821 493 861 xxvi
513 848 527 868 ,
558 804 674 874 28).

430 896 656 954 C.tPU'l‘
705 892 898 951 XXXI.
931 922 1001 935 —
1042 890 1130 948 50.
1159 889 1263 946 Cur
1302 905 1406 945 non
1444 888 1600 945 simul
1637 904 1726 961 per
1762 886 1948 957 Bapti-

358 1007 521 1043 smum
551 1005 664 1042 cum
698 987 912 1055 peccatis
937 1001 1070 1039 mors
1090 984 1240 1036 etiam
1269 982 1381 1053 ipsa
1410 980 1693 1035 aboleatur.
1734 978 1951 1035 Poterat

359 1093 535 1134 autem
576 1082 735 1133 etiam
766 1080 867 1131 hoc
906 1077 1109 1131 donare
1140 1073 1482 1129 credentibus
1506 1112 1524 1137 ,
1572 1078 1631 1124 ut
1665 1084 1765 1125 nec
1790 1068 1946 1123 istius

360 1174 741 1238 exuerirenlnr
783 1169 1026 1236 corporis
1070 1176 1297 1222 mortem
1329 1182 1345 1221 :
1373 1163 1467 1221 sed
1498 1163 1543 1220 si
1573 1163 1677 1218 hoc
1706 1161 1946 1225 fecisset,

357 1264 506 1318 carni
531 1262 774 1331 qua-dam
797 1260 1025 1316 felicitas
1051 1259 1338 1313 adderetur
1359 1297 1374 1322 ,
1406 1255 1743 1328 minueretur
1769 1264 1946 1309 autem

360 1357 480 1409 liilei
525 1355 799 1409 fortitudo.
843 1354 933 1410 Sic
967 1353 1114 1409 enim
1161 1351 1405 1406 homines
1435 1358 1662 1406 mortem
1697 1347 1850 1402 istam
1883 1345 1949 1400 ti-

360 1461 529 1515 ment,
572 1459 627 1502 ιιι
660 1462 764 1502 non
794 1448 865 1501 ob
893 1446 1035 1501 aliud
1078 1444 1257 1500 felices
1285 1443 1527 1498 dicerent
1555 1456 1674 1497 esse
1698 1439 1952 1497 Christia-

361 1553 483 1603 nos,
513 1538 611 1593 nisi
634 1537 774 1608 quod
804 1537 937 1591 inuri
963 1535 1184 1590 omnino
1209 1550 1315 1589 non
1346 1542 1585 1603 possent.
1620 1532 1698 1587 Ac
1727 1546 1821 1600 per
1847 1529 1949 1585 hoc

360 1645 520 1683 nemo
559 1637 778 1699 propter
808 1628 951 1682 illam
977 1630 1137 1681 vitam
1159 1666 1176 1689 ,
1222 1640 1342 1695 quae
1370 1632 1489 1694 pusi
1532 1624 1686 1678 istam
1714 1627 1947 1676 mortem

360 1719 515 1775 beata
544 1719 716 1775 futura
757 1727 880 1785 est,
931 1735 1027 1789 per
1064 1717 1315 1772 virtutem
1355 1715 1515 1769 etiam
1542 1709 1949 1796 contemnenda:

365 1811 534 1880 ipsius
565 1812 752 1865 mortis
777 1810 843 1864 ad
870 1808 1067 1864 Christi
1096 1809 1317 1877 gratiam
1351 1805 1662 1869 lestinaret;
1702 1802 1795 1858 sed
1829 1816 1953 1871 pro-

363 1913 481 1973 pter
508 1902 885 1958 removendam
925 1900 1114 1956 mortis
1144 1897 1441 1953 molestiam
1470 1894 1749 1951 delicatius
1774 1891 1952 1948 crede-

360 2005 511 2049 rrtnr
550 1995 602 2049 in
642 1995 934 2049 Christum.
982 1992 1109 2048 Plus
1136 2005 1265 2060 ergo
1292 1988 1476 2060 gratiae
1516 1986 1803 2056 prmstitit,
1832 1983 1950 2054 plus

363 2085 606 2139 ﬁdelibus
654 2086 765 2139 suis
808 2085 925 2139 sine
969 2082 1302 2138 dubitatione
1343 2078 1583 2135 donavit.
1630 2076 1766 2146 Quid
1806 2076 1951 2132 enim

362 2192 611 2246 magnum
637 2184 751 2230 erat
775 2218 792 2242 ,
836 2174 1065 2230 videndo
1090 2188 1198 2229 non
1227 2171 1362 2226 mori
1401 2184 1495 2226 eos
1531 2168 1621 2240 qui
1645 2166 1947 2233 crederent,

360 2269 581 2325 credere
600 2284 659 2325 se
689 2284 792 2323 non
816 2265 1177 2325 moriturum?
1202 2264 1411 2334 Quanto
1431 2270 1515 2320 est
1534 2261 1728 2330 majus,
1751 2268 1951 2329 quanto

362 2361 553 2418 fortius
573 2403 587 2423 ,
619 2370 819 2429 quanto
841 2359 1192 2424 laudabilius,
1224 2359 1292 2412 ita
1318 2355 1543 2414 credere
1564 2395 1580 2422 ,
1610 2364 1668 2409 ut
1688 2367 1748 2411 se
1770 2358 1952 2420 speret

363 2456 651 2509 rnoriturus
692 2454 808 2509 sine
847 2452 952 2507 ﬁne
992 2448 1299 2505 victurum?
1340 2447 1578 2516 Denique
1604 2443 1708 2500 hoc
1735 2442 1953 2513 quibus-

361 2546 485 2601 dum
514 2546 564 2600 in
617 2546 722 2600 line
764 2544 1053 2614 largietur.
1101 2549 1158 2595 ut
1198 2547 1429 2594 mortem
1475 2538 1630 2591 istam
1667 2532 1949 2603 repentina

360 2614 803 2691 conuuutationd
826 2649 933 2688 non
976 2632 1210 2688 sentiant
1236 2629 1312 2700 (α)
1332 2670 1349 2696 ,
1392 2626 1486 2683 sed
1513 2626 1674 2683 simul
1712 2639 1834 2679 cum
1861 2637 1949 2679 re-

363 2729 704 2799 surgentibus
748 2728 1025 2797 rapiantur
1063 2724 1115 2779 in
1145 2724 1373 2778 nubibus
1402 2720 1611 2777 obviam
1642 2716 1858 2775 Christo
1895 2717 1948 2772 in

361 2834 487 2873 aera
510 2859 525 2885 ,
565 2828 617 2873 et
642 2819 719 2873 sic
749 2832 962 2887 semper
986 2830 1108 2871 cum
1140 2814 1367 2869 Domino
1390 2813 1570 2866 vivant
1597 2810 1637 2882 (Ι
1669 2809 1845 2863 Thess.
1874 2823 1950 2873 tv,

363 2910 477 2983 16).
530 2911 596 2965 Ει
632 2920 778 2966 recte
810 2911 948 2977 illis,
997 2910 1119 2980 quia
1160 2914 1456 2967 uenerunt
1497 2904 1608 2975 jam
1638 2903 1834 2973 posteri
1862 2901 1953 2973 qui

354 3012 579 3075 jropter
609 3002 710 3057 hoc
739 3001 982 3068 credant,
1012 3015 1115 3055 non
1146 2998 1414 3070 sperando
1437 2996 1579 3069 quod
1608 3011 1711 3052 neu
1744 2995 1949 3060 vident,

359 3095 454 3149 sed
498 3094 727 3149 amando
767 3092 910 3163 quod
937 3091 1137 3147 vident.
1182 3090 1312 3160 Quae
1354 3088 1486 3144 ﬁdes
1528 3095 1611 3143 est
1652 3087 1863 3142 enervis
1898 3092 1954 3142 et

359 3188 595 3254 debilis,
635 3202 735 3243 nec
780 3186 913 3241 lides
956 3185 1178 3240 omnino
1215 3181 1474 3249 dicenda,
1520 3178 1949 3252 quanquuidem

360 3278 496 3335 ﬁdes
522 3281 592 3334 ita
619 3277 832 3334 deﬁnita
858 3285 943 3333 est
974 3293 988 3330 :
1023 3274 1176 3330 Fides
1216 3283 1291 3329 est
1331 3273 1646 3343 sperantium
1672 3271 1690 3303 ⁸
1719 3269 1953 3327 substan-

359 3372 433 3425 tia
452 3408 470 3436 ,
497 3370 739 3425 convictio
758 3384 928 3423 rerum
952 3382 1066 3439 qua:
1093 3382 1196 3421 non
1224 3365 1479 3421 sidentur.
1533 3362 1683 3420 Unde
1711 3364 1869 3418 etiam
1898 3362 1949 3417 in

357 3463 569 3525 eadem.
597 3462 681 3518 ubi
709 3471 763 3518 et
793 3460 894 3516 hoc
917 3459 1177 3530 scriptum
1203 3468 1305 3524 est,
1327 3457 1393 3513 ad
1412 3457 1669 3513 llcbrzeos
1690 3455 1946 3521 Epistula,

358 3569 481 3609 cum
518 3563 908 3625 consequenter
946 3559 1317 3610 enumerasset
1361 3548 1621 3621 quosdam
1646 3589 1665 3618 ,
1702 3548 1794 3619 qui
1840 3548 1951 3604 Deo

361 3644 466 3700 ﬁde
495 3646 805 3715 placuerunt
830 3662 845 3700 :
880 3643 1173 3702 Secundum
1194 3641 1366 3713 ﬁdem,
1397 3641 1589 3710 inquit,
1622 3650 1809 3695 mortus
1834 3646 1953 3693 sunt

360 3737 414 3790 Iri
440 3752 631 3800 omnes,
659 3754 775 3791 cum
811 3754 912 3792 non
945 3736 1254 3807 accepissent
1280 3733 1658 3806 promissiones,
1687 3731 1776 3786 sed
1804 3732 1953 3804 longe

360 3843 448 3883 eas
475 3829 694 3885 videntes
735 3838 783 3883 et
817 3828 1124 3893 salutantes,
1171 3836 1219 3881 et
1260 3825 1555 3896 conﬁtentes
1579 3823 1700 3896 quia
1729 3822 1951 3894 hospites

359 3929 408 3974 et
434 3921 685 3991 peregrini
705 3929 823 3975 sunt
844 3937 997 3990 super
1025 3928 1233 3974 terram.
1278 3917 1346 3974 Et
1374 3916 1532 3987 paulo
1559 3924 1680 3987 post
1705 3915 1951 3972 eamdem

359 4009 485 4067 ﬁdei
519 4013 727 4068 laudem
772 4016 839 4069 ita
866 4012 1166 4069 conclusit:
1192 4011 1261 4066 Et
1282 4026 1474 4076 omnes,
1502 4010 1692 4081 inquit,
1723 4010 1949 4064 testimo-

360 4104 503 4158 nium
543 4107 793 4160 consecuti
836 4120 926 4177 per
966 4105 1154 4174 ﬁdem,
1201 4121 1303 4160 non
1330 4103 1553 4158 tulerunt
1593 4103 1951 4173 promissioncs

360 4194 457 4248 Dei
487 4212 507 4251 :
535 4214 625 4267 pro
647 4196 788 4251 nobis
812 4197 946 4251 enim
974 4196 1187 4250 meliora
1213 4194 1558 4266 providerunt,
1593 4209 1656 4247 ne
1680 4194 1789 4248 sine
1808 4192 1950 4249 nobis

362 4288 568 4357 perfecti
594 4291 953 4358 perﬁcerentur
981 4287 1165 4360 (llebr.
1195 4302 1283 4351 ιι,
1313 4287 1338 4341 1
1362 4326 1378 4352 ,
1412 4287 1481 4342 l5
1499 4326 1514 4350 ,
1544 4283 1635 4352 39,
1665 4283 1782 4359 Ml).
1825 4284 1952 4341 llmc

362 4377 479 4434 laus
505 4380 623 4434 lidci
655 4397 760 4435 non
790 4389 970 4446 esset,
1002 4394 1105 4437 nec
1134 4379 1355 4434 omnino
1377 4420 1394 4446 ,
1426 4386 1487 4433 ut
1505 4376 1615 4448 jam
1645 4376 1752 4432 dixi
1773 4416 1790 4445 ,
1818 4375 1952 4433 ﬁdes

360 4480 520 4534 esset,
553 4471 597 4527 si
628 4472 871 4528 homines
892 4472 944 4528 in
971 4472 1241 4528 credendo
1265 4471 1483 4543 prmmia
1509 4470 1734 4526 visibilis
1761 4485 1955 4538 seque-

361 4569 583 4628 rentur,
632 4561 732 4616 hoc
759 4570 880 4628 est,
927 4563 971 4617 si
1002 4561 1251 4619 ﬁdelibus
1289 4574 1497 4618 merces
1536 4559 1951 4619 immortalitatis

361 4650 414 4706 in
441 4651 543 4707 hoc
564 4654 758 4708 saeculo
786 4654 1119 4709 redderetur.

430 4742 521 4799 5t.
553 4743 685 4799 llinc
712 4756 760 4799 et
796 4746 909 4812 ipse
940 4745 1195 4801 Dominus
1228 4745 1365 4801 mori
1407 4744 1612 4813 voluit,
1637 4753 1729 4815 ut,
1758 4761 1950 4818 quem-

358 4833 646 4891 admodum
674 4835 741 4892 de
771 4837 862 4893 illo
886 4838 1142 4906 scriptum
1170 4846 1287 4906 est,
1323 4854 1414 4910 per
1440 4849 1653 4896 mortem
1689 4848 1951 4895 evacuaret

358 4941 472 4980 eam
511 4928 596 4997 qui
635 4937 930 4999 potestatem
954 4928 1167 4983 habebat
1194 4929 1408 4998 mortis,
1446 4931 1504 4985 id
1541 4941 1637 4997 cst,
1667 4931 1952 5000 diabolum,

355 5025 407 5070 et
435 5017 669 5072 liberaret
699 5034 785 5073 cos
820 5019 908 5090 qui
952 5020 1130 5075 timore
1164 5021 1345 5076 mortis
1384 5038 1472 5092 per
1506 5030 1664 5077 totam
1694 5022 1847 5077 vitam
1876 5022 1953 5077 rei

359 5117 502 5162 erant
522 5109 770 5164 servitutis
808 5108 920 5183 (Id.
948 5126 1009 5177 ιι,
1043 5112 1111 5166 li
1131 5152 1147 5178 ,
1180 5111 1293 5183 l5).
1342 5111 1457 5168 lloc
1487 5113 1793 5170 testimonio
1818 5114 1951 5172 satis

362 5202 522 5256 etiam
570 5202 700 5257 illud
742 5212 1108 5268 monstratur,
1157 5213 1213 5260 et
1250 5214 1482 5261 mortem
1524 5209 1680 5262 istam
1705 5208 1951 5279 corporis

362 5293 602 5362 principe
627 5303 788 5366 atque
812 5304 1031 5351 auctore
1059 5296 1270 5352 diabolo
1294 5338 1311 5365 ,
1350 5296 1455 5354 hoc
1480 5308 1600 5366 est,
1631 5314 1697 5355 ex
1729 5308 1951 5369 peccato

360 5383 618 5441 accidisse
646 5428 661 5448 ,
698 5384 841 5456 quod
869 5385 959 5440 ille
995 5386 1297 5456 persuasit;
1342 5400 1515 5458 neque
1540 5388 1681 5444 enim
1711 5390 1780 5446 ob
1803 5390 1947 5446 aliud

358 5483 676 5543 potestatem
700 5474 901 5533 habere
926 5480 1114 5534 mortis
1153 5478 1432 5536 verissime
1460 5480 1731 5538 diceretur
1762 5501 1775 5538 :
1810 5485 1950 5540 unde

423 5584 604 5659 ξιργί,
637 5585 1007 5659 sperandorum.
1035 5596 1093 5659 at
1124 5597 1229 5659 Am.
1263 5595 1429 5659 Er._et
1450 5593 1611 5659 nostri
1636 5594 1949 5659 manuscripti

356 5648 853 5717 gmstanteLhabent,
876 5649 1191 5717 sperantium.
1209 5658 1291 5717 Δδιε
1323 5653 1386 5701 ab
1417 5656 1682 5717 Augustino
1699 5648 1950 5717 citatur'in

354 5709 668 5773 hactam‘m
696 5712 742 5759 in
766 5709 958 5773 losum,
992 5725 1043 5762 η.
1072 5714 1115 5773 t,
1142 5712 1256 5765 etin
1291 5709 1511 5764 tractaui
1523 5716 1601 5773 9:5,
1632 5728 1681 5764 n.
1707 5716 1767 5765 2:
1786 5724 1951 5769 Grmce

360 5775 454 5838 est,
493 5767 831 5838 elpizomenbn,
860 5767 986 5838 quod
1008 5767 1132 5838 cum
1168 5776 1231 5838 sit
1255 5777 1459 5825 verbum
1484 5767 1718 5838 medium,
1756 5781 1821 5830 ab
1842 5767 1951 5832 aliis

355 5830 516 5897 active
531 5830 962 5897 aecijiieliatur,'ab
977 5834 1082 5885 aliis
1104 5837 1307 5897 passive.

422 5893 495 5947 (η)
531 5890 645 5943 \ide'
668 5894 752 5944 lib.
778 5890 809 5943 2
846 5890 1069 5961 Retract,
1097 5890 1201 5962 cap.
1226 5898 1314 5961 35;
1342 5905 1392 5950 et
1425 5906 1565 5961 epist.
1605 5900 1711 5962 195,
1746 5902 1808 5954 ad
1832 5912 1949 5956 tier-

357 5962 587 6003 Catorem.

1671 495 1877 554 LIBER
1913 494 2289 555 SECUNDUS.

3547 506 3568 561 Ι
3581 508 3675 562 δατ

2064 611 2153 669 ille
2197 610 2288 682 qui
2331 610 2453 669 sine
2495 610 2604 667 ullo
2645 619 2868 685 peccato
2901 612 2989 671 vel
3030 613 3275 687 originali
3314 617 3395 674 vei
3432 622 3651 690 propria

2056 703 2418 771 moriebatur,
2468 702 2632 772 dixit,
2674 703 2817 776 quod
2858 705 3018 776 paulo
3045 717 3172 763 ante
3209 711 3651 777 commemoravi,

2057 794 2192 851 Ecce
2216 797 2381 851 veni-f-
2408 798 2643 867 princeps
2673 797 2851 852 nmndi
2868 839 2884 866 ,
2912 797 2965 853 id
2991 806 3105 866 est,
3133 800 3397 866 diabolus,
3430 802 3520 873 qui
3549 817 3653 875 po-

2057 898 2302 945 testatem
2332 889 2563 946 habebat
2604 890 2822 955 mortis,
2855 902 2900 945 et
2928 891 2981 945 in
3019 908 3099 946 me
3140 892 3271 947 nihil
3302 894 3549 961 inveniet,
3599 896 3649 949 id

2056 991 2174 1048 est,
2208 984 2449 1054 peccati,
2495 991 2713 1055 propter
2740 984 2880 1055 quod
2921 984 3166 1042 homines
3210 987 3346 1042 mori
3382 985 3529 1043 fecit.
3581 987 3649 1044 Et

2056 1076 2208 1146 quasi
2236 1075 2506 1131 diceretur
2522 1078 2592 1140 ci,
2610 1077 2943 1148 Quare-ergo
2970 1078 3244 1134 moreris?
3276 1079 3383 1135 Sed
3401 1089 3458 1135 ut
3482 1081 3647 1136 sciant

2055 1184 2229 1223 omnes
2260 1210 2276 1236 ,
2309 1168 2500 1239 inquit,
2529 1170 2650 1238 quia
2670 1170 2974 1225 uoluntatem
3006 1168 3181 1227 Patris
3206 1174 3304 1231 mei
3329 1173 3463 1243 facio
3483 1215 3500 1241 ,
3527 1190 3667 1227 sur-i

2055 1252 2175 1330 gite,
2206 1275 2381 1314 eamus
2405 1260 2523 1313 hinc
2553 1276 2572 1314 :
2602 1259 2653 1316 id
2682 1268 2784 1327 est,
2827 1267 2885 1316 ut
2908 1261 3112 1316 moriar
3132 1278 3239 1317 non
3267 1264 3470 1320 habens
3498 1278 3685 1320 mor-ar

2058 1350 2126 1404 tis
2148 1365 2364 1405 causam
2391 1350 2458 1406 de
2485 1361 2708 1422 peccato
2735 1351 2836 1407 sub
2877 1360 3097 1409 auctore
3141 1355 3386 1425 peccati,
3437 1355 3533 1411 sed
3578 1354 3651 1412 de
3700 1386 3705 1393 ν

2054 1440 2362 1498 obedientia
2389 1451 2445 1498 et
2481 1442 2688 1512 jnstitia
2715 1442 2886 1498 factus
2918 1443 3178 1500 obediens
3205 1460 3373 1517 usque
3397 1445 3465 1502 ad
3494 1462 3647 1502 more

2054 1542 2184 1592 tem.
2217 1536 2286 1591 Et
2322 1536 2425 1592 hoc
2447 1552 2576 1608 ergo
2617 1536 2709 1593 illo
2743 1538 3049 1595 testimonio
3085 1540 3509 1598 demonstratum
3539 1550 3645 1608 est,

2054 1635 2112 1681 et
2149 1626 2297 1697 quod
2328 1627 2575 1684 timorem
2605 1630 2794 1685 mortis
2825 1630 3010 1687 ﬁdeles
3036 1632 3294 1701 vincunt,
3322 1633 3390 1689 ad
3417 1648 3646 1706 agonem

2056 1716 2225 1787 ipsius
2250 1717 2372 1774 ﬁdei
2404 1721 2675 1789 pertinere
2699 1760 2713 1786 ,
2740 1721 2831 1792 qui
2861 1722 3103 1792 profecto
3131 1723 3422 1794 defuisset,
3449 1724 3496 1782 si
3522 1738 3647 1782 mox

2054 1817 2200 1866 esset
2224 1810 2506 1866 credentes
2529 1811 2900 1869 immortalitas
2924 1822 3230 1871 consecuta.

2125 1901 2354 1959 CAPUT
2377 1902 2681 1959 XXXIl.-
2702 1905 2795 1962 52.
2811 1904 2915 1961 Cur
2937 1906 3167 1963 Christus
3191 1916 3304 1981 post
3324 1913 3658 1968 resurrectio.

2055 2009 2172 2049 nem
2221 1996 2545 2064 praesentiam
2585 2012 2733 2051 suam
2778 1998 2972 2052 mundo
3020 1999 3336 2056 subduxerit.
3394 2002 3655 2071 Quamvis

2057 2084 2237 2156 itaque
2260 2085 2428 2141 multa
2460 2087 2718 2142 Dominus
2736 2088 2967 2144 visibilia
2994 2090 3249 2147 miracula
3268 2090 3473 2161 fecerit,
3504 2093 3665 2152 unde-

2056 2177 2172 2248 ipsa
2202 2178 2337 2233 ﬁdes
2363 2180 2510 2235 velut
2535 2180 2852 2250 quibusdam
2884 2183 3192 2253 primordiis
3235 2185 3655 2244 lactescentibus

2054 2269 2412 2338 germinaret,
2459 2278 2517 2326 et
2558 2270 2613 2325 in
2653 2285 2807 2326 suum
2848 2273 3012 2328 robur
3052 2288 3122 2330 ex
3158 2275 3247 2331 illa
3285 2278 3645 2335 teneritudine

2060 2360 2385 2416 coalesceret
2416 2361 2587 2431 (tanto
2611 2372 2691 2418 est
2719 2364 2862 2420 enim
2886 2364 3093 2431 fortior,
3119 2377 3320 2438 quanto
3345 2371 3515 2442 magis
3533 2371 3661 2443 jam

2058 2449 2161 2505 ista
2186 2466 2294 2505 non
2319 2452 2532 2524 quatrit)
2562 2469 2576 2507 ε
2610 2461 2788 2509 tamen
2816 2455 2950 2511 illud
2989 2456 3132 2527 quod
3173 2460 3491 2528 promissum
3521 2476 3643 2533 spe-

2057 2555 2245 2597 ramus
2267 2582 2284 2609 ,
2334 2542 2673 2600 invisibiliter
2706 2545 2874 2601 voluit
2915 2549 3242 2618 exspectari,
3287 2559 3345 2607 ut
3379 2552 3556 2623 justus
3582 2569 3667 2611 es.

2056 2630 2165 2690 ﬁde
2184 2632 2422 2699 viveret,
2454 2634 2507 2689 in
2537 2644 2739 2692 tantum
2772 2646 2954 2696 utnec
2985 2640 3099 2711 ipse
3134 2642 3225 2714 qui
3264 2643 3352 2699 die
3377 2647 3534 2702 tertio
3555 2663 3644 2704 re‘

2057 2725 2310 2791 surrexit,
2339 2725 2478 2783 inter
2504 2728 2749 2784 homines
2776 2742 2900 2787 esse
2924 2732 3172 2800 voluerit,
3199 2735 3293 2791 sed
3321 2735 3402 2793 eis
3427 2738 3667 2795 dement

2058 2822 2228 2870 strato
2249 2815 2300 2871 in
2317 2832 2410 2873 sua
2433 2832 2596 2876 carne
2612 2822 3021 2880 resorrectionis
3040 2829 3307 2897 exemplo,
3330 2844 3466 2900 quos
3489 2830 3648 2901 hujus

2055 2906 2135 2961 rei
2178 2915 2340 2966 testes
2372 2909 2569 2966 habere
2592 2910 2842 2982 dignatus
2870 2923 2986 2982 est,
3028 2915 3083 2971 in
3102 2917 3297 2973 coelum
3326 2921 3650 2990 ascenderit,

2056 2994 2266 3052 illorum
2305 3014 2517 3070 quoque
2544 3014 2605 3057 se
2624 3003 2795 3059 oculis
2821 3003 3072 3062 auferens
3092 3047 3111 3075 ,
3152 3009 3391 3082 nihilque
3428 3012 3534 3069 tale
3560 3029 3655 3072 cu-

2053 3086 2303 3160 jusquam
2347 3106 2533 3149 eorum
2559 3096 2706 3151 carni
2738 3096 2851 3165 jam
2878 3098 3161 3169 tribuens,
3206 3104 3365 3174 quale
3407 3105 3462 3160 in
3491 3120 3656 3165 carus

2058 3182 2270 3252 pr0pria
2299 3181 2800 3255 demonstraverat;
2841 3197 2900 3245 ut
2925 3200 2981 3248 et
3009 3191 3109 3263 ipsi
3146 3209 3217 3250 ex
3243 3195 3347 3253 ﬁde
3376 3198 3641 3268 viverent,

2056 3272 2279 3344 ejusque
2313 3275 2567 3346 justitiaa,
2612 3279 2665 3335 in
2695 3296 2801 3350 qua
2838 3297 2904 3339 ex
2943 3284 3051 3340 ﬁde
3087 3286 3327 3353 vivitur,
3372 3291 3650 3360 praemium

2054 3367 2198 3438 quod
2230 3380 2412 3439 postea
2438 3372 2544 3429 erit
2569 3373 2796 3442 visibile,
2823 3392 2967 3433 nunc
2993 3378 3202 3436 interim
3224 3397 3321 3450 per
3340 3385 3652 3455 patientiam

2055 3457 2396 3518 invisibiliter
2422 3474 2817 3536 exspectaan
2848 3469 2932 3525 Ad
2958 3470 3104 3527 hunc
3138 3472 3465 3530 intellectum
3490 3477 3669 3533 credo.

2056 3552 2221 3607 etiam
2270 3553 2401 3611 illud
2450 3570 2574 3613 esse
2614 3558 2992 3630 referendum,
3042 3564 3185 3634 quod
3231 3565 3307 3620 ait
3347 3566 3415 3622 de
3450 3567 3654 3639 Spiritu

2055 3656 2243 3703 sancto
2275 3664 2290 3702 :
2325 3646 2447 3705 Non
2480 3659 2644 3722 potest
2678 3653 2788 3724 ipse
2810 3656 3016 3724 venire,
3058 3658 3161 3714 nisi
3181 3676 3272 3732 ego
3299 3661 3492 3718 abiero.
3541 3663 3655 3722 lloc

2055 3738 2198 3794 enim
2226 3748 2343 3795 erat
2366 3742 2547 3799 dicere
2567 3784 2585 3812 ,
2633 3760 2740 3802 non
2770 3749 3015 3819 poteritis
3033 3751 3179 3820 jnste
3203 3754 3382 3812 vivere
3418 3770 3484 3814 ex
3525 3758 3650 3825 (ide,

2054 3830 2197 3899 quod
2225 3830 2292 3887 de
2321 3847 2446 3890 meo
2471 3834 2614 3892 dono
2633 3877 2648 3901 ,
2695 3837 2747 3893 id
2776 3847 2893 3907 est,
2926 3840 2996 3898 de
3030 3842 3233 3914 Spiritu
3270 3857 3458 3906 sancto
3487 3849 3652 3908 habe-

2053 3919 2181 3977 bitis
2204 3964 2221 3991 ,
2263 3924 2366 3981 nisi
2388 3940 2418 3980 a
2443 3927 2636 3985 vestris
2662 3931 2829 3987 oculis
2855 3932 2957 3990 hoc
2979 3936 3121 4006 quod
3152 3938 3431 3997 intuemini
3466 3942 3652 4000 abstu-

2056 4011 2190 4081 lero,
2219 4024 2277 4070 ut
2302 4017 2649 4087 spiritualiter
2677 4036 2772 4077 cor
2796 4032 3030 4080 vestrum
3062 4028 3347 4086 invisibilia
3381 4014 3652 4089 credendo

2054 4108 2320 4175 proliciat.
2372 4110 2523 4167 lianc
2551 4127 2617 4168 ex
2645 4114 2750 4171 lide
2769 4115 3032 4186 justitiam
3059 4120 3382 4193 identidem,
3428 4126 3663 4199 loquens

2053 4196 2122 4253 de
2154 4198 2361 4271 Spiritu
2383 4212 2570 4260 sancto
2590 4246 2606 4273 ,
2643 4205 2712 4260 ita
2745 4210 3088 4267 commendat
3118 4229 3133 4267 :
3165 4213 3299 4283 Ille,
3335 4196 3535 4288 inquit,
3566 4236 3654 4274 ar-

2052 4298 2172 4360 guet
2191 4292 2439 4347 mundum
2466 4294 2530 4350 de
2549 4307 2774 4365 peccato,
2797 4299 2863 4356 de
2884 4302 3123 4373 jnstitia,
3156 4315 3203 4359 et
3232 4306 3296 4361 de
3315 4308 3515 4380 judicio
3538 4326 3558 4367 :
3587 4314 3651 4369 de

2055 4394 2259 4453 peccato
2278 4387 2516 4455 quidem,
2551 4391 2673 4461 quia
2698 4408 2800 4448 non
2825 4395 3151 4452 crediderunt
3183 4398 3236 4454 in
3274 4416 3387 4467 me;
3414 4402 3477 4457 de
3496 4404 3657 4475 justi-

2055 4479 2128 4533 tia
2148 4520 2165 4546 ,
2201 4481 2322 4553 quia
2361 4482 2432 4536 ad
2457 4482 2668 4539 Patrem
2705 4488 2835 4543 uado
2857 4528 2873 4553 ,
2919 4500 2969 4545 et
3004 4491 3121 4562 jam
3166 4509 3269 4548 non
3307 4495 3536 4552 uidebitis
3576 4516 3658 4554 me

2054 4568 2234 4640 (loco.
2263 4588 2376 4641 xvn,
2408 4574 2587 4647 7-10).
2616 4575 2748 4647 Qum
2775 4589 2860 4635 est
2886 4580 2986 4636 ista
3005 4581 3209 4652 justitia
3229 4627 3245 4653 ,
3267 4601 3369 4657 qua
3399 4602 3520 4643 eum
3547 4605 3651 4645 non

2055 4661 2303 4720 viderent
2331 4665 2348 4699 ⁸
2375 4706 2394 4735 ,
2439 4667 2543 4723 nisi
2569 4677 2629 4725 ut
2648 4669 2827 4741 justus
2855 4688 2920 4729 ex
2947 4675 3052 4731 ﬁde
3082 4677 3325 4747 viveret,
3354 4690 3409 4736 et
3433 4697 3539 4738 non
3568 4699 3655 4739 re-

2054 4754 2347 4846 spicientes
2373 4773 2493 4828 quae
2521 4759 2801 4846 videntur,
2828 4763 2923 4820 sed
2947 4781 3068 4835 qum
3101 4782 3207 4824 non
3231 4769 3481 4828 videntur
3498 4814 3523 4841 ,.
3545 4776 3655 4846 spi-

2053 4845 2159 4900 ritu
2184 4861 2248 4901 ex
2272 4846 2376 4903 ﬁde
2404 4862 2554 4919 spem
2581 4842 2805 4921 juslitia:
2823 4861 3302 4928 exspectaremus?

2123 4934 2352 4993 CAPUT
2382 4937 3084 5017 XXXIII.—55.Respondet
3103 4948 3173 5003 ad
3186 4950 3522 5023 .objectionem
3543 4956 3646 5013 Pe-

2054 5025 2394 5098 lagianorum.
2434 5030 2535 5101 Qui
2566 5042 2743 5090 autem
2786 5034 3015 5093 dicunt:
3046 5037 3110 5097 Si
3153 5052 3358 5111 peccato
3387 5062 3521 5103 mors
3545 5051 3645 5105 ista

2054 5120 2282 5192 corporis
2309 5122 2575 5180 accidisset
2591 5164 2608 5193 ,
2637 5142 2741 5183 non
2762 5128 2937 5201 utique
2961 5140 3073 5202 post
3097 5134 3441 5192 remissionem
3469 5156 3651 5211 pecco.

2054 5217 2243 5276 torum,
2268 5228 2426 5283 quant
2450 5215 2765 5288 Redemptor
2782 5220 2927 5277 nobis
2948 5223 3138 5292 tribuit,
3168 5242 3477 5285 morerentur
3501 5247 3522 5287 :
3543 5249 3649 5289 non

2053 5302 2357 5375 intelligunt
2396 5309 2673 5379 quomodo
2692 5327 2781 5369 res
2804 5353 2821 5383 ,
2868 5328 3094 5386 quarum
3131 5326 3378 5387 reatum,
3422 5337 3491 5379 ne
3529 5335 3655 5395 post

2054 5393 2193 5452 hanc
2223 5397 2386 5453 vitam
2414 5399 2632 5467 obsint,
2661 5402 2804 5461 Deus
2823 5405 3012 5477 solvit,
3055 5419 3232 5468 tamen
3263 5427 3358 5469 eas
3381 5412 3447 5470 ad
3475 5393 3651 5471 certa-

2054 5503 2177 5542 men
2226 5487 2347 5545 ﬁdei
2389 5491 2518 5548 sinit
2557 5508 2808 5566 manere,
2859 5507 2919 5554 ut
2961 5516 3057 5572 per
3103 5503 3221 5560 illas
3258 5506 3570 5563 erudiautur
3595 5518 3659 5565 ct,

2053 5593 2409 5637 exerceantur
2458 5584 2802 5655 proﬁcientes
2848 5590 2901 5646 in
2949 5607 3121 5665 agone
3160 5594 3402 5667 justitiae.
3460 5597 3653 5651 Posset

2056 5674 2198 5728 enim
2235 5683 2288 5729 et
2312 5675 2452 5731 alius
2481 5676 2585 5734 hoc
2613 5694 2719 5736 non
2759 5682 3064 5756 intelligens
3089 5686 3271 5744 dicere
3295 5726 3311 5754 ,
3344 5688 3399 5742 Si
3432 5694 3648 5756 propter

2056 5774 2332 5832 peccatum
2377 5767 2511 5822 dixit
2548 5769 2689 5827 Deus
2729 5774 2971 5844 homini,
3027 5777 3091 5832 lu
3140 5779 3327 5845 sudore
3363 5762 3527 5834 utilius
3574 5779 3657 5831 tui-

2055 5855 2170 5910 rtlcs
2198 5874 2376 5924 panem
2409 5870 2565 5925 tuum,
2598 5872 2644 5916 et
2672 5865 2846 5934 spinas
2874 5879 2919 5922 et
2946 5870 3157 5925 tribulos
3179 5872 3338 5937 pariet
3366 5871 3452 5922 tibi
3479 5880 3607 5920 terra
3628 5882 3655 5921 :.

2125 5972 2142 6005 ι
2159 5971 2466 6022 turbetensis
2489 5980 2589 6036 διε..
2617 5976 2853 6030 rulcrunt.
