  <div class='ocr_page' id='page_1' title='image "/cluster/home/n/w/nwhite01/storage/ocr_20150623/44-45/uc1.31175026792435/099.png"; bbox 0 0 4202 6514; ppageno 0'>
   <div class='ocr_carea' id='block_1_1' title="bbox 586 490 693 543">
    <p class='ocr_par' dir='ltr' id='par_1_1' title="bbox 586 490 693 543">
     <span class='ocr_line' id='line_1_1' title="bbox 586 490 693 543; baseline 0.019 -3"><span class='ocrx_word' id='word_1_1' title='bbox 586 490 693 543; x_wconf 62' lang='lat'><strong>11-23</strong></span> 
     </span>
    </p>
   </div>
   <div class='ocr_carea' id='block_1_2' title="bbox 578 604 2174 677">
    <p class='ocr_par' dir='ltr' id='par_1_2' title="bbox 578 604 2174 677">
     <span class='ocr_line' id='line_1_2' title="bbox 578 604 2174 677; baseline -0.001 -17"><span class='ocrx_word' id='word_1_2' title='bbox 578 620 748 676; x_wconf 78' lang='lat' dir='ltr'><strong>quare</strong></span> <span class='ocrx_word' id='word_1_3' title='bbox 773 614 829 664; x_wconf 80' lang='lat' dir='ltr'><strong>et</strong></span> <span class='ocrx_word' id='word_1_4' title='bbox 855 614 973 677; x_wconf 86' lang='lat' dir='ltr'><strong>post</strong></span> <span class='ocrx_word' id='word_1_5' title='bbox 1013 604 1384 660; x_wconf 89' lang='lat' dir='ltr'><strong>remissionem</strong></span> <span class='ocrx_word' id='word_1_6' title='bbox 1430 604 1578 659; x_wconf 88' lang='lat' dir='ltr'><strong>labor</strong></span> <span class='ocrx_word' id='word_1_7' title='bbox 1619 604 1706 660; x_wconf 87' lang='lat' dir='ltr'><strong>hic</strong></span> <span class='ocrx_word' id='word_1_8' title='bbox 1748 612 2064 673; x_wconf 81' lang='lat' dir='ltr'><strong>permanet,</strong></span> <span class='ocrx_word' id='word_1_9' title='bbox 2117 612 2174 660; x_wconf 87' lang='lat' dir='ltr'><strong>et</strong></span> 
     </span>
    </p>
   </div>
   <div class='ocr_carea' id='block_1_3' title="bbox 582 694 2167 775">
    <p class='ocr_par' dir='ltr' id='par_1_3' title="bbox 582 694 2167 775">
     <span class='ocr_line' id='line_1_3' title="bbox 582 694 2167 775; baseline -0.001 -23"><span class='ocrx_word' id='word_1_10' title='bbox 582 697 700 752; x_wconf 69' lang='lat' dir='ltr'><strong>hare</strong></span> <span class='ocrx_word' id='word_1_11' title='bbox 724 696 859 752; x_wconf 89' lang='lat' dir='ltr'><strong>dura</strong></span> <span class='ocrx_word' id='word_1_12' title='bbox 890 706 945 753; x_wconf 92' lang='lat' dir='ltr'><strong>et</strong></span> <span class='ocrx_word' id='word_1_13' title='bbox 964 710 1152 768; x_wconf 80' lang='lat' dir='ltr'><strong>aSpera</strong></span> <span class='ocrx_word' id='word_1_14' title='bbox 1176 696 1317 767; x_wconf 89' lang='lat' dir='ltr'><strong>parit</strong></span> <span class='ocrx_word' id='word_1_15' title='bbox 1350 695 1509 751; x_wconf 89' lang='lat' dir='ltr'><strong>etiam</strong></span> <span class='ocrx_word' id='word_1_16' title='bbox 1540 703 1681 751; x_wconf 92' lang='lat' dir='ltr'><strong>terra</strong></span> <span class='ocrx_word' id='word_1_17' title='bbox 1712 695 1992 752; x_wconf 82' lang='lat' dir='ltr'><strong>ﬁdelium?</strong></span> <span class='ocrx_word' id='word_1_18' title='bbox 2038 694 2167 775; x_wconf 85' lang='lat' dir='ltr'><strong>Item</strong></span> 
     </span>
    </p>
   </div>
   <div class='ocr_carea' id='block_1_4' title="bbox 578 785 2170 858">
    <p class='ocr_par' dir='ltr' id='par_1_4' title="bbox 578 785 2170 858">
     <span class='ocr_line' id='line_1_4' title="bbox 578 785 2170 858; baseline 0 -17"><span class='ocrx_word' id='word_1_19' title='bbox 578 789 623 842; x_wconf 84' lang='lat' dir='ltr'><strong>si</strong></span> <span class='ocrx_word' id='word_1_20' title='bbox 675 798 895 858; x_wconf 85' lang='lat' dir='ltr'><strong>propter</strong></span> <span class='ocrx_word' id='word_1_21' title='bbox 938 796 1212 858; x_wconf 88' lang='lat' dir='ltr'><strong>peccatum</strong></span> <span class='ocrx_word' id='word_1_22' title='bbox 1249 785 1449 840; x_wconf 88' lang='lat' dir='ltr'><strong>dictum</strong></span> <span class='ocrx_word' id='word_1_23' title='bbox 1482 795 1566 841; x_wconf 90' lang='lat' dir='ltr'><strong>est</strong></span> <span class='ocrx_word' id='word_1_24' title='bbox 1603 786 1842 852; x_wconf 82' lang='lat' dir='ltr'><strong>mulieri,</strong></span> <span class='ocrx_word' id='word_1_25' title='bbox 1889 785 1955 840; x_wconf 87' lang='lat' dir='ltr'><strong>In</strong></span> <span class='ocrx_word' id='word_1_26' title='bbox 1982 787 2170 857; x_wconf 83' lang='lat' dir='ltr'><strong>gemitu</strong></span> 
     </span>
    </p>
   </div>
   <div class='ocr_carea' id='block_1_5' title="bbox 580 876 2163 948">
    <p class='ocr_par' dir='ltr' id='par_1_5' title="bbox 580 876 2163 948">
     <span class='ocr_line' id='line_1_5' title="bbox 580 876 2163 948; baseline 0.003 -18"><span class='ocrx_word' id='word_1_27' title='bbox 580 879 745 944; x_wconf 79' lang='lat' dir='ltr'><strong>paries</strong></span> <span class='ocrx_word' id='word_1_28' title='bbox 773 877 928 948; x_wconf 83' lang='lat' dir='ltr'><strong>(Gen.</strong></span> <span class='ocrx_word' id='word_1_29' title='bbox 970 894 1050 946; x_wconf 89' lang='lat' dir='ltr'><strong>tn,</strong></span> <span class='ocrx_word' id='word_1_30' title='bbox 1085 878 1173 947; x_wconf 80' lang='lat' dir='ltr'><strong>l9,</strong></span> <span class='ocrx_word' id='word_1_31' title='bbox 1203 876 1292 948; x_wconf 74' lang='grc'><strong>16)</strong></span> <span class='ocrx_word' id='word_1_32' title='bbox 1330 892 1469 933; x_wconf 90' lang='lat' dir='ltr'><strong>:cur</strong></span> <span class='ocrx_word' id='word_1_33' title='bbox 1488 876 1648 931; x_wconf 90' lang='lat' dir='ltr'><strong>etiam</strong></span> <span class='ocrx_word' id='word_1_34' title='bbox 1680 886 1798 947; x_wconf 91' lang='lat' dir='ltr'><strong>post</strong></span> <span class='ocrx_word' id='word_1_35' title='bbox 1822 886 2163 945; x_wconf 77' lang='lat' dir='ltr'><strong>peccatorum</strong></span> 
     </span>
    </p>
   </div>
   <div class='ocr_carea' id='block_1_6' title="bbox 1156 440 3241 557">
    <p class='ocr_par' dir='ltr' id='par_1_6' title="bbox 1156 440 3241 557">
     <span class='ocr_line' id='line_1_6' title="bbox 1156 440 3241 557; baseline 0.004 -16"><span class='ocrx_word' id='word_1_36' title='bbox 1156 440 1161 447; x_wconf 24' lang='grc' dir='ltr'>ι</span> <span class='ocrx_word' id='word_1_37' title='bbox 1225 486 1313 542; x_wconf 72' lang='grc' dir='ltr'><strong>οι]</strong></span> <span class='ocrx_word' id='word_1_38' title='bbox 1351 444 1812 545; x_wconf 73' lang='lat' dir='ltr'><strong>PECCATORUM</strong></span> <span class='ocrx_word' id='word_1_39' title='bbox 1851 486 2128 544; x_wconf 77' lang='lat' dir='ltr'><strong>MERlTlS</strong></span> <span class='ocrx_word' id='word_1_40' title='bbox 2169 487 2258 543; x_wconf 87' lang='lat' dir='ltr'><strong>ET</strong></span> <span class='ocrx_word' id='word_1_41' title='bbox 2300 487 2727 557; x_wconf 77' lang='lat' dir='ltr'><strong>REMISSIONE,</strong></span> <span class='ocrx_word' id='word_1_42' title='bbox 2771 490 2829 548; x_wconf 91' lang='lat' dir='ltr'><strong>S.</strong></span> <span class='ocrx_word' id='word_1_43' title='bbox 2870 491 3241 550; x_wconf 75' lang='lat' dir='ltr'><strong>AUCUSTINI</strong></span> 
     </span>
    </p>
   </div>
   <div class='ocr_carea' id='block_1_7' title="bbox 3744 500 3856 556">
    <p class='ocr_par' dir='ltr' id='par_1_7' title="bbox 3744 500 3856 556">
     <span class='ocr_line' id='line_1_7' title="bbox 3744 500 3856 556; baseline -0.018 0"><span class='ocrx_word' id='word_1_44' title='bbox 3744 500 3856 556; x_wconf 63' lang='grc'><strong>188</strong></span> 
     </span>
    </p>
   </div>
   <div class='ocr_carea' id='block_1_8' title="bbox 2278 597 3866 683">
    <p class='ocr_par' dir='ltr' id='par_1_8' title="bbox 2278 597 3866 683">
     <span class='ocr_line' id='line_1_8' title="bbox 2278 597 3866 683; baseline 0.007 -22"><span class='ocrx_word' id='word_1_45' title='bbox 2278 604 2378 661; x_wconf 87' lang='lat' dir='ltr'><strong>cba</strong></span> <span class='ocrx_word' id='word_1_46' title='bbox 2404 606 2564 662; x_wconf 82' lang='lat' dir='ltr'><strong>David</strong></span> <span class='ocrx_word' id='word_1_47' title='bbox 2591 606 2645 663; x_wconf 89' lang='lat' dir='ltr'><strong>in</strong></span> <span class='ocrx_word' id='word_1_48' title='bbox 2675 607 2814 664; x_wconf 90' lang='lat' dir='ltr'><strong>libro</strong></span> <span class='ocrx_word' id='word_1_49' title='bbox 2836 608 3163 680; x_wconf 75' lang='lat' dir='ltr'><strong>Regnorum,</strong></span> <span class='ocrx_word' id='word_1_50' title='bbox 3191 597 3259 666; x_wconf 83' lang='lat' dir='ltr'><strong>ad</strong></span> <span class='ocrx_word' id='word_1_51' title='bbox 3282 624 3437 680; x_wconf 86' lang='lat' dir='ltr'><strong>quem</strong></span> <span class='ocrx_word' id='word_1_52' title='bbox 3460 615 3715 683; x_wconf 81' lang='lat' dir='ltr'><strong>propheta</strong></span> <span class='ocrx_word' id='word_1_53' title='bbox 3737 629 3866 672; x_wconf 86' lang='lat' dir='ltr'><strong>eum</strong></span> 
     </span>
    </p>
   </div>
   <div class='ocr_carea' id='block_1_9' title="bbox 2278 696 3867 773">
    <p class='ocr_par' dir='ltr' id='par_1_9' title="bbox 2278 696 3867 773">
     <span class='ocr_line' id='line_1_9' title="bbox 2278 696 3867 773; baseline 0.007 -23"><span class='ocrx_word' id='word_1_54' title='bbox 2278 696 2475 752; x_wconf 89' lang='lat' dir='ltr'><strong>missus</strong></span> <span class='ocrx_word' id='word_1_55' title='bbox 2513 708 2672 765; x_wconf 90' lang='lat' dir='ltr'><strong>esset,</strong></span> <span class='ocrx_word' id='word_1_56' title='bbox 2707 699 2864 771; x_wconf 86' lang='lat' dir='ltr'><strong>eique</strong></span> <span class='ocrx_word' id='word_1_57' title='bbox 2907 709 3125 771; x_wconf 87' lang='lat' dir='ltr'><strong>propter</strong></span> <span class='ocrx_word' id='word_1_58' title='bbox 3154 711 3435 770; x_wconf 89' lang='lat' dir='ltr'><strong>peccatum</strong></span> <span class='ocrx_word' id='word_1_59' title='bbox 3461 704 3603 773; x_wconf 90' lang='lat' dir='ltr'><strong>quod</strong></span> <span class='ocrx_word' id='word_1_60' title='bbox 3627 704 3867 762; x_wconf 82' lang='lat' dir='ltr'><strong>admise-</strong></span> 
     </span>
    </p>
   </div>
   <div class='ocr_carea' id='block_1_10' title="bbox 2278 789 3863 862">
    <p class='ocr_par' dir='ltr' id='par_1_10' title="bbox 2278 789 3863 862">
     <span class='ocr_line' id='line_1_10' title="bbox 2278 789 3863 862; baseline 0.008 -23"><span class='ocrx_word' id='word_1_61' title='bbox 2278 797 2382 852; x_wconf 86' lang='lat' dir='ltr'><strong>rat,</strong></span> <span class='ocrx_word' id='word_1_62' title='bbox 2408 798 2662 845; x_wconf 84' lang='lat' dir='ltr'><strong>eventura</strong></span> <span class='ocrx_word' id='word_1_63' title='bbox 2704 789 2843 845; x_wconf 89' lang='lat' dir='ltr'><strong>mala</strong></span> <span class='ocrx_word' id='word_1_64' title='bbox 2880 806 2944 845; x_wconf 80' lang='lat' dir='ltr'><strong>ex</strong></span> <span class='ocrx_word' id='word_1_65' title='bbox 2992 791 3262 847; x_wconf 80' lang='lat' dir='ltr'><strong>iracundia</strong></span> <span class='ocrx_word' id='word_1_66' title='bbox 3293 793 3384 848; x_wconf 92' lang='lat' dir='ltr'><strong>Dei</strong></span> <span class='ocrx_word' id='word_1_67' title='bbox 3418 794 3863 862; x_wconf 85' lang='lat' dir='ltr'><strong>comminaretur,</strong></span> 
     </span>
    </p>
   </div>
   <div class='ocr_carea' id='block_1_11' title="bbox 2275 877 3831 956">
    <p class='ocr_par' dir='ltr' id='par_1_11' title="bbox 2275 877 3831 956">
     <span class='ocr_line' id='line_1_11' title="bbox 2275 877 3831 956; baseline 0.004 -24"><span class='ocrx_word' id='word_1_68' title='bbox 2275 877 2615 935; x_wconf 83' lang='lat' dir='ltr'><strong>confessione</strong></span> <span class='ocrx_word' id='word_1_69' title='bbox 2644 881 2846 951; x_wconf 86' lang='lat' dir='ltr'><strong>peccati</strong></span> <span class='ocrx_word' id='word_1_70' title='bbox 2868 881 3074 936; x_wconf 80' lang='lat' dir='ltr'><strong>veniam</strong></span> <span class='ocrx_word' id='word_1_71' title='bbox 3108 882 3321 949; x_wconf 90' lang='lat' dir='ltr'><strong>meruit,</strong></span> <span class='ocrx_word' id='word_1_72' title='bbox 3351 884 3707 954; x_wconf 84' lang='lat' dir='ltr'><strong>respondente</strong></span> <span class='ocrx_word' id='word_1_73' title='bbox 3731 902 3831 956; x_wconf 87' lang='lat' dir='ltr'><strong>pro</strong></span> 
     </span>
    </p>
   </div>
   <div class='ocr_carea' id='block_1_12' title="bbox 582 965 3858 1048">
    <p class='ocr_par' dir='ltr' id='par_1_12' title="bbox 582 965 3858 1048">
     <span class='ocr_line' id='line_1_12' title="bbox 582 965 3858 1048; baseline 0.003 -26"><span class='ocrx_word' id='word_1_74' title='bbox 582 969 953 1024; x_wconf 86' lang='lat' dir='ltr'><strong>remissionem</strong></span> <span class='ocrx_word' id='word_1_75' title='bbox 994 970 1204 1025; x_wconf 84' lang='lat' dir='ltr'><strong>feminae</strong></span> <span class='ocrx_word' id='word_1_76' title='bbox 1235 967 1419 1022; x_wconf 89' lang='lat' dir='ltr'><strong>ﬁdeles</strong></span> <span class='ocrx_word' id='word_1_77' title='bbox 1451 965 1670 1023; x_wconf 89' lang='lat' dir='ltr'><strong>eosdem</strong></span> <span class='ocrx_word' id='word_1_78' title='bbox 1712 967 1927 1022; x_wconf 88' lang='lat' dir='ltr'><strong>dolores</strong></span> <span class='ocrx_word' id='word_1_79' title='bbox 1957 966 2008 1021; x_wconf 92' lang='lat' dir='ltr'><strong>in</strong></span> <span class='ocrx_word' id='word_1_80' title='bbox 2056 983 2175 1036; x_wconf 78' lang='lat' dir='ltr'><strong>par.</strong></span> <span class='ocrx_word' id='word_1_81' title='bbox 2275 970 2432 1037; x_wconf 80' lang='lat' dir='ltr'><strong>pheta</strong></span> <span class='ocrx_word' id='word_1_82' title='bbox 2458 970 2600 1040; x_wconf 89' lang='lat' dir='ltr'><strong>quod</strong></span> <span class='ocrx_word' id='word_1_83' title='bbox 2631 973 2680 1026; x_wconf 91' lang='lat' dir='ltr'><strong>ei</strong></span> <span class='ocrx_word' id='word_1_84' title='bbox 2720 969 2971 1042; x_wconf 85' lang='lat' dir='ltr'><strong>ﬂagitium</strong></span> <span class='ocrx_word' id='word_1_85' title='bbox 3019 972 3330 1044; x_wconf 82' lang='lat' dir='ltr'><strong>facinusque</strong></span> <span class='ocrx_word' id='word_1_86' title='bbox 3374 975 3656 1030; x_wconf 87' lang='lat' dir='ltr'><strong>remissum</strong></span> <span class='ocrx_word' id='word_1_87' title='bbox 3683 977 3754 1030; x_wconf 78' lang='lat' dir='ltr'><strong>sit</strong></span> <span class='ocrx_word' id='word_1_88' title='bbox 3780 976 3858 1048; x_wconf 90' lang='lat' dir='ltr'><strong>(ll</strong></span> 
     </span>
    </p>
   </div>
   <div class='ocr_carea' id='block_1_13' title="bbox 577 1061 2159 1132">
    <p class='ocr_par' dir='ltr' id='par_1_13' title="bbox 577 1061 2159 1132">
     <span class='ocr_line' id='line_1_13' title="bbox 577 1061 2159 1132; baseline -0.001 -18"><span class='ocrx_word' id='word_1_89' title='bbox 577 1061 825 1117; x_wconf 89' lang='lat' dir='ltr'><strong>turiendo</strong></span> <span class='ocrx_word' id='word_1_90' title='bbox 873 1063 1185 1132; x_wconf 82' lang='lat' dir='ltr'><strong>patiuntur?</strong></span> <span class='ocrx_word' id='word_1_91' title='bbox 1228 1062 1294 1117; x_wconf 85' lang='lat' dir='ltr'><strong>Et</strong></span> <span class='ocrx_word' id='word_1_92' title='bbox 1324 1070 1502 1115; x_wconf 88' lang='lat' dir='ltr'><strong>tamen</strong></span> <span class='ocrx_word' id='word_1_93' title='bbox 1545 1068 1755 1116; x_wconf 88' lang='lat' dir='ltr'><strong>constat</strong></span> <span class='ocrx_word' id='word_1_94' title='bbox 1792 1067 2011 1129; x_wconf 89' lang='lat' dir='ltr'><strong>propter</strong></span> <span class='ocrx_word' id='word_1_95' title='bbox 2037 1074 2159 1127; x_wconf 79' lang='lat' dir='ltr'><strong>pec-</strong></span> 
     </span>
    </p>
   </div>
   <div class='ocr_carea' id='block_1_14' title="bbox 580 1149 2167 1223">
    <p class='ocr_par' dir='ltr' id='par_1_14' title="bbox 580 1149 2167 1223">
     <span class='ocr_line' id='line_1_14' title="bbox 580 1149 2167 1223; baseline -0.002 -16"><span class='ocrx_word' id='word_1_96' title='bbox 580 1162 782 1220; x_wconf 81' lang='lat' dir='ltr'><strong>catum,</strong></span> <span class='ocrx_word' id='word_1_97' title='bbox 822 1151 966 1223; x_wconf 87' lang='lat' dir='ltr'><strong>quod</strong></span> <span class='ocrx_word' id='word_1_98' title='bbox 990 1153 1335 1215; x_wconf 83' lang='lat' dir='ltr'><strong>admiserant,</strong></span> <span class='ocrx_word' id='word_1_99' title='bbox 1364 1150 1534 1206; x_wconf 82' lang='lat' dir='ltr'><strong>illosa</strong></span> <span class='ocrx_word' id='word_1_100' title='bbox 1558 1151 1667 1207; x_wconf 89' lang='lat' dir='ltr'><strong>Deo</strong></span> <span class='ocrx_word' id='word_1_101' title='bbox 1695 1151 1897 1220; x_wconf 90' lang='lat' dir='ltr'><strong>primos</strong></span> <span class='ocrx_word' id='word_1_102' title='bbox 1923 1149 2167 1204; x_wconf 82' lang='lat' dir='ltr'><strong>homines</strong></span> 
     </span>
    </p>
   </div>
   <div class='ocr_carea' id='block_1_15' title="bbox 580 1240 2166 1312">
    <p class='ocr_par' dir='ltr' id='par_1_15' title="bbox 580 1240 2166 1312">
     <span class='ocr_line' id='line_1_15' title="bbox 580 1240 2166 1312; baseline 0.001 -17"><span class='ocrx_word' id='word_1_103' title='bbox 580 1242 697 1297; x_wconf 64' lang='lat' dir='ltr'><strong>haec</strong></span> <span class='ocrx_word' id='word_1_104' title='bbox 739 1241 955 1299; x_wconf 88' lang='lat' dir='ltr'><strong>audisse</strong></span> <span class='ocrx_word' id='word_1_105' title='bbox 997 1253 1154 1312; x_wconf 85' lang='lat' dir='ltr'><strong>atque</strong></span> <span class='ocrx_word' id='word_1_106' title='bbox 1179 1242 1443 1299; x_wconf 84' lang='lat' dir='ltr'><strong>meruisse</strong></span> <span class='ocrx_word' id='word_1_107' title='bbox 1475 1259 1490 1296; x_wconf 89' lang='lat'><strong>:</strong></span> <span class='ocrx_word' id='word_1_108' title='bbox 1519 1256 1621 1298; x_wconf 90' lang='lat' dir='ltr'><strong>nec</strong></span> <span class='ocrx_word' id='word_1_109' title='bbox 1652 1241 1855 1298; x_wconf 86' lang='lat' dir='ltr'><strong>resistit</strong></span> <span class='ocrx_word' id='word_1_110' title='bbox 1879 1240 1962 1295; x_wconf 87' lang='lat' dir='ltr'><strong>his</strong></span> <span class='ocrx_word' id='word_1_111' title='bbox 1988 1240 2166 1296; x_wconf 82' lang='lat' dir='ltr'><strong>verbis</strong></span> 
     </span>
    </p>
   </div>
   <div class='ocr_carea' id='block_1_16' title="bbox 574 1330 2167 1406">
    <p class='ocr_par' dir='ltr' id='par_1_16' title="bbox 574 1330 2167 1406">
     <span class='ocr_line' id='line_1_16' title="bbox 574 1330 2167 1406; baseline -0.001 -18"><span class='ocrx_word' id='word_1_112' title='bbox 574 1335 741 1390; x_wconf 85' lang='lat' dir='ltr'><strong>divini</strong></span> <span class='ocrx_word' id='word_1_113' title='bbox 769 1335 926 1401; x_wconf 85' lang='lat' dir='ltr'><strong>libri,</strong></span> <span class='ocrx_word' id='word_1_114' title='bbox 974 1350 1092 1406; x_wconf 68' lang='lat' dir='ltr'><strong>qua:</strong></span> <span class='ocrx_word' id='word_1_115' title='bbox 1118 1334 1266 1405; x_wconf 88' lang='lat' dir='ltr'><strong>posui</strong></span> <span class='ocrx_word' id='word_1_116' title='bbox 1293 1334 1359 1389; x_wconf 91' lang='lat' dir='ltr'><strong>de</strong></span> <span class='ocrx_word' id='word_1_117' title='bbox 1390 1333 1574 1391; x_wconf 89' lang='lat' dir='ltr'><strong>labore</strong></span> <span class='ocrx_word' id='word_1_118' title='bbox 1609 1331 1840 1388; x_wconf 88' lang='lat' dir='ltr'><strong>hominis</strong></span> <span class='ocrx_word' id='word_1_119' title='bbox 1870 1341 1926 1389; x_wconf 91' lang='lat' dir='ltr'><strong>et</strong></span> <span class='ocrx_word' id='word_1_120' title='bbox 1953 1330 2022 1387; x_wconf 88' lang='lat' dir='ltr'><strong>de</strong></span> <span class='ocrx_word' id='word_1_121' title='bbox 2044 1346 2167 1403; x_wconf 87' lang='lat' dir='ltr'><strong>par-</strong></span> 
     </span>
    </p>
   </div>
   <div class='ocr_carea' id='block_1_17' title="bbox 578 1422 2164 1495">
    <p class='ocr_par' dir='ltr' id='par_1_17' title="bbox 578 1422 2164 1495">
     <span class='ocr_line' id='line_1_17' title="bbox 578 1422 2164 1495; baseline -0.001 -16"><span class='ocrx_word' id='word_1_122' title='bbox 578 1425 834 1482; x_wconf 89' lang='lat' dir='ltr'><strong>turitione</strong></span> <span class='ocrx_word' id='word_1_123' title='bbox 873 1424 1133 1491; x_wconf 82' lang='lat' dir='ltr'><strong>mulieris,</strong></span> <span class='ocrx_word' id='word_1_124' title='bbox 1164 1425 1266 1481; x_wconf 89' lang='lat' dir='ltr'><strong>nisi</strong></span> <span class='ocrx_word' id='word_1_125' title='bbox 1297 1424 1385 1495; x_wconf 89' lang='lat' dir='ltr'><strong>qui</strong></span> <span class='ocrx_word' id='word_1_126' title='bbox 1412 1438 1631 1495; x_wconf 89' lang='lat' dir='ltr'><strong>prorsus</strong></span> <span class='ocrx_word' id='word_1_127' title='bbox 1655 1424 1861 1480; x_wconf 89' lang='lat' dir='ltr'><strong>alienus</strong></span> <span class='ocrx_word' id='word_1_128' title='bbox 1886 1438 1919 1478; x_wconf 93' lang='lat' dir='ltr'><strong>a</strong></span> <span class='ocrx_word' id='word_1_129' title='bbox 1944 1422 2051 1480; x_wconf 85' lang='lat' dir='ltr'><strong>ﬁde</strong></span> <span class='ocrx_word' id='word_1_130' title='bbox 2074 1436 2164 1477; x_wconf 84' lang='lat' dir='ltr'><strong>ca-</strong></span> 
     </span>
    </p>
   </div>
   <div class='ocr_carea' id='block_1_18' title="bbox 579 1517 1605 1574">
    <p class='ocr_par' dir='ltr' id='par_1_18' title="bbox 579 1517 1605 1574">
     <span class='ocr_line' id='line_1_18' title="bbox 579 1517 1605 1574; baseline -0.002 -2"><span class='ocrx_word' id='word_1_131' title='bbox 579 1518 774 1574; x_wconf 82' lang='lat' dir='ltr'><strong>tholica</strong></span> <span class='ocrx_word' id='word_1_132' title='bbox 812 1518 1013 1574; x_wconf 89' lang='lat' dir='ltr'><strong>eisdem</strong></span> <span class='ocrx_word' id='word_1_133' title='bbox 1044 1518 1254 1572; x_wconf 87' lang='lat' dir='ltr'><strong>Litteris</strong></span> <span class='ocrx_word' id='word_1_134' title='bbox 1275 1517 1605 1573; x_wconf 82' lang='lat' dir='ltr'><strong>adversatur.</strong></span> 
     </span>
    </p>
   </div>
   <div class='ocr_carea' id='block_1_19' title="bbox 644 1605 2160 1679">
    <p class='ocr_par' dir='ltr' id='par_1_19' title="bbox 644 1605 2160 1679">
     <span class='ocr_line' id='line_1_19' title="bbox 644 1605 2160 1679; baseline -0.004 -13"><span class='ocrx_word' id='word_1_135' title='bbox 644 1610 872 1667; x_wconf 75' lang='lat' dir='ltr'><strong>CAPUT</strong></span> <span class='ocrx_word' id='word_1_136' title='bbox 892 1609 1134 1666; x_wconf 75' lang='lat' dir='ltr'><strong>XXXIV.</strong></span> <span class='ocrx_word' id='word_1_137' title='bbox 1149 1609 1319 1666; x_wconf 66' lang='lat'><strong>—54.</strong></span> <span class='ocrx_word' id='word_1_138' title='bbox 1342 1606 1447 1664; x_wconf 87' lang='lat' dir='ltr'><strong>Cur</strong></span> <span class='ocrx_word' id='word_1_139' title='bbox 1456 1607 1661 1663; x_wconf 88' lang='lat' dir='ltr'><strong>remissa</strong></span> <span class='ocrx_word' id='word_1_140' title='bbox 1674 1616 1879 1679; x_wconf 80' lang='lat' dir='ltr'><strong>peccato</strong></span> <span class='ocrx_word' id='word_1_141' title='bbox 1895 1622 2043 1677; x_wconf 66' lang='lat' dir='ltr'><strong>pinna</strong></span> <span class='ocrx_word' id='word_1_142' title='bbox 2061 1605 2160 1660; x_wconf 69' lang='lat' dir='ltr'><strong>ad»</strong></span> 
     </span>
    </p>
   </div>
   <div class='ocr_carea' id='block_1_20' title="bbox 572 1698 2163 1772">
    <p class='ocr_par' dir='ltr' id='par_1_20' title="bbox 572 1698 2163 1772">
     <span class='ocr_line' id='line_1_20' title="bbox 572 1698 2163 1772; baseline -0.002 -17"><span class='ocrx_word' id='word_1_143' title='bbox 572 1702 674 1756; x_wconf 77' lang='lat' dir='ltr'><strong>huc</strong></span> <span class='ocrx_word' id='word_1_144' title='bbox 699 1701 951 1772; x_wconf 74' lang='lat' dir='ltr'><strong>exigatur.</strong></span> <span class='ocrx_word' id='word_1_145' title='bbox 980 1701 1174 1756; x_wconf 81' lang='lat' dir='ltr'><strong>Verum</strong></span> <span class='ocrx_word' id='word_1_146' title='bbox 1204 1700 1327 1771; x_wconf 87' lang='lat' dir='ltr'><strong>quia</strong></span> <span class='ocrx_word' id='word_1_147' title='bbox 1354 1707 1410 1755; x_wconf 90' lang='lat' dir='ltr'><strong>et</strong></span> <span class='ocrx_word' id='word_1_148' title='bbox 1438 1699 1571 1755; x_wconf 90' lang='lat' dir='ltr'><strong>tales</strong></span> <span class='ocrx_word' id='word_1_149' title='bbox 1602 1714 1708 1754; x_wconf 91' lang='lat' dir='ltr'><strong>non</strong></span> <span class='ocrx_word' id='word_1_150' title='bbox 1725 1698 1950 1763; x_wconf 89' lang='lat' dir='ltr'><strong>desunt;</strong></span> <span class='ocrx_word' id='word_1_151' title='bbox 1973 1712 2163 1768; x_wconf 90' lang='lat' dir='ltr'><strong>quem-</strong></span> 
     </span>
    </p>
   </div>
   <div class='ocr_carea' id='block_1_21' title="bbox 573 1786 2156 1861">
    <p class='ocr_par' dir='ltr' id='par_1_21' title="bbox 573 1786 2156 1861">
     <span class='ocr_line' id='line_1_21' title="bbox 573 1786 2156 1861; baseline -0.003 -15"><span class='ocrx_word' id='word_1_152' title='bbox 573 1792 864 1847; x_wconf 88' lang='lat' dir='ltr'><strong>admodum</strong></span> <span class='ocrx_word' id='word_1_153' title='bbox 894 1792 972 1848; x_wconf 90' lang='lat' dir='ltr'><strong>eis</strong></span> <span class='ocrx_word' id='word_1_154' title='bbox 1000 1790 1099 1848; x_wconf 89' lang='lat' dir='ltr'><strong>hac</strong></span> <span class='ocrx_word' id='word_1_155' title='bbox 1125 1790 1420 1861; x_wconf 76' lang='lat' dir='ltr'><strong>quaestione</strong></span> <span class='ocrx_word' id='word_1_156' title='bbox 1451 1788 1723 1860; x_wconf 85' lang='lat' dir='ltr'><strong>proposita</strong></span> <span class='ocrx_word' id='word_1_157' title='bbox 1748 1786 2156 1858; x_wconf 90' lang='lat' dir='ltr'><strong>respondemus,</strong></span> 
     </span>
    </p>
   </div>
   <div class='ocr_carea' id='block_1_22' title="bbox 570 1878 2160 1951">
    <p class='ocr_par' dir='ltr' id='par_1_22' title="bbox 570 1878 2160 1951">
     <span class='ocr_line' id='line_1_22' title="bbox 570 1878 2160 1951; baseline -0.002 -14"><span class='ocrx_word' id='word_1_158' title='bbox 570 1882 833 1951; x_wconf 89' lang='lat' dir='ltr'><strong>dicentes,</strong></span> <span class='ocrx_word' id='word_1_159' title='bbox 858 1891 983 1937; x_wconf 89' lang='lat' dir='ltr'><strong>ante</strong></span> <span class='ocrx_word' id='word_1_160' title='bbox 1007 1881 1376 1937; x_wconf 87' lang='lat' dir='ltr'><strong>remissionem</strong></span> <span class='ocrx_word' id='word_1_161' title='bbox 1403 1895 1524 1936; x_wconf 89' lang='lat' dir='ltr'><strong>esse</strong></span> <span class='ocrx_word' id='word_1_162' title='bbox 1561 1878 1651 1934; x_wconf 86' lang='lat' dir='ltr'><strong>illa</strong></span> <span class='ocrx_word' id='word_1_163' title='bbox 1677 1878 1935 1949; x_wconf 89' lang='lat' dir='ltr'><strong>supplicia</strong></span> <span class='ocrx_word' id='word_1_164' title='bbox 1967 1892 2160 1949; x_wconf 82' lang='lat' dir='ltr'><strong>pecca-</strong></span> 
     </span>
    </p>
   </div>
   <div class='ocr_carea' id='block_1_23' title="bbox 568 1973 2161 2046">
    <p class='ocr_par' dir='ltr' id='par_1_23' title="bbox 568 1973 2161 2046">
     <span class='ocr_line' id='line_1_23' title="bbox 568 1973 2161 2046; baseline -0.001 -17"><span class='ocrx_word' id='word_1_165' title='bbox 568 1986 764 2042; x_wconf 80' lang='lat' dir='ltr'><strong>torum,</strong></span> <span class='ocrx_word' id='word_1_166' title='bbox 796 1985 915 2046; x_wconf 90' lang='lat' dir='ltr'><strong>post</strong></span> <span class='ocrx_word' id='word_1_167' title='bbox 944 1976 1313 2031; x_wconf 85' lang='lat' dir='ltr'><strong>remissionem</strong></span> <span class='ocrx_word' id='word_1_168' title='bbox 1350 1983 1528 2030; x_wconf 90' lang='lat' dir='ltr'><strong>autem</strong></span> <span class='ocrx_word' id='word_1_169' title='bbox 1557 1973 1848 2029; x_wconf 88' lang='lat' dir='ltr'><strong>certamina</strong></span> <span class='ocrx_word' id='word_1_170' title='bbox 1891 1973 2161 2029; x_wconf 79' lang='lat' dir='ltr'><strong>exercita-</strong></span> 
     </span>
    </p>
   </div>
   <div class='ocr_carea' id='block_1_24' title="bbox 565 2064 2160 2136">
    <p class='ocr_par' dir='ltr' id='par_1_24' title="bbox 565 2064 2160 2136">
     <span class='ocr_line' id='line_1_24' title="bbox 565 2064 2160 2136; baseline 0.001 -17"><span class='ocrx_word' id='word_1_171' title='bbox 565 2067 846 2136; x_wconf 84' lang='lat' dir='ltr'><strong>tionesque</strong></span> <span class='ocrx_word' id='word_1_172' title='bbox 866 2066 1132 2135; x_wconf 91' lang='lat' dir='ltr'><strong>justorum</strong></span> <span class='ocrx_word' id='word_1_173' title='bbox 1162 2083 1176 2120; x_wconf 88' lang='lat'><strong>:</strong></span> <span class='ocrx_word' id='word_1_174' title='bbox 1207 2066 1277 2123; x_wconf 82' lang='lat' dir='ltr'><strong>ita</strong></span> <span class='ocrx_word' id='word_1_175' title='bbox 1302 2074 1359 2121; x_wconf 90' lang='lat' dir='ltr'><strong>et</strong></span> <span class='ocrx_word' id='word_1_176' title='bbox 1382 2065 1485 2120; x_wconf 88' lang='lat' dir='ltr'><strong>illis</strong></span> <span class='ocrx_word' id='word_1_177' title='bbox 1504 2080 1641 2136; x_wconf 90' lang='lat' dir='ltr'><strong>quos</strong></span> <span class='ocrx_word' id='word_1_178' title='bbox 1669 2064 1738 2121; x_wconf 92' lang='lat' dir='ltr'><strong>de</strong></span> <span class='ocrx_word' id='word_1_179' title='bbox 1764 2073 1936 2120; x_wconf 90' lang='lat' dir='ltr'><strong>morte</strong></span> <span class='ocrx_word' id='word_1_180' title='bbox 1961 2079 2160 2135; x_wconf 70' lang='lat' dir='ltr'><strong>corpo~</strong></span> 
     </span>
    </p>
   </div>
   <div class='ocr_carea' id='block_1_25' title="bbox 564 2156 2161 2226">
    <p class='ocr_par' dir='ltr' id='par_1_25' title="bbox 564 2156 2161 2226">
     <span class='ocr_line' id='line_1_25' title="bbox 564 2156 2161 2226; baseline 0.003 -17"><span class='ocrx_word' id='word_1_181' title='bbox 564 2156 642 2211; x_wconf 88' lang='lat' dir='ltr'><strong>ris</strong></span> <span class='ocrx_word' id='word_1_182' title='bbox 670 2157 921 2212; x_wconf 88' lang='lat' dir='ltr'><strong>similiter</strong></span> <span class='ocrx_word' id='word_1_183' title='bbox 948 2165 1149 2224; x_wconf 90' lang='lat' dir='ltr'><strong>movet,</strong></span> <span class='ocrx_word' id='word_1_184' title='bbox 1198 2156 1527 2226; x_wconf 89' lang='lat' dir='ltr'><strong>respondere</strong></span> <span class='ocrx_word' id='word_1_185' title='bbox 1566 2156 1844 2224; x_wconf 90' lang='lat' dir='ltr'><strong>debemus,</strong></span> <span class='ocrx_word' id='word_1_186' title='bbox 1875 2165 1936 2212; x_wconf 87' lang='lat' dir='ltr'><strong>ut</strong></span> <span class='ocrx_word' id='word_1_187' title='bbox 1957 2171 2074 2212; x_wconf 89' lang='lat' dir='ltr'><strong>eam</strong></span> <span class='ocrx_word' id='word_1_188' title='bbox 2101 2163 2161 2214; x_wconf 77' lang='lat' dir='ltr'><strong>et</strong></span> 
     </span>
    </p>
   </div>
   <div class='ocr_carea' id='block_1_26' title="bbox 567 2245 2156 2318">
    <p class='ocr_par' dir='ltr' id='par_1_26' title="bbox 567 2245 2156 2318">
     <span class='ocr_line' id='line_1_26' title="bbox 567 2245 2156 2318; baseline 0.002 -17"><span class='ocrx_word' id='word_1_189' title='bbox 567 2254 789 2317; x_wconf 83' lang='lat' dir='ltr'><strong>peccato</strong></span> <span class='ocrx_word' id='word_1_190' title='bbox 818 2246 1078 2303; x_wconf 88' lang='lat' dir='ltr'><strong>accidisse</strong></span> <span class='ocrx_word' id='word_1_191' title='bbox 1108 2245 1391 2313; x_wconf 85' lang='lat' dir='ltr'><strong>fateamur,</strong></span> <span class='ocrx_word' id='word_1_192' title='bbox 1422 2255 1479 2303; x_wconf 91' lang='lat' dir='ltr'><strong>et</strong></span> <span class='ocrx_word' id='word_1_193' title='bbox 1518 2255 1638 2318; x_wconf 91' lang='lat' dir='ltr'><strong>post</strong></span> <span class='ocrx_word' id='word_1_194' title='bbox 1684 2258 2022 2318; x_wconf 87' lang='lat' dir='ltr'><strong>peccatorum</strong></span> <span class='ocrx_word' id='word_1_195' title='bbox 2068 2264 2156 2305; x_wconf 91' lang='lat' dir='ltr'><strong>re-</strong></span> 
     </span>
    </p>
   </div>
   <div class='ocr_carea' id='block_1_27' title="bbox 565 2339 2158 2411">
    <p class='ocr_par' dir='ltr' id='par_1_27' title="bbox 565 2339 2158 2411">
     <span class='ocr_line' id='line_1_27' title="bbox 565 2339 2158 2411; baseline 0.003 -19"><span class='ocrx_word' id='word_1_196' title='bbox 565 2339 901 2403; x_wconf 89' lang='lat' dir='ltr'><strong>missionem,</strong></span> <span class='ocrx_word' id='word_1_197' title='bbox 922 2349 979 2393; x_wconf 89' lang='lat' dir='ltr'><strong>nt</strong></span> <span class='ocrx_word' id='word_1_198' title='bbox 1002 2354 1230 2410; x_wconf 84' lang='lat' dir='ltr'><strong>magnus</strong></span> <span class='ocrx_word' id='word_1_199' title='bbox 1260 2340 1417 2395; x_wconf 89' lang='lat' dir='ltr'><strong>timor</strong></span> <span class='ocrx_word' id='word_1_200' title='bbox 1443 2339 1560 2411; x_wconf 83' lang='lat' dir='ltr'><strong>ejus</strong></span> <span class='ocrx_word' id='word_1_201' title='bbox 1588 2354 1618 2395; x_wconf 87' lang='lat' dir='ltr'><strong>a</strong></span> <span class='ocrx_word' id='word_1_202' title='bbox 1649 2341 2053 2410; x_wconf 84' lang='lat' dir='ltr'><strong>proficientibus</strong></span> <span class='ocrx_word' id='word_1_203' title='bbox 2067 2356 2158 2396; x_wconf 88' lang='lat' dir='ltr'><strong>su-</strong></span> 
     </span>
    </p>
   </div>
   <div class='ocr_carea' id='block_1_28' title="bbox 564 2428 2154 2497">
    <p class='ocr_par' dir='ltr' id='par_1_28' title="bbox 564 2428 2154 2497">
     <span class='ocr_line' id='line_1_28' title="bbox 564 2428 2154 2497; baseline 0.003 -14"><span class='ocrx_word' id='word_1_204' title='bbox 564 2438 804 2497; x_wconf 88' lang='lat' dir='ltr'><strong>peretur,</strong></span> <span class='ocrx_word' id='word_1_205' title='bbox 835 2428 902 2484; x_wconf 90' lang='lat' dir='ltr'><strong>ad</strong></span> <span class='ocrx_word' id='word_1_206' title='bbox 940 2437 1213 2485; x_wconf 88' lang='lat' dir='ltr'><strong>certamen</strong></span> <span class='ocrx_word' id='word_1_207' title='bbox 1253 2428 1410 2486; x_wconf 89' lang='lat' dir='ltr'><strong>nobis</strong></span> <span class='ocrx_word' id='word_1_208' title='bbox 1452 2430 1695 2486; x_wconf 88' lang='lat' dir='ltr'><strong>relictam</strong></span> <span class='ocrx_word' id='word_1_209' title='bbox 1723 2446 1844 2488; x_wconf 85' lang='lat' dir='ltr'><strong>esse</strong></span> <span class='ocrx_word' id='word_1_210' title='bbox 1867 2448 1975 2488; x_wconf 92' lang='lat' dir='ltr'><strong>non</strong></span> <span class='ocrx_word' id='word_1_211' title='bbox 2002 2432 2154 2489; x_wconf 91' lang='lat' dir='ltr'><strong>dedi-</strong></span> 
     </span>
    </p>
   </div>
   <div class='ocr_carea' id='block_1_29' title="bbox 565 2520 2158 2597">
    <p class='ocr_par' dir='ltr' id='par_1_29' title="bbox 565 2520 2158 2597">
     <span class='ocr_line' id='line_1_29' title="bbox 565 2520 2158 2597; baseline 0.005 -22"><span class='ocrx_word' id='word_1_212' title='bbox 565 2535 816 2592; x_wconf 87' lang='lat' dir='ltr'><strong>gnemur.</strong></span> <span class='ocrx_word' id='word_1_213' title='bbox 844 2520 900 2578; x_wconf 91' lang='lat' dir='ltr'><strong>Si</strong></span> <span class='ocrx_word' id='word_1_214' title='bbox 948 2525 1092 2578; x_wconf 91' lang='lat' dir='ltr'><strong>enim</strong></span> <span class='ocrx_word' id='word_1_215' title='bbox 1143 2538 1299 2592; x_wconf 85' lang='lat' dir='ltr'><strong>parva</strong></span> <span class='ocrx_word' id='word_1_216' title='bbox 1344 2523 1513 2580; x_wconf 89' lang='lat' dir='ltr'><strong>virtus</strong></span> <span class='ocrx_word' id='word_1_217' title='bbox 1553 2532 1697 2580; x_wconf 89' lang='lat' dir='ltr'><strong>esset</strong></span> <span class='ocrx_word' id='word_1_218' title='bbox 1736 2525 1881 2594; x_wconf 91' lang='lat' dir='ltr'><strong>ﬁdei,</strong></span> <span class='ocrx_word' id='word_1_219' title='bbox 1912 2542 2032 2597; x_wconf 88' lang='lat' dir='ltr'><strong>quae</strong></span> <span class='ocrx_word' id='word_1_220' title='bbox 2062 2541 2158 2597; x_wconf 92' lang='lat' dir='ltr'><strong>per</strong></span> 
     </span>
    </p>
   </div>
   <div class='ocr_carea' id='block_1_30' title="bbox 565 2610 2155 2684">
    <p class='ocr_par' dir='ltr' id='par_1_30' title="bbox 565 2610 2155 2684">
     <span class='ocr_line' id='line_1_30' title="bbox 565 2610 2155 2684; baseline 0.006 -20"><span class='ocrx_word' id='word_1_221' title='bbox 565 2610 911 2668; x_wconf 85' lang='lat' dir='ltr'><strong>dilectionem</strong></span> <span class='ocrx_word' id='word_1_222' title='bbox 957 2623 1229 2684; x_wconf 90' lang='lat' dir='ltr'><strong>operatur,</strong></span> <span class='ocrx_word' id='word_1_223' title='bbox 1277 2614 1466 2671; x_wconf 90' lang='lat' dir='ltr'><strong>mortis</strong></span> <span class='ocrx_word' id='word_1_224' title='bbox 1508 2624 1712 2671; x_wconf 87' lang='lat' dir='ltr'><strong>metum</strong></span> <span class='ocrx_word' id='word_1_225' title='bbox 1762 2616 1999 2684; x_wconf 88' lang='lat' dir='ltr'><strong>vincere,</strong></span> <span class='ocrx_word' id='word_1_226' title='bbox 2048 2633 2155 2674; x_wconf 92' lang='lat' dir='ltr'><strong>non</strong></span> 
     </span>
    </p>
   </div>
   <div class='ocr_carea' id='block_1_31' title="bbox 569 2705 2153 2777">
    <p class='ocr_par' dir='ltr' id='par_1_31' title="bbox 569 2705 2153 2777">
     <span class='ocr_line' id='line_1_31' title="bbox 569 2705 2153 2777; baseline 0.006 -21"><span class='ocrx_word' id='word_1_227' title='bbox 569 2710 717 2758; x_wconf 86' lang='lat' dir='ltr'><strong>esset</strong></span> <span class='ocrx_word' id='word_1_228' title='bbox 764 2711 910 2759; x_wconf 88' lang='lat' dir='ltr'><strong>tanta</strong></span> <span class='ocrx_word' id='word_1_229' title='bbox 951 2715 1244 2776; x_wconf 87' lang='lat' dir='ltr'><strong>martyrum</strong></span> <span class='ocrx_word' id='word_1_230' title='bbox 1287 2705 1489 2777; x_wconf 89' lang='lat' dir='ltr'><strong>gloria,</strong></span> <span class='ocrx_word' id='word_1_231' title='bbox 1521 2721 1621 2763; x_wconf 91' lang='lat' dir='ltr'><strong>nec</strong></span> <span class='ocrx_word' id='word_1_232' title='bbox 1645 2707 1906 2763; x_wconf 88' lang='lat' dir='ltr'><strong>Dominus</strong></span> <span class='ocrx_word' id='word_1_233' title='bbox 1929 2708 2153 2777; x_wconf 85' lang='lat' dir='ltr'><strong>diceret,</strong></span> 
     </span>
    </p>
   </div>
   <div class='ocr_carea' id='block_1_32' title="bbox 565 2794 2149 2871">
    <p class='ocr_par' dir='ltr' id='par_1_32' title="bbox 565 2794 2149 2871">
     <span class='ocr_line' id='line_1_32' title="bbox 565 2794 2149 2871; baseline 0.004 -23"><span class='ocrx_word' id='word_1_234' title='bbox 565 2794 821 2868; x_wconf 76' lang='lat' dir='ltr'><strong>Hajorent</strong></span> <span class='ocrx_word' id='word_1_235' title='bbox 848 2798 944 2852; x_wconf 85' lang='lat' dir='ltr'><strong>hac</strong></span> <span class='ocrx_word' id='word_1_236' title='bbox 967 2797 1264 2852; x_wconf 81' lang='lat' dir='ltr'><strong>charitatem</strong></span> <span class='ocrx_word' id='word_1_237' title='bbox 1294 2815 1438 2853; x_wconf 89' lang='lat' dir='ltr'><strong>nemo</strong></span> <span class='ocrx_word' id='word_1_238' title='bbox 1463 2798 1630 2866; x_wconf 79' lang='lat' dir='ltr'><strong>habet,</strong></span> <span class='ocrx_word' id='word_1_239' title='bbox 1658 2816 1811 2871; x_wconf 87' lang='lat' dir='ltr'><strong>quam</strong></span> <span class='ocrx_word' id='word_1_240' title='bbox 1839 2810 1896 2855; x_wconf 86' lang='lat' dir='ltr'><strong>ut</strong></span> <span class='ocrx_word' id='word_1_241' title='bbox 1924 2802 2149 2856; x_wconf 83' lang='lat' dir='ltr'><strong>animant</strong></span> 
     </span>
    </p>
   </div>
   <div class='ocr_carea' id='block_1_33' title="bbox 562 2888 2152 2963">
    <p class='ocr_par' dir='ltr' id='par_1_33' title="bbox 562 2888 2152 2963">
     <span class='ocr_line' id='line_1_33' title="bbox 562 2888 2152 2963; baseline 0.003 -20"><span class='ocrx_word' id='word_1_242' title='bbox 562 2904 712 2943; x_wconf 85' lang='lat' dir='ltr'><strong>suam</strong></span> <span class='ocrx_word' id='word_1_243' title='bbox 751 2898 906 2956; x_wconf 86' lang='lat' dir='ltr'><strong>ponat</strong></span> <span class='ocrx_word' id='word_1_244' title='bbox 956 2904 1048 2958; x_wconf 89' lang='lat' dir='ltr'><strong>pro</strong></span> <span class='ocrx_word' id='word_1_245' title='bbox 1085 2889 1263 2944; x_wconf 87' lang='lat' dir='ltr'><strong>amicis</strong></span> <span class='ocrx_word' id='word_1_246' title='bbox 1303 2890 1407 2944; x_wconf 87' lang='lat' dir='ltr'><strong>suis</strong></span> <span class='ocrx_word' id='word_1_247' title='bbox 1437 2888 1616 2961; x_wconf 83' lang='lat' dir='ltr'><strong>(Joan.</strong></span> <span class='ocrx_word' id='word_1_248' title='bbox 1644 2906 1740 2956; x_wconf 82' lang='lat' dir='ltr'><strong>xv,</strong></span> <span class='ocrx_word' id='word_1_249' title='bbox 1774 2890 1888 2963; x_wconf 78' lang='grc'><strong>15).</strong></span> <span class='ocrx_word' id='word_1_250' title='bbox 1919 2891 2072 2961; x_wconf 84' lang='lat' dir='ltr'><strong>Quod</strong></span> <span class='ocrx_word' id='word_1_251' title='bbox 2098 2893 2152 2948; x_wconf 91' lang='lat' dir='ltr'><strong>in</strong></span> 
     </span>
    </p>
   </div>
   <div class='ocr_carea' id='block_1_34' title="bbox 562 2980 2155 3049">
    <p class='ocr_par' dir='ltr' id='par_1_34' title="bbox 562 2980 2155 3049">
     <span class='ocr_line' id='line_1_34' title="bbox 562 2980 2155 3049; baseline 0.004 -15"><span class='ocrx_word' id='word_1_252' title='bbox 562 2980 801 3049; x_wconf 86' lang='lat' dir='ltr'><strong>Epistola</strong></span> <span class='ocrx_word' id='word_1_253' title='bbox 849 2996 942 3036; x_wconf 91' lang='lat' dir='ltr'><strong>sua</strong></span> <span class='ocrx_word' id='word_1_254' title='bbox 995 2980 1228 3037; x_wconf 86' lang='lat' dir='ltr'><strong>Joannes</strong></span> <span class='ocrx_word' id='word_1_255' title='bbox 1284 2982 1357 3038; x_wconf 87' lang='lat' dir='ltr'><strong>ita</strong></span> <span class='ocrx_word' id='word_1_256' title='bbox 1409 2982 1570 3038; x_wconf 87' lang='lat' dir='ltr'><strong>dicit:</strong></span> <span class='ocrx_word' id='word_1_257' title='bbox 1596 2983 1745 3039; x_wconf 80' lang='lat' dir='ltr'><strong>Sicut</strong></span> <span class='ocrx_word' id='word_1_258' title='bbox 1794 2984 1884 3041; x_wconf 84' lang='lat' dir='ltr'><strong>ille</strong></span> <span class='ocrx_word' id='word_1_259' title='bbox 1930 2985 2155 3040; x_wconf 88' lang='lat' dir='ltr'><strong>animam</strong></span> 
     </span>
    </p>
   </div>
   <div class='ocr_carea' id='block_1_35' title="bbox 562 3074 2154 3149">
    <p class='ocr_par' dir='ltr' id='par_1_35' title="bbox 562 3074 2154 3149">
     <span class='ocr_line' id='line_1_35' title="bbox 562 3074 2154 3149; baseline 0.004 -22"><span class='ocrx_word' id='word_1_260' title='bbox 562 3089 711 3127; x_wconf 86' lang='lat' dir='ltr'><strong>suam</strong></span> <span class='ocrx_word' id='word_1_261' title='bbox 738 3088 832 3144; x_wconf 86' lang='lat' dir='ltr'><strong>pro</strong></span> <span class='ocrx_word' id='word_1_262' title='bbox 868 3074 1010 3128; x_wconf 83' lang='lat' dir='ltr'><strong>nobis</strong></span> <span class='ocrx_word' id='word_1_263' title='bbox 1040 3074 1229 3143; x_wconf 79' lang='lat' dir='ltr'><strong>posuit,</strong></span> <span class='ocrx_word' id='word_1_264' title='bbox 1258 3075 1331 3129; x_wconf 88' lang='lat' dir='ltr'><strong>sic</strong></span> <span class='ocrx_word' id='word_1_265' title='bbox 1372 3083 1420 3129; x_wconf 87' lang='lat' dir='ltr'><strong>et</strong></span> <span class='ocrx_word' id='word_1_266' title='bbox 1450 3091 1542 3129; x_wconf 87' lang='lat' dir='ltr'><strong>nos</strong></span> <span class='ocrx_word' id='word_1_267' title='bbox 1579 3075 1815 3131; x_wconf 83' lang='lat' dir='ltr'><strong>debemus</strong></span> <span class='ocrx_word' id='word_1_268' title='bbox 1839 3077 2036 3133; x_wconf 88' lang='lat' dir='ltr'><strong>animas</strong></span> <span class='ocrx_word' id='word_1_269' title='bbox 2061 3094 2154 3149; x_wconf 84' lang='lat' dir='ltr'><strong>pro</strong></span> 
     </span>
    </p>
   </div>
   <div class='ocr_carea' id='block_1_36' title="bbox 563 3161 2155 3240">
    <p class='ocr_par' dir='ltr' id='par_1_36' title="bbox 563 3161 2155 3240">
     <span class='ocr_line' id='line_1_36' title="bbox 563 3161 2155 3240; baseline 0.005 -24"><span class='ocrx_word' id='word_1_270' title='bbox 563 3163 804 3235; x_wconf 77' lang='lat' dir='ltr'><strong>fratribus</strong></span> <span class='ocrx_word' id='word_1_271' title='bbox 850 3180 1040 3237; x_wconf 85' lang='lat' dir='ltr'><strong>ponere</strong></span> <span class='ocrx_word' id='word_1_272' title='bbox 1081 3164 1318 3237; x_wconf 79' lang='lat' dir='ltr'><strong>(lJoau.</strong></span> <span class='ocrx_word' id='word_1_273' title='bbox 1346 3181 1403 3221; x_wconf 86' lang='grc' dir='ltr'><strong>ιιι</strong></span> <span class='ocrx_word' id='word_1_274' title='bbox 1424 3166 1587 3237; x_wconf 71' lang='lat'><strong>,16).</strong></span> <span class='ocrx_word' id='word_1_275' title='bbox 1618 3166 1962 3240; x_wconf 87' lang='lat' dir='ltr'><strong>Nequaquam</strong></span> <span class='ocrx_word' id='word_1_276' title='bbox 1991 3161 2155 3239; x_wconf 73' lang='lat' dir='ltr'><strong>igitur</strong></span> 
     </span>
    </p>
   </div>
   <div class='ocr_carea' id='block_1_37' title="bbox 562 3253 2153 3328">
    <p class='ocr_par' dir='ltr' id='par_1_37' title="bbox 562 3253 2153 3328">
     <span class='ocr_line' id='line_1_37' title="bbox 562 3253 2153 3328; baseline 0.004 -18"><span class='ocrx_word' id='word_1_277' title='bbox 562 3256 617 3310; x_wconf 88' lang='lat' dir='ltr'><strong>in</strong></span> <span class='ocrx_word' id='word_1_278' title='bbox 645 3264 820 3312; x_wconf 89' lang='lat' dir='ltr'><strong>morte</strong></span> <span class='ocrx_word' id='word_1_279' title='bbox 855 3272 951 3327; x_wconf 88' lang='lat' dir='ltr'><strong>pro</strong></span> <span class='ocrx_word' id='word_1_280' title='bbox 972 3256 1176 3328; x_wconf 88' lang='lat' dir='ltr'><strong>justitia</strong></span> <span class='ocrx_word' id='word_1_281' title='bbox 1203 3253 1481 3313; x_wconf 86' lang='lat' dir='ltr'><strong>subeunda</strong></span> <span class='ocrx_word' id='word_1_282' title='bbox 1507 3257 1592 3313; x_wconf 90' lang='lat' dir='ltr'><strong>vel</strong></span> <span class='ocrx_word' id='word_1_283' title='bbox 1617 3260 2006 3316; x_wconf 88' lang='lat' dir='ltr'><strong>contemnenda</strong></span> <span class='ocrx_word' id='word_1_284' title='bbox 2037 3260 2153 3316; x_wconf 87' lang='lat' dir='ltr'><strong>lau-</strong></span> 
     </span>
    </p>
   </div>
   <div class='ocr_carea' id='block_1_38' title="bbox 563 3345 2153 3418">
    <p class='ocr_par' dir='ltr' id='par_1_38' title="bbox 563 3345 2153 3418">
     <span class='ocr_line' id='line_1_38' title="bbox 563 3345 2153 3418; baseline 0.006 -21"><span class='ocrx_word' id='word_1_285' title='bbox 563 3345 780 3402; x_wconf 86' lang='lat' dir='ltr'><strong>daretur</strong></span> <span class='ocrx_word' id='word_1_286' title='bbox 819 3347 1083 3418; x_wconf 66' lang='lat' dir='ltr'><strong>prcecipua</strong></span> <span class='ocrx_word' id='word_1_287' title='bbox 1109 3348 1383 3418; x_wconf 87' lang='lat' dir='ltr'><strong>patientia,</strong></span> <span class='ocrx_word' id='word_1_288' title='bbox 1411 3349 1455 3405; x_wconf 92' lang='lat' dir='ltr'><strong>si</strong></span> <span class='ocrx_word' id='word_1_289' title='bbox 1490 3351 1680 3406; x_wconf 90' lang='lat' dir='ltr'><strong>mortis</strong></span> <span class='ocrx_word' id='word_1_290' title='bbox 1729 3366 1838 3407; x_wconf 90' lang='lat' dir='ltr'><strong>non</strong></span> <span class='ocrx_word' id='word_1_291' title='bbox 1864 3361 2009 3409; x_wconf 91' lang='lat' dir='ltr'><strong>esset</strong></span> <span class='ocrx_word' id='word_1_292' title='bbox 2036 3368 2153 3407; x_wconf 90' lang='lat' dir='ltr'><strong>ma-</strong></span> 
     </span>
    </p>
   </div>
   <div class='ocr_carea' id='block_1_39' title="bbox 561 3441 2151 3517">
    <p class='ocr_par' dir='ltr' id='par_1_39' title="bbox 561 3441 2151 3517">
     <span class='ocr_line' id='line_1_39' title="bbox 561 3441 2151 3517; baseline 0.006 -25"><span class='ocrx_word' id='word_1_293' title='bbox 561 3453 666 3508; x_wconf 80' lang='lat' dir='ltr'><strong>gna</strong></span> <span class='ocrx_word' id='word_1_294' title='bbox 705 3441 1041 3511; x_wconf 90' lang='lat' dir='ltr'><strong>multumque</strong></span> <span class='ocrx_word' id='word_1_295' title='bbox 1080 3442 1213 3497; x_wconf 89' lang='lat' dir='ltr'><strong>dura</strong></span> <span class='ocrx_word' id='word_1_296' title='bbox 1258 3442 1527 3498; x_wconf 89' lang='lat' dir='ltr'><strong>molestia.</strong></span> <span class='ocrx_word' id='word_1_297' title='bbox 1574 3442 1741 3514; x_wconf 89' lang='lat' dir='ltr'><strong>Cujus</strong></span> <span class='ocrx_word' id='word_1_298' title='bbox 1786 3444 2031 3501; x_wconf 91' lang='lat' dir='ltr'><strong>timorem</strong></span> <span class='ocrx_word' id='word_1_299' title='bbox 2060 3445 2151 3517; x_wconf 88' lang='lat' dir='ltr'><strong>qui</strong></span> 
     </span>
    </p>
   </div>
   <div class='ocr_carea' id='block_1_40' title="bbox 561 3532 2150 3609">
    <p class='ocr_par' dir='ltr' id='par_1_40' title="bbox 561 3532 2150 3609">
     <span class='ocr_line' id='line_1_40' title="bbox 561 3532 2150 3609; baseline 0.006 -26"><span class='ocrx_word' id='word_1_300' title='bbox 561 3532 726 3588; x_wconf 88' lang='lat' dir='ltr'><strong>vincit</strong></span> <span class='ocrx_word' id='word_1_301' title='bbox 751 3550 817 3589; x_wconf 80' lang='lat' dir='ltr'><strong>ex</strong></span> <span class='ocrx_word' id='word_1_302' title='bbox 846 3533 971 3601; x_wconf 90' lang='lat' dir='ltr'><strong>ﬁde,</strong></span> <span class='ocrx_word' id='word_1_303' title='bbox 1001 3550 1248 3607; x_wconf 88' lang='lat' dir='ltr'><strong>magnam</strong></span> <span class='ocrx_word' id='word_1_304' title='bbox 1280 3535 1447 3605; x_wconf 86' lang='lat' dir='ltr'><strong>ipsius</strong></span> <span class='ocrx_word' id='word_1_305' title='bbox 1474 3535 1597 3591; x_wconf 91' lang='lat' dir='ltr'><strong>ﬁdei</strong></span> <span class='ocrx_word' id='word_1_306' title='bbox 1629 3545 1904 3607; x_wconf 89' lang='lat' dir='ltr'><strong>comparat</strong></span> <span class='ocrx_word' id='word_1_307' title='bbox 1924 3537 2150 3609; x_wconf 78' lang='lat' dir='ltr'><strong>gloriam</strong></span> 
     </span>
    </p>
   </div>
   <div class='ocr_carea' id='block_1_41' title="bbox 557 3623 2153 3701">
    <p class='ocr_par' dir='ltr' id='par_1_41' title="bbox 557 3623 2153 3701">
     <span class='ocr_line' id='line_1_41' title="bbox 557 3623 2153 3701; baseline 0.006 -25"><span class='ocrx_word' id='word_1_308' title='bbox 557 3623 861 3701; x_wconf 55' lang='lat' dir='ltr'><strong>justamque</strong></span> <span class='ocrx_word' id='word_1_309' title='bbox 901 3627 1228 3682; x_wconf 89' lang='lat' dir='ltr'><strong>mercedem.</strong></span> <span class='ocrx_word' id='word_1_310' title='bbox 1265 3625 1417 3683; x_wconf 91' lang='lat' dir='ltr'><strong>Unde</strong></span> <span class='ocrx_word' id='word_1_311' title='bbox 1466 3628 1769 3684; x_wconf 90' lang='lat' dir='ltr'><strong>mirandum</strong></span> <span class='ocrx_word' id='word_1_312' title='bbox 1812 3644 1918 3684; x_wconf 91' lang='lat' dir='ltr'><strong>non</strong></span> <span class='ocrx_word' id='word_1_313' title='bbox 1963 3638 2066 3697; x_wconf 89' lang='lat' dir='ltr'><strong>est,</strong></span> <span class='ocrx_word' id='word_1_314' title='bbox 2097 3639 2153 3685; x_wconf 90' lang='lat' dir='ltr'><strong>et</strong></span> 
     </span>
    </p>
   </div>
   <div class='ocr_carea' id='block_1_42' title="bbox 560 3717 2151 3787">
    <p class='ocr_par' dir='ltr' id='par_1_42' title="bbox 560 3717 2151 3787">
     <span class='ocr_line' id='line_1_42' title="bbox 560 3717 2151 3787; baseline 0.003 -17"><span class='ocrx_word' id='word_1_315' title='bbox 560 3726 788 3771; x_wconf 80' lang='lat' dir='ltr'><strong>tnortem</strong></span> <span class='ocrx_word' id='word_1_316' title='bbox 820 3718 1060 3787; x_wconf 88' lang='lat' dir='ltr'><strong>corporis</strong></span> <span class='ocrx_word' id='word_1_317' title='bbox 1102 3734 1210 3773; x_wconf 91' lang='lat' dir='ltr'><strong>non</strong></span> <span class='ocrx_word' id='word_1_318' title='bbox 1254 3717 1422 3774; x_wconf 89' lang='lat' dir='ltr'><strong>fuisse</strong></span> <span class='ocrx_word' id='word_1_319' title='bbox 1451 3730 1764 3774; x_wconf 81' lang='lat' dir='ltr'><strong>eventuram</strong></span> <span class='ocrx_word' id='word_1_320' title='bbox 1794 3719 2019 3786; x_wconf 87' lang='lat' dir='ltr'><strong>homini,</strong></span> <span class='ocrx_word' id='word_1_321' title='bbox 2048 3721 2151 3775; x_wconf 90' lang='lat' dir='ltr'><strong>nisi</strong></span> 
     </span>
    </p>
   </div>
   <div class='ocr_carea' id='block_1_43' title="bbox 562 3808 2149 3880">
    <p class='ocr_par' dir='ltr' id='par_1_43' title="bbox 562 3808 2149 3880">
     <span class='ocr_line' id='line_1_43' title="bbox 562 3808 2149 3880; baseline 0.004 -19"><span class='ocrx_word' id='word_1_322' title='bbox 562 3808 928 3876; x_wconf 63' lang='lat' dir='ltr'><strong>praecessisset</strong></span> <span class='ocrx_word' id='word_1_323' title='bbox 956 3817 1257 3879; x_wconf 88' lang='lat' dir='ltr'><strong>peccatum,</strong></span> <span class='ocrx_word' id='word_1_324' title='bbox 1287 3809 1442 3878; x_wconf 89' lang='lat' dir='ltr'><strong>cujus</strong></span> <span class='ocrx_word' id='word_1_325' title='bbox 1481 3810 1641 3865; x_wconf 90' lang='lat' dir='ltr'><strong>etiam</strong></span> <span class='ocrx_word' id='word_1_326' title='bbox 1686 3811 1806 3865; x_wconf 90' lang='lat' dir='ltr'><strong>talis</strong></span> <span class='ocrx_word' id='word_1_327' title='bbox 1832 3826 1988 3880; x_wconf 76' lang='lat' dir='ltr'><strong>pmna</strong></span> <span class='ocrx_word' id='word_1_328' title='bbox 2016 3826 2149 3867; x_wconf 87' lang='lat' dir='ltr'><strong>con-</strong></span> 
     </span>
    </p>
   </div>
   <div class='ocr_carea' id='block_1_44' title="bbox 560 3901 2150 3974">
    <p class='ocr_par' dir='ltr' id='par_1_44' title="bbox 560 3901 2150 3974">
     <span class='ocr_line' id='line_1_44' title="bbox 560 3901 2150 3974; baseline 0.005 -23"><span class='ocrx_word' id='word_1_329' title='bbox 560 3906 905 3969; x_wconf 87' lang='lat' dir='ltr'><strong>sequeretur;</strong></span> <span class='ocrx_word' id='word_1_330' title='bbox 954 3909 1010 3956; x_wconf 88' lang='lat' dir='ltr'><strong>et</strong></span> <span class='ocrx_word' id='word_1_331' title='bbox 1055 3909 1178 3970; x_wconf 91' lang='lat' dir='ltr'><strong>post</strong></span> <span class='ocrx_word' id='word_1_332' title='bbox 1223 3901 1595 3957; x_wconf 90' lang='lat' dir='ltr'><strong>remissionem</strong></span> <span class='ocrx_word' id='word_1_333' title='bbox 1644 3911 1988 3974; x_wconf 88' lang='lat' dir='ltr'><strong>peccatorum</strong></span> <span class='ocrx_word' id='word_1_334' title='bbox 2030 3919 2150 3959; x_wconf 90' lang='lat' dir='ltr'><strong>eam</strong></span> 
     </span>
    </p>
   </div>
   <div class='ocr_carea' id='block_1_45' title="bbox 561 3990 2150 4062">
    <p class='ocr_par' dir='ltr' id='par_1_45' title="bbox 561 3990 2150 4062">
     <span class='ocr_line' id='line_1_45' title="bbox 561 3990 2150 4062; baseline 0.004 -20"><span class='ocrx_word' id='word_1_335' title='bbox 561 3990 812 4045; x_wconf 86' lang='lat' dir='ltr'><strong>ﬁdelibus</strong></span> <span class='ocrx_word' id='word_1_336' title='bbox 839 3991 1076 4059; x_wconf 86' lang='lat' dir='ltr'><strong>evenire,</strong></span> <span class='ocrx_word' id='word_1_337' title='bbox 1107 3999 1165 4046; x_wconf 92' lang='lat' dir='ltr'><strong>ut</strong></span> <span class='ocrx_word' id='word_1_338' title='bbox 1190 3991 1242 4046; x_wconf 93' lang='lat' dir='ltr'><strong>in</strong></span> <span class='ocrx_word' id='word_1_339' title='bbox 1272 3991 1388 4062; x_wconf 86' lang='lat' dir='ltr'><strong>ejus</strong></span> <span class='ocrx_word' id='word_1_340' title='bbox 1418 3992 1612 4048; x_wconf 91' lang='lat' dir='ltr'><strong>timore</strong></span> <span class='ocrx_word' id='word_1_341' title='bbox 1636 3991 1896 4048; x_wconf 89' lang='lat' dir='ltr'><strong>vincendo</strong></span> <span class='ocrx_word' id='word_1_342' title='bbox 1926 4008 2150 4049; x_wconf 79' lang='lat' dir='ltr'><strong>exerce-</strong></span> 
     </span>
    </p>
   </div>
   <div class='ocr_carea' id='block_1_46' title="bbox 561 4082 1260 4153">
    <p class='ocr_par' dir='ltr' id='par_1_46' title="bbox 561 4082 1260 4153">
     <span class='ocr_line' id='line_1_46' title="bbox 561 4082 1260 4153; baseline 0.001 -17"><span class='ocrx_word' id='word_1_343' title='bbox 561 4091 711 4137; x_wconf 82' lang='lat' dir='ltr'><strong>retur</strong></span> <span class='ocrx_word' id='word_1_344' title='bbox 738 4082 991 4140; x_wconf 87' lang='lat' dir='ltr'><strong>fortitudo</strong></span> <span class='ocrx_word' id='word_1_345' title='bbox 1014 4082 1260 4153; x_wconf 73' lang='lat' dir='ltr'><strong>justitire.</strong></span> 
     </span>
    </p>
   </div>
   <div class='ocr_carea' id='block_1_47' title="bbox 631 4173 2149 4245">
    <p class='ocr_par' dir='ltr' id='par_1_47' title="bbox 631 4173 2149 4245">
     <span class='ocr_line' id='line_1_47' title="bbox 631 4173 2149 4245; baseline 0.002 -17"><span class='ocrx_word' id='word_1_346' title='bbox 631 4174 720 4228; x_wconf 83' lang='lat'><strong>55.</strong></span> <span class='ocrx_word' id='word_1_347' title='bbox 750 4173 889 4228; x_wconf 84' lang='lat' dir='ltr'><strong>Caro</strong></span> <span class='ocrx_word' id='word_1_348' title='bbox 916 4175 1058 4229; x_wconf 90' lang='lat' dir='ltr'><strong>enim</strong></span> <span class='ocrx_word' id='word_1_349' title='bbox 1088 4190 1211 4245; x_wconf 82' lang='lat' dir='ltr'><strong>quae</strong></span> <span class='ocrx_word' id='word_1_350' title='bbox 1238 4174 1412 4245; x_wconf 88' lang='lat' dir='ltr'><strong>primo</strong></span> <span class='ocrx_word' id='word_1_351' title='bbox 1438 4173 1580 4230; x_wconf 86' lang='lat' dir='ltr'><strong>facta</strong></span> <span class='ocrx_word' id='word_1_352' title='bbox 1620 4184 1722 4239; x_wconf 90' lang='lat' dir='ltr'><strong>est,</strong></span> <span class='ocrx_word' id='word_1_353' title='bbox 1755 4190 1863 4231; x_wconf 92' lang='lat' dir='ltr'><strong>non</strong></span> <span class='ocrx_word' id='word_1_354' title='bbox 1884 4184 2000 4233; x_wconf 90' lang='lat' dir='ltr'><strong>erat</strong></span> <span class='ocrx_word' id='word_1_355' title='bbox 2023 4191 2149 4232; x_wconf 90' lang='lat' dir='ltr'><strong>caro</strong></span> 
     </span>
    </p>
   </div>
   <div class='ocr_carea' id='block_1_48' title="bbox 559 4265 2148 4338">
    <p class='ocr_par' dir='ltr' id='par_1_48' title="bbox 559 4265 2148 4338">
     <span class='ocr_line' id='line_1_48' title="bbox 559 4265 2148 4338; baseline 0.001 -18"><span class='ocrx_word' id='word_1_356' title='bbox 559 4265 788 4335; x_wconf 87' lang='lat' dir='ltr'><strong>peccati,</strong></span> <span class='ocrx_word' id='word_1_357' title='bbox 819 4266 871 4319; x_wconf 92' lang='lat' dir='ltr'><strong>in</strong></span> <span class='ocrx_word' id='word_1_358' title='bbox 921 4281 1022 4335; x_wconf 86' lang='lat' dir='ltr'><strong>qua</strong></span> <span class='ocrx_word' id='word_1_359' title='bbox 1068 4266 1239 4321; x_wconf 88' lang='lat' dir='ltr'><strong>noluit</strong></span> <span class='ocrx_word' id='word_1_360' title='bbox 1278 4265 1437 4322; x_wconf 88' lang='lat' dir='ltr'><strong>homo</strong></span> <span class='ocrx_word' id='word_1_361' title='bbox 1485 4266 1625 4322; x_wconf 88' lang='lat' dir='ltr'><strong>inter</strong></span> <span class='ocrx_word' id='word_1_362' title='bbox 1662 4266 1880 4322; x_wconf 90' lang='lat' dir='ltr'><strong>delicias</strong></span> <span class='ocrx_word' id='word_1_363' title='bbox 1916 4267 2148 4338; x_wconf 87' lang='lat' dir='ltr'><strong>paradisi</strong></span> 
     </span>
    </p>
   </div>
   <div class='ocr_carea' id='block_1_49' title="bbox 561 4355 2148 4428">
    <p class='ocr_par' dir='ltr' id='par_1_49' title="bbox 561 4355 2148 4428">
     <span class='ocr_line' id='line_1_49' title="bbox 561 4355 2148 4428; baseline 0.004 -20"><span class='ocrx_word' id='word_1_364' title='bbox 561 4370 785 4412; x_wconf 84' lang='lat' dir='ltr'><strong>servare</strong></span> <span class='ocrx_word' id='word_1_365' title='bbox 824 4355 1108 4426; x_wconf 89' lang='lat' dir='ltr'><strong>justitiam.</strong></span> <span class='ocrx_word' id='word_1_366' title='bbox 1136 4356 1290 4414; x_wconf 89' lang='lat' dir='ltr'><strong>Unde</strong></span> <span class='ocrx_word' id='word_1_367' title='bbox 1337 4358 1522 4412; x_wconf 87' lang='lat' dir='ltr'><strong>statuit</strong></span> <span class='ocrx_word' id='word_1_368' title='bbox 1566 4358 1729 4421; x_wconf 90' lang='lat' dir='ltr'><strong>Deus,</strong></span> <span class='ocrx_word' id='word_1_369' title='bbox 1762 4367 1819 4413; x_wconf 90' lang='lat' dir='ltr'><strong>ut</strong></span> <span class='ocrx_word' id='word_1_370' title='bbox 1866 4366 1987 4428; x_wconf 91' lang='lat' dir='ltr'><strong>post</strong></span> <span class='ocrx_word' id='word_1_371' title='bbox 2032 4359 2148 4428; x_wconf 89' lang='lat' dir='ltr'><strong>ejus</strong></span> 
     </span>
    </p>
   </div>
   <div class='ocr_carea' id='block_1_50' title="bbox 556 4448 2146 4520">
    <p class='ocr_par' dir='ltr' id='par_1_50' title="bbox 556 4448 2146 4520">
     <span class='ocr_line' id='line_1_50' title="bbox 556 4448 2146 4520; baseline 0.001 -18"><span class='ocrx_word' id='word_1_372' title='bbox 556 4456 836 4518; x_wconf 83' lang='lat' dir='ltr'><strong>peccatum</strong></span> <span class='ocrx_word' id='word_1_373' title='bbox 889 4458 1178 4519; x_wconf 84' lang='lat' dir='ltr'><strong>propagata</strong></span> <span class='ocrx_word' id='word_1_374' title='bbox 1225 4463 1351 4503; x_wconf 89' lang='lat' dir='ltr'><strong>caro</strong></span> <span class='ocrx_word' id='word_1_375' title='bbox 1392 4449 1628 4519; x_wconf 89' lang='lat' dir='ltr'><strong>peccati,</strong></span> <span class='ocrx_word' id='word_1_376' title='bbox 1674 4448 1741 4503; x_wconf 90' lang='lat' dir='ltr'><strong>ad</strong></span> <span class='ocrx_word' id='word_1_377' title='bbox 1788 4449 2146 4520; x_wconf 85' lang='lat' dir='ltr'><strong>recipiendam</strong></span> 
     </span>
    </p>
   </div>
   <div class='ocr_carea' id='block_1_51' title="bbox 552 4539 2147 4612">
    <p class='ocr_par' dir='ltr' id='par_1_51' title="bbox 552 4539 2147 4612">
     <span class='ocr_line' id='line_1_51' title="bbox 552 4539 2147 4612; baseline 0.003 -19"><span class='ocrx_word' id='word_1_378' title='bbox 552 4539 815 4610; x_wconf 86' lang='lat' dir='ltr'><strong>justitiam</strong></span> <span class='ocrx_word' id='word_1_379' title='bbox 861 4539 1131 4597; x_wconf 87' lang='lat' dir='ltr'><strong>laboribus</strong></span> <span class='ocrx_word' id='word_1_380' title='bbox 1173 4550 1228 4595; x_wconf 90' lang='lat' dir='ltr'><strong>et</strong></span> <span class='ocrx_word' id='word_1_381' title='bbox 1271 4541 1530 4597; x_wconf 89' lang='lat' dir='ltr'><strong>molestiis</strong></span> <span class='ocrx_word' id='word_1_382' title='bbox 1567 4540 1878 4596; x_wconf 89' lang='lat' dir='ltr'><strong>eniteretur.</strong></span> <span class='ocrx_word' id='word_1_383' title='bbox 1921 4542 2147 4612; x_wconf 87' lang='lat' dir='ltr'><strong>Propter</strong></span> 
     </span>
    </p>
   </div>
   <div class='ocr_carea' id='block_1_52' title="bbox 558 4632 2146 4704">
    <p class='ocr_par' dir='ltr' id='par_1_52' title="bbox 558 4632 2146 4704">
     <span class='ocr_line' id='line_1_52' title="bbox 558 4632 2146 4704; baseline 0.001 -17"><span class='ocrx_word' id='word_1_384' title='bbox 558 4632 663 4688; x_wconf 84' lang='lat' dir='ltr'><strong>hoc</strong></span> <span class='ocrx_word' id='word_1_385' title='bbox 687 4634 845 4689; x_wconf 88' lang='lat' dir='ltr'><strong>etiam</strong></span> <span class='ocrx_word' id='word_1_386' title='bbox 875 4634 940 4689; x_wconf 93' lang='lat' dir='ltr'><strong>de</strong></span> <span class='ocrx_word' id='word_1_387' title='bbox 968 4633 1214 4704; x_wconf 87' lang='lat' dir='ltr'><strong>paradiso</strong></span> <span class='ocrx_word' id='word_1_388' title='bbox 1241 4633 1493 4689; x_wconf 89' lang='lat' dir='ltr'><strong>dimissus</strong></span> <span class='ocrx_word' id='word_1_389' title='bbox 1525 4633 1696 4688; x_wconf 86' lang='lat' dir='ltr'><strong>Adam</strong></span> <span class='ocrx_word' id='word_1_390' title='bbox 1717 4634 1755 4699; x_wconf 74' lang='grc' dir='ltr'><strong>ί,</strong></span> <span class='ocrx_word' id='word_1_391' title='bbox 1782 4642 1965 4688; x_wconf 89' lang='lat' dir='ltr'><strong>contra</strong></span> <span class='ocrx_word' id='word_1_392' title='bbox 1996 4633 2146 4689; x_wconf 87' lang='lat' dir='ltr'><strong>Eden</strong></span> 
     </span>
    </p>
   </div>
   <div class='ocr_carea' id='block_1_53' title="bbox 558 4726 2149 4797">
    <p class='ocr_par' dir='ltr' id='par_1_53' title="bbox 558 4726 2149 4797">
     <span class='ocr_line' id='line_1_53' title="bbox 558 4726 2149 4797; baseline -0.001 -16"><span class='ocrx_word' id='word_1_393' title='bbox 558 4726 841 4793; x_wconf 74' lang='lat' dir='ltr'><strong>habitavit,</strong></span> <span class='ocrx_word' id='word_1_394' title='bbox 882 4727 933 4783; x_wconf 89' lang='lat' dir='ltr'><strong>id</strong></span> <span class='ocrx_word' id='word_1_395' title='bbox 965 4736 1069 4794; x_wconf 89' lang='lat' dir='ltr'><strong>est,</strong></span> <span class='ocrx_word' id='word_1_396' title='bbox 1098 4737 1284 4784; x_wconf 87' lang='lat' dir='ltr'><strong>contra</strong></span> <span class='ocrx_word' id='word_1_397' title='bbox 1318 4728 1500 4783; x_wconf 91' lang='lat' dir='ltr'><strong>sedem</strong></span> <span class='ocrx_word' id='word_1_398' title='bbox 1528 4726 1838 4781; x_wconf 87' lang='lat' dir='ltr'><strong>deliciarum</strong></span> <span class='ocrx_word' id='word_1_399' title='bbox 1865 4743 1878 4779; x_wconf 90' lang='lat'><strong>:</strong></span> <span class='ocrx_word' id='word_1_400' title='bbox 1904 4736 1961 4782; x_wconf 91' lang='lat' dir='ltr'><strong>ut</strong></span> <span class='ocrx_word' id='word_1_401' title='bbox 1986 4727 2149 4797; x_wconf 84' lang='lat' dir='ltr'><strong>signi-</strong></span> 
     </span>
    </p>
   </div>
   <div class='ocr_carea' id='block_1_54' title="bbox 558 4817 2143 4890">
    <p class='ocr_par' dir='ltr' id='par_1_54' title="bbox 558 4817 2143 4890">
     <span class='ocr_line' id='line_1_54' title="bbox 558 4817 2143 4890; baseline 0.001 -19"><span class='ocrx_word' id='word_1_402' title='bbox 558 4819 746 4875; x_wconf 89' lang='lat' dir='ltr'><strong>ﬁcaret</strong></span> <span class='ocrx_word' id='word_1_403' title='bbox 783 4818 926 4890; x_wconf 91' lang='lat' dir='ltr'><strong>quod</strong></span> <span class='ocrx_word' id='word_1_404' title='bbox 955 4820 1006 4875; x_wconf 93' lang='lat' dir='ltr'><strong>in</strong></span> <span class='ocrx_word' id='word_1_405' title='bbox 1037 4820 1330 4885; x_wconf 87' lang='lat' dir='ltr'><strong>laboribus,</strong></span> <span class='ocrx_word' id='word_1_406' title='bbox 1363 4819 1453 4889; x_wconf 91' lang='lat' dir='ltr'><strong>qui</strong></span> <span class='ocrx_word' id='word_1_407' title='bbox 1480 4827 1605 4873; x_wconf 91' lang='lat' dir='ltr'><strong>sunt</strong></span> <span class='ocrx_word' id='word_1_408' title='bbox 1633 4817 1842 4873; x_wconf 90' lang='lat' dir='ltr'><strong>deliciis</strong></span> <span class='ocrx_word' id='word_1_409' title='bbox 1865 4818 2143 4884; x_wconf 87' lang='lat' dir='ltr'><strong>contrarii,</strong></span> 
     </span>
    </p>
   </div>
   <div class='ocr_carea' id='block_1_55' title="bbox 559 4909 2146 4984">
    <p class='ocr_par' dir='ltr' id='par_1_55' title="bbox 559 4909 2146 4984">
     <span class='ocr_line' id='line_1_55' title="bbox 559 4909 2146 4984; baseline 0.001 -19"><span class='ocrx_word' id='word_1_410' title='bbox 559 4911 853 4969; x_wconf 83' lang='lat' dir='ltr'><strong>erudienda</strong></span> <span class='ocrx_word' id='word_1_411' title='bbox 883 4923 1028 4968; x_wconf 89' lang='lat' dir='ltr'><strong>esset</strong></span> <span class='ocrx_word' id='word_1_412' title='bbox 1075 4928 1202 4969; x_wconf 85' lang='lat' dir='ltr'><strong>caro</strong></span> <span class='ocrx_word' id='word_1_413' title='bbox 1245 4911 1473 4984; x_wconf 89' lang='lat' dir='ltr'><strong>peccati,</strong></span> <span class='ocrx_word' id='word_1_414' title='bbox 1505 4926 1625 4982; x_wconf 85' lang='lat' dir='ltr'><strong>quae</strong></span> <span class='ocrx_word' id='word_1_415' title='bbox 1669 4910 1722 4965; x_wconf 90' lang='lat' dir='ltr'><strong>in</strong></span> <span class='ocrx_word' id='word_1_416' title='bbox 1767 4909 1973 4967; x_wconf 88' lang='lat' dir='ltr'><strong>deliciis</strong></span> <span class='ocrx_word' id='word_1_417' title='bbox 2012 4911 2146 4967; x_wconf 90' lang='lat' dir='ltr'><strong>obc-</strong></span> 
     </span>
    </p>
   </div>
   <div class='ocr_carea' id='block_1_56' title="bbox 557 5000 2142 5074">
    <p class='ocr_par' dir='ltr' id='par_1_56' title="bbox 557 5000 2142 5074">
     <span class='ocr_line' id='line_1_56' title="bbox 557 5000 2142 5074; baseline 0.001 -18"><span class='ocrx_word' id='word_1_418' title='bbox 557 5000 811 5058; x_wconf 88' lang='lat' dir='ltr'><strong>dientiam</strong></span> <span class='ocrx_word' id='word_1_419' title='bbox 843 5019 948 5057; x_wconf 88' lang='lat' dir='ltr'><strong>non</strong></span> <span class='ocrx_word' id='word_1_420' title='bbox 977 5004 1208 5059; x_wconf 87' lang='lat' dir='ltr'><strong>servavit</strong></span> <span class='ocrx_word' id='word_1_421' title='bbox 1248 5013 1535 5074; x_wconf 88' lang='lat' dir='ltr'><strong>antequam</strong></span> <span class='ocrx_word' id='word_1_422' title='bbox 1578 5012 1724 5058; x_wconf 89' lang='lat' dir='ltr'><strong>esset</strong></span> <span class='ocrx_word' id='word_1_423' title='bbox 1760 5016 1886 5056; x_wconf 86' lang='lat' dir='ltr'><strong>caro</strong></span> <span class='ocrx_word' id='word_1_424' title='bbox 1915 5004 2142 5073; x_wconf 88' lang='lat' dir='ltr'><strong>peccati.</strong></span> 
     </span>
    </p>
   </div>
   <div class='ocr_carea' id='block_1_57' title="bbox 558 5092 2143 5166">
    <p class='ocr_par' dir='ltr' id='par_1_57' title="bbox 558 5092 2143 5166">
     <span class='ocr_line' id='line_1_57' title="bbox 558 5092 2143 5166; baseline -0.001 -15"><span class='ocrx_word' id='word_1_425' title='bbox 558 5096 709 5151; x_wconf 82' lang='lat' dir='ltr'><strong>Sicut</strong></span> <span class='ocrx_word' id='word_1_426' title='bbox 735 5110 863 5166; x_wconf 88' lang='lat' dir='ltr'><strong>ergo</strong></span> <span class='ocrx_word' id='word_1_427' title='bbox 905 5096 980 5151; x_wconf 92' lang='lat' dir='ltr'><strong>illi</strong></span> <span class='ocrx_word' id='word_1_428' title='bbox 1024 5096 1180 5166; x_wconf 88' lang='lat' dir='ltr'><strong>primi</strong></span> <span class='ocrx_word' id='word_1_429' title='bbox 1222 5092 1467 5151; x_wconf 89' lang='lat' dir='ltr'><strong>homines</strong></span> <span class='ocrx_word' id='word_1_430' title='bbox 1511 5104 1699 5166; x_wconf 86' lang='lat' dir='ltr'><strong>postea</strong></span> <span class='ocrx_word' id='word_1_431' title='bbox 1723 5093 1867 5164; x_wconf 89' lang='lat' dir='ltr'><strong>juste</strong></span> <span class='ocrx_word' id='word_1_432' title='bbox 1893 5093 2143 5161; x_wconf 86' lang='lat' dir='ltr'><strong>vivendo,</strong></span> 
     </span>
    </p>
   </div>
   <div class='ocr_carea' id='block_1_58' title="bbox 557 5186 2149 5256">
    <p class='ocr_par' dir='ltr' id='par_1_58' title="bbox 557 5186 2149 5256">
     <span class='ocr_line' id='line_1_58' title="bbox 557 5186 2149 5256; baseline 0.001 -15"><span class='ocrx_word' id='word_1_433' title='bbox 557 5187 698 5243; x_wconf 82' lang='lat' dir='ltr'><strong>unde</strong></span> <span class='ocrx_word' id='word_1_434' title='bbox 748 5187 942 5243; x_wconf 84' lang='lat' dir='ltr'><strong>merito</strong></span> <span class='ocrx_word' id='word_1_435' title='bbox 987 5187 1281 5242; x_wconf 91' lang='lat' dir='ltr'><strong>creduntur</strong></span> <span class='ocrx_word' id='word_1_436' title='bbox 1326 5203 1420 5256; x_wconf 92' lang='lat' dir='ltr'><strong>per</strong></span> <span class='ocrx_word' id='word_1_437' title='bbox 1460 5186 1673 5242; x_wconf 88' lang='lat' dir='ltr'><strong>Domini</strong></span> <span class='ocrx_word' id='word_1_438' title='bbox 1720 5187 2033 5256; x_wconf 87' lang='lat' dir='ltr'><strong>sanguinem</strong></span> <span class='ocrx_word' id='word_1_439' title='bbox 2078 5186 2149 5243; x_wconf 87' lang='lat' dir='ltr'><strong>ab</strong></span> 
     </span>
    </p>
   </div>
   <div class='ocr_carea' id='block_1_59' title="bbox 557 5279 2147 5351">
    <p class='ocr_par' dir='ltr' id='par_1_59' title="bbox 557 5279 2147 5351">
     <span class='ocr_line' id='line_1_59' title="bbox 557 5279 2147 5351; baseline -0.001 -13"><span class='ocrx_word' id='word_1_440' title='bbox 557 5290 800 5338; x_wconf 74' lang='lat' dir='ltr'><strong>extremo</strong></span> <span class='ocrx_word' id='word_1_441' title='bbox 828 5280 1090 5351; x_wconf 90' lang='lat' dir='ltr'><strong>supplicio</strong></span> <span class='ocrx_word' id='word_1_442' title='bbox 1115 5281 1344 5345; x_wconf 88' lang='lat' dir='ltr'><strong>liberati,</strong></span> <span class='ocrx_word' id='word_1_443' title='bbox 1376 5295 1480 5335; x_wconf 92' lang='lat' dir='ltr'><strong>non</strong></span> <span class='ocrx_word' id='word_1_444' title='bbox 1514 5288 1691 5335; x_wconf 88' lang='lat' dir='ltr'><strong>tamen</strong></span> <span class='ocrx_word' id='word_1_445' title='bbox 1721 5279 1773 5335; x_wconf 93' lang='lat' dir='ltr'><strong>in</strong></span> <span class='ocrx_word' id='word_1_446' title='bbox 1796 5281 1881 5335; x_wconf 89' lang='lat' dir='ltr'><strong>illa</strong></span> <span class='ocrx_word' id='word_1_447' title='bbox 1901 5281 2007 5335; x_wconf 89' lang='lat' dir='ltr'><strong>vita</strong></span> <span class='ocrx_word' id='word_1_448' title='bbox 2028 5296 2147 5336; x_wconf 93' lang='lat' dir='ltr'><strong>me-</strong></span> 
     </span>
    </p>
   </div>
   <div class='ocr_carea' id='block_1_60' title="bbox 557 5371 2143 5443">
    <p class='ocr_par' dir='ltr' id='par_1_60' title="bbox 557 5371 2143 5443">
     <span class='ocr_line' id='line_1_60' title="bbox 557 5371 2143 5443; baseline -0.001 -14"><span class='ocrx_word' id='word_1_449' title='bbox 557 5382 784 5430; x_wconf 77' lang='lat' dir='ltr'><strong>ruerunt</strong></span> <span class='ocrx_word' id='word_1_450' title='bbox 824 5373 890 5428; x_wconf 91' lang='lat' dir='ltr'><strong>ad</strong></span> <span class='ocrx_word' id='word_1_451' title='bbox 939 5372 1242 5443; x_wconf 84' lang='lat' dir='ltr'><strong>paradisum</strong></span> <span class='ocrx_word' id='word_1_452' title='bbox 1273 5371 1514 5428; x_wconf 81' lang='lat' dir='ltr'><strong>revocari</strong></span> <span class='ocrx_word' id='word_1_453' title='bbox 1539 5390 1552 5426; x_wconf 93' lang='lat'>:</span> <span class='ocrx_word' id='word_1_454' title='bbox 1577 5372 1654 5427; x_wconf 91' lang='lat' dir='ltr'><strong>sic</strong></span> <span class='ocrx_word' id='word_1_455' title='bbox 1682 5378 1737 5427; x_wconf 92' lang='lat' dir='ltr'><strong>et</strong></span> <span class='ocrx_word' id='word_1_456' title='bbox 1765 5385 1891 5427; x_wconf 91' lang='lat' dir='ltr'><strong>caro</strong></span> <span class='ocrx_word' id='word_1_457' title='bbox 1918 5373 2143 5442; x_wconf 85' lang='lat' dir='ltr'><strong>peccati,</strong></span> 
     </span>
    </p>
   </div>
   <div class='ocr_carea' id='block_1_61' title="bbox 555 5464 2144 5537">
    <p class='ocr_par' dir='ltr' id='par_1_61' title="bbox 555 5464 2144 5537">
     <span class='ocr_line' id='line_1_61' title="bbox 555 5464 2144 5537; baseline -0.003 -15"><span class='ocrx_word' id='word_1_458' title='bbox 555 5467 767 5523; x_wconf 83' lang='lat' dir='ltr'><strong>etiamsi</strong></span> <span class='ocrx_word' id='word_1_459' title='bbox 800 5466 1040 5522; x_wconf 87' lang='lat' dir='ltr'><strong>remissis</strong></span> <span class='ocrx_word' id='word_1_460' title='bbox 1083 5466 1315 5537; x_wconf 89' lang='lat' dir='ltr'><strong>peccatis</strong></span> <span class='ocrx_word' id='word_1_461' title='bbox 1357 5466 1516 5521; x_wconf 91' lang='lat' dir='ltr'><strong>homo</strong></span> <span class='ocrx_word' id='word_1_462' title='bbox 1558 5465 1612 5519; x_wconf 92' lang='lat' dir='ltr'><strong>in</strong></span> <span class='ocrx_word' id='word_1_463' title='bbox 1655 5479 1717 5520; x_wconf 89' lang='lat' dir='ltr'><strong>ea</strong></span> <span class='ocrx_word' id='word_1_464' title='bbox 1752 5464 1896 5535; x_wconf 89' lang='lat' dir='ltr'><strong>juste</strong></span> <span class='ocrx_word' id='word_1_465' title='bbox 1925 5465 2144 5530; x_wconf 80' lang='lat' dir='ltr'><strong>vixerit,</strong></span> 
     </span>
    </p>
   </div>
   <div class='ocr_carea' id='block_1_62' title="bbox 555 5556 2145 5627">
    <p class='ocr_par' dir='ltr' id='par_1_62' title="bbox 555 5556 2145 5627">
     <span class='ocr_line' id='line_1_62' title="bbox 555 5556 2145 5627; baseline -0.003 -11"><span class='ocrx_word' id='word_1_466' title='bbox 555 5575 664 5616; x_wconf 80' lang='lat' dir='ltr'><strong>nan</strong></span> <span class='ocrx_word' id='word_1_467' title='bbox 690 5560 944 5615; x_wconf 86' lang='lat' dir='ltr'><strong>continuo</strong></span> <span class='ocrx_word' id='word_1_468' title='bbox 966 5567 1204 5614; x_wconf 90' lang='lat' dir='ltr'><strong>meretur</strong></span> <span class='ocrx_word' id='word_1_469' title='bbox 1223 5574 1338 5613; x_wconf 87' lang='lat' dir='ltr'><strong>eam</strong></span> <span class='ocrx_word' id='word_1_470' title='bbox 1363 5568 1587 5613; x_wconf 78' lang='lat' dir='ltr'><strong>mortem</strong></span> <span class='ocrx_word' id='word_1_471' title='bbox 1611 5571 1716 5611; x_wconf 90' lang='lat' dir='ltr'><strong>non</strong></span> <span class='ocrx_word' id='word_1_472' title='bbox 1742 5556 1965 5626; x_wconf 88' lang='lat' dir='ltr'><strong>perpeti,</strong></span> <span class='ocrx_word' id='word_1_473' title='bbox 1984 5571 2145 5627; x_wconf 91' lang='lat' dir='ltr'><strong>quam</strong></span> 
     </span>
    </p>
   </div>
   <div class='ocr_carea' id='block_1_63' title="bbox 564 5650 1393 5724">
    <p class='ocr_par' dir='ltr' id='par_1_63' title="bbox 564 5650 1393 5724">
     <span class='ocr_line' id='line_1_63' title="bbox 564 5650 1393 5724; baseline 0.002 -20"><span class='ocrx_word' id='word_1_474' title='bbox 564 5655 721 5707; x_wconf 77' lang='lat' dir='ltr'><strong>traxit</strong></span> <span class='ocrx_word' id='word_1_475' title='bbox 749 5653 816 5708; x_wconf 89' lang='lat' dir='ltr'><strong>de</strong></span> <span class='ocrx_word' id='word_1_476' title='bbox 844 5650 1137 5724; x_wconf 85' lang='lat' dir='ltr'><strong>propagine</strong></span> <span class='ocrx_word' id='word_1_477' title='bbox 1167 5650 1393 5721; x_wconf 86' lang='lat' dir='ltr'><strong>peccati.</strong></span> 
     </span>
    </p>
   </div>
   <div class='ocr_carea' id='block_1_64' title="bbox 631 5741 2145 5814">
    <p class='ocr_par' dir='ltr' id='par_1_64' title="bbox 631 5741 2145 5814">
     <span class='ocr_line' id='line_1_64' title="bbox 631 5741 2145 5814; baseline -0.003 -16"><span class='ocrx_word' id='word_1_478' title='bbox 631 5742 721 5798; x_wconf 71' lang='lat'><strong>56.</strong></span> <span class='ocrx_word' id='word_1_479' title='bbox 750 5742 879 5799; x_wconf 87' lang='lat' dir='ltr'><strong>Tale</strong></span> <span class='ocrx_word' id='word_1_480' title='bbox 905 5741 1102 5814; x_wconf 88' lang='lat' dir='ltr'><strong>aliquid</strong></span> <span class='ocrx_word' id='word_1_481' title='bbox 1130 5741 1284 5797; x_wconf 89' lang='lat' dir='ltr'><strong>nobis</strong></span> <span class='ocrx_word' id='word_1_482' title='bbox 1334 5741 1654 5797; x_wconf 83' lang='lat' dir='ltr'><strong>insinuatum</strong></span> <span class='ocrx_word' id='word_1_483' title='bbox 1693 5751 1777 5799; x_wconf 91' lang='lat' dir='ltr'><strong>est</strong></span> <span class='ocrx_word' id='word_1_484' title='bbox 1820 5741 1888 5798; x_wconf 88' lang='lat' dir='ltr'><strong>de</strong></span> <span class='ocrx_word' id='word_1_485' title='bbox 1919 5751 2145 5814; x_wconf 72' lang='lat' dir='ltr'><strong>pattzar-</strong></span> 
     </span>
    </p>
   </div>
   <div class='ocr_carea' id='block_1_65' title="bbox 556 5891 2146 6010">
    <p class='ocr_par' dir='ltr' id='par_1_65' title="bbox 556 5891 2146 6010">
     <span class='ocr_line' id='line_1_65' title="bbox 556 5891 2146 6010; baseline -0.001 -64"><span class='ocrx_word' id='word_1_486' title='bbox 556 5899 639 6010; x_wconf 41' lang='lat' dir='ltr'><strong>ﬁt;</strong></span> <span class='ocrx_word' id='word_1_487' title='bbox 659 5896 785 5948; x_wconf 61' lang='lat' dir='ltr'><strong>liilttt</strong></span> <span class='ocrx_word' id='word_1_488' title='bbox 809 5929 828 5959; x_wconf 85' lang='lat'><strong>,</strong></span> <span class='ocrx_word' id='word_1_489' title='bbox 862 5896 926 5949; x_wconf 83' lang='lat' dir='ltr'><strong>de</strong></span> <span class='ocrx_word' id='word_1_490' title='bbox 959 5891 1190 5960; x_wconf 76' lang='lat' dir='ltr'><strong>paradiso</strong></span> <span class='ocrx_word' id='word_1_491' title='bbox 1231 5893 1411 5959; x_wconf 71' lang='lat' dir='ltr'><strong>eiectus</strong></span> <span class='ocrx_word' id='word_1_492' title='bbox 1478 5892 1637 5947; x_wconf 75' lang='lat' dir='ltr'><strong>«tam.</strong></span> <span class='ocrx_word' id='word_1_493' title='bbox 1695 5901 1748 5945; x_wconf 70' lang='lat' dir='ltr'><strong>At</strong></span> <span class='ocrx_word' id='word_1_494' title='bbox 1798 5901 1935 5956; x_wconf 68' lang='lat' dir='ltr'><strong>uss,</strong></span> <span class='ocrx_word' id='word_1_495' title='bbox 1980 5893 2146 5946; x_wconf 71' lang='lat' dir='ltr'><strong>dimis-</strong></span> 
     </span>
    </p>
   </div>
   <div class='ocr_carea' id='block_1_66' title="bbox 2282 1064 3865 1138">
    <p class='ocr_par' dir='ltr' id='par_1_66' title="bbox 2282 1064 3865 1138">
     <span class='ocr_line' id='line_1_66' title="bbox 2282 1064 3865 1138; baseline 0.001 -17"><span class='ocrx_word' id='word_1_496' title='bbox 2282 1066 2400 1133; x_wconf 79' lang='lat' dir='ltr'><strong>Reg.</strong></span> <span class='ocrx_word' id='word_1_497' title='bbox 2436 1078 2532 1130; x_wconf 71' lang='grc' dir='ltr'>ιιι,</span> <span class='ocrx_word' id='word_1_498' title='bbox 2564 1064 2653 1135; x_wconf 76' lang='grc'><strong>15)</strong></span> <span class='ocrx_word' id='word_1_499' title='bbox 2691 1080 2705 1119; x_wconf 88' lang='lat'><strong>:</strong></span> <span class='ocrx_word' id='word_1_500' title='bbox 2742 1073 2798 1121; x_wconf 88' lang='lat' dir='ltr'><strong>et</strong></span> <span class='ocrx_word' id='word_1_501' title='bbox 2846 1075 3022 1121; x_wconf 89' lang='lat' dir='ltr'><strong>tamen</strong></span> <span class='ocrx_word' id='word_1_502' title='bbox 3068 1076 3355 1121; x_wconf 88' lang='lat' dir='ltr'><strong>consecuta</strong></span> <span class='ocrx_word' id='word_1_503' title='bbox 3399 1077 3524 1122; x_wconf 87' lang='lat' dir='ltr'><strong>sunt</strong></span> <span class='ocrx_word' id='word_1_504' title='bbox 3560 1085 3678 1138; x_wconf 66' lang='lat' dir='ltr'><strong>quas</strong></span> <span class='ocrx_word' id='word_1_505' title='bbox 3718 1068 3865 1124; x_wconf 78' lang='lat' dir='ltr'><strong>Deus</strong></span> 
     </span>
    </p>
   </div>
   <div class='ocr_carea' id='block_1_67' title="bbox 2273 1155 3863 1225">
    <p class='ocr_par' dir='ltr' id='par_1_67' title="bbox 2273 1155 3863 1225">
     <span class='ocr_line' id='line_1_67' title="bbox 2273 1155 3863 1225; baseline 0.005 -20"><span class='ocrx_word' id='word_1_506' title='bbox 2273 1158 2444 1207; x_wconf 72' lang='lat' dir='ltr'><strong>fuerat</strong></span> <span class='ocrx_word' id='word_1_507' title='bbox 2465 1155 2845 1224; x_wconf 86' lang='lat' dir='ltr'><strong>comminatus,</strong></span> <span class='ocrx_word' id='word_1_508' title='bbox 2874 1164 2934 1211; x_wconf 89' lang='lat' dir='ltr'><strong>ut</strong></span> <span class='ocrx_word' id='word_1_509' title='bbox 2961 1157 3040 1211; x_wconf 90' lang='lat' dir='ltr'><strong>sic</strong></span> <span class='ocrx_word' id='word_1_510' title='bbox 3070 1156 3441 1212; x_wconf 90' lang='lat' dir='ltr'><strong>humiliaretur</strong></span> <span class='ocrx_word' id='word_1_511' title='bbox 3469 1172 3499 1211; x_wconf 90' lang='lat' dir='ltr'><strong>a</strong></span> <span class='ocrx_word' id='word_1_512' title='bbox 3526 1158 3654 1213; x_wconf 68' lang='lat' dir='ltr'><strong>fil‘c.</strong></span> <span class='ocrx_word' id='word_1_513' title='bbox 3680 1158 3863 1225; x_wconf 84' lang='lat' dir='ltr'><strong>Quare</strong></span> 
     </span>
    </p>
   </div>
   <div class='ocr_carea' id='block_1_68' title="bbox 2216 1242 3860 1320">
    <p class='ocr_par' dir='ltr' id='par_1_68' title="bbox 2216 1242 3860 1320">
     <span class='ocr_line' id='line_1_68' title="bbox 2216 1242 3860 1320; baseline 0.005 -23"><span class='ocrx_word' id='word_1_514' title='bbox 2216 1308 2237 1319; x_wconf 29' lang='grc' dir='ltr'><em>μ</em></span> <span class='ocrx_word' id='word_1_515' title='bbox 2270 1252 2325 1298; x_wconf 92' lang='lat' dir='ltr'><strong>et</strong></span> <span class='ocrx_word' id='word_1_516' title='bbox 2372 1242 2460 1300; x_wconf 88' lang='lat' dir='ltr'><strong>hic</strong></span> <span class='ocrx_word' id='word_1_517' title='bbox 2505 1261 2610 1300; x_wconf 91' lang='lat' dir='ltr'><strong>non</strong></span> <span class='ocrx_word' id='word_1_518' title='bbox 2647 1245 2859 1314; x_wconf 85' lang='lat' dir='ltr'><strong>dicitur,</strong></span> <span class='ocrx_word' id='word_1_519' title='bbox 2890 1246 2947 1303; x_wconf 91' lang='lat' dir='ltr'><strong>Si</strong></span> <span class='ocrx_word' id='word_1_520' title='bbox 2996 1248 3137 1302; x_wconf 91' lang='lat' dir='ltr'><strong>Deus</strong></span> <span class='ocrx_word' id='word_1_521' title='bbox 3176 1256 3378 1319; x_wconf 78' lang='lat' dir='ltr'><strong>propte‘.</strong></span> <span class='ocrx_word' id='word_1_522' title='bbox 3421 1259 3695 1320; x_wconf 67' lang='lat' dir='ltr'><strong>peccatum</strong></span> <span class='ocrx_word' id='word_1_523' title='bbox 3724 1250 3860 1306; x_wconf 86' lang='lat' dir='ltr'><strong>illud</strong></span> 
     </span>
    </p>
   </div>
   <div class='ocr_carea' id='block_1_69' title="bbox 2272 1333 3862 1411">
    <p class='ocr_par' dir='ltr' id='par_1_69' title="bbox 2272 1333 3862 1411">
     <span class='ocr_line' id='line_1_69' title="bbox 2272 1333 3862 1411; baseline 0.004 -21"><span class='ocrx_word' id='word_1_524' title='bbox 2272 1333 2444 1391; x_wconf 87' lang='lat' dir='ltr'><strong>fuerat</strong></span> <span class='ocrx_word' id='word_1_525' title='bbox 2479 1339 2855 1406; x_wconf 86' lang='lat' dir='ltr'><strong>comminatus,</strong></span> <span class='ocrx_word' id='word_1_526' title='bbox 2885 1354 2982 1394; x_wconf 90' lang='lat' dir='ltr'><strong>cur</strong></span> <span class='ocrx_word' id='word_1_527' title='bbox 3028 1338 3251 1394; x_wconf 90' lang='lat' dir='ltr'><strong>dimisso</strong></span> <span class='ocrx_word' id='word_1_528' title='bbox 3297 1350 3516 1409; x_wconf 78' lang='lat' dir='ltr'><strong>peccato</strong></span> <span class='ocrx_word' id='word_1_529' title='bbox 3556 1341 3697 1411; x_wconf 86' lang='lat' dir='ltr'><strong>quod</strong></span> <span class='ocrx_word' id='word_1_530' title='bbox 3740 1350 3862 1397; x_wconf 90' lang='lat' dir='ltr'><strong>erat</strong></span> 
     </span>
    </p>
   </div>
   <div class='ocr_carea' id='block_1_70' title="bbox 2270 1426 3861 1500">
    <p class='ocr_par' dir='ltr' id='par_1_70' title="bbox 2270 1426 3861 1500">
     <span class='ocr_line' id='line_1_70' title="bbox 2270 1426 3861 1500; baseline 0.004 -19"><span class='ocrx_word' id='word_1_531' title='bbox 2270 1426 2502 1483; x_wconf 88' lang='lat' dir='ltr'><strong>minatus</strong></span> <span class='ocrx_word' id='word_1_532' title='bbox 2522 1428 2796 1499; x_wconf 78' lang='lat' dir='ltr'><strong>implevit?</strong></span> <span class='ocrx_word' id='word_1_533' title='bbox 2824 1431 2926 1485; x_wconf 89' lang='lat' dir='ltr'><strong>nisi</strong></span> <span class='ocrx_word' id='word_1_534' title='bbox 2953 1431 3075 1500; x_wconf 90' lang='lat' dir='ltr'><strong>quia</strong></span> <span class='ocrx_word' id='word_1_535' title='bbox 3103 1431 3423 1498; x_wconf 89' lang='lat' dir='ltr'><strong>rectissime,</strong></span> <span class='ocrx_word' id='word_1_536' title='bbox 3452 1431 3498 1486; x_wconf 90' lang='lat' dir='ltr'><strong>si</strong></span> <span class='ocrx_word' id='word_1_537' title='bbox 3531 1429 3728 1487; x_wconf 90' lang='lat' dir='ltr'><strong>dictum</strong></span> <span class='ocrx_word' id='word_1_538' title='bbox 3754 1432 3861 1488; x_wconf 69' lang='lat' dir='ltr'><strong>fue~</strong></span> 
     </span>
    </p>
   </div>
   <div class='ocr_carea' id='block_1_71' title="bbox 2268 1521 3855 1592">
    <p class='ocr_par' dir='ltr' id='par_1_71' title="bbox 2268 1521 3855 1592">
     <span class='ocr_line' id='line_1_71' title="bbox 2268 1521 3855 1592; baseline 0.002 -16"><span class='ocrx_word' id='word_1_539' title='bbox 2268 1521 2361 1587; x_wconf 90' lang='lat' dir='ltr'><strong>rit,</strong></span> <span class='ocrx_word' id='word_1_540' title='bbox 2392 1522 2803 1592; x_wconf 88' lang='lat' dir='ltr'><strong>respondebitur</strong></span> <span class='ocrx_word' id='word_1_541' title='bbox 2830 1524 3197 1578; x_wconf 88' lang='lat' dir='ltr'><strong>remissionem</strong></span> <span class='ocrx_word' id='word_1_542' title='bbox 3228 1523 3370 1577; x_wconf 91' lang='lat' dir='ltr'><strong>illam</strong></span> <span class='ocrx_word' id='word_1_543' title='bbox 3404 1524 3605 1592; x_wconf 90' lang='lat' dir='ltr'><strong>peccati</strong></span> <span class='ocrx_word' id='word_1_544' title='bbox 3633 1522 3855 1591; x_wconf 89' lang='lat' dir='ltr'><strong>factam,</strong></span> 
     </span>
    </p>
   </div>
   <div class='ocr_carea' id='block_1_72' title="bbox 2266 1614 3856 1686">
    <p class='ocr_par' dir='ltr' id='par_1_72' title="bbox 2266 1614 3856 1686">
     <span class='ocr_line' id='line_1_72' title="bbox 2266 1614 3856 1686; baseline 0.002 -18"><span class='ocrx_word' id='word_1_545' title='bbox 2266 1628 2336 1669; x_wconf 91' lang='lat' dir='ltr'><strong>ne</strong></span> <span class='ocrx_word' id='word_1_546' title='bbox 2364 1614 2525 1670; x_wconf 89' lang='lat' dir='ltr'><strong>homo</strong></span> <span class='ocrx_word' id='word_1_547' title='bbox 2544 1629 2576 1671; x_wconf 86' lang='lat' dir='ltr'><strong>a</strong></span> <span class='ocrx_word' id='word_1_548' title='bbox 2601 1615 2941 1686; x_wconf 91' lang='lat' dir='ltr'><strong>percipienda</strong></span> <span class='ocrx_word' id='word_1_549' title='bbox 2968 1616 3072 1670; x_wconf 89' lang='lat' dir='ltr'><strong>vita</strong></span> <span class='ocrx_word' id='word_1_550' title='bbox 3103 1614 3451 1684; x_wconf 78' lang='lat' dir='ltr'><strong>impediretur</strong></span> <span class='ocrx_word' id='word_1_551' title='bbox 3464 1625 3663 1670; x_wconf 68' lang='lat' dir='ltr'><strong>aeterna</strong></span> <span class='ocrx_word' id='word_1_552' title='bbox 3684 1632 3699 1680; x_wconf 92' lang='lat'><strong>;</strong></span> <span class='ocrx_word' id='word_1_553' title='bbox 3722 1616 3856 1671; x_wconf 86' lang='lat' dir='ltr'><strong>sub-</strong></span> 
     </span>
    </p>
   </div>
   <div class='ocr_carea' id='block_1_73' title="bbox 2266 1705 3857 1775">
    <p class='ocr_par' dir='ltr' id='par_1_73' title="bbox 2266 1705 3857 1775">
     <span class='ocr_line' id='line_1_73' title="bbox 2266 1705 3857 1775; baseline 0 -15"><span class='ocrx_word' id='word_1_554' title='bbox 2266 1714 2508 1761; x_wconf 85' lang='lat' dir='ltr'><strong>secutum</strong></span> <span class='ocrx_word' id='word_1_555' title='bbox 2528 1721 2655 1761; x_wconf 90' lang='lat' dir='ltr'><strong>vero</strong></span> <span class='ocrx_word' id='word_1_556' title='bbox 2675 1706 2817 1761; x_wconf 90' lang='lat' dir='ltr'><strong>illius</strong></span> <span class='ocrx_word' id='word_1_557' title='bbox 2843 1706 3272 1761; x_wconf 90' lang='lat' dir='ltr'><strong>comminationis</strong></span> <span class='ocrx_word' id='word_1_558' title='bbox 3296 1705 3570 1773; x_wconf 83' lang='lat' dir='ltr'><strong>ell&#39;ectum,</strong></span> <span class='ocrx_word' id='word_1_559' title='bbox 3598 1713 3657 1761; x_wconf 90' lang='lat' dir='ltr'><strong>ut</strong></span> <span class='ocrx_word' id='word_1_560' title='bbox 3683 1706 3857 1775; x_wconf 89' lang='lat' dir='ltr'><strong>pietas</strong></span> 
     </span>
    </p>
   </div>
   <div class='ocr_carea' id='block_1_74' title="bbox 2267 1795 3855 1865">
    <p class='ocr_par' dir='ltr' id='par_1_74' title="bbox 2267 1795 3855 1865">
     <span class='ocr_line' id='line_1_74' title="bbox 2267 1795 3855 1865; baseline 0 -16"><span class='ocrx_word' id='word_1_561' title='bbox 2267 1795 2497 1851; x_wconf 88' lang='lat' dir='ltr'><strong>hominis</strong></span> <span class='ocrx_word' id='word_1_562' title='bbox 2543 1796 2596 1851; x_wconf 90' lang='lat' dir='ltr'><strong>in</strong></span> <span class='ocrx_word' id='word_1_563' title='bbox 2634 1796 2722 1852; x_wconf 85' lang='lat' dir='ltr'><strong>illa</strong></span> <span class='ocrx_word' id='word_1_564' title='bbox 2763 1795 3059 1852; x_wconf 81' lang='lat' dir='ltr'><strong>humilitate</strong></span> <span class='ocrx_word' id='word_1_565' title='bbox 3087 1805 3436 1851; x_wconf 79' lang='lat' dir='ltr'><strong>exerceretur</strong></span> <span class='ocrx_word' id='word_1_566' title='bbox 3461 1804 3623 1865; x_wconf 89' lang='lat' dir='ltr'><strong>atque</strong></span> <span class='ocrx_word' id='word_1_567' title='bbox 3660 1795 3855 1865; x_wconf 84' lang='lat' dir='ltr'><strong>proba-</strong></span> 
     </span>
    </p>
   </div>
   <div class='ocr_carea' id='block_1_75' title="bbox 2265 1890 3853 1962">
    <p class='ocr_par' dir='ltr' id='par_1_75' title="bbox 2265 1890 3853 1962">
     <span class='ocr_line' id='line_1_75' title="bbox 2265 1890 3853 1962; baseline -0.003 -16"><span class='ocrx_word' id='word_1_568' title='bbox 2265 1899 2433 1946; x_wconf 91' lang='lat' dir='ltr'><strong>retur.</strong></span> <span class='ocrx_word' id='word_1_569' title='bbox 2462 1890 2554 1947; x_wconf 89' lang='lat' dir='ltr'><strong>Sic</strong></span> <span class='ocrx_word' id='word_1_570' title='bbox 2577 1898 2631 1945; x_wconf 83' lang='lat' dir='ltr'><strong>et</strong></span> <span class='ocrx_word' id='word_1_571' title='bbox 2673 1901 2900 1947; x_wconf 92' lang='lat' dir='ltr'><strong>mortem</strong></span> <span class='ocrx_word' id='word_1_572' title='bbox 2948 1891 3190 1962; x_wconf 91' lang='lat' dir='ltr'><strong>corporis</strong></span> <span class='ocrx_word' id='word_1_573' title='bbox 3228 1898 3284 1945; x_wconf 91' lang='lat' dir='ltr'><strong>et</strong></span> <span class='ocrx_word' id='word_1_574' title='bbox 3326 1898 3543 1960; x_wconf 91' lang='lat' dir='ltr'><strong>propter</strong></span> <span class='ocrx_word' id='word_1_575' title='bbox 3573 1897 3853 1959; x_wconf 89' lang='lat' dir='ltr'><strong>peccatum</strong></span> 
     </span>
    </p>
   </div>
   <div class='ocr_carea' id='block_1_76' title="bbox 2263 1982 3853 2054">
    <p class='ocr_par' dir='ltr' id='par_1_76' title="bbox 2263 1982 3853 2054">
     <span class='ocr_line' id='line_1_76' title="bbox 2263 1982 3853 2054; baseline -0.003 -14"><span class='ocrx_word' id='word_1_576' title='bbox 2263 1984 2406 2040; x_wconf 89' lang='lat' dir='ltr'><strong>Deus</strong></span> <span class='ocrx_word' id='word_1_577' title='bbox 2429 1985 2631 2040; x_wconf 87' lang='lat' dir='ltr'><strong>homini</strong></span> <span class='ocrx_word' id='word_1_578' title='bbox 2655 1984 2867 2053; x_wconf 79' lang='lat' dir='ltr'><strong>inﬂixit,</strong></span> <span class='ocrx_word' id='word_1_579' title='bbox 2886 1992 2941 2040; x_wconf 91' lang='lat' dir='ltr'><strong>et</strong></span> <span class='ocrx_word' id='word_1_580' title='bbox 2970 1993 3087 2054; x_wconf 87' lang='lat' dir='ltr'><strong>post</strong></span> <span class='ocrx_word' id='word_1_581' title='bbox 3114 1992 3453 2053; x_wconf 87' lang='lat' dir='ltr'><strong>peccatorum</strong></span> <span class='ocrx_word' id='word_1_582' title='bbox 3476 1982 3853 2037; x_wconf 88' lang='lat' dir='ltr'><strong>remissionem</strong></span> 
     </span>
    </p>
   </div>
   <div class='ocr_carea' id='block_1_77' title="bbox 2262 2073 3527 2148">
    <p class='ocr_par' dir='ltr' id='par_1_77' title="bbox 2262 2073 3527 2148">
     <span class='ocr_line' id='line_1_77' title="bbox 2262 2073 3527 2148; baseline -0.002 -19"><span class='ocrx_word' id='word_1_583' title='bbox 2262 2087 2485 2148; x_wconf 87' lang='lat' dir='ltr'><strong>propter</strong></span> <span class='ocrx_word' id='word_1_584' title='bbox 2507 2075 2863 2132; x_wconf 82' lang='lat' dir='ltr'><strong>exercendam</strong></span> <span class='ocrx_word' id='word_1_585' title='bbox 2885 2075 3145 2146; x_wconf 88' lang='lat' dir='ltr'><strong>justitiam</strong></span> <span class='ocrx_word' id='word_1_586' title='bbox 3178 2090 3284 2129; x_wconf 89' lang='lat' dir='ltr'><strong>non</strong></span> <span class='ocrx_word' id='word_1_587' title='bbox 3307 2073 3527 2129; x_wconf 91' lang='lat' dir='ltr'><strong>ademit.</strong></span> 
     </span>
    </p>
   </div>
   <div class='ocr_carea' id='block_1_78' title="bbox 2331 2165 3852 2225">
    <p class='ocr_par' dir='ltr' id='par_1_78' title="bbox 2331 2165 3852 2225">
     <span class='ocr_line' id='line_1_78' title="bbox 2331 2165 3852 2225; baseline -0.003 -3"><span class='ocrx_word' id='word_1_588' title='bbox 2331 2166 2558 2225; x_wconf 83' lang='lat' dir='ltr'><strong>CAPUT</strong></span> <span class='ocrx_word' id='word_1_589' title='bbox 2578 2168 2974 2224; x_wconf 77' lang='lat' dir='ltr'><strong>XXXV.—57.</strong></span> <span class='ocrx_word' id='word_1_590' title='bbox 3001 2166 3124 2222; x_wconf 85' lang='lat' dir='ltr'><strong>Non</strong></span> <span class='ocrx_word' id='word_1_591' title='bbox 3148 2166 3507 2221; x_wconf 88' lang='lat' dir='ltr'><strong>declinandum</strong></span> <span class='ocrx_word' id='word_1_592' title='bbox 3536 2167 3590 2219; x_wconf 90' lang='lat' dir='ltr'><strong>in</strong></span> <span class='ocrx_word' id='word_1_593' title='bbox 3615 2165 3852 2219; x_wconf 70' lang='lat' dir='ltr'><strong>dextram</strong></span> 
     </span>
    </p>
   </div>
   <div class='ocr_carea' id='block_1_79' title="bbox 2261 2254 3851 2328">
    <p class='ocr_par' dir='ltr' id='par_1_79' title="bbox 2261 2254 3851 2328">
     <span class='ocr_line' id='line_1_79' title="bbox 2261 2254 3851 2328; baseline -0.003 -15"><span class='ocrx_word' id='word_1_594' title='bbox 2261 2268 2349 2313; x_wconf 86' lang='lat' dir='ltr'><strong>aut</strong></span> <span class='ocrx_word' id='word_1_595' title='bbox 2417 2259 2473 2313; x_wconf 88' lang='lat' dir='ltr'><strong>in</strong></span> <span class='ocrx_word' id='word_1_596' title='bbox 2535 2259 2815 2314; x_wconf 83' lang='lat' dir='ltr'><strong>sinistram.</strong></span> <span class='ocrx_word' id='word_1_597' title='bbox 2866 2258 3168 2315; x_wconf 91' lang='lat' dir='ltr'><strong>Teneamus</strong></span> <span class='ocrx_word' id='word_1_598' title='bbox 3238 2272 3367 2328; x_wconf 86' lang='lat' dir='ltr'><strong>ergo</strong></span> <span class='ocrx_word' id='word_1_599' title='bbox 3416 2254 3851 2311; x_wconf 89' lang='lat' dir='ltr'><strong>indeclinabilem</strong></span> 
     </span>
    </p>
   </div>
   <div class='ocr_carea' id='block_1_80' title="bbox 2261 2348 3853 2419">
    <p class='ocr_par' dir='ltr' id='par_1_80' title="bbox 2261 2348 3853 2419">
     <span class='ocr_line' id='line_1_80' title="bbox 2261 2348 3853 2419; baseline -0.002 -13"><span class='ocrx_word' id='word_1_600' title='bbox 2261 2349 2384 2406; x_wconf 91' lang='lat' dir='ltr'><strong>ﬁdei</strong></span> <span class='ocrx_word' id='word_1_601' title='bbox 2409 2350 2824 2407; x_wconf 89' lang='lat' dir='ltr'><strong>confessionem.</strong></span> <span class='ocrx_word' id='word_1_602' title='bbox 2856 2349 3013 2406; x_wconf 92' lang='lat' dir='ltr'><strong>Solus</strong></span> <span class='ocrx_word' id='word_1_603' title='bbox 3038 2364 3174 2405; x_wconf 89' lang='lat' dir='ltr'><strong>unus</strong></span> <span class='ocrx_word' id='word_1_604' title='bbox 3213 2358 3297 2405; x_wconf 88' lang='lat' dir='ltr'><strong>est</strong></span> <span class='ocrx_word' id='word_1_605' title='bbox 3339 2348 3428 2419; x_wconf 92' lang='lat' dir='ltr'><strong>qui</strong></span> <span class='ocrx_word' id='word_1_606' title='bbox 3472 2348 3592 2403; x_wconf 87' lang='lat' dir='ltr'><strong>sine</strong></span> <span class='ocrx_word' id='word_1_607' title='bbox 3626 2359 3853 2419; x_wconf 88' lang='lat' dir='ltr'><strong>peccato</strong></span> 
     </span>
    </p>
   </div>
   <div class='ocr_carea' id='block_1_81' title="bbox 2261 2440 3851 2512">
    <p class='ocr_par' dir='ltr' id='par_1_81' title="bbox 2261 2440 3851 2512">
     <span class='ocr_line' id='line_1_81' title="bbox 2261 2440 3851 2512; baseline -0.003 -15"><span class='ocrx_word' id='word_1_608' title='bbox 2261 2450 2418 2498; x_wconf 90' lang='lat' dir='ltr'><strong>natus</strong></span> <span class='ocrx_word' id='word_1_609' title='bbox 2442 2449 2526 2497; x_wconf 88' lang='lat' dir='ltr'><strong>est</strong></span> <span class='ocrx_word' id='word_1_610' title='bbox 2552 2443 2606 2497; x_wconf 92' lang='lat' dir='ltr'><strong>in</strong></span> <span class='ocrx_word' id='word_1_611' title='bbox 2634 2442 2982 2498; x_wconf 89' lang='lat' dir='ltr'><strong>similitudine</strong></span> <span class='ocrx_word' id='word_1_612' title='bbox 3008 2443 3186 2497; x_wconf 88' lang='lat' dir='ltr'><strong>carnis</strong></span> <span class='ocrx_word' id='word_1_613' title='bbox 3215 2441 3449 2512; x_wconf 88' lang='lat' dir='ltr'><strong>peccati,</strong></span> <span class='ocrx_word' id='word_1_614' title='bbox 3481 2440 3597 2495; x_wconf 82' lang='lat' dir='ltr'><strong>sine</strong></span> <span class='ocrx_word' id='word_1_615' title='bbox 3627 2449 3851 2510; x_wconf 84' lang='lat' dir='ltr'><strong>peccato</strong></span> 
     </span>
    </p>
   </div>
   <div class='ocr_carea' id='block_1_82' title="bbox 2258 2535 3849 2607">
    <p class='ocr_par' dir='ltr' id='par_1_82' title="bbox 2258 2535 3849 2607">
     <span class='ocr_line' id='line_1_82' title="bbox 2258 2535 3849 2607; baseline -0.001 -17"><span class='ocrx_word' id='word_1_616' title='bbox 2258 2535 2392 2591; x_wconf 80' lang='lat' dir='ltr'><strong>vixit</strong></span> <span class='ocrx_word' id='word_1_617' title='bbox 2430 2536 2570 2591; x_wconf 89' lang='lat' dir='ltr'><strong>inter</strong></span> <span class='ocrx_word' id='word_1_618' title='bbox 2613 2536 2786 2592; x_wconf 91' lang='lat' dir='ltr'><strong>aliena</strong></span> <span class='ocrx_word' id='word_1_619' title='bbox 2831 2543 3070 2607; x_wconf 89' lang='lat' dir='ltr'><strong>peccata,</strong></span> <span class='ocrx_word' id='word_1_620' title='bbox 3099 2535 3217 2591; x_wconf 90' lang='lat' dir='ltr'><strong>sine</strong></span> <span class='ocrx_word' id='word_1_621' title='bbox 3243 2544 3464 2606; x_wconf 89' lang='lat' dir='ltr'><strong>peccato</strong></span> <span class='ocrx_word' id='word_1_622' title='bbox 3495 2542 3740 2588; x_wconf 89' lang='lat' dir='ltr'><strong>mortuus</strong></span> <span class='ocrx_word' id='word_1_623' title='bbox 3764 2542 3849 2588; x_wconf 87' lang='lat' dir='ltr'><strong>est</strong></span> 
     </span>
    </p>
   </div>
   <div class='ocr_carea' id='block_1_83' title="bbox 2259 2626 3849 2700">
    <p class='ocr_par' dir='ltr' id='par_1_83' title="bbox 2259 2626 3849 2700">
     <span class='ocr_line' id='line_1_83' title="bbox 2259 2626 3849 2700; baseline -0.003 -17"><span class='ocrx_word' id='word_1_624' title='bbox 2259 2636 2480 2700; x_wconf 84' lang='lat' dir='ltr'><strong>propter</strong></span> <span class='ocrx_word' id='word_1_625' title='bbox 2518 2637 2699 2685; x_wconf 86' lang='lat' dir='ltr'><strong>nostra</strong></span> <span class='ocrx_word' id='word_1_626' title='bbox 2734 2637 2970 2700; x_wconf 87' lang='lat' dir='ltr'><strong>peccata.</strong></span> <span class='ocrx_word' id='word_1_627' title='bbox 3004 2627 3125 2683; x_wconf 85' lang='lat' dir='ltr'><strong>Non</strong></span> <span class='ocrx_word' id='word_1_628' title='bbox 3165 2627 3471 2681; x_wconf 82' lang='lat' dir='ltr'><strong>declinemus</strong></span> <span class='ocrx_word' id='word_1_629' title='bbox 3516 2626 3571 2680; x_wconf 86' lang='lat' dir='ltr'><strong>in</strong></span> <span class='ocrx_word' id='word_1_630' title='bbox 3614 2626 3849 2680; x_wconf 74' lang='lat' dir='ltr'><strong>dextram</strong></span> 
     </span>
    </p>
   </div>
   <div class='ocr_carea' id='block_1_84' title="bbox 2259 2716 3850 2781">
    <p class='ocr_par' dir='ltr' id='par_1_84' title="bbox 2259 2716 3850 2781">
     <span class='ocr_line' id='line_1_84' title="bbox 2259 2716 3850 2781; baseline -0.002 -7"><span class='ocrx_word' id='word_1_631' title='bbox 2259 2730 2350 2774; x_wconf 88' lang='lat' dir='ltr'><strong>aut</strong></span> <span class='ocrx_word' id='word_1_632' title='bbox 2382 2721 2437 2775; x_wconf 89' lang='lat' dir='ltr'><strong>in</strong></span> <span class='ocrx_word' id='word_1_633' title='bbox 2473 2720 2751 2775; x_wconf 81' lang='lat' dir='ltr'><strong>sinistram.</strong></span> <span class='ocrx_word' id='word_1_634' title='bbox 2785 2720 2841 2775; x_wconf 91' lang='lat' dir='ltr'><strong>ln</strong></span> <span class='ocrx_word' id='word_1_635' title='bbox 2867 2718 3145 2775; x_wconf 83' lang='lat' dir='ltr'><strong>dexteram</strong></span> <span class='ocrx_word' id='word_1_636' title='bbox 3176 2721 3317 2773; x_wconf 88' lang='lat' dir='ltr'><strong>enim</strong></span> <span class='ocrx_word' id='word_1_637' title='bbox 3356 2716 3653 2781; x_wconf 87' lang='lat' dir='ltr'><strong>declinare,</strong></span> <span class='ocrx_word' id='word_1_638' title='bbox 3677 2726 3760 2771; x_wconf 89' lang='lat' dir='ltr'><strong>est</strong></span> <span class='ocrx_word' id='word_1_639' title='bbox 3787 2730 3850 2771; x_wconf 85' lang='lat' dir='ltr'><strong>se</strong></span> 
     </span>
    </p>
   </div>
   <div class='ocr_carea' id='block_1_85' title="bbox 2259 2807 3849 2885">
    <p class='ocr_par' dir='ltr' id='par_1_85' title="bbox 2259 2807 3849 2885">
     <span class='ocr_line' id='line_1_85' title="bbox 2259 2807 3849 2885; baseline -0.003 -17"><span class='ocrx_word' id='word_1_640' title='bbox 2259 2813 2433 2885; x_wconf 91' lang='lat' dir='ltr'><strong>ipsum</strong></span> <span class='ocrx_word' id='word_1_641' title='bbox 2462 2813 2710 2884; x_wconf 89' lang='lat' dir='ltr'><strong>decipere</strong></span> <span class='ocrx_word' id='word_1_642' title='bbox 2732 2812 2963 2869; x_wconf 88' lang='lat' dir='ltr'><strong>dicendo</strong></span> <span class='ocrx_word' id='word_1_643' title='bbox 2983 2827 3042 2869; x_wconf 89' lang='lat' dir='ltr'><strong>se</strong></span> <span class='ocrx_word' id='word_1_644' title='bbox 3060 2826 3178 2868; x_wconf 90' lang='lat' dir='ltr'><strong>esse</strong></span> <span class='ocrx_word' id='word_1_645' title='bbox 3194 2811 3312 2866; x_wconf 89' lang='lat' dir='ltr'><strong>sine</strong></span> <span class='ocrx_word' id='word_1_646' title='bbox 3346 2818 3569 2880; x_wconf 90' lang='lat' dir='ltr'><strong>peccato</strong></span> <span class='ocrx_word' id='word_1_647' title='bbox 3593 2826 3606 2862; x_wconf 90' lang='lat'><strong>:</strong></span> <span class='ocrx_word' id='word_1_648' title='bbox 3632 2808 3684 2863; x_wconf 89' lang='lat' dir='ltr'><strong>in</strong></span> <span class='ocrx_word' id='word_1_649' title='bbox 3711 2807 3849 2863; x_wconf 81' lang='lat' dir='ltr'><strong>sini-</strong></span> 
     </span>
    </p>
   </div>
   <div class='ocr_carea' id='block_1_86' title="bbox 2259 2904 3846 2976">
    <p class='ocr_par' dir='ltr' id='par_1_86' title="bbox 2259 2904 3846 2976">
     <span class='ocr_line' id='line_1_86' title="bbox 2259 2904 3846 2976; baseline -0.004 -16"><span class='ocrx_word' id='word_1_650' title='bbox 2259 2912 2423 2961; x_wconf 88' lang='lat' dir='ltr'><strong>stram</strong></span> <span class='ocrx_word' id='word_1_651' title='bbox 2459 2914 2659 2971; x_wconf 91' lang='lat' dir='ltr'><strong>autem,</strong></span> <span class='ocrx_word' id='word_1_652' title='bbox 2689 2920 2786 2976; x_wconf 91' lang='lat' dir='ltr'><strong>per</strong></span> <span class='ocrx_word' id='word_1_653' title='bbox 2811 2904 2993 2959; x_wconf 89' lang='lat' dir='ltr'><strong>nescio</strong></span> <span class='ocrx_word' id='word_1_654' title='bbox 3017 2919 3175 2974; x_wconf 88' lang='lat' dir='ltr'><strong>quam</strong></span> <span class='ocrx_word' id='word_1_655' title='bbox 3210 2916 3512 2973; x_wconf 89' lang='lat' dir='ltr'><strong>perversam</strong></span> <span class='ocrx_word' id='word_1_656' title='bbox 3541 2908 3597 2955; x_wconf 92' lang='lat' dir='ltr'><strong>et</strong></span> <span class='ocrx_word' id='word_1_657' title='bbox 3622 2914 3846 2969; x_wconf 83' lang='lat' dir='ltr'><strong>pravam</strong></span> 
     </span>
    </p>
   </div>
   <div class='ocr_carea' id='block_1_87' title="bbox 2258 2990 3846 3065">
    <p class='ocr_par' dir='ltr' id='par_1_87' title="bbox 2258 2990 3846 3065">
     <span class='ocr_line' id='line_1_87' title="bbox 2258 2990 3846 3065; baseline -0.006 -12"><span class='ocrx_word' id='word_1_658' title='bbox 2258 2996 2597 3053; x_wconf 88' lang='lat' dir='ltr'><strong>securitatem</strong></span> <span class='ocrx_word' id='word_1_659' title='bbox 2640 3010 2698 3051; x_wconf 92' lang='lat' dir='ltr'><strong>se</strong></span> <span class='ocrx_word' id='word_1_660' title='bbox 2735 3004 2985 3065; x_wconf 86' lang='lat' dir='ltr'><strong>tanquam</strong></span> <span class='ocrx_word' id='word_1_661' title='bbox 3026 2995 3245 3064; x_wconf 89' lang='lat' dir='ltr'><strong>impune</strong></span> <span class='ocrx_word' id='word_1_662' title='bbox 3267 2992 3401 3048; x_wconf 90' lang='lat' dir='ltr'><strong>dare</strong></span> <span class='ocrx_word' id='word_1_663' title='bbox 3428 2993 3681 3063; x_wconf 87' lang='lat' dir='ltr'><strong>peccatis.</strong></span> <span class='ocrx_word' id='word_1_664' title='bbox 3724 2990 3846 3045; x_wconf 87' lang='lat' dir='ltr'><strong>Vias</strong></span> 
     </span>
    </p>
   </div>
   <div class='ocr_carea' id='block_1_88' title="bbox 2257 3083 3847 3161">
    <p class='ocr_par' dir='ltr' id='par_1_88' title="bbox 2257 3083 3847 3161">
     <span class='ocr_line' id='line_1_88' title="bbox 2257 3083 3847 3161; baseline -0.004 -16"><span class='ocrx_word' id='word_1_665' title='bbox 2257 3090 2398 3146; x_wconf 92' lang='lat' dir='ltr'><strong>enim</strong></span> <span class='ocrx_word' id='word_1_666' title='bbox 2419 3105 2534 3161; x_wconf 77' lang='lat' dir='ltr'><strong>qua:</strong></span> <span class='ocrx_word' id='word_1_667' title='bbox 2555 3105 2587 3143; x_wconf 91' lang='lat' dir='ltr'><strong>a</strong></span> <span class='ocrx_word' id='word_1_668' title='bbox 2606 3089 2796 3144; x_wconf 76' lang='lat' dir='ltr'><strong>dextris</strong></span> <span class='ocrx_word' id='word_1_669' title='bbox 2818 3097 2934 3144; x_wconf 88' lang='lat' dir='ltr'><strong>sunt</strong></span> <span class='ocrx_word' id='word_1_670' title='bbox 2960 3088 3093 3142; x_wconf 87' lang='lat' dir='ltr'><strong>novit</strong></span> <span class='ocrx_word' id='word_1_671' title='bbox 3121 3086 3389 3153; x_wconf 85' lang='lat' dir='ltr'><strong>Dominus,</strong></span> <span class='ocrx_word' id='word_1_672' title='bbox 3423 3085 3511 3156; x_wconf 91' lang='lat' dir='ltr'><strong>qui</strong></span> <span class='ocrx_word' id='word_1_673' title='bbox 3552 3084 3698 3139; x_wconf 91' lang='lat' dir='ltr'><strong>solus</strong></span> <span class='ocrx_word' id='word_1_674' title='bbox 3724 3083 3847 3139; x_wconf 87' lang='lat' dir='ltr'><strong>sine</strong></span> 
     </span>
    </p>
   </div>
   <div class='ocr_carea' id='block_1_89' title="bbox 2257 3177 3850 3251">
    <p class='ocr_par' dir='ltr' id='par_1_89' title="bbox 2257 3177 3850 3251">
     <span class='ocr_line' id='line_1_89' title="bbox 2257 3177 3850 3251; baseline -0.006 -14"><span class='ocrx_word' id='word_1_675' title='bbox 2257 3190 2478 3251; x_wconf 91' lang='lat' dir='ltr'><strong>peccato</strong></span> <span class='ocrx_word' id='word_1_676' title='bbox 2502 3189 2604 3247; x_wconf 87' lang='lat' dir='ltr'><strong>est,</strong></span> <span class='ocrx_word' id='word_1_677' title='bbox 2635 3190 2691 3236; x_wconf 92' lang='lat' dir='ltr'><strong>et</strong></span> <span class='ocrx_word' id='word_1_678' title='bbox 2710 3188 2891 3235; x_wconf 90' lang='lat' dir='ltr'><strong>nostra</strong></span> <span class='ocrx_word' id='word_1_679' title='bbox 2913 3186 3089 3249; x_wconf 89' lang='lat' dir='ltr'><strong>potest</strong></span> <span class='ocrx_word' id='word_1_680' title='bbox 3107 3177 3287 3233; x_wconf 89' lang='lat' dir='ltr'><strong>delere</strong></span> <span class='ocrx_word' id='word_1_681' title='bbox 3316 3185 3567 3246; x_wconf 86' lang='lat' dir='ltr'><strong>peccata;</strong></span> <span class='ocrx_word' id='word_1_682' title='bbox 3596 3188 3850 3246; x_wconf 62' lang='lat' dir='ltr'><strong>perversa</strong></span> 
     </span>
    </p>
   </div>
   <div class='ocr_carea' id='block_1_90' title="bbox 2256 3264 3846 3342">
    <p class='ocr_par' dir='ltr' id='par_1_90' title="bbox 2256 3264 3846 3342">
     <span class='ocr_line' id='line_1_90' title="bbox 2256 3264 3846 3342; baseline -0.004 -17"><span class='ocrx_word' id='word_1_683' title='bbox 2256 3281 2425 3327; x_wconf 85' lang='lat' dir='ltr'><strong>autent</strong></span> <span class='ocrx_word' id='word_1_684' title='bbox 2466 3280 2585 3326; x_wconf 89' lang='lat' dir='ltr'><strong>sunt</strong></span> <span class='ocrx_word' id='word_1_685' title='bbox 2621 3286 2736 3342; x_wconf 80' lang='lat' dir='ltr'><strong>qua:</strong></span> <span class='ocrx_word' id='word_1_686' title='bbox 2770 3286 2804 3325; x_wconf 89' lang='lat' dir='ltr'><strong>a</strong></span> <span class='ocrx_word' id='word_1_687' title='bbox 2841 3270 3059 3325; x_wconf 85' lang='lat' dir='ltr'><strong>sinistris</strong></span> <span class='ocrx_word' id='word_1_688' title='bbox 3103 3267 3283 3340; x_wconf 80' lang='lat' dir='ltr'><strong>(Prov.</strong></span> <span class='ocrx_word' id='word_1_689' title='bbox 3316 3282 3392 3335; x_wconf 86' lang='lat' dir='ltr'><strong>tv,</strong></span> <span class='ocrx_word' id='word_1_690' title='bbox 3419 3265 3547 3337; x_wconf 80' lang='grc'><strong>27),</strong></span> <span class='ocrx_word' id='word_1_691' title='bbox 3593 3264 3846 3319; x_wconf 69' lang='lat' dir='ltr'><strong>amicitiae</strong></span> 
     </span>
    </p>
   </div>
   <div class='ocr_carea' id='block_1_91' title="bbox 2255 3356 3848 3434">
    <p class='ocr_par' dir='ltr' id='par_1_91' title="bbox 2255 3356 3848 3434">
     <span class='ocr_line' id='line_1_91' title="bbox 2255 3356 3848 3434; baseline -0.006 -15"><span class='ocrx_word' id='word_1_692' title='bbox 2255 3377 2379 3419; x_wconf 89' lang='lat' dir='ltr'><strong>cum</strong></span> <span class='ocrx_word' id='word_1_693' title='bbox 2407 3364 2660 3434; x_wconf 91' lang='lat' dir='ltr'><strong>peccatis.</strong></span> <span class='ocrx_word' id='word_1_694' title='bbox 2699 3361 2859 3417; x_wconf 85' lang='lat' dir='ltr'><strong>Tales</strong></span> <span class='ocrx_word' id='word_1_695' title='bbox 2901 3361 3062 3417; x_wconf 89' lang='lat' dir='ltr'><strong>etiam</strong></span> <span class='ocrx_word' id='word_1_696' title='bbox 3106 3360 3182 3415; x_wconf 93' lang='lat' dir='ltr'><strong>illi</strong></span> <span class='ocrx_word' id='word_1_697' title='bbox 3206 3359 3391 3430; x_wconf 64' lang='lat' dir='ltr'><strong>uiginti</strong></span> <span class='ocrx_word' id='word_1_698' title='bbox 3421 3372 3680 3412; x_wconf 89' lang='lat' dir='ltr'><strong>annorum</strong></span> <span class='ocrx_word' id='word_1_699' title='bbox 3713 3356 3848 3411; x_wconf 78' lang='lat' dir='ltr'><strong>ado-</strong></span> 
     </span>
    </p>
   </div>
   <div class='ocr_carea' id='block_1_92' title="bbox 2257 3448 3843 3525">
    <p class='ocr_par' dir='ltr' id='par_1_92' title="bbox 2257 3448 3843 3525">
     <span class='ocr_line' id='line_1_92' title="bbox 2257 3448 3843 3525; baseline -0.005 -15"><span class='ocrx_word' id='word_1_700' title='bbox 2257 3454 2540 3511; x_wconf 89' lang='lat' dir='ltr'><strong>lescentuli</strong></span> <span class='ocrx_word' id='word_1_701' title='bbox 2580 3452 2803 3525; x_wconf 90' lang='lat' dir='ltr'><strong>ﬁguram</strong></span> <span class='ocrx_word' id='word_1_702' title='bbox 2852 3453 2976 3507; x_wconf 92' lang='lat' dir='ltr'><strong>novi</strong></span> <span class='ocrx_word' id='word_1_703' title='bbox 3017 3451 3201 3523; x_wconf 82' lang='lat' dir='ltr'><strong>pOpuli</strong></span> <span class='ocrx_word' id='word_1_704' title='bbox 3248 3451 3645 3521; x_wconf 66' lang='lat' dir='ltr'><strong>praemiserunt,</strong></span> <span class='ocrx_word' id='word_1_705' title='bbox 3670 3448 3761 3518; x_wconf 90' lang='lat' dir='ltr'><strong>qui</strong></span> <span class='ocrx_word' id='word_1_706' title='bbox 3790 3449 3843 3502; x_wconf 92' lang='lat' dir='ltr'><strong>in</strong></span> 
     </span>
    </p>
   </div>
   <div class='ocr_carea' id='block_1_93' title="bbox 2257 3538 3843 3614">
    <p class='ocr_par' dir='ltr' id='par_1_93' title="bbox 2257 3538 3843 3614">
     <span class='ocr_line' id='line_1_93' title="bbox 2257 3538 3843 3614; baseline -0.006 -14"><span class='ocrx_word' id='word_1_707' title='bbox 2257 3553 2452 3600; x_wconf 90' lang='lat' dir='ltr'><strong>terram</strong></span> <span class='ocrx_word' id='word_1_708' title='bbox 2495 3543 2865 3614; x_wconf 90' lang='lat' dir='ltr'><strong>promissionis</strong></span> <span class='ocrx_word' id='word_1_709' title='bbox 2903 3543 3189 3607; x_wconf 86' lang='lat' dir='ltr'><strong>intrarunt,</strong></span> <span class='ocrx_word' id='word_1_710' title='bbox 3219 3541 3308 3611; x_wconf 92' lang='lat' dir='ltr'><strong>qui</strong></span> <span class='ocrx_word' id='word_1_711' title='bbox 3346 3555 3445 3595; x_wconf 92' lang='lat' dir='ltr'><strong>nec</strong></span> <span class='ocrx_word' id='word_1_712' title='bbox 3483 3540 3536 3594; x_wconf 92' lang='lat' dir='ltr'><strong>in</strong></span> <span class='ocrx_word' id='word_1_713' title='bbox 3564 3538 3843 3594; x_wconf 83' lang='lat' dir='ltr'><strong>dexteram</strong></span> 
     </span>
    </p>
   </div>
   <div class='ocr_carea' id='block_1_94' title="bbox 2254 3629 3841 3703">
    <p class='ocr_par' dir='ltr' id='par_1_94' title="bbox 2254 3629 3841 3703">
     <span class='ocr_line' id='line_1_94' title="bbox 2254 3629 3841 3703; baseline -0.006 -10"><span class='ocrx_word' id='word_1_714' title='bbox 2254 3652 2356 3693; x_wconf 91' lang='lat' dir='ltr'><strong>nec</strong></span> <span class='ocrx_word' id='word_1_715' title='bbox 2382 3637 2433 3691; x_wconf 93' lang='lat' dir='ltr'><strong>in</strong></span> <span class='ocrx_word' id='word_1_716' title='bbox 2462 3636 2732 3691; x_wconf 89' lang='lat' dir='ltr'><strong>sinistram</strong></span> <span class='ocrx_word' id='word_1_717' title='bbox 2771 3634 2899 3689; x_wconf 90' lang='lat' dir='ltr'><strong>dicti</strong></span> <span class='ocrx_word' id='word_1_718' title='bbox 2934 3642 3059 3689; x_wconf 90' lang='lat' dir='ltr'><strong>sunt</strong></span> <span class='ocrx_word' id='word_1_719' title='bbox 3096 3633 3394 3688; x_wconf 86' lang='lat' dir='ltr'><strong>declinasse</strong></span> <span class='ocrx_word' id='word_1_720' title='bbox 3422 3630 3519 3703; x_wconf 90' lang='lat' dir='ltr'><strong>(a).</strong></span> <span class='ocrx_word' id='word_1_721' title='bbox 3553 3630 3669 3685; x_wconf 84' lang='lat' dir='ltr'><strong>Non</strong></span> <span class='ocrx_word' id='word_1_722' title='bbox 3694 3629 3841 3684; x_wconf 90' lang='lat' dir='ltr'><strong>enim</strong></span> 
     </span>
    </p>
   </div>
   <div class='ocr_carea' id='block_1_95' title="bbox 2254 3723 3845 3799">
    <p class='ocr_par' dir='ltr' id='par_1_95' title="bbox 2254 3723 3845 3799">
     <span class='ocr_line' id='line_1_95' title="bbox 2254 3723 3845 3799; baseline -0.004 -16"><span class='ocrx_word' id='word_1_723' title='bbox 2254 3727 2442 3799; x_wconf 87' lang='lat' dir='ltr'><strong>viginti</strong></span> <span class='ocrx_word' id='word_1_724' title='bbox 2466 3741 2727 3782; x_wconf 91' lang='lat' dir='ltr'><strong>annorum</strong></span> <span class='ocrx_word' id='word_1_725' title='bbox 2749 3735 2879 3781; x_wconf 76' lang='lat' dir='ltr'><strong>aetas</strong></span> <span class='ocrx_word' id='word_1_726' title='bbox 2898 3724 3255 3795; x_wconf 87' lang='lat' dir='ltr'><strong>comparanda</strong></span> <span class='ocrx_word' id='word_1_727' title='bbox 3272 3732 3357 3778; x_wconf 90' lang='lat' dir='ltr'><strong>est</strong></span> <span class='ocrx_word' id='word_1_728' title='bbox 3381 3723 3699 3777; x_wconf 78' lang='lat' dir='ltr'><strong>innocentia:</strong></span> <span class='ocrx_word' id='word_1_729' title='bbox 3719 3736 3845 3792; x_wconf 87' lang='lat' dir='ltr'><strong>par-</strong></span> 
     </span>
    </p>
   </div>
   <div class='ocr_carea' id='block_1_96' title="bbox 2254 3814 3842 3887">
    <p class='ocr_par' dir='ltr' id='par_1_96' title="bbox 2254 3814 3842 3887">
     <span class='ocr_line' id='line_1_96' title="bbox 2254 3814 3842 3887; baseline -0.006 -10"><span class='ocrx_word' id='word_1_730' title='bbox 2254 3823 2501 3878; x_wconf 88' lang='lat' dir='ltr'><strong>vulorum</strong></span> <span class='ocrx_word' id='word_1_731' title='bbox 2528 3838 2541 3874; x_wconf 88' lang='lat'><strong>:</strong></span> <span class='ocrx_word' id='word_1_732' title='bbox 2564 3818 2683 3887; x_wconf 91' lang='lat' dir='ltr'><strong>sed,</strong></span> <span class='ocrx_word' id='word_1_733' title='bbox 2711 3820 2766 3874; x_wconf 93' lang='lat' dir='ltr'><strong>ni</strong></span> <span class='ocrx_word' id='word_1_734' title='bbox 2792 3818 2968 3887; x_wconf 89' lang='lat' dir='ltr'><strong>fallor,</strong></span> <span class='ocrx_word' id='word_1_735' title='bbox 2996 3817 3084 3873; x_wconf 91' lang='lat' dir='ltr'><strong>hic</strong></span> <span class='ocrx_word' id='word_1_736' title='bbox 3123 3829 3376 3872; x_wconf 90' lang='lat' dir='ltr'><strong>numerus</strong></span> <span class='ocrx_word' id='word_1_737' title='bbox 3421 3815 3701 3885; x_wconf 83' lang='lat' dir='ltr'><strong>mysticum</strong></span> <span class='ocrx_word' id='word_1_738' title='bbox 3739 3814 3842 3868; x_wconf 84' lang='lat' dir='ltr'><strong>ali-</strong></span> 
     </span>
    </p>
   </div>
   <div class='ocr_carea' id='block_1_97' title="bbox 2254 3905 3840 3984">
    <p class='ocr_par' dir='ltr' id='par_1_97' title="bbox 2254 3905 3840 3984">
     <span class='ocr_line' id='line_1_97' title="bbox 2254 3905 3840 3984; baseline -0.006 -17"><span class='ocrx_word' id='word_1_739' title='bbox 2254 3912 2382 3984; x_wconf 89' lang='lat' dir='ltr'><strong>quid</strong></span> <span class='ocrx_word' id='word_1_740' title='bbox 2402 3909 2685 3965; x_wconf 90' lang='lat' dir='ltr'><strong>adumbrat</strong></span> <span class='ocrx_word' id='word_1_741' title='bbox 2710 3918 2766 3965; x_wconf 90' lang='lat' dir='ltr'><strong>et</strong></span> <span class='ocrx_word' id='word_1_742' title='bbox 2793 3916 3029 3964; x_wconf 89' lang='lat' dir='ltr'><strong>resonat.</strong></span> <span class='ocrx_word' id='word_1_743' title='bbox 3064 3906 3229 3962; x_wconf 77' lang='lat' dir='ltr'><strong>Vetus</strong></span> <span class='ocrx_word' id='word_1_744' title='bbox 3260 3910 3404 3962; x_wconf 90' lang='lat' dir='ltr'><strong>enim</strong></span> <span class='ocrx_word' id='word_1_745' title='bbox 3433 3905 3840 3961; x_wconf 88' lang='lat' dir='ltr'><strong>Testamentum</strong></span> 
     </span>
    </p>
   </div>
   <div class='ocr_carea' id='block_1_98' title="bbox 2253 3996 3843 4075">
    <p class='ocr_par' dir='ltr' id='par_1_98' title="bbox 2253 3996 3843 4075">
     <span class='ocr_line' id='line_1_98' title="bbox 2253 3996 3843 4075; baseline -0.006 -17"><span class='ocrx_word' id='word_1_746' title='bbox 2253 4004 2306 4058; x_wconf 91' lang='lat' dir='ltr'><strong>in</strong></span> <span class='ocrx_word' id='word_1_747' title='bbox 2333 4003 2569 4074; x_wconf 91' lang='lat' dir='ltr'><strong>quinque</strong></span> <span class='ocrx_word' id='word_1_748' title='bbox 2607 4000 2777 4073; x_wconf 83' lang='lat' dir='ltr'><strong>Moysi</strong></span> <span class='ocrx_word' id='word_1_749' title='bbox 2817 4000 2969 4056; x_wconf 86' lang='lat' dir='ltr'><strong>libris</strong></span> <span class='ocrx_word' id='word_1_750' title='bbox 2998 3998 3241 4065; x_wconf 82' lang='lat' dir='ltr'><strong>excellit,</strong></span> <span class='ocrx_word' id='word_1_751' title='bbox 3268 3996 3476 4053; x_wconf 79' lang='lat' dir='ltr'><strong>Novum</strong></span> <span class='ocrx_word' id='word_1_752' title='bbox 3500 4007 3678 4075; x_wconf 80' lang='lat' dir='ltr'><strong>autem</strong></span> <span class='ocrx_word' id='word_1_753' title='bbox 3706 4011 3843 4066; x_wconf 80' lang='lat' dir='ltr'><strong>qua-</strong></span> 
     </span>
    </p>
   </div>
   <div class='ocr_carea' id='block_1_99' title="bbox 2253 4088 3840 4164">
    <p class='ocr_par' dir='ltr' id='par_1_99' title="bbox 2253 4088 3840 4164">
     <span class='ocr_line' id='line_1_99' title="bbox 2253 4088 3840 4164; baseline -0.006 -13"><span class='ocrx_word' id='word_1_754' title='bbox 2253 4105 2376 4151; x_wconf 88' lang='lat' dir='ltr'><strong>tuor</strong></span> <span class='ocrx_word' id='word_1_755' title='bbox 2402 4093 2812 4164; x_wconf 87' lang='lat' dir='ltr'><strong>Evangeliorum</strong></span> <span class='ocrx_word' id='word_1_756' title='bbox 2836 4091 3153 4147; x_wconf 89' lang='lat' dir='ltr'><strong>auctoritate</strong></span> <span class='ocrx_word' id='word_1_757' title='bbox 3176 4089 3489 4163; x_wconf 74' lang='lat' dir='ltr'><strong>praefulget;</strong></span> <span class='ocrx_word' id='word_1_758' title='bbox 3521 4089 3609 4159; x_wconf 92' lang='lat' dir='ltr'><strong>qui</strong></span> <span class='ocrx_word' id='word_1_759' title='bbox 3628 4088 3840 4143; x_wconf 89' lang='lat' dir='ltr'><strong>numeri</strong></span> 
     </span>
    </p>
   </div>
   <div class='ocr_carea' id='block_1_100' title="bbox 2250 4181 3843 4259">
    <p class='ocr_par' dir='ltr' id='par_1_100' title="bbox 2250 4181 3843 4259">
     <span class='ocr_line' id='line_1_100' title="bbox 2250 4181 3843 4259; baseline -0.006 -17"><span class='ocrx_word' id='word_1_760' title='bbox 2250 4201 2350 4259; x_wconf 89' lang='lat' dir='ltr'><strong>per</strong></span> <span class='ocrx_word' id='word_1_761' title='bbox 2392 4201 2451 4241; x_wconf 91' lang='lat' dir='ltr'><strong>se</strong></span> <span class='ocrx_word' id='word_1_762' title='bbox 2499 4183 2832 4255; x_wconf 89' lang='lat' dir='ltr'><strong>multiplicati</strong></span> <span class='ocrx_word' id='word_1_763' title='bbox 2875 4183 2943 4239; x_wconf 89' lang='lat' dir='ltr'><strong>ad</strong></span> <span class='ocrx_word' id='word_1_764' title='bbox 2988 4184 3230 4238; x_wconf 90' lang='lat' dir='ltr'><strong>vicenum</strong></span> <span class='ocrx_word' id='word_1_765' title='bbox 3271 4181 3843 4252; x_wconf 66' lang='lat' dir='ltr'><strong>perueniunt:qnater</strong></span> 
     </span>
    </p>
   </div>
   <div class='ocr_carea' id='block_1_101' title="bbox 2252 4269 3840 4348">
    <p class='ocr_par' dir='ltr' id='par_1_101' title="bbox 2252 4269 3840 4348">
     <span class='ocr_line' id='line_1_101' title="bbox 2252 4269 3840 4348; baseline -0.006 -15"><span class='ocrx_word' id='word_1_766' title='bbox 2252 4279 2396 4334; x_wconf 90' lang='lat' dir='ltr'><strong>enim</strong></span> <span class='ocrx_word' id='word_1_767' title='bbox 2422 4276 2592 4348; x_wconf 90' lang='lat' dir='ltr'><strong>quini,</strong></span> <span class='ocrx_word' id='word_1_768' title='bbox 2624 4276 2709 4331; x_wconf 92' lang='lat' dir='ltr'><strong>vel</strong></span> <span class='ocrx_word' id='word_1_769' title='bbox 2737 4274 3020 4346; x_wconf 91' lang='lat' dir='ltr'><strong>quinquies</strong></span> <span class='ocrx_word' id='word_1_770' title='bbox 3048 4273 3320 4344; x_wconf 91' lang='lat' dir='ltr'><strong>quaterni,</strong></span> <span class='ocrx_word' id='word_1_771' title='bbox 3345 4272 3528 4343; x_wconf 90' lang='lat' dir='ltr'><strong>viginti</strong></span> <span class='ocrx_word' id='word_1_772' title='bbox 3556 4279 3700 4325; x_wconf 88' lang='lat' dir='ltr'><strong>sunt.</strong></span> <span class='ocrx_word' id='word_1_773' title='bbox 3730 4269 3840 4324; x_wconf 85' lang='lat' dir='ltr'><strong>Ta-</strong></span> 
     </span>
    </p>
   </div>
   <div class='ocr_carea' id='block_1_102' title="bbox 2251 4359 3837 4438">
    <p class='ocr_par' dir='ltr' id='par_1_102' title="bbox 2251 4359 3837 4438">
     <span class='ocr_line' id='line_1_102' title="bbox 2251 4359 3837 4438; baseline -0.006 -16"><span class='ocrx_word' id='word_1_774' title='bbox 2251 4368 2319 4423; x_wconf 89' lang='lat' dir='ltr'><strong>lis</strong></span> <span class='ocrx_word' id='word_1_775' title='bbox 2363 4365 2610 4438; x_wconf 90' lang='lat' dir='ltr'><strong>p0pulus,</strong></span> <span class='ocrx_word' id='word_1_776' title='bbox 2642 4373 2700 4420; x_wconf 90' lang='lat' dir='ltr'><strong>ut</strong></span> <span class='ocrx_word' id='word_1_777' title='bbox 2728 4364 2975 4436; x_wconf 80' lang='lat' dir='ltr'><strong>praedixi,</strong></span> <span class='ocrx_word' id='word_1_778' title='bbox 3009 4362 3249 4418; x_wconf 89' lang='lat' dir='ltr'><strong>eruditus</strong></span> <span class='ocrx_word' id='word_1_779' title='bbox 3287 4362 3341 4417; x_wconf 91' lang='lat' dir='ltr'><strong>in</strong></span> <span class='ocrx_word' id='word_1_780' title='bbox 3380 4374 3546 4431; x_wconf 86' lang='lat' dir='ltr'><strong>regno</strong></span> <span class='ocrx_word' id='word_1_781' title='bbox 3575 4359 3837 4414; x_wconf 74' lang='lat' dir='ltr'><strong>emtorem</strong></span> 
     </span>
    </p>
   </div>
   <div class='ocr_carea' id='block_1_103' title="bbox 2251 4451 3835 4529">
    <p class='ocr_par' dir='ltr' id='par_1_103' title="bbox 2251 4451 3835 4529">
     <span class='ocr_line' id='line_1_103' title="bbox 2251 4451 3835 4529; baseline -0.007 -15"><span class='ocrx_word' id='word_1_782' title='bbox 2251 4474 2350 4529; x_wconf 89' lang='lat' dir='ltr'><strong>per</strong></span> <span class='ocrx_word' id='word_1_783' title='bbox 2376 4457 2482 4513; x_wconf 92' lang='lat' dir='ltr'><strong>duo</strong></span> <span class='ocrx_word' id='word_1_784' title='bbox 2511 4456 2873 4522; x_wconf 88' lang='lat' dir='ltr'><strong>Testamenta,</strong></span> <span class='ocrx_word' id='word_1_785' title='bbox 2904 4454 3073 4510; x_wconf 79' lang='lat' dir='ltr'><strong>Vetus</strong></span> <span class='ocrx_word' id='word_1_786' title='bbox 3093 4462 3147 4509; x_wconf 91' lang='lat' dir='ltr'><strong>et</strong></span> <span class='ocrx_word' id='word_1_787' title='bbox 3167 4453 3392 4520; x_wconf 86' lang='lat' dir='ltr'><strong>Novum,</strong></span> <span class='ocrx_word' id='word_1_788' title='bbox 3425 4466 3530 4507; x_wconf 92' lang='lat' dir='ltr'><strong>non</strong></span> <span class='ocrx_word' id='word_1_789' title='bbox 3560 4451 3835 4506; x_wconf 86' lang='lat' dir='ltr'><strong>declinans</strong></span> 
     </span>
    </p>
   </div>
   <div class='ocr_carea' id='block_1_104' title="bbox 2251 4543 3838 4619">
    <p class='ocr_par' dir='ltr' id='par_1_104' title="bbox 2251 4543 3838 4619">
     <span class='ocr_line' id='line_1_104' title="bbox 2251 4543 3838 4619; baseline -0.005 -14"><span class='ocrx_word' id='word_1_790' title='bbox 2251 4550 2305 4605; x_wconf 87' lang='lat' dir='ltr'><strong>in</strong></span> <span class='ocrx_word' id='word_1_791' title='bbox 2332 4549 2606 4607; x_wconf 81' lang='lat' dir='ltr'><strong>dexteram</strong></span> <span class='ocrx_word' id='word_1_792' title='bbox 2628 4549 2857 4619; x_wconf 91' lang='lat' dir='ltr'><strong>superba</strong></span> <span class='ocrx_word' id='word_1_793' title='bbox 2886 4545 3300 4618; x_wconf 72' lang='lat' dir='ltr'><strong>przesumptione</strong></span> <span class='ocrx_word' id='word_1_794' title='bbox 3315 4544 3558 4615; x_wconf 68' lang='lat' dir='ltr'><strong>justitise,</strong></span> <span class='ocrx_word' id='word_1_795' title='bbox 3580 4558 3754 4613; x_wconf 86' lang='lat' dir='ltr'><strong>neque</strong></span> <span class='ocrx_word' id='word_1_796' title='bbox 3782 4543 3838 4597; x_wconf 92' lang='lat' dir='ltr'><strong>in</strong></span> 
     </span>
    </p>
   </div>
   <div class='ocr_carea' id='block_1_105' title="bbox 2252 4635 3832 4707">
    <p class='ocr_par' dir='ltr' id='par_1_105' title="bbox 2252 4635 3832 4707">
     <span class='ocr_line' id='line_1_105' title="bbox 2252 4635 3832 4707; baseline -0.005 -12"><span class='ocrx_word' id='word_1_797' title='bbox 2252 4640 2523 4695; x_wconf 86' lang='lat' dir='ltr'><strong>sinistram</strong></span> <span class='ocrx_word' id='word_1_798' title='bbox 2549 4654 2736 4694; x_wconf 89' lang='lat' dir='ltr'><strong>secura</strong></span> <span class='ocrx_word' id='word_1_799' title='bbox 2752 4637 3107 4693; x_wconf 88' lang='lat' dir='ltr'><strong>delectatione</strong></span> <span class='ocrx_word' id='word_1_800' title='bbox 3128 4635 3333 4707; x_wconf 88' lang='lat' dir='ltr'><strong>peccati</strong></span> <span class='ocrx_word' id='word_1_801' title='bbox 3353 4636 3392 4700; x_wconf 84' lang='grc'><strong>¹,</strong></span> <span class='ocrx_word' id='word_1_802' title='bbox 3417 4635 3468 4689; x_wconf 91' lang='lat' dir='ltr'><strong>in</strong></span> <span class='ocrx_word' id='word_1_803' title='bbox 3495 4644 3689 4689; x_wconf 89' lang='lat' dir='ltr'><strong>terram</strong></span> <span class='ocrx_word' id='word_1_804' title='bbox 3709 4649 3832 4702; x_wconf 89' lang='lat' dir='ltr'><strong>pro-</strong></span> 
     </span>
    </p>
   </div>
   <div class='ocr_carea' id='block_1_106' title="bbox 2251 4725 3840 4797">
    <p class='ocr_par' dir='ltr' id='par_1_106' title="bbox 2251 4725 3840 4797">
     <span class='ocr_line' id='line_1_106' title="bbox 2251 4725 3840 4797; baseline -0.005 -13"><span class='ocrx_word' id='word_1_805' title='bbox 2251 4728 2525 4784; x_wconf 90' lang='lat' dir='ltr'><strong>missionis</strong></span> <span class='ocrx_word' id='word_1_806' title='bbox 2555 4728 2773 4783; x_wconf 90' lang='lat' dir='ltr'><strong>intrabit</strong></span> <span class='ocrx_word' id='word_1_807' title='bbox 2796 4745 2809 4780; x_wconf 90' lang='lat'><strong>:</strong></span> <span class='ocrx_word' id='word_1_808' title='bbox 2831 4728 2917 4783; x_wconf 90' lang='lat' dir='ltr'><strong>ubi</strong></span> <span class='ocrx_word' id='word_1_809' title='bbox 2942 4727 3053 4797; x_wconf 86' lang='lat' dir='ltr'><strong>jam</strong></span> <span class='ocrx_word' id='word_1_810' title='bbox 3102 4735 3319 4797; x_wconf 88' lang='lat' dir='ltr'><strong>peccata</strong></span> <span class='ocrx_word' id='word_1_811' title='bbox 3360 4725 3579 4780; x_wconf 89' lang='lat' dir='ltr'><strong>ulterius</strong></span> <span class='ocrx_word' id='word_1_812' title='bbox 3608 4738 3708 4780; x_wconf 87' lang='lat' dir='ltr'><strong>nec</strong></span> <span class='ocrx_word' id='word_1_813' title='bbox 3741 4739 3840 4777; x_wconf 91' lang='lat' dir='ltr'><strong>no—</strong></span> 
     </span>
    </p>
   </div>
   <div class='ocr_carea' id='block_1_107' title="bbox 2252 4817 3840 4891">
    <p class='ocr_par' dir='ltr' id='par_1_107' title="bbox 2252 4817 3840 4891">
     <span class='ocr_line' id='line_1_107' title="bbox 2252 4817 3840 4891; baseline -0.004 -15"><span class='ocrx_word' id='word_1_814' title='bbox 2252 4820 2337 4876; x_wconf 90' lang='lat' dir='ltr'><strong>bis</strong></span> <span class='ocrx_word' id='word_1_815' title='bbox 2360 4820 2604 4877; x_wconf 89' lang='lat' dir='ltr'><strong>donanda</strong></span> <span class='ocrx_word' id='word_1_816' title='bbox 2629 4830 2898 4891; x_wconf 88' lang='lat' dir='ltr'><strong>optemus,</strong></span> <span class='ocrx_word' id='word_1_817' title='bbox 2930 4835 3029 4876; x_wconf 92' lang='lat' dir='ltr'><strong>nec</strong></span> <span class='ocrx_word' id='word_1_818' title='bbox 3067 4821 3120 4874; x_wconf 91' lang='lat' dir='ltr'><strong>in</strong></span> <span class='ocrx_word' id='word_1_819' title='bbox 3160 4820 3316 4874; x_wconf 88' lang='lat' dir='ltr'><strong>nobis</strong></span> <span class='ocrx_word' id='word_1_820' title='bbox 3357 4817 3623 4889; x_wconf 87' lang='lat' dir='ltr'><strong>punienda</strong></span> <span class='ocrx_word' id='word_1_821' title='bbox 3653 4817 3840 4871; x_wconf 86' lang='lat' dir='ltr'><strong>timea-</strong></span> 
     </span>
    </p>
   </div>
   <div class='ocr_carea' id='block_1_108' title="bbox 2253 4908 3837 4984">
    <p class='ocr_par' dir='ltr' id='par_1_108' title="bbox 2253 4908 3837 4984">
     <span class='ocr_line' id='line_1_108' title="bbox 2253 4908 3837 4984; baseline -0.004 -14"><span class='ocrx_word' id='word_1_822' title='bbox 2253 4930 2393 4983; x_wconf 91' lang='lat' dir='ltr'><strong>mus,</strong></span> <span class='ocrx_word' id='word_1_823' title='bbox 2424 4914 2492 4970; x_wconf 91' lang='lat' dir='ltr'><strong>ab</strong></span> <span class='ocrx_word' id='word_1_824' title='bbox 2518 4914 2612 4969; x_wconf 92' lang='lat' dir='ltr'><strong>illo</strong></span> <span class='ocrx_word' id='word_1_825' title='bbox 2640 4913 3000 4984; x_wconf 82' lang='lat' dir='ltr'><strong>Redemptore</strong></span> <span class='ocrx_word' id='word_1_826' title='bbox 3026 4912 3256 4977; x_wconf 89' lang='lat' dir='ltr'><strong>liberati,</strong></span> <span class='ocrx_word' id='word_1_827' title='bbox 3289 4910 3515 4981; x_wconf 83' lang='lat' dir='ltr'><strong>qui&#39;non</strong></span> <span class='ocrx_word' id='word_1_828' title='bbox 3541 4908 3837 4965; x_wconf 82' lang='lat' dir='ltr'><strong>venumda-</strong></span> 
     </span>
    </p>
   </div>
   <div class='ocr_carea' id='block_1_109' title="bbox 2251 5003 3838 5077">
    <p class='ocr_par' dir='ltr' id='par_1_109' title="bbox 2251 5003 3838 5077">
     <span class='ocr_line' id='line_1_109' title="bbox 2251 5003 3838 5077; baseline -0.003 -15"><span class='ocrx_word' id='word_1_829' title='bbox 2251 5015 2338 5062; x_wconf 89' lang='lat' dir='ltr'><strong>tus</strong></span> <span class='ocrx_word' id='word_1_830' title='bbox 2359 5007 2459 5062; x_wconf 92' lang='lat' dir='ltr'><strong>sub</strong></span> <span class='ocrx_word' id='word_1_831' title='bbox 2486 5016 2727 5077; x_wconf 89' lang='lat' dir='ltr'><strong>peccato,</strong></span> <span class='ocrx_word' id='word_1_832' title='bbox 2758 5006 2986 5062; x_wconf 90' lang='lat' dir='ltr'><strong>redemit</strong></span> <span class='ocrx_word' id='word_1_833' title='bbox 3014 5005 3175 5060; x_wconf 84' lang='lat' dir='ltr'><strong>Israel</strong></span> <span class='ocrx_word' id='word_1_834' title='bbox 3207 5004 3275 5059; x_wconf 91' lang='lat' dir='ltr'><strong>ab</strong></span> <span class='ocrx_word' id='word_1_835' title='bbox 3304 5005 3554 5059; x_wconf 89' lang='lat' dir='ltr'><strong>omnibus</strong></span> <span class='ocrx_word' id='word_1_836' title='bbox 3585 5003 3838 5073; x_wconf 77' lang='lat' dir='ltr'><strong>iniquita-</strong></span> 
     </span>
    </p>
   </div>
   <div class='ocr_carea' id='block_1_110' title="bbox 2252 5096 3833 5170">
    <p class='ocr_par' dir='ltr' id='par_1_110' title="bbox 2252 5096 3833 5170">
     <span class='ocr_line' id='line_1_110' title="bbox 2252 5096 3833 5170; baseline -0.004 -15"><span class='ocrx_word' id='word_1_837' title='bbox 2252 5099 2394 5156; x_wconf 92' lang='lat' dir='ltr'><strong>tibus</strong></span> <span class='ocrx_word' id='word_1_838' title='bbox 2426 5099 2562 5170; x_wconf 91' lang='lat' dir='ltr'><strong>ejus,</strong></span> <span class='ocrx_word' id='word_1_839' title='bbox 2603 5101 2717 5156; x_wconf 91' lang='lat' dir='ltr'><strong>sive</strong></span> <span class='ocrx_word' id='word_1_840' title='bbox 2755 5098 2969 5169; x_wconf 90' lang='lat' dir='ltr'><strong>propria</strong></span> <span class='ocrx_word' id='word_1_841' title='bbox 3001 5096 3355 5168; x_wconf 77' lang='lat' dir='ltr'><strong>cujusquam&#39;</strong></span> <span class='ocrx_word' id='word_1_842' title='bbox 3378 5098 3483 5152; x_wconf 90' lang='lat' dir='ltr'><strong>vita</strong></span> <span class='ocrx_word' id='word_1_843' title='bbox 3509 5096 3833 5161; x_wconf 89' lang='lat' dir='ltr'><strong>commissis,</strong></span> 
     </span>
    </p>
   </div>
   <div class='ocr_carea' id='block_1_111' title="bbox 2258 5192 2948 5263">
    <p class='ocr_par' dir='ltr' id='par_1_111' title="bbox 2258 5192 2948 5263">
     <span class='ocr_line' id='line_1_111' title="bbox 2258 5192 2948 5263; baseline -0.004 -16"><span class='ocrx_word' id='word_1_844' title='bbox 2258 5193 2372 5247; x_wconf 91' lang='lat' dir='ltr'><strong>sive</strong></span> <span class='ocrx_word' id='word_1_845' title='bbox 2394 5192 2724 5263; x_wconf 80' lang='lat' dir='ltr'><strong>originaliter</strong></span> <span class='ocrx_word' id='word_1_846' title='bbox 2745 5192 2948 5246; x_wconf 90' lang='lat' dir='ltr'><strong>tractis.</strong></span> 
     </span>
    </p>
   </div>
   <div class='ocr_carea' id='block_1_112' title="bbox 2322 5278 3839 5353">
    <p class='ocr_par' dir='ltr' id='par_1_112' title="bbox 2322 5278 3839 5353">
     <span class='ocr_line' id='line_1_112' title="bbox 2322 5278 3839 5353; baseline -0.003 -15"><span class='ocrx_word' id='word_1_847' title='bbox 2322 5282 2547 5339; x_wconf 85' lang='lat' dir='ltr'><strong>CAPUT</strong></span> <span class='ocrx_word' id='word_1_848' title='bbox 2568 5280 2976 5338; x_wconf 57' lang='lat' dir='ltr'><strong>XXXVI—58.</strong></span> <span class='ocrx_word' id='word_1_849' title='bbox 2995 5280 3076 5335; x_wconf 79' lang='lat' dir='ltr'><strong>An</strong></span> <span class='ocrx_word' id='word_1_850' title='bbox 3092 5282 3266 5353; x_wconf 84' lang='lat' dir='ltr'><strong>anima</strong></span> <span class='ocrx_word' id='word_1_851' title='bbox 3285 5297 3348 5336; x_wconf 80' lang='lat' dir='ltr'><strong>ea:</strong></span> <span class='ocrx_word' id='word_1_852' title='bbox 3367 5280 3590 5336; x_wconf 67' lang='lat' dir='ltr'><strong>&quot;adiice.</strong></span> <span class='ocrx_word' id='word_1_853' title='bbox 3614 5278 3678 5333; x_wconf 86' lang='lat' dir='ltr'><strong>In</strong></span> <span class='ocrx_word' id='word_1_854' title='bbox 3692 5281 3839 5335; x_wconf 76' lang='lat' dir='ltr'><strong>rebus</strong></span> 
     </span>
    </p>
   </div>
   <div class='ocr_carea' id='block_1_113' title="bbox 2317 5456 3840 5533">
    <p class='ocr_par' dir='ltr' id='par_1_113' title="bbox 2317 5456 3840 5533">
     <span class='ocr_line' id='line_1_113' title="bbox 2317 5456 3840 5533; baseline 0 -24"><span class='ocrx_word' id='word_1_855' title='bbox 2317 5462 2332 5494; x_wconf 75' lang='grc' dir='ltr'><strong>ι</strong></span> <span class='ocrx_word' id='word_1_856' title='bbox 2359 5459 2584 5533; x_wconf 75' lang='lat' dir='ltr'><strong>Gallicani</strong></span> <span class='ocrx_word' id='word_1_857' title='bbox 2618 5466 2842 5524; x_wconf 89' lang='lat' dir='ltr'><strong>quatuor,</strong></span> <span class='ocrx_word' id='word_1_858' title='bbox 2876 5467 2929 5511; x_wconf 90' lang='lat' dir='ltr'><strong>et</strong></span> <span class='ocrx_word' id='word_1_859' title='bbox 2951 5467 3058 5512; x_wconf 87' lang='lat' dir='ltr'><strong>tres</strong></span> <span class='ocrx_word' id='word_1_860' title='bbox 3090 5458 3300 5511; x_wconf 73' lang='lat' dir='ltr'><strong>Vaticani</strong></span> <span class='ocrx_word' id='word_1_861' title='bbox 3335 5459 3547 5520; x_wconf 83' lang='lat' dir='ltr'><strong>codices,</strong></span> <span class='ocrx_word' id='word_1_862' title='bbox 3587 5456 3840 5509; x_wconf 80' lang='lat' dir='ltr'><strong>dilectione</strong></span> 
     </span>
    </p>
   </div>
   <div class='ocr_carea' id='block_1_114' title="bbox 2311 5529 2451 5574">
    <p class='ocr_par' dir='ltr' id='par_1_114' title="bbox 2311 5529 2451 5574">
     <span class='ocr_line' id='line_1_114' title="bbox 2311 5529 2451 5574; baseline -0.014 -1"><span class='ocrx_word' id='word_1_863' title='bbox 2311 5529 2451 5574; x_wconf 74' lang='lat' dir='ltr'><strong>cauti.</strong></span> 
     </span>
    </p>
   </div>
   <div class='ocr_carea' id='block_1_115' title="bbox 2250 5537 3836 5646">
    <p class='ocr_par' dir='ltr' id='par_1_115' title="bbox 2250 5537 3836 5646">
     <span class='ocr_line' id='line_1_115' title="bbox 2250 5537 3836 5646; baseline -0.002 -14"><span class='ocrx_word' id='word_1_864' title='bbox 2250 5537 2641 5634; x_wconf 92' lang='lat' dir='ltr'><strong>omnes</strong></span> <span class='ocrx_word' id='word_1_865' title='bbox 2682 5581 2905 5646; x_wconf 84' lang='lat' dir='ltr'><strong>Gallicani</strong></span> <span class='ocrx_word' id='word_1_866' title='bbox 2937 5582 3268 5646; x_wconf 77' lang='lat' dir='ltr'><strong>manuscripti.</strong></span> <span class='ocrx_word' id='word_1_867' title='bbox 3305 5588 3362 5646; x_wconf 58' lang='lat' dir='ltr'><strong>At</strong></span> <span class='ocrx_word' id='word_1_868' title='bbox 3397 5582 3544 5642; x_wconf 90' lang='lat' dir='ltr'><strong>editi,</strong></span> <span class='ocrx_word' id='word_1_869' title='bbox 3586 5580 3836 5644; x_wconf 81' lang='lat' dir='ltr'><strong>cujusque.</strong></span> 
     </span>
    </p>
   </div>
   <div class='ocr_carea' id='block_1_116' title="bbox 2248 5642 3838 5708">
    <p class='ocr_par' dir='ltr' id='par_1_116' title="bbox 2248 5642 3838 5708">
     <span class='ocr_line' id='line_1_116' title="bbox 2248 5642 3838 5708; baseline -0.004 -11"><span class='ocrx_word' id='word_1_870' title='bbox 2248 5655 2345 5698; x_wconf 76' lang='lat' dir='ltr'><strong>&quot;ac</strong></span> <span class='ocrx_word' id='word_1_871' title='bbox 2380 5646 2504 5696; x_wconf 82' lang='lat' dir='ltr'><strong>forte</strong></span> <span class='ocrx_word' id='word_1_872' title='bbox 2540 5660 2657 5696; x_wconf 85' lang='lat' dir='ltr'><strong>voce</strong></span> <span class='ocrx_word' id='word_1_873' title='bbox 2688 5646 2756 5694; x_wconf 86' lang='lat' dir='ltr'><strong>uti</strong></span> <span class='ocrx_word' id='word_1_874' title='bbox 2798 5643 2952 5695; x_wconf 87' lang='lat' dir='ltr'><strong>uoluit</strong></span> <span class='ocrx_word' id='word_1_875' title='bbox 2978 5642 3267 5708; x_wconf 80' lang='lat' dir='ltr'><strong>Augustinus</strong></span> <span class='ocrx_word' id='word_1_876' title='bbox 3297 5642 3348 5694; x_wconf 89' lang='lat' dir='ltr'><strong>ol</strong></span> <span class='ocrx_word' id='word_1_877' title='bbox 3391 5658 3561 5708; x_wconf 65' lang='lat' dir='ltr'><strong>eorum</strong></span> <span class='ocrx_word' id='word_1_878' title='bbox 3603 5642 3838 5708; x_wconf 75' lang='lat' dir='ltr'><strong>errorem,</strong></span> 
     </span>
    </p>
   </div>
   <div class='ocr_carea' id='block_1_117' title="bbox 2251 5704 3841 5769">
    <p class='ocr_par' dir='ltr' id='par_1_117' title="bbox 2251 5704 3841 5769">
     <span class='ocr_line' id='line_1_117' title="bbox 2251 5704 3841 5769; baseline -0.004 -12"><span class='ocrx_word' id='word_1_879' title='bbox 2251 5709 2333 5769; x_wconf 72' lang='lat' dir='ltr'><strong>mi</strong></span> <span class='ocrx_word' id='word_1_880' title='bbox 2357 5708 2564 5769; x_wconf 68' lang='lat' dir='ltr'><strong>promise</strong></span> <span class='ocrx_word' id='word_1_881' title='bbox 2598 5709 2710 5756; x_wconf 72' lang='lat' dir='ltr'><strong>vita:</strong></span> <span class='ocrx_word' id='word_1_882' title='bbox 2734 5716 2928 5769; x_wconf 77' lang='lat' dir='ltr'><strong>peccata</strong></span> <span class='ocrx_word' id='word_1_883' title='bbox 2952 5704 3344 5769; x_wconf 13' lang='lat' dir='ltr'><strong>boniiniicuiquc</strong></span> <span class='ocrx_word' id='word_1_884' title='bbox 3384 5705 3530 5769; x_wconf 75' lang='lat' dir='ltr'><strong>etiam</strong></span> <span class='ocrx_word' id='word_1_885' title='bbox 3564 5705 3731 5754; x_wconf 59' lang='lat' dir='ltr'><strong>infanti</strong></span> <span class='ocrx_word' id='word_1_886' title='bbox 3756 5704 3841 5753; x_wconf 88' lang='lat' dir='ltr'><strong>tri-</strong></span> 
     </span>
    </p>
   </div>
   <div class='ocr_carea' id='block_1_118' title="bbox 2250 5758 3525 5831">
    <p class='ocr_par' dir='ltr' id='par_1_118' title="bbox 2250 5758 3525 5831">
     <span class='ocr_line' id='line_1_118' title="bbox 2250 5758 3525 5831; baseline -0.006 -11"><span class='ocrx_word' id='word_1_887' title='bbox 2250 5758 2486 5820; x_wconf 71' lang='lat' dir='ltr'><strong>buebant.</strong></span> <span class='ocrx_word' id='word_1_888' title='bbox 2517 5769 2633 5818; x_wconf 72' lang='lat' dir='ltr'><strong>vide</strong></span> <span class='ocrx_word' id='word_1_889' title='bbox 2655 5758 2819 5831; x_wconf 73' lang='lat' dir='ltr'><strong>supra,</strong></span> <span class='ocrx_word' id='word_1_890' title='bbox 2846 5767 2931 5818; x_wconf 80' lang='lat' dir='ltr'><strong>lib.</strong></span> <span class='ocrx_word' id='word_1_891' title='bbox 2961 5771 3112 5831; x_wconf 16' lang='lat' dir='ltr'><strong>1,,nn.</strong></span> <span class='ocrx_word' id='word_1_892' title='bbox 3136 5768 3214 5828; x_wconf 70' lang='grc'><strong>22,</strong></span> <span class='ocrx_word' id='word_1_893' title='bbox 3240 5758 3319 5828; x_wconf 74' lang='grc' dir='ltr'>δί,</span> <span class='ocrx_word' id='word_1_894' title='bbox 3343 5771 3419 5825; x_wconf 72' lang='lat' dir='ltr'><strong>De,</strong></span> <span class='ocrx_word' id='word_1_895' title='bbox 3447 5765 3525 5815; x_wconf 71' lang='grc'><strong>64.</strong></span> 
     </span>
    </p>
   </div>
   <div class='ocr_carea' id='block_1_119' title="bbox 2315 5826 3841 5906">
    <p class='ocr_par' dir='ltr' id='par_1_119' title="bbox 2315 5826 3841 5906">
     <span class='ocr_line' id='line_1_119' title="bbox 2315 5826 3841 5906; baseline -0.004 -26"><span class='ocrx_word' id='word_1_896' title='bbox 2315 5832 2386 5906; x_wconf 70' lang='grc' dir='ltr'><strong>(τι)</strong></span> <span class='ocrx_word' id='word_1_897' title='bbox 2421 5831 2676 5906; x_wconf 52' lang='lat' dir='ltr'><strong>despicere</strong></span> <span class='ocrx_word' id='word_1_898' title='bbox 2699 5826 2891 5906; x_wconf 68' lang='lat' dir='ltr'><strong>videtur</strong></span> <span class='ocrx_word' id='word_1_899' title='bbox 2926 5826 3174 5882; x_wconf 58' lang='lat' dir='ltr'><strong>in&#39;locum</strong></span> <span class='ocrx_word' id='word_1_900' title='bbox 3196 5826 3464 5906; x_wconf 58' lang='lat' dir='ltr'><strong>§um._xrv,</strong></span> <span class='ocrx_word' id='word_1_901' title='bbox 3505 5828 3588 5906; x_wconf 66' lang='lat' dir='ltr'><strong>ubi</strong></span> <span class='ocrx_word' id='word_1_902' title='bbox 3621 5826 3841 5906; x_wconf 65' lang='lat' dir='ltr'><strong>omnibus</strong></span> 
     </span>
    </p>
   </div>
   <div class='ocr_carea' id='block_1_120' title="bbox 2252 5890 3840 5957">
    <p class='ocr_par' dir='ltr' id='par_1_120' title="bbox 2252 5890 3840 5957">
     <span class='ocr_line' id='line_1_120' title="bbox 2252 5890 3840 5957; baseline -0.004 -16"><span class='ocrx_word' id='word_1_903' title='bbox 2252 5890 2336 5957; x_wconf 82' lang='lat' dir='ltr'><strong>qui</strong></span> <span class='ocrx_word' id='word_1_904' title='bbox 2359 5890 2385 5941; x_wconf 65' lang='grc' dir='ltr'>τι</span> <span class='ocrx_word' id='word_1_905' title='bbox 2410 5890 2578 5957; x_wconf 77' lang='lat' dir='ltr'><strong>viginti</strong></span> <span class='ocrx_word' id='word_1_906' title='bbox 2592 5894 2740 5957; x_wconf 71' lang='lat' dir='ltr'><strong>annis</strong></span> <span class='ocrx_word' id='word_1_907' title='bbox 2757 5900 2807 5957; x_wconf 85' lang='lat' dir='ltr'><strong>et</strong></span> <span class='ocrx_word' id='word_1_908' title='bbox 2829 5906 2973 5957; x_wconf 82' lang='lat' dir='ltr'><strong>supra</strong></span> <span class='ocrx_word' id='word_1_909' title='bbox 2994 5892 3232 5942; x_wconf 86' lang='lat' dir='ltr'><strong>numerati</strong></span> <span class='ocrx_word' id='word_1_910' title='bbox 3250 5898 3380 5957; x_wconf 73' lang='lat' dir='ltr'><strong>sunt,</strong></span> <span class='ocrx_word' id='word_1_911' title='bbox 3405 5891 3546 5940; x_wconf 86' lang='lat' dir='ltr'><strong>morti</strong></span> <span class='ocrx_word' id='word_1_912' title='bbox 3571 5904 3617 5939; x_wconf 86' lang='lat' dir='ltr'><strong>tn</strong></span> <span class='ocrx_word' id='word_1_913' title='bbox 3642 5890 3840 5957; x_wconf 66' lang='lat' dir='ltr'><strong>deserto</strong></span> 
     </span>
    </p>
   </div>
   <div class='ocr_carea' id='block_1_121' title="bbox 2254 5949 3840 6022">
    <p class='ocr_par' dir='ltr' id='par_1_121' title="bbox 2254 5949 3840 6022">
     <span class='ocr_line' id='line_1_121' title="bbox 2254 5949 3840 6022; baseline -0.004 -15"><span class='ocrx_word' id='word_1_914' title='bbox 2254 5949 2490 6007; x_wconf 59' lang='lat' dir='ltr'><strong>obeunda}</strong></span> <span class='ocrx_word' id='word_1_915' title='bbox 2516 5954 2729 6022; x_wconf 72' lang='lat' dir='ltr'><strong>addictis,</strong></span> <span class='ocrx_word' id='word_1_916' title='bbox 2748 5949 2969 6007; x_wconf 75' lang='lat' dir='ltr'><strong>decrevit</strong></span> <span class='ocrx_word' id='word_1_917' title='bbox 2990 5961 3117 6006; x_wconf 84' lang='lat' dir='ltr'><strong>Deus</strong></span> <span class='ocrx_word' id='word_1_918' title='bbox 3138 5962 3344 6008; x_wconf 70' lang='lat' dir='ltr'><strong>steteras</strong></span> <span class='ocrx_word' id='word_1_919' title='bbox 3362 5954 3408 6004; x_wconf 90' lang='lat' dir='ltr'><strong>in</strong></span> <span class='ocrx_word' id='word_1_920' title='bbox 3434 5960 3613 6004; x_wconf 81' lang='lat' dir='ltr'><strong>terram</strong></span> <span class='ocrx_word' id='word_1_921' title='bbox 3636 5949 3840 6016; x_wconf 70' lang='lat' dir='ltr'><strong>promis-</strong></span> 
     </span>
    </p>
   </div>
  </div>
