4202 6532
374 525 472 580 185

366 637 611 702 obscuris,
628 635 714 690 uli
739 634 1021 707 Scriptura!
1040 652 1140 690 non
1162 633 1423 707 adjuvant,
1444 635 1663 688 cauenda
1685 634 1957 708 judicandi

370 728 642 782 tcttteritas.
678 725 962 799 Scriptura:
983 728 1137 782 clara:
1160 727 1214 780 in
1234 727 1312 780 Itis
1325 741 1449 797 qua:
1469 726 1535 779 ad
1558 725 1770 780 salutem
1795 743 1960 781 neces-

368 820 771 878 sariasunt.Non
784 822 924 876 enim
944 837 1126 892 parum
1144 820 1454 891 paginarum
1469 818 1765 875 divinarum
1783 833 1958 876 aucto.

367 915 508 969 ritati
545 915 861 986 veritatique
889 922 1187 978 cesserunt,
1211 913 1302 984 qui
1330 914 1429 968 etsi
1459 914 1745 969 noluerunt
1767 915 1957 969 litteris

365 1007 478 1060 suis
501 1016 687 1076 aperte
707 1006 1030 1076 exprimere,
1055 1006 1287 1077 parvulis
1313 1005 1683 1061 remissionem
1718 1021 1957 1060 necessa-

365 1099 498 1152 riam
530 1108 889 1168 peccatorum,
918 1097 1346 1168 redemptionem
1377 1106 1555 1153 tamen
1576 1098 1655 1153 eis
1676 1112 1810 1170 opus
1834 1112 1956 1154 esse

363 1192 594 1247 confessi
616 1202 758 1246 sunt.
779 1192 898 1247 Alio
909 1193 1106 1262 quippe
1121 1185 1305 1258 verbo,
1326 1192 1485 1247 etiam
1505 1192 1621 1263 ipso
1637 1192 1701 1246 de
1715 1192 1957 1247 christia-

365 1300 431 1338 na
454 1284 753 1339 eruditione
765 1284 1101 1355 deprompto,
1129 1284 1420 1340 nihilaliud
1438 1287 1657 1341 omnino
1677 1286 1947 1342 dixerunt.

361 1375 470 1431 Nec
499 1377 845 1432 dubitandum
886 1387 969 1432 cst
996 1381 1013 1410 ³
1047 1378 1130 1432 his
1156 1377 1245 1449 qui
1288 1376 1467 1433 divina
1499 1380 1696 1449 scripta
1726 1379 1954 1434 ﬁdeliter

360 1469 578 1540 legunt,
629 1468 860 1524 ﬁdeliter
898 1468 1141 1537 audiunt,
1190 1468 1419 1525 ﬁdeliter
1460 1478 1665 1537 tenent,
1699 1470 1842 1541 quod
1884 1470 1953 1525 ab

363 1560 451 1615 illa
479 1575 642 1614 carne
669 1576 786 1629 quae
816 1560 962 1630 prius
992 1560 1521 1639 voluntate'peccati
1553 1561 1688 1615 facta
1716 1570 1798 1616 est
1825 1576 1951 1617 caro

358 1650 585 1719 peccati,
634 1650 890 1721 deinceps
940 1666 1037 1722 per
1084 1651 1484 1709 successionem
1533 1661 1844 1710 transeunte
1895 1655 1948 1709 in

359 1757 548 1796 omnes
601 1743 991 1813 proscriptione
1035 1742 1330 1814 iniquitatis
1376 1752 1430 1798 et
1469 1744 1657 1798 mortis
1701 1759 1828 1800 caro
1881 1745 1951 1800 sit

355 1842 647 1903 propagata
691 1833 918 1902 peccati,
960 1841 1185 1903 excepta
1227 1849 1332 1888 una
1382 1833 1736 1891 similitudine
1770 1837 1949 1891 carnis

356 1924 581 1994 peccati,
611 1939 729 1995 qua:
755 1932 933 1981 tamen
960 1940 1066 1981 non
1089 1934 1255 1993 esset,
1282 1924 1387 1981 nisi
1412 1933 1556 1981 esset
1582 1934 1636 1981 et
1659 1941 1786 1983 caro
1816 1942 1947 1998 pec-

355 2016 482 2070 cati.

426 2105 518 2162 59.
545 2106 618 2163 De
637 2108 814 2163 anima
841 2123 987 2175 vero,
1012 2118 1189 2164 utrum
1217 2119 1273 2166 et
1292 2110 1407 2181 ipsa
1434 2110 1625 2167 eodem
1652 2111 1813 2167 modo
1831 2127 1948 2183 pro-

354 2208 567 2271 pagata,
595 2208 743 2256 reatu
791 2201 882 2271 qui
924 2201 975 2256 ei
1018 2201 1320 2257 dimittatur
1357 2203 1614 2259 obstricta
1640 2203 1710 2289 sit
1736 2203 1947 2275 (neque

354 2292 496 2344 enim
533 2306 818 2361 possumus
863 2292 1065 2359 dicere,
1106 2294 1276 2349 solam
1315 2309 1530 2351 carnem
1579 2298 1809 2368 parvuli,
1836 2313 1944 2354 non

353 2383 515 2437 etiam
554 2383 788 2437 animam
837 2384 1077 2455 indigere
1124 2384 1419 2442 Salvatoris
1466 2395 1523 2443 et
1568 2387 1947 2460 Redemptoris

352 2473 569 2539 auxilio,
602 2473 938 2546 alienamque
960 2476 1029 2530 ab
1049 2491 1109 2531 ea
1137 2491 1256 2532 esse
1279 2479 1570 2549 gratiarum
1599 2479 1809 2536 actione
1824 2497 1944 2553 qua:

351 2567 406 2621 in
439 2567 667 2623 Psalmis
693 2576 798 2635 est,
832 2568 920 2623 ubi
954 2568 1180 2639 legimus
1203 2578 1259 2626 et
1280 2569 1530 2639 dicimus,
1562 2571 1802 2642 Benedic,
1825 2576 1940 2629 ani-

349 2671 435 2710 ma
462 2674 590 2721 mea,
614 2657 927 2725 Dominum;
948 2668 995 2714 et
1022 2660 1129 2714 noli
1150 2661 1377 2717 oblivisci
1398 2678 1570 2718 omnes
1591 2665 1943 2722 retributiones

347 2750 461 2809 eius
484 2765 504 2803 :
522 2749 607 2818 qui
626 2751 877 2821 propitius
903 2752 960 2821 ﬁt
985 2752 1214 2807 omnibus
1239 2754 1586 2825 iniquitatibus
1608 2758 1722 2822 tuis,
1756 2759 1844 2830 qui
1857 2776 1942 2814 sa-

347 2850 437 2894 nat
474 2858 647 2897 omnes
690 2843 958 2915 languores
998 2853 1131 2913 tuos,
1160 2845 1248 2918 qui
1286 2846 1487 2902 redimit
1530 2848 1595 2904 de
1620 2853 1943 2922 corruptione

342 2979 496 3053 ‘sionis
522 2978 1020 3053 introducere-aetate
1035 2983 1273 3053 iuniores,
1306 2986 1391 3050 qui
1421 2994 1586 3053 insue,
1623 3003 1760 3047 um.
1800 2992 1851 3053 6,
1887 2993 1938 3053 8,

344 3038 599 3151 laudm
621 3055 720 3092 non
749 3041 1023 3095 declinasse
1035 3038 1076 3093 'a
1097 3046 1234 3110 lege,
1258 3038 1354 3098 hec
1379 3049 1441 3099 ad
1460 3038 1851 3108 dexierainﬁne'e
1879 3038 1940 3107 ad

340 3113 461 3151 suus
587 3140 600 3152 .

408 3202 427 3269 ξ
682 3210 734 3269 et
754 3212 885 3269 Mss,
909 3218 1032 3259 esse.

405 3264 428 3296 ⁸
449 3264 588 3327 Editi,
618 3264 880 3332 voluptate;
898 3276 1019 3320 Tres
1030 3277 1165 3334 Mss,
1190 3270 1446 3326 uoluntate.

337 4054 645 4113 Citatissimo
691 4060 801 4128 [ilio
838 4060 1215 4128 MARCELLINO,
1256 4064 1594 4124 AUGUSTINUS
1646 4072 1932 4146 episcopus,

407 4165 579 4204 seruus
599 4148 785 4205 Citriin
795 4169 1149 4224 seruorumque
1163 4154 1369 4223 Christi,
1390 4162 1443 4212 in
1456 4158 1675 4217 Domino
1695 4167 1933 4224 salutem.

405 4240 633 4297 CAPUT
673 4243 956 4301 PRIMUM.
996 4276 1068 4287 —
1118 4248 1168 4303 1.
1208 4247 1450 4321 Pelagius
1501 4256 1814 4313 existimatus
1861 4262 1938 4315 uir

333 4344 559 4419 sanctus.
618 4335 749 4407 Ejus
790 4340 1124 4408 expositiones
1166 4341 1218 4394 in
1263 4340 1508 4398 Paulum.
1563 4346 1642 4402 De
1680 4352 1936 4419 quaestio-

336 4413 678 4499 nihus'quas
744 4431 873 4485 mihi
940 4448 1298 4504 proposueras
1331 4477 1346 4501 ,
1405 4446 1461 4491 ut
1519 4438 1585 4493 ad
1632 4450 1683 4496 te
1734 4442 1933 4512 aliquid

335 4520 630 4576 scriberem
661 4523 919 4579 adversus
944 4541 1037 4580 eos
1066 4527 1156 4596 qui
1185 4527 1367 4587 dicunt
1389 4529 1558 4584 Adam
1590 4532 1797 4587 etiamsi
1826 4550 1930 4590 non

335 4620 632 4679 peccasset,
680 4612 845 4669 fuisse
894 4617 1250 4685 moriturum,
1299 4634 1399 4675 nec
1440 4636 1506 4675 ex
1549 4623 1666 4692 ejus
1713 4636 1932 4694 peccato

334 4701 623 4772 quidquam
671 4703 739 4758 ad
789 4704 906 4774 ejus
951 4716 1196 4775 posteros
1243 4710 1586 4780 propagando
1634 4715 1927 4782 transisse,

334 4796 569 4850 [Itasime
596 4806 817 4866 propter
843 4798 1169 4868 Baptismum
1200 4803 1568 4871 parvulorum,
1594 4821 1753 4876 quem
1781 4823 1955 4867 more.

330 4885 574 4954 piissimo
598 4896 757 4958 atque
784 4900 1026 4945 materno
1055 4891 1301 4947 universa
1330 4892 1630 4964 frequentat
1651 4897 1888 4955 Ecclesia
1907 4942 1924 4965 ,

331 4978 550 5052 etquod
576 4980 627 5033 itt
656 4979 756 5036 hac
787 4983 892 5036 vita
923 4982 1057 5051 sint,
1113 4982 1329 5051 'uerint,
1377 4984 1645 5057 futurique
1687 4990 1794 5045 sint
1832 4991 1928 5047 ﬁlii

333 5069 613 5123 hominum
653 5072 859 5127 nullum
904 5074 1159 5130 habente:
1203 5076 1421 5134 omnino
1460 5089 1771 5148 peccatum,
1814 5081 1927 5152 jam

329 5160 465 5216 duos
497 5163 739 5232 prolixos
779 5165 1111 5222 absolveram
1145 5168 1349 5225 libros:
1395 5172 1588 5240 quibus
1623 5173 1750 5228 mihi
1783 5176 1927 5231 visus

331 5266 473 5317 sum,
495 5268 602 5306 non
630 5254 847 5323 quidem
875 5258 1122 5314 omnibus
1153 5260 1391 5315 omnium
1424 5264 1722 5320 occurrisse
1750 5266 1802 5319 itt
1826 5265 1927 5323 hac

324 5357 485 5397 causa
503 5347 735 5402 motibus
750 5349 1068 5418 animorum,
1086 5352 1228 5421 quod
1242 5354 1370 5409 vela
1384 5369 1493 5420 me,
1517 5357 1643 5411 vela
1658 5373 1924 5431 quoquam

328 5444 505 5489 utrum
530 5435 643 5491 ﬁeri
670 5441 839 5510 possit
865 5441 1073 5511 ignoro,
1103 5443 1212 5497 imo
1240 5443 1351 5499 ﬁeri
1379 5460 1484 5501 non
1513 5462 1670 5517 posse
1694 5465 1798 5504 non
1825 5451 1926 5507 du-

332 5526 480 5592 bito;
508 5529 601 5583 sed
643 5539 820 5586 tamen
859 5534 1033 5602 egisse
1069 5535 1291 5605 aliquid.
1331 5551 1438 5607 quo
1474 5538 1544 5593 de
1572 5538 1656 5595 his
1693 5542 1853 5597 rebus
1891 5558 1923 5599 a

328 5617 618 5687 majoribus
649 5620 857 5675 traditae
904 5623 1029 5678 ﬁdei
1075 5624 1388 5682 defensores
1426 5637 1611 5683 contra
1657 5632 1922 5688 novitates

324 5722 514 5763 eorum
543 5710 634 5780 qui
661 5712 817 5767 aliter
841 5716 1104 5780 sentiunt,
1140 5731 1245 5771 non
1278 5718 1511 5773 inermes
1541 5736 1922 5791 usquequaque

327 5801 705 5857 consisterent.
732 5802 929 5859 Verum
964 5815 1081 5874 post
1110 5809 1459 5877 paucissimos
1489 5809 1605 5865 dics
1635 5811 1734 5882 legi
1768 5813 1921 5867 Pelu-

325 5892 395 5961 git
424 5893 665 5963 qumdam
694 5897 913 5965 scripta,
938 5897 1036 5951 viri
1063 5910 1118 5953 ut
1142 5899 1300 5953 audio
1326 5902 1515 5963 sancti,
1543 5910 1594 5956 ct
1621 5918 1725 5956 non
1757 5920 1918 5971 parvo

327 5993 578 6049 provectu
608 5985 904 6060 christiani,
944 6006 1062 6060 quae
1106 5989 1157 6047 in
1204 5990 1349 6047 Pauli
1390 5993 1614 6062 apostoli
1661 5994 1915 6063 cpistolas

1721 518 1923 576 ΗΒΕ-Π
1962 518 2278 607 T'til‘tTlCS.

3562 547 3667 604 {86

2068 632 2220 686 vitam
2248 643 2384 687 tuam
2408 631 2576 712 [ξέαἱ.
2602 652 2672 693 cn
2691 682 2703 705 ,
2722 637 2867 716 24])
2892 658 2995 699 :an
3021 646 3182 703 etiam
3212 665 3316 707 non
3351 668 3661 729 propagata,

2067 738 2133 778 eo
2156 724 2270 794 ipso
2306 741 2413 796 quo
2458 730 2604 784 earni
2644 734 2847 800 peccati
2875 741 3212 807 aggravanda
3246 724 3660 820 misceturIjani

2067 815 2234 886 ipsius
2280 820 2486 887 peccati
2530 824 2849 882 remissione
2890 840 2947 884 et
2986 845 3080 886 sua
3126 836 3497 908 redemptione
3527 815 3661 915 opus

2066 905 2277 973 habeat,
2313 911 2420 965 Deo
2464 927 2561 982 per
2599 930 2860 973 summam
2903 925 3291 991 prmscientiam
3320 905 3342 963 v‘
3362 905 3657 1004 judicatite,

2064 1001 2154 1070 qui
2204 1004 2524 1071 parvuli'ab
2578 1007 2683 1063 isto
2731 1020 2879 1068 reatu
2934 1031 3039 1072 non
3086 1001 3397 1079 mercantur
3432 1001 3657 1097 absolvi,

2063 1093 2223 1148 etiam
2253 1098 2340 1166 qtti
2370 1099 2604 1155 nondum
2632 1102 2742 1157 nati
2772 1105 2905 1161 nihil
2942 1110 3134 1168 alicubi
3176 1118 3390 1187 prepria
3424 1136 3516 1175 sua
3548 1124 3655 1176 vita

2064 1197 2286 1255 egerunt
2324 1188 2405 1243 vel
2442 1189 2566 1246 boni
2595 1193 2679 1248 vel
2705 1196 2833 1251 mali
2860 1215 2875 1253 :
2898 1209 2951 1255 et
2981 1205 3252 1272 quomodo
3278 1208 3417 1264 Deus
3446 1213 3656 1268 etiamsi

2062 1289 2168 1329 non
2194 1275 2263 1331 de
2288 1278 2509 1335 traduce
2542 1283 2751 1341 animas
2788 1297 2957 1355 creat,
2983 1306 3089 1347 non
3129 1295 3200 1349 sit
3242 1306 3418 1353 tamen
3465 1313 3653 1357 auctor

2062 1378 2243 1425 reatus
2271 1371 2529 1439 ejusdem,
2560 1387 2785 1449 propter
2805 1396 2962 1451 quem
2988 1384 3289 1456 redemptio
3319 1390 3655 1451 Sacramenti

2062 1464 2361 1518 necessaria
2390 1476 2472 1521 est
2495 1475 2549 1521 et
2570 1469 2763 1527 anima:
2786 1476 2989 1543 parvuli
3008 1477 3028 1509 ³
3053 1495 3066 1531 :
3091 1494 3280 1551 magna
3302 1498 3412 1554 qua
3423 1486 3527 1542 stio
3548 1499 3651 1548 est.

2032 1553 2325 1626 aliamque
2343 1556 2756 1628 disputationem
2777 1564 3067 1638 desiderat,
3086 1586 3153 1626 eo
3171 1553 3370 1640 tamen,
3394 1589 3651 1648 quantum

2058 1645 2311 1716 arbitror,
2334 1650 2701 1711 moderamine
2721 1664 3091 1731 temperatam,
3116 1674 3174 1721 ut
3191 1668 3362 1739 magis
3380 1645 3653 1742 inquisitio

2057 1748 2211 1790 cauta
2244 1738 2509 1807 laudetur,
2534 1758 2693 1814 quam
2732 1751 3060 1820 prcecipitata
3097 1738 3527 1826 reprehendat-ur
3559 1778 3643 1817 as-

2057 1828 2245 1882 sertio.
2271 1828 2370 1884 Ubi
2399 1832 2546 1887 enim
2587 1833 2656 1890 de
2685 1852 2744 1892 re
2770 1839 3149 1898 obscurissima
3177 1845 3501 1917 disputatur,
3542 1868 3648 1908 non

2055 1918 2429 1989 adjuvantibus
2454 1925 2759 1984 divinarum
2785 1929 3179 2004 Scripturarum
3203 1940 3365 1995 certis
3384 1942 3651 2016 clarisque

2053 2008 2420 2081 documentis,
2453 2017 2707 2076 cohibere
2735 2035 2795 2078 se
2821 2022 2983 2080 debet
3012 2025 3247 2084 humana
3274 2008 3648 2104 prmsumptio,

2053 2102 2188 2157 nihil
2214 2102 2417 2161 faciens
2435 2108 2487 2163 in
2506 2122 2714 2179 partem
2743 2114 2964 2171 alteram
2987 2118 3327 2178 declinando.
3351 2124 3417 2179 Et
3438 2126 3481 2179 si
3503 2102 3647 2183 enim

2053 2192 2328 2263 quodlibet
2357 2198 2569 2267 horum,
2599 2205 3048 2273 quemadmodum
3075 2212 3432 2270 demonstrari
3463 2227 3518 2272 et
3546 2235 3642 2273 ex-

2054 2283 2240 2353 plicari
2294 2288 2485 2356 possit,
2539 2291 2817 2363 ignorem;
2865 2297 2992 2352 illttd
3050 2309 3227 2357 tamen
3276 2306 3458 2371 credo,
3501 2308 3647 2377 quod

2054 2377 2216 2430 etiam
2247 2377 2372 2435 hinc
2399 2380 2701 2439 divinorum
2731 2387 3065 2458 eloquiorum
3091 2392 3387 2450 clarissima
3419 2402 3645 2456 auctori-

2052 2476 2133 2521 tas
2156 2478 2322 2537 esset,
2351 2472 2395 2527 si
2427 2472 2591 2530 homo
2620 2476 2671 2532 id
2695 2478 2812 2534 sine
2842 2480 3123 2551 dispendio
3151 2488 3430 2555 promissa:
3456 2491 3643 2547 salutis

2052 2562 2299 2633 ignorare
2342 2581 2446 2621 non
2478 2579 2677 2637 posset.
2718 2572 2894 2629 Habes
2922 2575 3278 2647 elaboratum,
3304 2582 3504 2638 utinam
3538 2594 3643 2639 tam

2048 2656 2390 2712 commodum
2430 2676 2589 2731 quam
2636 2666 2921 2733 prolixum,
2952 2684 3049 2738 pro
3092 2672 3225 2728 meis
3256 2674 3456 2730 viribus
3484 2691 3640 2747 opus,

2048 2743 2203 2814 cujus
2226 2748 2586 2815 prolixitatem
2618 2751 2848 2812 fortasse
2878 2757 3243 2830 defenderem,
3273 2765 3374 2821 nisi
3407 2767 3456 2822 id
3487 2743 3643 2825 vero?

2048 2848 2139 2889 rer
2167 2835 2341 2894 facere
2368 2838 2713 2899 defendendo
2739 2848 3018 2915 prolixius.

2046 3031 2334 3143 ωαλιιῗθιείςὶ
2357 3041 2465 3087 Mss.
2488 3045 2540 3089 et
2560 3038 2657 3091 duo
2675 3054 2737 3091 ex
2754 3041 3003 3095 Gallicanis
3022 3083 3037 3109 ,
3078 3060 3167 3112 per
3205 3063 3345 3103 suam
3380 3052 3645 3117 prtescien-

2464 3161 2813 3239 ipurculorum.‘
2850 3175 3053 3239 At_Mss.
3075 3208 3091 3233 ,
3144 3170 3230 3234 qui
3278 3177 3486 3239 paruuli.

2112 3216 2133 3306 Ῐ
2159 3215 2533 3306 ¹ἓξῗῖἰίέἔξδη¹ἓῖὲη
2549 3215 2934 3306 ἐπεξεεδατὲαίεῖξι
2947 3215 3259 3303 Evadite
3278 3215 3502 3306 ’ᾖῇὶῦὖᾶ
3523 3253 3641 3306 mp-

2047 3274 2149 3339 Ple,
2174 3274 2360 3331 auctor.
2385 3274 2532 3346 Editi,’
2548 3274 3338 3360 ὧν

1998 4124 2007 4127 -
2044 4089 2405 4156 expositiones
2447 4094 2792 4159 brevissimae
2836 4108 3173 4164 continerent
3205 4109 3282 4183 (a)
3322 4132 3337 4170 :
3375 4124 3532 4185 atque
3563 4117 3636 4172 ibi

2040 4180 2309 4247 comperi,
2333 4198 2454 4238 cum
2485 4187 2550 4241 ad
2587 4190 2732 4246 illum
2754 4197 2989 4254 venisset
3009 4200 3203 4270 locum,
3233 4180 3321 4259 ubi
3344 4205 3470 4262 dicit
3495 4209 3640 4277 Apo-

2040 4268 2228 4358 stolns,
2259 4288 2354 4341 per
2377 4292 2536 4333 unum
2558 4279 2825 4341 hominem
2849 4301 3125 4358 peceatum
3146 4296 3372 4352 intrasse
3397 4299 3448 4354 in
3472 4316 3631 4355 mun-

2040 4357 2187 4428 dum,
2207 4372 2261 4417 et
2282 4380 2376 4434 per
2391 4379 2667 4437 peccatum
2694 4388 2944 4447 mortem,
2959 4392 3117 4454 atque
3144 4385 3215 4441 ita
3249 4388 3299 4442 in
3319 4404 3508 4445 omnes
3536 4391 3640 4446 ho-

2040 4451 2214 4508 mines
2233 4455 2407 4528 (Rom.
2432 4476 2489 4531 v,
2516 4464 2604 4537 12)
2634 4474 3007 4539 pertransisse,
3033 4451 3319 4544 quamdam
3341 4495 3525 4535 eorum
3548 4497 3638 4537 ar-

2038 4550 2489 4625 gumentationem
2506 4557 2593 4625 qui
2608 4572 2802 4629 negant
2823 4566 3076 4632 parvulos
3092 4579 3364 4636 peccatum
3383 4572 3640 4643 originale

2038 4646 2251 4706 gestare
2279 4658 2292 4695 :
2326 4658 2486 4713 quam
2519 4648 2689 4705 fateor
2714 4652 2768 4706 in
2798 4654 2903 4709 illis
2932 4664 3037 4711 tam
3082 4658 3255 4730 longis
3281 4663 3638 4721 voluminibus

2039 4729 2177 4785 meis
2204 4748 2310 4787 non
2341 4735 2545 4806 refelli,
2590 4743 2709 4811 quia
2754 4744 2808 4799 in
2849 4758 3082 4804 mentem
3115 4752 3245 4806 mihi
3271 4757 3492 4811 omnino
3528 4774 3635 4814 non

2038 4832 2281 4892 venerat,
2309 4842 2629 4902 quemquam
2657 4852 2814 4905 posse
2845 4840 2969 4895 talia
2992 4844 3229 4913 cogitare
3253 4888 3268 4912 ,
3313 4848 3397 4902 vcl
3435 4849 3635 4907 dicere.

2038 4912 2373 4986 Quapmpter
2413 4928 2662 4991 quoniam
2692 4929 2766 4983 illi
2797 4933 2970 5001 operi,
3011 4912 3155 5004 qttod
3191 4937 3302 5008 jam
3342 4951 3492 4997 certo
3531 4945 3637 4999 line

2038 5008 2430 5077 concluseram,
2475 5015 2605 5070 nihil
2654 5020 2852 5078 addere
2893 5026 3073 5093 volui;
3118 5037 3173 5084 et
3217 5029 3384 5101 ipsam
3432 5034 3636 5091 eisdem

2040 5101 2216 5156 verbis
2242 5105 2436 5174 quibus
2466 5123 2585 5164 eam
2616 5111 2743 5183 legi,
2770 5125 2824 5170 ct
2852 5118 2978 5187 quid
3006 5120 3133 5176 mihi
3161 5134 3347 5181 contra
3369 5127 3634 5198 videatur,

2037 5191 2161 5249 huic
2191 5198 2431 5265 epistolae
2459 5201 2802 5263 inserendum
2832 5214 3036 5281 putavi.

2107 5288 2332 5349 CAPUT
2370 5294 2527 5349 IL—
2554 5296 2609 5352 2.
2651 5299 2881 5373 Objectio
2927 5305 3149 5379 Pelagii.
3183 5309 3400 5366 Parvuli
3438 5314 3490 5367 in
3529 5331 3637 5369 crc-

2033 5380 2257 5438 dentium
2280 5396 2329 5442 et
2356 5388 2586 5459 ﬁdelium
2614 5410 2824 5451 numero
2854 5387 3101 5469 depittati.
3149 5403 3239 5460 Sic
3263 5420 3391 5476 ergo
3422 5407 3509 5461 illa
3546 5423 3635 5461 ar-

2030 5481 2364 5544 gumentatio
2411 5484 2584 5559 posita
2622 5496 2706 5543 est
2749 5506 2765 5544 :
2801 5488 2871 5543 lli
2922 5500 3113 5557 autem,
3146 5493 3336 5564 inquit,
3367 5498 3454 5568 qui
3496 5512 3624 5551 rcu-

2031 5578 2112 5621 tra
2157 5573 2419 5628 traducem
2473 5579 2665 5647 peccati
2717 5592 2864 5646 sunt,
2914 5584 2987 5635 ita
3023 5583 3166 5638 illaut
3205 5587 3506 5657 impugnare
3546 5588 3626 5639 ni-

2029 5670 2240 5717 tuntur:
2261 5664 2324 5719 Si
2345 5666 2492 5734 Adw,
2522 5669 2787 5741 inquiunt,
2816 5684 3077 5745 peccatum
3104 5678 3256 5730 etiam
3286 5694 3385 5730 non
3416 5692 3630 5744 peccan-

2093 5823 2166 5896 (a)
2185 5824 2363 5897 Pelagii
2387 5825 2436 5873 in
2448 5825 2653 5899 tutulum
2666 5828 3174 5899 Commentarioscitat
3185 5836 3410 5899 \zercator
3430 5841 3475 5875 nt
3498 5834 3634 5877 Cont-

2028 5888 2302 5958 mouitorio,
2320 5902 2425 5958 cap.
2448 5888 2495 5948 Ξ,
2520 5898 2571 5937 et
2593 5892 2865 5958 sententias
2884 5890 3013 5958 illius
3034 5890 3213 5936 r‘oidcm
3238 5892 3414 5958 iro'et-t
3438 5899 3629 5947 nzttttns,

2024 5961 2138 6009 quite
2162 5950 2496 6014 totitletn_t'ere
2522 5954 2684 6014 verbis
2710 5952 2938 6014 leguntur
2964 5952 3008 5999 in
3044 5953 3409 6001 Commentariis
3434 5961 3627 5997 nomine

2029 6010 2301 6073 Hieronymi
2329 6011 2448 6062 falso
2468 6012 2743 6071 “uincatis.
