4202 6528
532 459 560 556 ,ς’
605 481 697 534 ειιι
1235 479 1325 535 os
1363 475 1820 537 PECCATOBUM
1858 475 2135 532 nemus
2163 474 2251 530 ET
2281 475 2714 547 nemssxone,
2755 481 2813 538 s.
2854 482 3232 543 AUGUSTlNl

598 598 720 648 ultus
748 591 936 654 nocuit,
967 607 1084 662 ergo
1111 600 1159 647 et
1185 588 1373 646 Christi
1389 589 1593 662 justitia
1618 590 1770 645 etiam
1795 606 1898 644 non
1940 588 2183 644 credenti-

599 680 687 738 tius
730 684 971 751 prodest,-
1018 684 1138 756 quia
1181 684 1432 751 similiter,
1483 685 1587 739 imo
1636 693 1685 739 et
1721 684 1884 754 magis
1920 683 2043 737 dicit
2094 700 2184 753 per

594 792 748 828 mnun
766 774 975 841 salvari,
995 791 1144 845 quam
1165 792 1254 846 per
1271 792 1427 829 unum
1447 786 1563 831 ante
1577 776 1850 846 perierunt.
1876 774 2009 829 Huic
2027 788 2154 844 ergo
2166 814 2182 841 ,

595 876 651 919 ιιι
693 866 798 919 dixi
826 908 841 930 ,
885 877 1197 937 argumento
1226 868 1280 922 in
1308 867 1414 922 illis
1447 867 1653 922 duobus
1682 867 1830 923 libris
1857 882 1992 937 quos
2016 865 2083 920 ad
2127 874 2180 921 te

593 958 803 1026 scripsi,
836 958 964 1011 nihil
994 958 1263 1027 respondi.
1289 973 1462 1028 neque
1492 957 1543 1012 id
1579 958 1708 1013 mihi
1746 972 1962 1031 prorsus
1992 956 2177 1011 redar-

592 1048 857 1114 gnondum
908 1048 1175 1116 proposui.
1209 1046 1359 1103 Nunc
1402 1062 1530 1116 ergo
1569 1048 1714 1117 prius
1752 1046 1881 1102 illud
1920 1040 2178 1115 attende,

593 1137 1038 1205 quetnznlmodum
1052 1154 1172 1192 cum
1192 1138 1395 1204 dicunt,
1416 1138 1616 1194 SiAda:
1634 1151 1894 1209 peccatum
1914 1140 2062 1193 etiam
2079 1155 2182 1193 non

595 1218 911 1299 peccantibus
932 1240 1091 1291 uocet.
1106 1241 1151 1285 et
1168 1229 1352 1285 Christi
1363 1232 1565 1303 justitia
1581 1232 1731 1285 etiam
1747 1248 1847 1285 non
1867 1230 2182 1286 credentibus

593 1322 829 1389 prodest,
861 1323 1299 1379 absurdissimum
1333 1323 1515 1393 utique
1555 1334 1611 1378 et
1649 1322 1991 1377 falsissimum
2030 1322 2179 1393 judi-

592 1422 735 1474 caut,
764 1422 820 1466 ut
844 1412 1040 1467 Chri~ti
1062 1413 1266 1482 justitia
1293 1414 1452 1469 etiam
1479 1428 1590 1468 non
1608 1414 1949 1469 credentibus
1976 1415 2178 1485 prosit;

594 1505 732 1557 unde
755 1513 943 1574 putant
962 1505 1174 1569 conﬁci,
1203 1522 1300 1562 nec
1330 1507 1485 1577 primi
1509 1506 1739 1562 hominis
1759 1518 2032 1578 peccatum
2055 1522 2182 1576 paro

595 1597 739 1651 vnlis
766 1613 869 1651 non
903 1599 1243 1666 peccantibus
1268 1614 1464 1655 nocere
1493 1599 1748 1669 potuisse,
1774 1603 1911 1655 sicut
1943 1609 1999 1655 et
2031 1598 2183 1655 Chri-

592 1687 659 1739 sti
680 1686 880 1756 justitia
912 1688 1163 1758 prodesse
1195 1689 1315 1744 ullis
1344 1705 1450 1745 non
1481 1690 1821 1747 credentibus
1849 1706 1957 1747 non
1986 1701 2178 1762 potest.

593 1778 782 1834 Dicant
825 1781 1034 1850 itaque,
1067 1780 1262 1837 Christi
1301 1781 1508 1853 justitia
1557 1781 1685 1854 quid
1731 1783 2012 1853 baptizatis
2058 1799 2181 1853 par-

591 1872 727 1927 vulis
775 1876 942 1943 prosit
979 1891 992 1927 :
1028 1874 1206 1930 dicant
1248 1876 1468 1931 omnino
1511 1877 1653 1949 quod
1671 1878 1883 1933 volunt.
1927 1876 2179 1933 Proiecto

592 1962 755 2028 enim,
800 1962 846 2025 si
895 1977 953 2018 se
990 1963 1328 2023 Christianos
1376 1982 1500 2023 esse
1528 1968 1939 2033 meminerunt,
1984 1966 2181 2037 aliquid

593 2056 847 2125 prodesse
868 2073 972 2114 nou
996 2059 1290 2131 ambigunt.
1315 2060 1604 2128 Quodlibet
1630 2061 1790 2133 igitur
1810 2060 1996 2131 prosit,
2018 2059 2186 2131 prod-

591 2163 732 2214 esse,
756 2149 893 2204 sicut
918 2151 1079 2206 etiam
1107 2151 1207 2221 ipsi
1234 2162 1507 2220 asserunt,
1543 2169 1650 2209 non
1687 2153 2029 2209 credentibus
2073 2168 2181 2208 non

592 2249 786 2310 potest.
830 2241 979 2297 Unde
1022 2253 1288 2314 coguntur
1330 2245 1583 2315 parvulos
1626 2246 1924 2315 baptizatos
1965 2246 2019 2299 in
2058 2259 2183 2299 cre-

593 2332 832 2386 dentium
880 2350 1107 2408 numero
1163 2335 1443 2404 deputare;
1490 2345 1547 2392 et
1590 2339 1893 2393 auctoritati
1936 2345 2136 2391 sanetae
2164 2337 2182 2369 ⁸

605 2423 803 2495 ubique
845 2425 1097 2501 Ecclesia:
1123 2428 1465 2497 consentire,
1509 2445 1629 2499 qum
1669 2429 1905 2485 ﬁdelium
1951 2445 2045 2486 eos
2089 2444 2185 2484 no-

595 2514 742 2570 mine
786 2530 890 2570 non
916 2526 1135 2593 censet
1162 2518 1691 2590 indignos-,quibus
1730 2520 1935 2589 justitia
1984 2519 2181 2575 Christi

595 2606 755 2658 etiam
785 2607 1079 2662 secundum
1110 2607 1543 2678 istos.prodesse
1586 2611 1797 2666 nonnisi
1840 2612 2184 2667 credentibus

594 2704 798 2764 posset.
839 2696 989 2752 Sicut
1026 2713 1156 2768 ergo
1196 2714 1384 2754 eorum
1427 2715 1522 2770 per
1548 2717 1683 2770 quos
1711 2710 2083 2765 renascuntur,
2106 2702 2185 2772 ju-

595 2789 754 2843 stitia:
780 2790 1001 2858 spiritus
1030 2793 1383 2860 responsione
1410 2807 1506 2847 sua
1535 2793 1730 2862 trajicit
1757 2794 1809 2847 in
1848 2808 1943 2849 eos
1987 2794 2143 2848 tidem
2164 2834 2181 2861 ,

594 2896 755 2948 quam
783 2881 1056 2936 voluntate
1088 2884 1298 2952 propria
1326 2884 1561 2938 nondum
1605 2884 1801 2940 habere
1844 2894 2133 2954 potuerunt
2165 2903 2182 2943 :

597 2972 677 3028 sic
702 2987 886 3028 eorum
916 2989 1011 3044 per
1035 2991 1169 3045 quos
1193 2985 1507 3044 nascuntur,
1529 2992 1654 3032 caro
1681 2979 1882 3048 peccati
1909 2978 2103 3049 trajieit
2127 2977 2181 3032 in

596 3081 692 3120 eos
721 3070 939 3130 noxam,
967 3082 1124 3139 quam
1151 3068 1385 3123 nondum
1413 3070 1519 3124 vita
1543 3072 1755 3140 pr0pria
1782 3079 2182 3127 contraxerunt.

597 3156 667 3211 Et
704 3159 841 3213 sicut
882 3173 977 3215 eos
1017 3160 1141 3215 vita:
1168 3162 1385 3230 spiritus
1414 3162 1465 3217 iu
1495 3163 1709 3218 Christo
1734 3173 2013 3233 regenerat
2054 3163 2185 3220 ﬁde-

595 3246 697 3312 les,
726 3247 804 3303 sic
828 3264 923 3304 eos
949 3264 1146 3319 corpus
1173 3252 1363 3307 mortis
1404 3251 1456 3305 in
1487 3251 1656 3306 Adam
1686 3261 2033 3323 generaverat
2062 3267 2186 3323 pec-

596 3355 812 3422 catores
835 3343 966 3399 :Jlla
992 3345 1136 3398 enim
1163 3342 1393 3398 carnalis
1416 3344 1691 3414 generatio
1733 3353 1836 3411 cst,
1883 3344 2000 3400 haec
2026 3344 2187 3414 spiri-

595 3432 756 3486 tualis
799 3449 816 3487 :
854 3432 940 3487 illa
985 3432 1110 3489 facit
1154 3435 1292 3489 ﬁlios
1336 3435 1537 3501 carnis,
1576 3433 1693 3490 lucc
1737 3434 1876 3491 ﬁlios
1914 3436 2180 3506 Spiritus:

596 3521 688 3577 illa
723 3522 859 3577 ﬁlios
885 3525 1090 3589 mortis,
1130 3524 1245 3580 haec
1274 3526 1411 3579 ﬁlios
1454 3527 1895 3593 resurrectionis;
1925 3528 2011 3583 illa
2045 3527 2182 3585 ﬁlios

595 3616 803 3679 szrculi,
834 3619 947 3672 haec
976 3618 1115 3674 ﬁlios
1146 3620 1272 3683 Dei;
1306 3621 1395 3675 illa
1426 3621 1563 3676 ﬁlios
1588 3623 1700 3687 iraa,
1729 3624 1843 3679 Iure
1870 3622 2006 3677 ﬁlios
2030 3620 2186 3677 misc-

596 3708 877 3775 rieordize;
912 3725 973 3765 ac
1002 3727 1095 3781 per
1122 3711 1223 3766 hoc
1251 3713 1337 3766 illa
1371 3724 1590 3783 peccato
1618 3716 1863 3785 originali
1898 3715 2181 3785 obligatos,

595 3798 699 3854 ista
729 3802 904 3855 omnis
932 3806 1131 3871 peccati
1159 3803 1372 3859 vinculo
1401 3806 1672 3862 liberatos.

669 3890 722 3944 5.
765 3891 1044 3946 Postremo
1069 3894 1133 3947 ad
1166 3893 1218 3949 id
1243 3894 1384 3966 quod
1421 3898 1689 3955 intellectu
1721 3900 2182 3972 perspicacissimo

596 3982 807 4051 assequi
854 3998 958 4036 non
987 3985 1258 4050 valemus,
1298 3990 1615 4043 auctoritate
1656 3990 1833 4045 divina
1877 3992 2183 4047 consentire

595 4085 871 4140 cogamur.
918 4073 1061 4129 Bene
1102 4077 1242 4146 quod
1283 4076 1382 4148 ipsi
1426 4095 1524 4135 nos
1557 4081 1883 4149 admonent,
1920 4082 2179 4152 justitiam

596 4164 797 4219 Christi
826 4165 925 4219 uisi
953 4167 1293 4225 credentibus
1320 4171 1572 4240 prodesse
1598 4187 1703 4228 non
1732 4188 1909 4244 posse,
1946 4184 2000 4229 et
2025 4175 2185 4244 prod-

594 4272 718 4311 esse
747 4259 942 4327 aliquid
978 4262 1210 4330 parvulis
1238 4266 1602 4321 conﬁtentur:
1636 4249 1796 4332 unde,
1841 4275 1898 4321 ut
1927 4267 2179 4333 diximus,

596 4363 818 4405 necesse
844 4362 923 4407 est
949 4368 1043 4408 eos
1068 4354 1362 4425 baptizatos
1388 4358 1439 4411 in
1457 4357 1789 4414 credentium
1818 4372 2042 4414 numero
2063 4360 2182 4415 sine

597 4442 701 4495 ulla
730 4444 1160 4512 tergivetsatioue
1197 4450 1543 4505 constituant.
1567 4449 1974 4520 Cousequenter
1996 4451 2177 4522 igitur,

595 4533 640 4589 si
673 4550 776 4588 non
802 4535 1153 4607 baptizentur,
1175 4541 1314 4596 inter
1338 4557 1432 4597 cos
1459 4544 1547 4613 qui
1582 4557 1687 4598 non
1715 4544 1958 4610 credunt,
1986 4553 2176 4611 erunt;

595 4639 658 4678 ac
686 4640 779 4693 per
803 4625 902 4680 hoc
929 4643 1028 4683 nec
1049 4631 1209 4685 vitam
1237 4631 1527 4696 habebunt,
1551 4633 1644 4688 sed
1674 4634 1749 4689 ira
1779 4635 1869 4689 Dei
1899 4644 2077 4690 manet
2099 4651 2186 4692 su-

598 4731 692 4784 per
714 4732 806 4773 eos
827 4735 841 4783 ;
866 4722 1114 4790 quoniam
1145 4724 1231 4796 qui
1261 4742 1362 4780 non
1386 4726 1544 4780 credit
1576 4724 1734 4790 Filio,
1756 4744 1857 4782 neu
1885 4728 2082 4783 habebit
2102 4729 2181 4785 νὶ-

597 4818 717 4872 tam,
745 4812 833 4865 sed
852 4813 928 4866 ira
950 4813 1044 4868 Dei
1060 4826 1225 4870 manet
1239 4802 1391 4882 super
1402 4818 1519 4872 eum
1537 4833 1556 4872 :
1576 4828 1625 4872 et
1642 4818 1860 4888 iudicati
1881 4828 2034 4886 sunt;
2057 4836 2183 4891 quo-

597 4901 737 4953 niam
762 4904 973 4972 quiruou
1001 4906 1180 4965 credit,
1208 4908 1325 4980 jam
1354 4908 1616 4979 judicatus
1640 4918 1711 4963 est
1757 4909 1953 4980 (Joan.
1987 4928 2064 4977 ιιι,
2088 4913 2178 4980 56,

600 4993 667 5046 18
703 4995 718 5056 )
744 5012 757 5046 :
788 5005 844 5049 et
870 4997 1401 5065 condemnabuntur;
1430 5000 1681 5069 quoniam
1711 5003 1797 5068 qui
1826 5003 2093 5058 crediderit
2129 5015 2177 5060 et

602 5084 878 5153 iapiizatus
906 5092 1079 5160 fuerit.
1102 5091 1272 5146 salrus
1298 5097 1433 5159 erit;
1465 5093 1553 5163 qui
1580 5104 1747 5149 autem
1771 5111 1870 5149 non
1892 5097 2179 5164 crediderit,

596 5179 1010 5236 condettmabitur
1036 5182 1225 5247 (Marc.
1254 5200 1367 5251 xu,
1394 5185 1504 5256 Hi).
1526 5185 1641 5240 Jam
1670 5203 1812 5241 nunc
1833 5188 2043 5243 videant
2074 5190 2179 5256 isti,

567 5285 699 5350 [qua
742 5273 943 5340 justitia
992 5285 1197 5331 tentent
1234 5277 1609 5334 vel‘conenlur
1648 5296 1929 5349 asserere,
1966 5298 2071 5338 non
2115 5284 2182 5339 ad

600 5363 763 5418 vitam
805 5377 1079 5430 a-wrnam,
1126 5366 1219 5421 sed
1265 5368 1331 5421 ad
1381 5369 1514 5424 iram
1559 5370 1651 5425 Dei
1681 5373 1978 5440 pertinere,
2009 5384 2064 5429 et
2101 5375 2183 5431 di-

598 5453 793 5509 vinitttt
827 5455 1048 5523 ptdnzari
1073 5464 1232 5524 atque
1259 5456 1497 5512 danmari
1527 5462 1770 5516 homines
1797 5464 1886 5533 qui
1914 5465 2031 5521 sine
2058 5481 2183 5535 pec-

596 5556 719 5600 catu
745 5556 901 5613 sunt;
933 5549 976 5602 si
1020 5547 1465 5617 quemadmodum
1508 5555 1806 5623 proprium,
1858 5563 1931 5613 ita
1973 5560 2178 5617 nullum

600 5637 654 5692 in
682 5639 759 5695 eis
786 5649 870 5695 est
896 5640 1054 5694 etiam
1085 5638 1341 5709 originale
1365 5653 1659 5711 peceatum.

601 5916 627 5965 ³
664 5856 755 5965 11:,
787 5854 1129 5964 sipplnsbseriptio
1161 5852 1409 5918 pleristh
1442 5855 1522 5909 vel
1560 5860 1719 5920 deest,
1756 5862 2062 5928 ductante“;
2097 5866 2177 5918 vel

633 5932 717 5965 ('t'.‘
746 5952 757 5965 .
783 5950 792 5961 .
824 5932 835 5961 ι
873 5929 896 5963 ι’
950 5928 978 5963 ’.

633 5928 757 5973 onst,
783 5928 978 5964 sanare.

3787 487 3890 544 £88

2359 590 2413 646 4.
2443 588 2560 646 iam
2591 593 2829 661 caeteris,
2854 610 2973 669 qute
3000 596 3245 670 Pelagius
3270 598 3504 656 insinuat
3539 614 3643 657 eos
3678 598 3890 669 dicere,

2288 682 2377 751 qui
2402 691 2587 737 contra
2616 684 2873 755 originale
2901 681 3171 753 peccatum
3194 688 3489 760 disputant,
3518 691 3575 746 in
3609 690 3722 746 illis
3752 690 3891 746 duo-

2287 771 2388 828 bus
2414 774 2605 844 prolixi
2636 776 2743 831 mci
2766 776 2943 845 operis
2968 778 3119 833 libris
3144 780 3307 845 satis,
3335 793 3592 851 quantum
3624 781 3888 847 arbitror,

2288 863 2625 935 dilucideque
2647 868 2920 937 respondi.
2942 869 3093 938 Quod
3114 870 3215 926 etsi
3238 871 3550 941 quilmsdam
3577 872 3666 925 vel
3696 887 3886 939 parum

2286 959 2368 1019 vel
2399 960 2682 1016 obscurum
2717 961 3016 1025 videbitur,
3043 962 3173 1018 dent
3198 965 3404 1018 veniam
3429 1005 3443 1024 .
3470 974 3522 1019 et
3547 972 3887 1031 componant

2286 1067 2408 1108 cum
2438 1054 2551 1117 eis,
2578 1055 2664 1124 qui
2694 1053 2918 1110 fortasse
2948 1055 3078 1110 illud
3116 1072 3223 1111 non
3258 1059 3380 1126 quia
3412 1073 3601 1125 parum
3632 1064 3722 1110 est
3745 1098 3758 1114 .
3793 1053 3889 1110 sed

2286 1145 2410 1214 quia
2444 1145 2701 1208 nimium,
2726 1146 3125 1215 reprehendunt
3158 1166 3172 1203 :
3204 1158 3258 1205 et
3281 1149 3369 1219 qui
3394 1165 3479 1212 ea,
3508 1166 3631 1217 qum
3663 1163 3764 1214 pro
3794 1162 3888 1201 nae

2293 1244 2411 1292 tura
2440 1239 2797 1308 quaestionum
2826 1240 3058 1296 dilucide
3087 1241 3224 1319 dicta
3254 1243 3528 1304 existimo,
3562 1241 3750 1295 adhuc
3779 1256 3887 1295 non

2286 1332 2627 1403 intelligunt,
2668 1350 2775 1389 non
2819 1335 2948 1390 mihi
2987 1337 3386 1393 calumniantur
3426 1352 3522 1403 pro
3551 1337 3886 1407 negligentia

2285 1424 2374 1480 vel
2417 1441 2514 1495 pro
2547 1441 2681 1481 mea:
2725 1427 2991 1483 facultatis
3036 1428 3346 1496 indigentia,
3378 1428 3471 1482 sed
3504 1429 3674 1482 Deum
3710 1426 3889 1497 potius

2282 1531 2384 1588 pro
2405 1518 2713 1583 accipienda
2743 1520 3090 1590 intelligentia
3118 1520 3492 1590 deprecentur.

2356 1605 2583 1683 CAPUT
2622 1608 2706 1664 Ill.
2748 1640 2821 1652 —
2862 1611 2918 1667 5.
2968 1610 3209 1683 Pelagius
3239 1611 3478 1665 laudatus
3517 1626 3550 1662 a
3595 1608 3886 1664 nonnullis.

2282 1697 2596 1770 Argumenta
2626 1710 2822 1757 contra
2865 1713 3123 1771 peccatum
3168 1702 3413 1774 originis,
3458 1716 3576 1770 qur
3637 1698 3888 1771 Pelagius

2285 1790 2340 1845 in
2367 1790 2738 1847 Commentario
2775 1811 2867 1848 suo
2912 1796 3170 1865 proponit.
3210 1794 3591 1849 Verumtamen
3636 1809 3737 1847 nos
3778 1808 3888 1848 non

2286 1882 2619 1952 negligenter
2646 1893 2858 1951 Oportet
2887 1886 3167 1961 attendere
3187 1926 3203 1952 ,
3237 1885 3396 1940 istum
3417 1926 3433 1949 ,
3470 1886 3613 1938 sicut
3638 1900 3765 1938 eum
3794 1882 3888 1954 qui

2286 1981 2549 2029 noverunt
2572 1975 2877 2043 loquuntur,
2901 1976 3099 2030 bonum
3120 1992 3183 2031 ac
3204 1977 3220 2009 ι
3246 1975 3651 2044 medicandum
3676 1976 3880 2041 virum,

2287 2059 2426 2118 hanc
2454 2065 2968 2131 argumentationem
3012 2076 3197 2120 contra
3243 2065 3446 2134 peccati
3486 2066 3885 2133 propaginem,

2287 2168 2394 2209 non
2418 2170 2481 2210 ex
2510 2156 2723 2227 propria
2754 2157 3001 2213 intulisse
3029 2172 3279 2226 persona,
3312 2156 3403 2212 sed
3430 2157 3558 2227 quid
3592 2156 3670 2211 illi
3699 2156 3886 2211 dicant

2285 2246 2376 2316 qui
2405 2262 2523 2301 eam
2554 2264 2658 2302 non
2705 2249 3001 2318 approbant
3048 2248 3363 2313 intimasse,
3410 2263 3509 2303 nec
3552 2249 3737 2305 solum
3784 2247 3887 2303 hoc

2287 2337 2428 2407 quod
2471 2338 2635 2393 modo
2673 2340 2925 2408 preposni
2964 2340 3121 2407 eique
3160 2338 3453 2409 respondi,
3482 2354 3675 2392 verum
3718 2339 3885 2393 etiam

2286 2437 2477 2485 cetera
2503 2430 2697 2498 quibus
2724 2446 2810 2484 me
2840 2429 2893 2484 in
2930 2430 3034 2485 illis
3077 2430 3227 2484 libris
3259 2429 3368 2499 jam
3409 2429 3763 2499 respondisse
3800 2444 3887 2483 re-

2286 2519 2444 2573 colui.
2475 2519 2604 2574 Nam
2635 2536 2756 2573 cum
2777 2519 3020 2586 dixisset,
3053 2520 3112 2576 Si
3147 2520 3291 2583 Adae,
3321 2520 3589 2588 inquiunt,
3623 2530 3888 2588 peccatum

2286 2609 2437 2663 etiam
2456 2628 2553 2664 non
2573 2610 2888 2679 peccantibus
2903 2612 3092 2676 nocuit,
3107 2629 3225 2683 ergo
3245 2623 3290 2665 et
3307 2611 3493 2665 Christi
3500 2612 3713 2683 justitia
3735 2613 3886 2665 etiam

2286 2719 2388 2757 non
2408 2704 2721 2758 credentibus
2742 2702 2971 2775 prodest;
2991 2704 3132 2774 quod
3158 2706 3209 2757 in
3235 2705 3299 2757 iis
3319 2719 3438 2773 qum
3463 2703 3745 2773 respondi.
3771 2718 3889 2759 cer-

2292 2794 2378 2849 nis
2404 2810 2561 2863 quam
2588 2811 2693 2850 non
2732 2796 2903 2852 solum
2930 2812 3036 2850 non
3057 2805 3325 2866 expugnet
3351 2794 3488 2864 quod
3515 2794 3774 2859 dicimus,
3791 2793 3887 2850 sed

2295 2884 2454 2939 etiam
2475 2901 2572 2938 nos
2590 2885 2873 2940 admoneat
2888 2885 3011 2956 quid
3035 2886 3273 2939 dicamus
3290 2887 3311 2918 ⁸
3332 2902 3346 2939 :
3379 2896 3599 2941 seentns
3620 2885 3887 2954 atlfuuxit,

2287 2970 2488 3028 Deinde
2512 2973 2674 3037 aiunt,
2707 2973 2770 3031 Si
2796 2973 3087 3045 Baptismus
3113 2974 3323 3028 mundat
3347 2984 3612 3043 antiquum
3639 2973 3775 3028 illud
3802 2975 3889 3028 de~

2290 3062 2485 3128 (ictum,
2518 3064 2604 3132 qui
2630 3063 2693 3117 de
2717 3062 2910 3118 duobus
2934 3063 3200 3134 baptizatis
3222 3065 3328 3118 nati
3351 3065 3560 3133 fuerint,
3587 3064 3770 3118 debent
3796 3067 3890 3118 hoc

2287 3171 2460 3209 carere
2488 3165 2727 3224 peccato:
2755 3171 2856 3208 non
2882 3150 3013 3208 enim
3043 3165 3314 3225 potuerunt
3331 3155 3406 3233 ad
3433 3163 3670 3224 posteros
3714 3165 3888 3209 trans-

2292 3244 2509 3311 mittere,
2535 3244 2670 3313 quod
2694 3245 2794 3315 ipsi
2816 3246 3022 3299 miniine
3049 3245 3346 3299 habuerunt.
3385 3244 3530 3299 Illud
3556 3262 3763 3316 quoque
3798 3260 3887 3299 ac-

2287 3335 2439 3398 cedit,
2471 3334 2679 3404 inquit,
2710 3336 2832 3407 quia
2872 3337 2919 3389 si
2954 3338 3126 3390 anima
3166 3353 3265 3390 non
3310 3346 3382 3391 est
3421 3353 3485 3392 ea:
3522 3341 3766 3399 traduce.
3796 3336 3886 3393 sed

2285 3425 2398 3481 sola
2433 3442 2575 3493 caro,
2603 3426 2714 3498 ipsa
2741 3435 2937 3480 tantum
2964 3427 3110 3481 habet
3135 3427 3392 3481 traducem
3434 3430 3649 3497 peccati,
3682 3439 3729 3482 et
3774 3429 3885 3498 ipsa

2286 3519 2396 3574 sola
2426 3534 2624 3586 poenam
2647 3527 2862 3572 meretur
2896 3532 2916 3572 :
2958 3517 3206 3587 injustam
3235 3534 3340 3572 esse
3363 3518 3605 3582 dicentes,
3636 3529 3693 3573 ut
3735 3517 3885 3571 hodie

2288 3617 2409 3662 nata
2433 3608 2605 3662 anima
2625 3624 2725 3662 non
2743 3624 2805 3661 ea:
2832 3625 3000 3662 massa
3017 3607 3161 3670 Adae,
3198 3616 3300 3659 tant
3319 3608 3583 3673 antiquum
3621 3619 3883 3676 peceatum

2287 3710 2449 3771 portet
2476 3701 2718 3761 alienum.
2746 3699 2933 3753 Dicunt
2957 3701 3125 3759 etiam,
3156 3699 3341 3767 inquit.
3375 3698 3516 3751 nulla
3542 3701 3742 3752 ratione
3770 3714 3886 3751 com

2284 3792 2476 3855 cedi,ut
2496 3791 2631 3847 Deus
2649 3792 2736 3864 qui
2761 3793 2971 3861 propria
2992 3800 3199 3861 peccata
3216 3790 3440 3855 remittit,
3460 3791 3673 3859 imputet
3690 3791 3881 3845 aliena.

2357 3884 2411 3939 6.
2454 3882 2705 3949 Videsne,
2747 3883 3009 3945 obsecro,
3051 3880 3501 3950 quemadmodum
3554 3882 3660 3938 hoc
3709 3891 3879 3935 totum

2287 3975 2553 4046 Pelagius,
2579 3991 2684 4029 non
2714 3990 2778 4030 ex
2802 3990 2917 4038 sua,
2947 3973 3040 4028 sed
3069 3989 3134 4028 ex
3156 3972 3381 4026 aliorum
3412 3987 3638 4041 persona
3670 3972 3880 4027 indide-

2285 4068 2357 4121 rit
2383 4056 2595 4135 scriptis
2619 4066 2752 4131 suis,
2784 4079 2954 4130 usuue
2976 4063 3110 4117 adeo
3136 4064 3309 4118 sciens
3343 4063 3477 4117 hanc
3506 4065 3693 4119 nescio
3723 4072 3880 4129 quam

2284 4172 2407 4213 esse
2440 4156 2727 4211 novitatem
2754 4197 2770 4222 ,
2797 4170 2917 4221 qua:
2946 4164 3129 4209 contra
3158 4154 3427 4221 antiquam
3462 4154 3717 4209 Ecclesiae
3749 4151 3875 4206 insi-

2285 4255 2394 4302 tam
2433 4247 2738 4317 opinionem
2781 4259 2974 4301 sonare
3022 4259 3161 4300 nunc
3201 4245 3458 4312 cmperit,
3492 4253 3550 4298 ut
3595 4260 3715 4299 eam
3766 4243 3881 4309 ipso

2285 4338 2528 4395 conﬁteri
2549 4348 2641 4392 aut
2670 4335 3078 4399 verecuudatus,
3102 4345 3193 4390 aut
3217 4336 3416 4389 veritus
3444 4334 3625 4390 fuerit.
3654 4336 3715 4388 Et
3741 4332 3878 4387 forte

2286 4429 2390 4485 hoc
2411 4430 2525 4500 ipse
2548 4445 2652 4483 non
2675 4428 2860 4490 sentit,
2878 4427 3017 4497 quod
3041 4429 3158 4482 sine
3180 4438 3398 4495 peccato
3420 4433 3673 4482 nascatur
3695 4426 3876 4488 homo,

2284 4521 2369 4576 cui
2401 4519 2593 4575 fatetur
2620 4519 2981 4575 necessarium
3021 4533 3140 4573 esse
3182 4518 3510 4589 Baptismutn
3534 4558 3547 4574 .
3589 4518 3642 4571 in
3676 4530 3783 4585 quo
3823 4512 3879 4566 ﬁt

2285 4611 2531 4667 remissio
2557 4619 2897 4679 peccatorum
2924 4627 2939 4664 :
2968 4618 3023 4664 et
3048 4607 3070 4641 ³
3098 4607 3237 4678 quod
3268 4609 3384 4663 sine
3409 4617 3631 4678 peccato
3656 4607 3880 4661 damne-

2285 4709 2373 4757 tur
2412 4700 2572 4756 homo
2596 4743 2611 4764 ,
2646 4715 2803 4769 quem
2836 4713 3054 4754 necesse
3079 4708 3161 4755 est
3187 4715 3293 4753 non
3333 4699 3657 4767 baptizatum
3686 4697 3738 4751 i-t
3772 4707 3877 4749 non

2285 4791 2624 4848 credentibus
2661 4791 2934 4861 deputari;
2964 4793 3086 4861 quia
3125 4792 3308 4861 utique
3341 4790 3613 4860 Scriptura
3644 4802 3879 4859 evange-

2288 4868 2389 4939 lica
2419 4883 2600 4939 iailere
2626 4897 2729 4937 non
2773 4892 2944 4954 potest
2972 4925 2987 4944 .
3032 4884 3084 4937 in
3124 4897 3229 4953 qua
3273 4883 3607 4951 apertissime
3648 4882 3874 4949 legitur,

2290 4975 2391 5042 Qui
2431 4992 2531 5031 non
2558 4976 2846 5041 crediderit,
2891 4974 3316 5031 condemnabitur
3352 5012 3369 5028 .
3411 4983 3706 5043 postremo,
3736 4968 3877 5042 quod

2285 5070 2403 5124 sine
2442 5078 2659 5139 peccato
2699 5069 2873 5138 imago
2920 5067 3009 5121 Dei
3051 5083 3156 5121 non
3200 5066 3512 5120 admittatur
3553 5064 3620 5120 ad
3654 5074 3874 5131 regnum

2287 5159 2404 5226 Dei,
2434 5161 2681 5229 quoniam
2709 5159 2807 5213 nisi
2834 5158 2947 5228 quis
2968 5167 3172 5211 renatus
3192 5159 3344 5227 fuerit
3367 5173 3430 5210 ea:
3448 5171 3580 5223 aqua
3600 5162 3646 5207 et
3666 5151 3869 5218 spiritu,

2351 5253 2369 5285 ί
2392 5251 2611 5302 Gallicani
2643 5263 2816 5301 omnes
2840 5250 3412 5312 manusa‘iptiomittunt,
3450 5245 3659 5312 bonum:
3682 5246 3877 5312 retenta

2286 5312 2595 5365 nihilominus
2631 5314 2679 5363 in
2703 5312 2949 5375 plerisque
2973 5307 3328 5375 ιειξιθιὶοδῇᾖοιιιιἸ
3353 5321 3439 5369 ac,
3464 5307 3543 5375 vel
3580 5308 3652 5357 sic
3677 5309 3875 5359 mutata,

2285 5383 2343 5426 ut
2363 5376 2409 5423 in
2429 5369 2718 5438 quibusdam
2732 5369 2943 5435 legatur,
2963 5369 3027 5421 ad
3048 5369 3413 5438 p'ra'dicandttng
3434 5369 3606 5438 pirum.

2349 5420 2721 5495 i'btizi‘és'iigsi;
2738 5420 3315 5496 irea'pugt'tenthquod
3351 5430 3584 5496 dicimus,
3606 5425 3695 5496 sed
3732 5420 3875 5496 etiam

2284 5510 2371 5549 nos
2390 5498 2673 5549 admoneant
2695 5489 2814 5559 quid
2835 5489 3070 5546 dicamus.
3096 5503 3159 5544 Ac
3194 5489 3337 5558 paulo
3360 5502 3484 5557 post,
3522 5489 3649 5543 Illud
3688 5492 3872 5551 σκυφία

2284 5560 2505 5610 addunt:
2530 5574 2633 5610 pro.
2651 5558 2851 5608 accedit.
3759 5606 3786 5610 _-
3814 5604 3825 5610 -

2392 5567 2505 5619 uttt;
2530 5567 2851 5619 pro.at‘ccdtt.
3174 5616 3184 5619 _
3245 5617 3253 5619 Α
3406 5615 3421 5619 _
3641 5613 3654 5619 _

2355 5576 2505 5619 aunt;
2530 5576 2633 5622 pro.
2651 5576 2851 5608 acccuu.
3814 5604 3825 5616 ,

2348 5623 2369 5655 ³
2390 5621 2636 5678 Particulo,
2652 5627 2717 5679 et,
2741 5621 2887 5680 abest
2904 5629 2932 5667 a
2948 5616 3312 5680 manuscriptis;
3334 5615 3422 5667 sed
3435 5679 3442 5680 ί
3455 5619 3617 5680 exstat
3638 5613 3688 5661 in
3702 5606 3870 5680 editas}

2283 5664 3116 5747 φιοῦιῖιῖᾘΗῖιέιῆῐοῖιὲζᾶιιὸῖλιῆξ
3128 5664 3312 5747 ίρίίὲέῖ
3330 5664 3410 5729 ξιξ
3433 5664 3635 5747 nam,
3669 5674 3715 5747 et
3727 5664 3871 5747 ﬁge!

2283 5735 2385 5794 sine
2410 5735 2919 5807 (raptismo'danmetur
2941 5735 3113 5807 homo;
3134 5747 3186 5790 et
3207 5739 3599 5807 infra,_postret1w
3624 5735 3872 5807 ηαίῖξιξξξ

2288 5796 2527 5867 Baptistae
2556 5805 2713 5867 imago
2741 5802 2842 5860 Dei,
2870 5810 2985 5860 etc.,
3022 5796 3171 5858 male.
3213 5814 3270 5850 ac
3290 5796 3643 5867 reluctantibus
3663 5796 3871 5867 unfottfle

2285 5859 2391 5914 loco
2413 5859 2766 5929 manuscrihis,
2784 5859 2868 5929 qui
2886 5879 2995 5915 cum
3011 5871 3120 5914 Lor.
3143 5871 3418 5914 constanter
3436 5862 3620 5919 ferunt.
3643 5859 3737 5909 εἱιν
3759 5859 3871 5916 ρεσ-

2287 5936 2407 5978 ςιιιυ.
