4164 6550
626 490 721 546 191

625 597 1025 671 percipiendum
1054 611 1149 654 eos
1186 595 1537 661 defendebat,
1571 592 1825 648 auferret.
1855 590 2021 646 Potes
2042 589 2211 659 ipsam

621 689 901 760 epistolam
938 688 1216 744 memorati
1243 687 1496 759 martyris
1522 687 1588 742 de
1613 681 1953 754 Baptizandis
1979 679 2213 752 parvulis

622 781 819 853 legere,
845 783 891 837 si
919 781 1151 837 volueris
1173 797 1187 835 :
1212 795 1385 851 neque
1405 780 1547 835 enim
1575 785 1749 849 potest
1773 777 1962 832 deesse
1980 773 2212 830 Cartha-

624 871 759 942 gini.
786 871 987 926 Verum
1018 873 1071 925 in
1109 871 1246 927 hanc
1279 872 1438 927 etiam
1474 879 1742 935 nostram,
1771 876 2027 939 quantum
2070 880 2211 936 prte-

621 965 759 1021 senti
796 965 1076 1036 quaestioni
1110 966 1243 1021 satis
1282 965 1453 1020 visum
1485 972 1596 1031 est,
1626 977 1794 1033 pauca
1833 959 1956 1015 inde
1987 956 2213 1029 transfe-

621 1056 786 1112 renda
820 1057 1108 1113 arbritatus
1134 1073 1274 1122 sum,
1301 1072 1419 1127 quae
1447 1055 1740 1128 prudenter
1765 1052 2003 1108 attende.
2036 1052 2213 1119 Quan-

621 1157 727 1202 tum
747 1165 883 1215 vero,
913 1146 1116 1219 inquit,
1149 1147 1218 1201 ad
1253 1163 1458 1201 causam
1484 1145 1759 1215 infantium
1800 1144 2015 1215 pertinet
2040 1184 2056 1209 ,
2084 1157 2210 1213 quos

621 1236 795 1292 dixisti
823 1238 956 1292 intra
989 1238 1266 1292 secundant
1302 1236 1383 1292 vel
1413 1236 1615 1292 tertium
1648 1235 1782 1290 diem
1806 1250 1905 1304 quo
1944 1232 2054 1288 nati
2091 1239 2210 1288 sunt

619 1332 936 1396 constitutos,
956 1329 1202 1399 baptizari
1219 1345 1318 1383 non
1334 1337 1588 1399 oportere,
1605 1335 1651 1380 et
1669 1322 2087 1380 considerandam
2105 1338 2212 1377 esse

620 1420 779 1491 legem
820 1419 1215 1474 circumcisionis
1253 1418 1475 1488 antiqua
1496 1457 1512 1483 ,
1543 1426 1599 1470 ut
1637 1417 1772 1470 intra
1809 1422 2041 1468 octavum
2077 1413 2209 1467 diem

620 1513 844 1583 eumqui
871 1520 1020 1566 natus
1045 1520 1119 1566 est
1156 1509 1518 1581 baptizandum
1556 1516 1601 1563 et
1642 1505 2066 1576 sanctiﬁcandum
2108 1520 2210 1558 non

624 1614 869 1676 putares;
911 1602 1059 1674 longe
1097 1602 1241 1657 aliud
1282 1602 1338 1656 in
1372 1600 1584 1655 concilio
1626 1608 1799 1654 nostro
1831 1599 1994 1652 uisum
2020 1604 2112 1651 est.
2140 1592 2211 1649 In

626 1696 722 1749 hoc
745 1697 878 1750 enim
902 1696 1037 1765 quod
1061 1705 1115 1749 tu
1140 1693 1355 1764 putabas
1395 1684 1501 1748 esse
1538 1691 1858 1763 faciendum,
1899 1704 2045 1743 nemo
2084 1703 2211 1740 con-

618 1788 811 1851 sensit;
838 1786 927 1841 sed
946 1786 1163 1840 universi
1189 1785 1357 1857 potius
1374 1782 1723 1856 judicaaimus
1740 1824 1755 1848 ,
1789 1780 1917 1835 nulli
1948 1779 2210 1834 hominum

619 1887 741 1932 nato
777 1876 1173 1931 misericordiam
1199 1873 1301 1929 Dei
1325 1886 1374 1930 et
1408 1874 1629 1946 gratiam
1664 1871 2034 1943 denegandam.
2069 1868 2209 1924 Nam

616 1984 734 2022 cum
754 1966 1003 2022 Dominus
1030 1969 1085 2021 in
1114 1966 1396 2038 Evangelia
1413 1982 1508 2020 suo
1537 1966 1694 2030 dicat,
1729 1982 1749 2016 ι
1783 1963 1950 2021 Filius
1977 1961 2209 2018 hominis

625 2076 645 2109 α
686 2073 789 2114 non
814 2059 959 2113 venit
985 2058 1193 2114 animas
1216 2057 1495 2114 hominum
1523 2054 1778 2127 perdere,
1803 2053 1899 2110 sed
1936 2054 2146 2109 salvere
2181 2070 2202 2105 ι

617 2149 772 2221 (Luc.
805 2165 885 2217 Ix,
907 2149 998 2223 56)
1034 2168 1048 2204 :
1075 2158 1320 2219 quantum
1347 2149 1403 2202 in
1439 2147 1582 2203 nobis
1608 2154 1713 2213 est,
1744 2146 1789 2200 si
1816 2144 1930 2215 ﬁeri
1955 2144 2206 2216 potuerit,

617 2241 763 2295 nulla
807 2242 979 2296 anima
1023 2241 1280 2313 perdenda
1325 2250 1421 2296 est.
1472 2240 1793 2296 Advertisne
1844 2238 1972 2309 quid
2024 2238 2206 2307 dicat,

616 2331 1063 2401 quemadmodum
1095 2332 1309 2397 sentiat,
1338 2345 1447 2385 non
1473 2338 1677 2385 tantum
1698 2329 1869 2397 carni,
1895 2327 1993 2384 sed
2016 2328 2210 2385 animus

617 2438 829 2494 quoque
850 2422 1067 2479 infantis
1089 2422 1364 2479 exitiabile
1388 2437 1509 2478 esse
1531 2430 1692 2492 atque
1712 2420 2068 2489 mortiferum,
2092 2420 2210 2477 sine

618 2516 713 2570 illo
742 2518 757 2547 ¹
788 2516 1006 2570 salutari
1046 2515 1394 2571 Sacramento
1430 2515 1583 2572 exire
1620 2516 1689 2570 de
1732 2514 1833 2570 hac
1870 2515 2018 2570 vita?
2055 2514 2210 2572 Unde

617 2608 665 2661 si
701 2608 811 2677 jam
857 2606 988 2662 nihil
1028 2607 1171 2662 aliud
1209 2607 1451 2674 diceret,
1479 2606 1780 2677 intelligere
1807 2614 2050 2662 nostrum
2078 2606 2208 2673 fuit,

616 2700 733 2756 sine
776 2710 994 2770 peccato
1040 2701 1274 2756 animam
1322 2700 1499 2771 perire
1544 2714 1653 2754 non
1698 2713 1878 2771 posse.
1932 2699 2041 2755 Sed
2087 2700 2211 2757 vide

620 2793 781 2863 paulo
812 2802 932 2863 post
960 2793 1253 2849 defendens
1292 2792 1651 2848 innocentiam
1676 2792 2019 2864 parvulorum
2040 2833 2056 2857 ,
2082 2791 2208 2863 quid

620 2895 799 2941 tamen
829 2886 896 2942 de
922 2886 1028 2941 illis
1052 2887 1391 2957 apertissime
1416 2886 1666 2942 fateatur.
1697 2884 1949 2942 Caeterum
1973 2886 2018 2940 si
2044 2884 2211 2941 homi-

617 2995 742 3045 tm,
792 2976 995 3049 inquit,
1037 2978 1283 3049 impedire
1314 2976 1512 3051 aliquid
1547 2976 1616 3032 ad
1651 2977 2053 3032 consecutionem
2090 2994 2209 3049 gra-

622 3070 709 3122 tia:
730 3078 927 3138 posset,
960 3070 1123 3140 magis
1158 3069 1363 3125 adultos
1403 3078 1450 3124 et
1490 3077 1748 3141 provectos
1771 3078 1819 3123 et
1843 3068 2061 3139 majores
2086 3077 2209 3123 natu

624 3170 825 3231 possent
844 3161 1085 3229 impedire
1116 3169 1322 3233 peccata
1341 3159 1597 3231 graviora.
1621 3158 1789 3214 Porro
1808 3168 1975 3212 autem
1993 3158 2040 3212 si
2061 3159 2210 3214 etiam

619 3252 929 3322 gravissimis
972 3251 1294 3306 delictoribus
1328 3261 1375 3306 et
1408 3252 1463 3305 in
1499 3250 1669 3305 Deum
1700 3250 1915 3305 multum
1945 3258 2063 3305 ante
2088 3266 2209 3320 pec-

619 3340 878 3407 cantibus,
918 3358 1033 3395 cum
1067 3351 1240 3413 postea
1268 3342 1611 3409 crediderint,
1652 3342 1861 3396 remissa
1889 3349 2209 3412 peccatorum

623 3435 778 3488 datur
822 3443 869 3491 et
914 3433 1178 3505 Baptismo
1221 3437 1242 3468 ³
1285 3444 1433 3506 atque
1471 3435 1637 3507 gratia
1679 3449 1826 3488 nemo
1869 3432 2162 3505 prohibetur
2190 3449 2211 3488 :

616 3535 805 3595 quanto
847 3527 1010 3598 magis
1057 3526 1313 3598 prohiberi
1356 3543 1457 3582 non
1499 3524 1643 3581 debet
1672 3524 1844 3595 infans
1867 3565 1884 3592 ,
1924 3526 2010 3595 qui
2037 3541 2211 3579 recens

618 3626 766 3672 natus
791 3617 919 3671 nihil
949 3618 1190 3689 peccavit,
1230 3616 1331 3672 nisi
1367 3615 1504 3707 qu’od
1528 3615 1804 3670 secundum
1831 3612 1997 3668 Adam
2025 3630 2235 3677 carnag

617 3710 733 3762 liter
770 3719 921 3763 natus
963 3708 1256 3780 contagium
1294 3705 1471 3761 mortis
1514 3707 1736 3778 antiqua
1764 3705 1928 3777 prima
1954 3706 2212 3760 nativitate

618 3799 913 3853 contraxit?
941 3797 1042 3864 Qui
1085 3799 1153 3853 ad
1199 3798 1459 3853 remissam
1498 3807 1818 3868 peccatorum
1864 3795 2212 3865 accipiendam

623 3890 718 3942 hoc
761 3890 873 3957 ipso
922 3890 1125 3961 facilius
1168 3889 1190 3921 ³
1217 3889 1431 3956 accedit,
1463 3887 1598 3959 quod
1634 3886 1715 3942 illi
1752 3888 2077 3941 remittuntur
2108 3904 2212 3941 non

622 3983 832 4053 propria
852 4023 865 4046 ,
894 3983 984 4041 sed
1010 3982 1178 4036 aliena
1204 3991 1429 4052 peccata.
1706 3974 1709 3975 ⁷

698 4075 785 4128 Η.
816 4074 978 4129 Vides
1007 4082 1203 4145 quanta
1235 4073 1425 4129 fiducia
1465 4088 1531 4129 ex
1570 4073 1786 4145 antiqua
1826 4082 1881 4128 et
1918 4072 2213 4129 indubitata

626 4165 750 4219 ﬁdei
782 4165 963 4236 regula
992 4165 1074 4219 vir
1114 4174 1291 4219 tantus
1326 4164 1427 4219 ista
1461 4164 1741 4235 loquatur?
1766 4163 1867 4230 Qui
1898 4164 2014 4220 haec
2041 4164 2213 4220 docu-

626 4263 803 4311 menta
845 4255 1143 4310 certissima
1180 4255 1303 4310 ideo
1334 4255 1589 4324 protulit,
1639 4263 1697 4309 ut
1742 4253 1874 4310 illud
1915 4254 2059 4325 quod
2098 4264 2215 4310 erat

627 4347 911 4411 incertum,
936 4346 1078 4401 unde
1096 4345 1442 4401 consuluerat
1469 4346 1558 4400 ille
1583 4345 1669 4400 cui
1695 4345 1962 4412 rescribit,
1990 4353 2046 4400 et
2076 4345 2214 4400 unde

633 4439 845 4495 concilii
868 4439 1143 4494 decretum
1168 4438 1514 4493 constitutum
1538 4453 1659 4494 esse
1678 4436 1700 4469 ⁴
1726 4447 2129 4502 commemorat,
2158 4447 2216 4493 ut

626 4533 835 4589 scilicet
868 4532 1029 4588 etiam
1065 4541 1191 4587 ante
1225 4539 1474 4586 octavum
1514 4530 1656 4586 diem
1683 4545 1749 4586 ex
1788 4546 1896 4601 quo
1930 4530 2020 4585 die
2057 4541 2214 4585 natus

623 4634 769 4679 esset
793 4625 964 4678 infans
985 4666 998 4690 ,
1031 4639 1151 4679 eum
1174 4663 1191 4690 ,
1224 4623 1269 4679 si
1295 4622 1606 4688 aiierretur,
1634 4622 1907 4692 baptizare
1932 4638 2090 4677 nemo
2114 4622 2214 4677 du-

622 4715 837 4783 bitaret,
868 4731 960 4786 per
987 4715 1103 4770 haec
1126 4715 1462 4769 ﬁrmamenta
1498 4715 1836 4786 probaretur.
1865 4714 2045 4785 Neque
2071 4716 2213 4770 enim

625 4808 729 4864 hoc
769 4818 896 4864 tunc
937 4808 1090 4879 quasi
1139 4823 1337 4863 novum
1380 4814 1476 4862 aut
1511 4808 1658 4878 quasi
1688 4808 1861 4878 aliqua
1893 4809 2210 4880 cujusquam

622 4901 1043 4956 contradictione
1072 4901 1359 4969 pulsatum,
1388 4900 1615 4955 concilio
1645 4902 1977 4958 statuebatur
1998 4917 2094 4958 seu
2123 4904 2216 4958 lir-

602 4991 878 5070 .mabalur
896 5033 910 5057 ,
936 4991 1076 5061 quod
1102 4992 1342 5047 obstricti
1370 4991 1612 5063 originali
1644 5002 1862 5062 peccato
1904 5003 2216 5051 tenerentur

594 5081 855 5167 ,infantes
887 5100 900 5136 :
933 5084 1027 5138 sed
1052 5099 1172 5139 cum
1203 5085 1313 5139 illic
1346 5085 1448 5141 alia
1476 5086 1498 5118 ⁸
1523 5087 1846 5143 consultatio
1871 5099 2208 5156 versaretur,

602 5169 681 5254 :ct
703 5173 1109 5243 disceptaretur,
1141 5186 1363 5247 propter
1392 5178 1560 5249 legem
1590 5180 1821 5235 carnalis
1850 5180 2215 5237 circumcisio-

586 5255 734 5362 }uis,
769 5277 943 5319 utrum
974 5282 1070 5321 eos
1095 5277 1149 5321 et
1172 5278 1296 5323 ante
1325 5280 1565 5324 octavum
1589 5272 1727 5327 dicm
1756 5272 2026 5342 baptizare
2054 5289 2211 5346 opor-

632 5366 797 5423 teret;
825 5356 944 5412 ideo
973 5358 1020 5413 ei
1050 5358 1139 5428 qui
1168 5358 1269 5414 hoc
1296 5362 1540 5430 negabat,
1578 5380 1737 5419 nemo
1766 5367 2061 5435 consensit,
2089 5370 2212 5439 quia

692 5594 708 5626 ί
740 5591 926 5655 Aliquot
942 5598 1030 5642 BN
1057 5628 1073 5654 ,
1099 5590 1197 5644 sine
1220 5592 1332 5643 ulla.

691 5658 713 5722 ξ
738 5655 876 5715 mliti,
904 5660 996 5704 cla
1016 5663 1276 5717 Rapa-uno.
1304 5664 1507 5722 A_l._MSS_.,
1532 5664 1590 5722 ct;
1606 5659 1859 5722 Baptistae.

693 5718 715 5787 ξ
741 5725 839 5787 am.
862 5723 935 5787 Er.
964 5724 1016 5787 et
1057 5725 1146 5767 Mais
1177 5757 1186 5772 ,
1223 5717 1556 5787 acdpiendqm
1572 5720 1624 5770 in
1647 5717 1733 5771 Iioc
1757 5723 1859 5784 ipso
1880 5726 2088 5787 ﬂa‘ilias.

693 5778 1045 5841 fcorbciensis
1089 5790 1235 5841 vetus
1266 5778 1439 5837 codex,
1468 5781 1714 5832 decretum
1756 5778 2063 5840 censentium
2095 5804 2214 5841 esse.

633 5837 714 5903 Alii
742 5839 963 5903 plerique
980 5848 1111 5903 .\tss_..
1133 5840 1376 5891 decrctmn
1402 5845 1705 5894 consensisse.

695 5901 714 5931 ι
737 5910 833 5949 am.
861 5901 910 5952 et
941 5910 1034 5965 lira,
1059 5901 1162 5953 illa.

1256 486 1345 541 DE
1388 480 1845 539 PECCATOIKUM
1877 442 2153 534 ΠΕΝΤιὸ
2192 475 2280 531 ΕΤ
2320 446 2771 535 REMISSIONE:
2795 475 2854 533 S.
2895 475 3265 534 AUCUSTINI

2656 360 2713 373 μ

3811 479 3921 538 192

2319 585 2430 657 jam
2472 599 2579 642 non
2614 586 3001 644 consulendum
3032 604 3132 644 nec
3167 587 3577 660 disceptandum
3609 589 3666 655 ⁸,
3695 589 3796 647 sed
3821 591 3918 647 lin-

2327 692 2475 732 mum
2518 687 2830 749 certumque
2859 679 3184 748 habebatur,
3216 681 3451 737 animam
3488 679 3650 736 saluti
3692 691 3914 739 tetes-na

2320 769 2645 839 perituram,
2674 770 2721 825 si
2750 770 2888 826 hanc
2916 770 3077 826 vitam
3107 774 3225 827 sine
3249 772 3390 827 illius
3415 771 3751 828 Sacramenti
3774 788 3912 830 con-

2319 860 2595 916 secutione
2621 860 2797 916 ﬁniret
2829 880 2844 917 :
2870 862 3112 931 quamvis
3133 862 3202 917 ab
3222 872 3376 918 utero
3401 861 3757 919 recentissimi
3779 879 3912 934 par-

2318 948 2427 1004 vuli
2466 950 2582 1005 solo
2621 959 2771 1007 reatu
2811 960 2994 1007 essent
3033 953 3237 1023 peccati
3279 951 3558 1023 originalis
3598 953 3846 1010 obstricti
3892 972 3908 1010 :

2317 1056 2485 1112 quare
2525 1041 2632 1097 illis
2669 1042 2770 1098 etsi
2812 1043 2981 1099 multo
3010 1044 3247 1113 facilior,
3279 1043 3421 1115 quod
3447 1044 3744 1101 alienorum
3764 1087 3780 1111 ,
3812 1046 3911 1103 sed

2325 1141 2505 1189 tamen
2526 1142 2672 1190 esset
2691 1135 2993 1190 necessaria
3021 1136 3267 1192 remissio
3290 1144 3651 1205 peccatorum.
3674 1136 3770 1193 His
3790 1153 3913 1194 cer-

2318 1226 2388 1281 tis
2425 1226 2510 1280 illa
2551 1225 2757 1283 incerta
2800 1226 2869 1282 de
2906 1235 3096 1283 octavo
3137 1227 3225 1283 die
3251 1230 3481 1298 quaestio
3506 1228 3763 1284 dissoluta
3791 1237 3910 1294 est,

2316 1326 2474 1388 atque
2503 1317 2554 1372 in
2581 1318 2810 1374 concilio
2830 1318 3150 1388 judicatum,
3174 1318 3376 1374 homini
3396 1330 3541 1385 nato,
3567 1335 3637 1375 ne
3663 1318 3718 1374 in
3744 1328 3913 1376 atter-

2316 1422 2443 1461 num
2474 1416 2678 1477 pereat,
2711 1408 2859 1463 omni
2895 1408 2983 1464 die
3005 1407 3205 1466 debere
3233 1410 3473 1464 succurri
3500 1411 3521 1442 ’
3554 1425 3570 1464 :
3596 1412 3720 1465 cum
3744 1410 3909 1465 etiam

2316 1498 2385 1556 de
2409 1500 2522 1570 ipsa
2551 1500 2753 1556 carnali
2779 1500 3188 1557 circumcisione
3213 1501 3353 1557 ratio
3381 1501 3731 1565 redderetur,
3761 1500 3911 1572 quod

2314 1592 2504 1647 umbra
2539 1598 2686 1649 esset
2719 1589 2882 1647 futuri
2927 1610 2943 1648 :
2986 1605 3095 1647 non
3121 1606 3228 1663 quo
3255 1590 3276 1623 ³
3304 1591 3723 1664 intelligeremus
3742 1591 3910 1647 etiam

2314 1681 2644 1752 Baptismum
2689 1692 2880 1740 octavo
2926 1699 2995 1740 ex
3030 1698 3139 1754 quo
3174 1693 3334 1741 natus
3372 1693 3456 1741 est
3491 1684 3654 1740 homo
3679 1683 3767 1741 die
3789 1683 3909 1740 dari

2314 1782 2569 1842 oportere
2589 1815 2605 1841 ,
2635 1773 2731 1830 sed
2759 1788 2857 1830 nos
2884 1774 2940 1829 in
2969 1772 3167 1830 Christi
3193 1775 3589 1831 resurrectione
3616 1774 3913 1846 spiritualio

2316 1872 2404 1920 ter
2426 1864 2775 1932 circumcidi,
2804 1866 2895 1937 qui
2921 1866 3082 1922 tertio
3120 1865 3335 1936 quidem
3376 1875 3497 1937 post
3524 1867 3666 1924 diem
3695 1868 3909 1937 passio-

2313 1958 2419 2024 nis,
2445 1958 2497 2013 in
2524 1958 2714 2014 diebus
2740 1967 2920 2014 tamen
2946 1957 3425 2026 hebdomadarum,
3447 1959 3642 2030 quibus
3663 1969 3909 2032 tempore

2313 2050 2719 2121 provolvuntur,
2750 2058 2972 2120 octavo,
3002 2050 3107 2107 hoc
3131 2059 3250 2121 est,
3280 2061 3402 2124 post
3425 2052 3704 2110 sabbatum
3731 2054 3912 2126 primo

2313 2140 2401 2196 die
2426 2156 2457 2196 a
2483 2141 2708 2197 mortuis
2734 2142 3053 2199 resurrexit.
3389 2196 3436 2220 ο

2384 2230 2610 2288 CAPUT
2650 2231 2739 2288 Vl.
2766 2260 2839 2275 -
2868 2233 2956 2288 12.
2992 2231 3277 2290 Consensus
3302 2235 3527 2291 omnium
3565 2237 3701 2292 circa
3728 2253 3913 2307 pecca-

2313 2332 2417 2377 tum
2446 2323 2712 2393 originale.
2764 2325 2831 2381 Et
2872 2341 3016 2381 nunc
3057 2327 3242 2383 nescio
3266 2326 3418 2398 cujus
3442 2342 3595 2384 nova:
3620 2327 3644 2362 ⁸
3665 2328 3913 2400 disputa-

2315 2414 2475 2470 tionis
2512 2415 2732 2471 audacia
2776 2416 2990 2487 quidam
3018 2416 3174 2473 nobis
3222 2416 3399 2474 facere
3422 2426 3685 2475 conantur
3726 2421 3910 2497 incer-

2312 2516 2460 2573 tum,
2492 2507 2635 2578 quod
2677 2509 2911 2578 majores
2957 2510 3126 2565 nostri
3167 2510 3236 2565 ad
3281 2510 3620 2567 dissolvenda
3658 2512 3907 2583 quaedam

2313 2613 2432 2669 qua:
2459 2598 2729 2654 nonnullis
2770 2598 3085 2656 videbantur
3110 2600 3349 2667 incerta,
3388 2610 3639 2672 tanquam
3668 2602 3912 2657 certissi-

2312 2704 2458 2744 mum
2490 2689 2852 2759 proferebant.
2881 2690 3107 2760 Quando
3135 2691 3280 2747 enim
3321 2692 3567 2762 primitus
3592 2692 3695 2748 hoc
3722 2692 3911 2763 dispu-

2313 2780 2415 2835 tari
2462 2781 2714 2849 coeperit,
2762 2782 2967 2837 nescio.
2999 2782 3130 2838 lllud
3176 2790 3352 2839 tamen
3396 2784 3544 2852 scio,
3570 2784 3713 2855 quod
3741 2786 3909 2841 etiam

2312 2880 2531 2926 sanctus
2557 2870 2944 2943 Hieronymus,
2990 2874 3081 2944 qui
3127 2873 3392 2944 hodieque
3416 2875 3469 2929 in
3512 2873 3706 2933 litteris
3741 2877 3915 2933 eccle-

2313 2960 2543 3015 siasticis
2586 2961 2608 2993 ⁸
2652 2969 2759 3016 tam
2808 2960 3119 3019 excellentis
3161 2963 3421 3019 doctrinae
3447 2963 3589 3021 fama
3630 2966 3910 3022 aclaboro

2312 3059 2585 3117 versatur,
2619 3051 2687 3107 ad
2715 3052 2971 3123 quasdam
3011 3052 3298 3110 solvendas
3329 3053 3382 3109 in
3429 3053 3541 3111 suis
3581 3055 3731 3111 libris
3753 3070 3908 3126 qua:-

2312 3144 2538 3211 stiones,
2570 3144 2730 3198 etiam
2758 3144 2861 3200 hoc
2898 3145 3255 3201 certissimum
3281 3146 3499 3203 adhibet
3519 3148 3637 3203 sine
3659 3148 3764 3204 ulla
3791 3149 3905 3206 dis-

2313 3234 2617 3303 ceptatione
2662 3235 3064 3292 documentum.
3110 3236 3242 3292 Nam
3269 3238 3322 3293 in
3362 3254 3429 3295 eo
3456 3240 3598 3310 quod
3627 3241 3681 3296 in
3713 3241 3910 3299 Jonam

2314 3323 2631 3395 pr0phetam
2679 3326 2928 3396 scripsit,
2978 3343 3099 3383 cum
3129 3328 3196 3383 ad
3243 3345 3368 3385 eum
3405 3332 3641 3388 venisset
3684 3332 3862 3390 locum
3888 3379 3906 3402 ,

2313 3418 2403 3473 ubi
2432 3429 2921 3476 commemorantur
2959 3421 3119 3476 etiam
3150 3423 3355 3492 parvuli
3381 3424 3587 3494 jejunio
3614 3426 3858 3497 castigati
3892 3447 3907 3483 :

2315 3508 2516 3583 Major,
2548 3511 2746 3582 inquit,
2773 3520 2895 3566 tetas
2924 3512 3126 3584 incipit,
3157 3523 3205 3568 et
3233 3530 3390 3586 usque
3409 3515 3478 3569 ad
3504 3517 3750 3571 minorem
3786 3533 3911 3588 per-

2315 3603 2467 3657 venit.
2513 3601 2704 3657 Nullus
2732 3608 2867 3658 enim
2895 3603 3081 3676 absque
3118 3616 3354 3675 peccato,
3398 3623 3489 3661 nec
3516 3611 3560 3662 si
3594 3610 3745 3663 unius
3788 3612 3911 3682 qui-

2316 3693 2432 3747 dem
2468 3693 2571 3747 diei
2608 3696 2760 3766 fuerit
2787 3696 2888 3749 vita
2929 3697 3073 3766 ejus,
3115 3705 3163 3752 et
3202 3697 3537 3753 numerabiles
3576 3702 3702 3754 anni
3734 3701 3756 3733 ⁸
3793 3702 3914 3757 vita

2315 3785 2458 3841 illius
2499 3784 2617 3858 (Job
2652 3803 2775 3853 xiv,
2822 3788 2900 3858 5).
2946 3788 3010 3844 Si
3046 3789 3180 3843 enim
3220 3789 3383 3844 stella:
3411 3792 3617 3846 munda:
3643 3809 3747 3847 non
3786 3803 3914 3848 sunt

2315 3876 2369 3929 in
2401 3886 2668 3946 conspectu
2706 3875 2832 3944 Dei,
2862 3886 3053 3947 quanto
3081 3878 3243 3949 magis
3268 3880 3448 3933 vermis
3482 3890 3529 3934 et
3560 3885 3771 3950 putredo
3793 3882 3907 3954 (Id.

2315 3981 2457 4030 xxv,
2485 3966 2547 4031 5,
2582 3966 2664 4037 6),
2692 3977 2739 4020 et
2767 3968 2805 4021 ii
2823 3968 2912 4039 qui
2936 3978 3138 4037 peccato
3159 3967 3463 4035 o/fendentis
3484 3972 3646 4025 Adam
3678 3983 3914 4029 tenentur

2317 4058 2521 4112 obnoxii
2550 4056 2788 4130 (Hieron.
2839 4076 2990 4129 super
3029 4076 3145 4132 cap.
3174 4062 3211 4117 5
3231 4061 3442 4135 J0me)?
3469 4063 3624 4120 Hunc
3668 4065 3917 4122 doctissi-

2316 4164 2463 4203 mum
2511 4150 2684 4205 virum
2728 4150 2776 4205 si
2824 4150 2977 4208 facile
3022 4152 3354 4225 interrogare
3393 4169 3702 4224 possemus,
3746 4173 3912 4229 quam

2318 4240 2516 4295 multos
2577 4241 2856 4311 utriusque
2917 4242 3114 4313 lingua:
3169 4243 3470 4300 divinarum
3511 4245 3911 4317 Scripturarum

2319 4341 2635 4389 tractatores
2662 4343 2717 4388 et
2741 4333 3153 4389 Christianarum
3181 4334 3600 4405 disputationum
3618 4337 3914 4407 scriptores

2317 4433 2798 4491 commemoraret,
2826 4423 2915 4492 qui
2942 4440 3046 4479 non
3077 4425 3218 4480 aliud
3238 4467 3254 4492 ,
3281 4441 3348 4481 ex
3368 4442 3475 4496 quo
3495 4427 3688 4481 Christi
3718 4428 3914 4484 Eccle-

2319 4513 2395 4565 sia
2426 4521 2509 4567 est
2547 4514 2834 4569 constituta
2856 4557 2871 4581 ,
2902 4524 3216 4581 senserunt,
3255 4531 3362 4571 non
3390 4517 3531 4573 aliud
3556 4534 3588 4573 a
3618 4519 3914 4590 majoribus

2321 4613 2675 4674 acceperunt,
2708 4620 2814 4659 non
2836 4605 2980 4661 aliud
3009 4608 3235 4676 posteris
3257 4608 3625 4664 tradiderunt?
3646 4610 3761 4681 Ego
3786 4613 3917 4682 qui-

2318 4694 2442 4749 dem
2481 4695 2725 4765 quamvis
2764 4696 2922 4765 longe
2959 4698 3208 4766 pauciora
3250 4698 3470 4768 legerim
3492 4711 3523 4767 ,‘
3540 4716 3643 4755 non
3690 4703 3918 4758 memini

2320 4800 2408 4841 me
2440 4786 2584 4841 aliud
2610 4786 2878 4842 audivisse
2900 4802 2931 4842 a
2959 4786 3277 4844 Christianis
3295 4830 3309 4855 ,
3337 4791 3426 4859 qui
3457 4801 3741 4862 utrumque
3764 4795 3917 4848 acci-

2318 4878 2473 4948 piunt
2500 4877 2936 4947 Testamentum,
2980 4868 3289 4947 nonsolum
3327 4882 3382 4936 in
3426 4883 3689 4939 catholica
3705 4885 3918 4941 'Eccle-

2320 4972 2431 5036 sia,
2462 4986 2648 5026 verum
2673 4972 2834 5027 etiam
2880 4973 2933 5027 in
2973 4974 3213 5044 qualibet
3252 4974 3446 5031 haeresi
3492 4976 3578 5032 vel
3622 4979 3920 5036 schismate

2318 5061 2655 5124 constitutis;
2684 5077 2790 5116 non
2820 5064 3039 5119 memini
3068 5080 3155 5120 me
3182 5066 3327 5121 aliud
3372 5067 3564 5136 legisse
3604 5069 3743 5137 apud
3775 5084 3871 5124 eos
3896 5110 3914 5137 ,

2320 5169 2453 5224 quos
2478 5154 2544 5210 de
2587 5154 2672 5209 his
2697 5155 2856 5211 rebus
2897 5156 3100 5227 aliquid
3147 5158 3443 5214 scribentes
3483 5160 3662 5231 legere
3708 5162 3856 5231 potui
3892 5201 3913 5231 ,

2320 5307 2712 5434 Ρώατιιᾶιῗιᾶωιῖσνη
2736 5321 2843 5371 pro,
2866 5322 2954 5360 nec
2978 5307 3373 5375 disceptandum,
3399 5311 3679 5377 legebatur,
3703 5326 3793 5366 nec
3809 5314 3919 5367 dis-

2383 5431 2564 5502 '__v3tliti,
2588 5430 2734 5502 licere
2765 5445 3071 5502 succurran
3088 5440 3143 5484 At
3164 5447 3337 5502 omnes
3500 5435 3668 5502 gallici
3687 5474 3703 5499 ,
3734 5438 3919 5502 Belgicl

2322 5498 2375 5541 et
2397 5492 2622 5553 Vaticani,
2649 5492 2855 5555 debere;
2880 5496 3074 5544 tametsi
3092 5507 3158 5546 et
3179 5494 3277 5545 illis
3292 5498 3484 5560 quidam
3499 5492 3705 5561 habent,
3723 5492 3921 5552 succur-

2321 5565 2450 5602 rere.

2386 5615 2405 5645 ³
2430 5614 2577 5673 Edili,
2612 5628 2705 5665 non
2737 5616 2883 5679 quod.
2907 5619 3192 5669 Concinnius
3212 5621 3583 5683 Cygirannensis
3610 5624 3786 5686 codex,
3822 5637 3920 5674 non

2322 5688 2653 5802 T‘ghallicaui
2675 5739 2892 5802 quinque
2917 5747 3046 5802 ωδε..
3069 5754 3207 5792 nova.

2328 5800 2333 5803 '
2385 5800 2405 5863 εξ
2434 5805 2480 5846 In
2517 5806 2619 5846 Mss.
2641 5833 2655 5857 ,
2689 5798 2773 5863 qui
2812 5798 3055 5863 'Itodieque
3087 5803 3211 5854 inter
3245 5802 3429 5856 litteras
3452 5808 3806 5859 ecclesiastica:

2388 5860 2535 5932 iam.
2579 5868 2662 5932 Fr.
2695 5860 3123 5932 pluresqueluss”
3160 5874 3204 5932 ct
3235 5865 3605 5921 innumerabiles
3631 5871 3785 5923 anui:
3811 5885 3922 5924 cor—

2325 5934 2401 5983 ω,
2419 5929 2468 5969 te
2494 5935 2597 5984 pro,
2618 5928 2663 5972 et
2692 5924 3058 5977 innumerabiles
3083 5927 3216 5979 anni.
