4202 6584
250 430 360 489 195

254 546 343 620 qui
390 544 701 616 Scripturas
738 541 1022 598 canoeieas
1072 540 1457 608 sequerentur,
1502 530 1583 586 vel
1610 528 1759 599 sequi
1790 540 1850 581 se

257 637 575 700 crederent,
604 635 818 691 credive
843 631 1153 687 voluissent.
1181 626 1337 685 Unde
1373 624 1528 680 nobis
1558 622 1658 677 hoc
1687 635 1852 691 nego-

253 735 391 789 tium
436 739 663 801 repente
705 726 987 783 emerserit
1028 724 1228 778 nescio.
1272 719 1405 775 Nam
1448 724 1572 772 ante
1625 727 1849 785 parvum

258 835 476 896 tempus
505 822 584 895 (a)
629 837 659 876 a
699 819 1016 891 quibusdam
1049 813 1355 870 transitorie
1397 805 1845 880 colloquentibus,

257 919 457 975 cursim
498 917 627 971 mihi
676 929 832 968 aures
880 910 1180 983 perstrictre
1208 917 1367 972 sunt,
1409 919 1528 959 cum
1575 900 1684 956 illic
1708 897 1850 969 apud

254 1009 631 1080 Carthaginem
670 1019 941 1069 essemus,
983 1018 1085 1056 non
1131 999 1244 1053 ideo
1288 994 1525 1069 parvulos
1567 990 1846 1063 baptizari,

259 1114 315 1158 ut
352 1100 692 1156 remissionem
729 1096 981 1165 accipiant
1025 1100 1341 1164 peccatorum
1361 1128 1376 1153 ,
1425 1085 1513 1142 sed
1536 1094 1586 1139 ut
1614 1081 1846 1151 sanctiﬁ-

258 1206 435 1252 centur
461 1195 513 1248 in
539 1191 758 1248 Christo.
789 1189 901 1258 Qua
928 1187 1160 1241 novitate
1187 1190 1458 1253 permotus
1477 1218 1493 1246 ,
1521 1192 1574 1233 et
1601 1176 1724 1247 quia
1748 1189 1850 1245 op-

259 1300 546 1360 portunum
575 1300 682 1339 non
716 1282 816 1337 fuit
837 1291 893 1336 ut
919 1288 1104 1334 contra
1134 1272 1332 1345 aliquiu
1362 1275 1594 1328 diu-rem
1613 1268 1710 1336 ,‘ct
1740 1284 1848 1324 non

258 1380 396 1435 tales
437 1379 678 1433 homines
709 1381 861 1430 erant
909 1372 977 1427 de
1024 1385 1252 1441 quorum
1305 1380 1479 1422 essem
1536 1362 1850 1418 auctoritate

257 1474 555 1537 sollicitus,
582 1468 736 1523 facile
774 1466 875 1521 hoc
911 1466 962 1518 in
992 1461 1274 1517 transactis
1319 1467 1478 1528 atque
1506 1455 1721 1510 abolitis
1752 1453 1849 1507 ha-

258 1565 373 1620 bui.
398 1565 464 1619 Et
492 1576 615 1617 ecce
640 1568 823 1617 contra
853 1556 1144 1613 Ecclesiam
1168 1555 1184 1586 ί
1205 1553 1314 1623 jam
1340 1549 1516 1606 studio
1539 1547 1847 1602 ﬂammante

255 1656 590 1721 defenditur,
620 1665 746 1707 ecce
770 1647 1055 1704 scribendo
1084 1647 1243 1701 etiam
1271 1642 1544 1698 memoria:
1573 1652 1849 1695 commen-

254 1748 444 1810 datur,
467 1760 590 1801 eccc
615 1757 702 1797 res
734 1742 787 1796 in
816 1740 917 1795 hoc
945 1736 1267 1793 discriminis
1293 1732 1574 1788 adducitur
1595 1770 1610 1796 ,
1641 1738 1699 1784 ut
1724 1728 1848 1785 hinc

252 1839 419 1894 etiam
448 1853 478 1890 a
508 1835 755 1890 fratribus
780 1831 1153 1894 consulamur,
1187 1841 1314 1883 ecce
1340 1832 1529 1881 contra
1572 1822 1848 1893 disputare

250 1939 417 2000 atque
435 1926 669 1982 scribere
697 1924 957 1995 cogimur.

328 2018 555 2077 CAPUT
596 2017 706 2073 VII.
734 2046 805 2057 —
841 2016 929 2070 15.
957 2011 1216 2068 Jovimani
1252 2026 1412 2067 error.
1456 2007 1846 2079 Disputatorum

250 2113 591 2190 quorumlibet
613 2110 870 2167 sententia
894 2125 1003 2181 non
1023 2116 1260 2177 tanquam
1284 2104 1559 2158 auctoritas
1580 2100 1842 2155 canonica.

250 2205 534 2261 Peccatum
556 2203 802 2275 originale
827 2200 1077 2272 quomodo
1098 2199 1340 2252 alienum.
1373 2194 1561 2250 Omnes
1597 2195 1652 2247 in
1679 2191 1846 2245 Adam

248 2316 389 2354 unus
417 2298 565 2352 homo
587 2297 799 2367 fuimus.
825 2297 963 2348 Ante
989 2305 1187 2363 paucos
1215 2302 1385 2343 annos
1415 2288 1598 2341 lloma:
1625 2282 1842 2356 quidam

248 2393 462 2449 exstitit
487 2389 795 2446 Jovinianus
818 2429 831 2451 ,
860 2387 951 2458 qui
983 2379 1482 2439 sanctimonialibus
1522 2379 1683 2434 etiam
1713 2385 1846 2430 mta-

248 2483 435 2551 tejam
463 2479 881 2551 provectioribus
902 2476 1116 2546 nuptias
1140 2471 1474 2544 persuasisse
1496 2469 1711 2532 dicitur,
1735 2480 1842 2521 non

245 2574 528 2632 illiciendo
554 2588 660 2645 quo
685 2587 867 2627 earum
897 2570 1127 2641 aliquam
1155 2567 1351 2622 ducere
1373 2563 1537 2619 vellet
1578 2575 1800 2616 uxorem
1822 2600 1838 2624 ,

242 2669 344 2724 sed
388 2665 711 2737 disputando
751 2663 989 2735 virgines
1031 2658 1430 2716 sanctimonio'
1456 2656 1662 2712 dicatas
1707 2652 1841 2706 nihil

239 2761 483 2831 amplius
523 2748 768 2813 fidelibus
803 2754 1100 2826 conjugatis
1142 2750 1283 2821 apud
1313 2751 1481 2804 Deum
1508 2746 1706 2802 habere
1730 2758 1844 2799 me-

238 2853 502 2907 ritorum.
553 2848 830 2919 Nunquam
872 2855 1050 2901 tamen
1079 2844 1131 2899 ei
1176 2842 1278 2897 hoc
1306 2849 1669 2896 commentum
1695 2835 1844 2891 venit

237 2943 298 2999 in
332 2949 567 2997 mentem
585 2984 600 3008 ,
627 2950 685 2995 ut
707 2954 951 2995 asserere
977 2945 1264 2992 conaretur
1287 2934 1403 2988 sine
1442 2930 1683 3002 originali
1710 2944 1840 2999 pec-

236 3047 371 3093 cato
412 3036 560 3089 nasci
590 3034 867 3088 hominum
915 3031 1071 3086 ﬁlios.
1103 3029 1168 3084 Et
1194 3027 1376 3098 otique
1414 3025 1459 3080 si
1504 3024 1608 3079 hoc
1634 3032 1859 3079 astrue-‘

233 3137 363 3192 ret,
394 3127 562 3182 multo
606 3124 892 3196 proclivius
933 3123 1131 3178 vellent
1161 3119 1372 3175 femina:
1415 3116 1655 3181 nubere,
1702 3111 1842 3170 fetus

231 3219 633 3276 mundissimos
675 3216 947 3289 pariturre.
1001 3213 1167 3284 llnjus
1207 3225 1338 3267 sane
1367 3210 1596 3279 scripta,
1632 3221 1755 3261 nam
1784 3214 1841 3261 et

230 3311 489 3368 scribere
526 3325 687 3363 ausus
728 3317 842 3375 est,
872 3320 995 3362 cum
1025 3305 1218 3360 fratres
1243 3302 1309 3357 ad
1338 3300 1723 3372 Hieronymum
1748 3312 1839 3352 re-

228 3401 480 3460 fellenda
519 3402 822 3468 misissent,
846 3414 952 3455 non
982 3397 1156 3454 solum
1189 3396 1241 3451 in
1266 3395 1347 3451 eis
1376 3393 1507 3449 nihil
1545 3392 1651 3448 tale
1690 3406 1843 3447 com-

227 3499 387 3569 perit
407 3537 424 3561 ,
451 3511 634 3549 verum
659 3494 821 3549 etiam
852 3492 920 3547 ad
962 3490 1207 3564 quaedam
1251 3488 1371 3559 ejus
1396 3501 1530 3541 vana
1560 3483 1839 3540 refutanda

160 3652 181 3674 .
226 3590 348 3647 hoc
379 3600 631 3660 tanquam
658 3586 1015 3642 certissimum
1057 3583 1128 3639 de
1170 3580 1403 3636 hominis
1445 3576 1687 3648 originali
1715 3589 1843 3648 pec-

225 3694 367 3741 cato
388 3725 407 3751 ,
437 3682 580 3737 unde
610 3681 793 3751 utique
824 3694 923 3735 nec
962 3679 1135 3749 ipsum
1163 3674 1411 3731 dubitare
1432 3671 1722 3739 credebat,
1754 3669 1841 3724 in-

226 3786 321 3833 ter
353 3775 529 3831 multa
552 3790 647 3829 sua
681 3773 1002 3829 documenta
1041 3766 1378 3840 deprompsit
1413 3763 1654 3838 (Hieron.
1692 3762 1779 3818 lib.
1804 3760 1843 3816 2

221 3876 429 3921 contra
480 3864 838 3929 Joniniauum,
896 3863 1052 3935 paulo
1095 3868 1211 3933 post
1250 3857 1497 3931 initium).
1550 3855 1609 3911 Id
1635 3854 1842 3927 agentis

219 3960 358 4015 bene
392 3956 556 4012 verba
582 3965 705 4012 sunt
733 3973 747 4009 :
779 3975 798 4009 ι
839 3955 943 4023 Qui
970 3954 1092 4008 dicit
1113 3969 1199 4020 se,
1229 3969 1252 4005 ι
1278 3950 1479 4021 inquit,
1513 3967 1533 4003 ‹
1564 3948 1619 4003 in
1641 3945 1842 4004 Christo

222 4071 247 4105 ι
300 4067 554 4114 manere,
601 4050 741 4105 debet
782 4050 913 4104 sicut
951 4049 1041 4103 ille
1077 4045 1380 4111 ambulavit,
1425 4053 1473 4099 et
1512 4044 1622 4116 ipse
1666 4040 1844 4097 ambu-

221 4163 247 4197 e
300 4144 430 4200 lare
462 4162 482 4195 ι
517 4141 560 4215 (1
587 4141 745 4197 Joan.
787 4158 857 4209 tt,
891 4140 970 4213 6).
999 4139 1177 4211 Eligat
1224 4136 1545 4192 aduersarius
1578 4151 1607 4190 e
1646 4132 1843 4190 duobus

211 4238 377 4306 quod
424 4236 532 4289 uult
553 4276 568 4301 ,
609 4236 861 4306 optionem
896 4234 944 4288 ei
972 4233 1177 4287 damus.
1203 4230 1381 4286 Manet
1412 4230 1468 4284 in
1490 4228 1694 4285 Christo
1717 4269 1733 4295 ,
1773 4243 1842 4281 an

212 4344 337 4383 non
373 4328 595 4382 manet?
623 4327 685 4383 Si
713 4335 880 4381 ntanet
901 4369 916 4394 ,
946 4326 1019 4380 ita
1043 4341 1162 4398 ergo
1185 4323 1403 4379 ambulet
1425 4332 1481 4378 ut
1502 4321 1752 4378 Christus.
1778 4321 1842 4377 Si

211 4428 411 4473 autem
439 4418 765 4473 temerarium
786 4427 859 4473 est
883 4460 899 4482 ,
940 4417 1321 4472 similitudinem
1362 4415 1605 4483 virtutum
1632 4411 1844 4467 Domini

212 4509 514 4581 polliceri,
540 4525 643 4563 non
660 4519 845 4564 .manet
868 4511 923 4564 in
946 4508 1178 4575 Christo,
1205 4507 1327 4580 quia
1351 4522 1453 4561 non
1482 4505 1763 4577 ingreditur
1786 4511 1844 4556 ut

209 4604 498 4662 Christus.
543 4601 644 4658 Ille
671 4613 932 4674 peccatum
969 4619 1074 4657 non
1116 4602 1264 4673 fecit,
1313 4615 1473 4671 neque
1496 4600 1727 4653 inventus
1768 4606 1845 4652 est

208 4699 385 4753 dolus
406 4696 469 4749 in
498 4711 583 4750 ore
618 4697 730 4765 ejus
749 4737 763 4762 ,
792 4696 877 4766 qui
902 4710 1018 4748 cum
1042 4691 1422 4747 malediceretur
1441 4733 1456 4759 ,
1493 4707 1595 4745 non
1622 4689 1842 4745 remale-

207 4790 394 4855 dixit,
444 4795 495 4841 et
518 4796 757 4858 tanquam
784 4802 949 4858 agnus
983 4800 1156 4840 coram
1204 4782 1470 4850 tondente,
1502 4783 1576 4837 sic
1600 4798 1701 4837 non
1720 4798 1843 4854 ape—

205 4883 325 4936 ruit
364 4896 436 4934 os
463 4895 614 4933 suum
641 4878 798 4948 (lsai.
829 4896 917 4935 un
937 4922 952 4947 ,
993 4879 1063 4945 9,
1087 4887 1135 4932 et
1158 4878 1180 4933 i
1202 4875 1346 4931 Petr.
1375 4892 1446 4943 It,
1476 4876 1583 4942 22,
1609 4875 1742 4949 23);
1773 4874 1843 4929 ad

204 4989 377 5042 quem
406 4970 551 5024 venit
588 4970 821 5041 princeps
845 4969 1022 5024 mundi
1045 4969 1220 5035 istius,
1251 4979 1298 5023 et
1323 4968 1511 5022 invenit
1547 4968 1601 5022 in
1630 4983 1687 5021 eo
1714 4967 1842 5022 nihil

203 5060 416 5134 (Joan.
452 5076 585 5127 ιιν,
613 5061 733 5131 50);
777 5061 866 5131 qui
904 5077 1020 5115 cum
1068 5070 1331 5131 peccatum
1352 5076 1453 5114 non
1483 5059 1708 5131 fecisset,
1750 5074 1842 5125 pro

200 5155 373 5210 nobis
427 5164 702 5224 peceatum
748 5171 860 5208 eum
891 5155 1011 5225 fecit
1056 5153 1192 5209 Deus
1236 5153 1299 5228 (ll
1332 5152 1541 5222 Conv,
1568 5152 1681 5225 2|).
1729 5152 1842 5209 Nos

197 5256 439 5311 autem,
498 5242 653 5312 juxta
708 5242 996 5313 Epistolam
1044 5244 1260 5313 Jacobi,
1309 5263 1329 5297 ε
1376 5245 1538 5299 multa
1577 5261 1843 5317 peccamus

217 5362 238 5394 e
275 5350 492 5395 anates
519 5353 539 5387 ι
576 5334 777 5406 (Jacobi
797 5354 851 5392 ut
873 5379 888 5405 ,
910 5338 970 5403 2)
988 5379 1002 5404 ,
1027 5349 1072 5393 et
1098 5355 1242 5394 nemo
1282 5339 1500 5393 mundus
1528 5354 1561 5392 a
1591 5339 1839 5409 peccatis,

273 5472 511 5587 ἒ
582 5479 750 5521 contra
788 5469 1080 5534 Ecclesium,
1117 5475 1179 5523 ab
1215 5474 1441 5523 omnibus
1486 5487 1639 5537 pr0pe
1671 5487 1843 5523 manu-

191 5550 665 5715 θιῃιλῖξη
708 5594 1038 5647 sanctimonia!
1063 5609 1082 5646 .'
1125 5606 1373 5661 corrupte.
1432 5598 1547 5649 \‘ide
1581 5604 1746 5647 Enarr.
1794 5599 1846 5648 in

261 5692 860 5794 ὅλυχζυῖᾷνῗᾷῖίῖἀίέυυδν,
877 5719 996 5794 ma
1011 5733 1121 5794 cum
1143 5720 1270 5786 ³1)υά
1292 5720 1630 5794 C3_I‘li_lag_inem
1651 5720 1848 5794 Collatia

185 5783 313 5839 cmi)
660 5783 945 5856 haberetur.
961 5791 1070 5856 .Qtto
1093 5783 1318 5856 tempore
1341 5783 1588 5856 Pelagium
1625 5796 1653 5831 a
1693 5797 1749 5856 s_e
1772 5786 1847 5856 κῇ.-

185 5850 587 5964 :m‘stestatur
623 5845 933 5909 augustinus,
961 5845 1099 5907 intra,
1137 5844 1348 5896 in‘libro
1369 5847 1434 5898 de
1454 5844 1609 5898 (testis
1647 5844 1845 5911 Pelagii,

1628 413 1831 471 [ABER
1872 412 2193 475 TERTIUS.

3446 439 3551 498 10$

1956 542 2048 622 nec
2082 531 2129 583 si
2168 531 2313 586 unius
2346 536 2546 602 quidem
2569 537 2670 593 diei
2692 539 2846 610 fuerit
2879 543 2980 599 vita
3005 545 3118 617 ejus
3137 544 3281 618 (Job.
3316 564 3405 605 xxv
3424 592 3438 617 ,
3468 552 3544 622 5).

1957 619 2085 687 Quis
2132 625 2263 678 enim
2305 627 2607 697 gloriabitur
2630 642 2821 688 castum
2858 653 2913 692 se
2953 637 3139 694 habere
3171 656 3259 694 cor
3280 682 3293 707 ,
3325 653 3410 695 aut
3438 619 3550 711 quis

1953 715 2172 783 con/idet
2197 719 2440 775 mundum
2458 739 2512 776 se
2533 740 2639 778 esse
2658 742 2690 778 α
2718 729 2945 797 peccatis
2966 728 3147 804 (Prov.
3175 749 3245 788 xx
3274 776 3287 799 ,
3322 732 3421 807 9)?
3454 733 3549 789 Te-

1952 822 2226 880 nenturque
2260 812 2333 866 rei
2376 814 2429 868 in
2463 816 2845 875 similitudinem
2886 826 3315 894 prcevaricationis
3356 827 3545 887 Adam.

1957 895 2105 953 Unde
2128 908 2176 954 et
2206 900 2370 957 David
2397 906 2552 973 dicit,
2588 926 2608 961 ε
2644 908 2774 966 Ecce
2813 913 2866 967 in
2894 901 3241 986 iniquitatibus
3271 931 3541 991 conceptus

1957 1006 1979 1043 ι
2022 1006 2168 1058 sunt,
2219 1004 2265 1049 et
2294 996 2348 1050 in
2376 996 2570 1054 delictis
2607 1004 2836 1076 concepit
2875 1022 2953 1060 me
2988 1018 3147 1062 mater
3166 1027 3276 1065 mea
3312 1031 3331 1065 ι
3364 1012 3541 1084 (Psal.

1952 1085 2126 1156 t.,~7).
2660 1140 2665 1147 ,
2818 1113 2823 1118 ~

2023 1178 2110 1232 14.
2144 1178 2269 1236 ΙΙωο
2291 1196 2395 1238 non
2439 1184 2560 1241 ideo
2584 1192 3033 1260 commemoravi,
3066 1194 3205 1264 quod
3250 1197 3547 1269 diSputato-

1951 1283 2067 1325 rum
2097 1276 2453 1343 quorumlibet
2482 1280 2766 1337 sententiis
2796 1293 3044 1354 tanquam
3073 1289 3328 1344 canonica
3358 1302 3544 1346 aucto-

1951 1363 2108 1419 ritate
2136 1365 2397 1435 nitamur;
2428 1370 2523 1424 sed
2564 1380 2620 1426 ut
2658 1386 2942 1445 appareat,
2976 1377 3042 1432 ab
3081 1378 3232 1434 initio
3282 1398 3447 1453 usque
3476 1384 3545 1441 ad

1951 1468 2192 1524 praesens
2242 1467 2450 1529 tempus
2484 1477 2590 1532 quo
2638 1464 2740 1520 ista
2785 1468 2992 1522 novitas
3030 1478 3145 1524 orta
3189 1481 3298 1538 est,
3332 1472 3433 1528 hoc
3474 1474 3544 1530 de

1951 1546 2191 1618 originali
2221 1563 2436 1619 peccato
2460 1553 2601 1624 apud
2647 1555 2898 1614 Ecclesia:
2928 1558 3086 1616 fidem
3121 1571 3261 1617 tanta
3288 1576 3545 1620 constan-

1952 1637 2022 1692 tia
2051 1640 2373 1696 custoditum
2393 1684 2409 1710 ,
2440 1652 2497 1699 ut
2524 1644 2593 1699 ab
2619 1647 2697 1701 eis
2716 1650 2803 1719 qtti
2824 1649 3087 1706 dominica
3118 1662 3404 1710 tractarent
3432 1657 3548 1712 clo-

1950 1731 2106 1802 quia,
2163 1734 2350 1822 magis
2381 1736 2738 1795 certissimum
2778 1740 3106 1812 proferretur
3150 1745 3215 1799 ad
3265 1747 3365 1802 alia
3409 1747 3540 1804 falsa

1947 1823 2257 1893 refutanda,
2285 1842 2445 1898 quam
2491 1828 2546 1884 id
2592 1838 2840 1903 tanquam
2868 1833 3059 1889 falsum
3112 1836 3328 1893 refutari
3355 1840 3422 1895 ab
3446 1840 3546 1895 ali-

1947 1929 2056 1985 quo
2086 1923 2403 2005 tentaretur.
2445 1919 2709 1978 Caeterum
2738 1926 2789 1979 in
2815 1924 3023 1981 Sanctis
3066 1931 3338 1986 canonicis
3366 1931 3543 1989 Libris

1947 2007 2090 2078 viget
2119 2009 2276 2079 hujus
2302 2014 2583 2069 sententia:
2612 2014 2908 2071 clarissima
2932 2028 2987 2073 et
3014 2018 3320 2089 plenissima
3348 2035 3541 2078 aecto-

1947 2099 2079 2155 ritas
2123 2119 2139 2157 :
2180 2104 2377 2159 clamat
2404 2106 2695 2177 Apostolus
2715 2149 2730 2174 ,
2763 2108 2867 2164 Per
2891 2127 3044 2165 unum
3082 2112 3335 2167 hominem
3361 2133 3542 2185 pecca-

1947 2201 2052 2246 tum
2074 2194 2274 2249 intravit
2296 2197 2349 2251 in
2371 2198 2615 2252 mundum
2635 2240 2651 2265 ,
2674 2209 2721 2255 et
2741 2217 2831 2273 per
2847 2213 3107 2271 peccatum
3133 2221 3268 2258 mors
3283 2222 3303 2271 ;
3320 2216 3366 2259 et
3390 2208 3463 2261 ita
3487 2210 3541 2263 in

1948 2298 2120 2338 omnes
2153 2284 2381 2341 homines
2422 2290 2742 2359 pertransiit,
2782 2290 2837 2345 in
2865 2308 2964 2363 quo
3001 2309 3174 2347 omnes
3211 2308 3545 2365 peccaverunt

1950 2374 2124 2447 (Rom.
2172 2391 2243 2444 v,
2289 2376 2402 2449 12).
2447 2377 2598 2436 Unde
2627 2396 2731 2439 nec
2770 2380 2899 2438 illud
2945 2384 3147 2455 liquide
3191 2387 3293 2443 dici
3322 2399 3539 2459 potest,

1944 2469 2084 2540 quod
2118 2481 2393 2540 peccatum
2430 2474 2563 2530 Adae
2609 2476 2768 2531 etiam
2795 2493 2902 2561 non
2947 2483 3288 2549 peccantibus
3317 2487 3539 2552 nocuit,

1944 2576 2065 2617 cum
2112 2562 2391 2635 Scriptura
2418 2564 2595 2632 dicat,
2637 2569 2688 2622 in
2726 2586 2825 2640 quo
2853 2587 3025 2627 omnes
3057 2586 3404 2643 peccaverunt.
3431 2577 3541 2635 Nec

1944 2654 2023 2710 sic
2051 2654 2302 2713 dicuntur
2330 2657 2432 2714 ista
2456 2658 2631 2717 aliena
2657 2673 2873 2732 peccata
2896 2706 2911 2731 ,
2944 2674 3192 2737 tanquam
3223 2670 3441 2725 omnino
3472 2673 3539 2727 ad
3567 2702 3574 2709 -

1944 2749 2196 2818 parvulos
2239 2765 2347 2805 non
2386 2752 2688 2821 pertineant
2719 2772 2732 2808 :
2764 2755 3028 2827 siquidem
3055 2760 3106 2812 in
3145 2760 3315 2816 Adam
3352 2779 3543 2820 omnes

1946 2847 2072 2895 tunc
2114 2850 2509 2911 peccaverunt,
2553 2844 2766 2917 quando
2808 2846 2861 2901 in
2897 2845 3013 2917 ejus
3042 2858 3229 2904 natura
3254 2852 3342 2906 illa
3383 2853 3540 2909 insita

1944 2930 2000 2986 vi
2022 2947 2125 3003 qua
2153 2934 2170 2966 ⁸
2198 2948 2295 2990 eos
2337 2935 2557 3006 gignere
2586 2945 2827 3007 poterat,
2854 2939 3029 2996 adhuc
3057 2956 3244 2997 omnes
3284 2943 3373 2998 ille
3402 2961 3542 3000 unus

1942 3020 2157 3079 fuerunt
2184 3040 2198 3077 :
2221 3025 2316 3080 sed
2345 3025 2595 3083 dicuntur
2621 3029 2793 3084 aliena
2811 3071 2825 3093 ,
2847 3032 2970 3101 quia
2998 3032 3232 3088 nondum
3271 3034 3370 3104 ipsi
3410 3052 3538 3107 age-

1943 3115 2073 3172 bant
2096 3118 2229 3173 vitas
2257 3119 2534 3190 proprias,
2566 3120 2661 3177 sed
2701 3120 2958 3194 quidquid
2983 3137 3099 3180 erat
3125 3127 3175 3181 in
3206 3125 3380 3183 futura
3411 3144 3560 3199 ιιι-υς.

1945 3210 2136 3281 pagine
2155 3253 2171 3276 ,
2199 3212 2307 3266 vita
2339 3212 2498 3268 unius
2523 3211 2757 3268 hominis
2784 3217 3113 3274 continebat.

2012 3301 2242 3361 CAPUT
2268 3304 2404 3361 Vl".
2434 3335 2503 3347 --
2524 3307 2608 3364 15.
2630 3305 2777 3364 Unde
2798 3325 3013 3367 errores.
3036 3313 3332 3367 Similitudo
3355 3330 3386 3367 a
3412 3329 3543 3384 pra:-

1944 3395 2085 3467 putio
2107 3397 2537 3467 circumcisorum,
2557 3407 2606 3454 et
2633 3400 2780 3468 palea
2804 3400 3042 3469 frumenti
3056 3405 3231 3472 petita.
3246 3436 3326 3461 —.
3348 3405 3535 3473 Nulla,

1942 3487 2204 3558 inquiunt,
2222 3490 2418 3544 ratione
2438 3492 2746 3560 conceditur,
2763 3500 2818 3546 ut
2840 3491 2975 3548 Deus
2989 3497 3075 3563 qui
3097 3499 3304 3568 propria
3327 3512 3537 3569 peccata

1941 3579 2168 3643 remittit,
2195 3580 2405 3651 imputet
2430 3581 2616 3636 aliena.
2645 3580 2910 3651 Remittil,
2929 3586 3021 3640 sed
3046 3588 3234 3655 Spiritu
3264 3607 3541 3661 regenera-

1942 3671 2033 3736 tis,
2051 3686 2157 3726 non
2174 3686 2333 3728 carne
2350 3674 2618 3743 generatis
2644 3694 2658 3729 :
2682 3676 2910 3747 imputat
2931 3693 3059 3734 vero
3077 3696 3182 3735 non
3204 3682 3314 3753 jam
3341 3688 3535 3757 aliena,

1943 3761 2039 3819 sed
2085 3764 2317 3835 propria.
2351 3765 2538 3822 Aliena
2568 3767 2765 3838 quippe
2792 3779 2979 3837 erant,
3009 3772 3221 3844 quando
3257 3773 3310 3829 hi
3351 3778 3442 3847 qui
3473 3793 3540 3835 ea

1945 3862 2230 3926 propagata
2256 3864 2563 3927 portarent,
2596 3857 2832 3915 nondum
2861 3872 3017 3919 erant
3046 3881 3062 3920 :
3090 3879 3233 3922 nunc
3258 3880 3387 3923 vero
3417 3881 3538 3924 ear-

1944 3945 2050 4001 nali
2093 3947 2441 4017 generatione
2483 3947 2595 4019 jam
2623 3964 2809 4007 eorum
2858 3962 3017 4021 sunt,
3062 3956 3258 4026 quibus
3303 3960 3532 4016 nondum

1943 4040 2205 4112 spirituali
2225 4043 2628 4112 regeneratione
2652 4043 2871 4101 dimissa
2896 4057 3042 4104 sunt.

1951 4146 1955 4151 ‘
2018 4135 2107 4189 16.
2149 4133 2257 4189 Sed
2298 4136 2343 4190 si
2365 4135 2687 4205 Baptisutus,
2731 4138 3009 4210 inquiunt,
3036 4147 3248 4198 mundat
3276 4146 3540 4216 antiquum

1944 4226 2077 4281 illud
2104 4226 2377 4295 delictum,
2418 4228 2505 4297 qui
2529 4227 2592 4282 de
2614 4228 2810 4284 duobus
2849 4231 3117 4302 baptizatis
3162 4236 3271 4289 nati
3309 4238 3536 4310 fuerint,

1945 4315 2126 4371 debent
2168 4317 2263 4372 hoc
2305 4333 2478 4372 carere
2516 4327 2739 4389 peccato.
2793 4320 2915 4376 Non
2968 4324 3101 4378 enim
3150 4336 3421 4397 potuerunt
3471 4329 3540 4382 ad

1945 4418 2172 4479 posteros
2219 4411 2587 4478 transmittere,
2636 4411 2775 4482 quod
2819 4412 2919 4483 ipsi
2974 4416 3178 4471 minime
3237 4417 3536 4476 habuerunt.

1944 4501 2085 4558 Ecce
2120 4502 2261 4557 unde
2291 4502 2608 4575 plerumque
2637 4507 2964 4563 convalescit
2992 4525 3146 4564 error
3166 4553 3181 4578 ,
3213 4527 3334 4567 cum
3367 4512 3541 4568 horni-

1944 4610 2044 4652 nes
2082 4596 2259 4652 idonei
2287 4607 2413 4651 sunt
2439 4597 2522 4653 his
2568 4598 2728 4653 rebus
2757 4598 3183 4671 interrogandis,
3226 4605 3417 4673 quibus
3461 4606 3540 4660 in-

1946 4689 2250 4760 telligendis
2293 4704 2398 4744 non
2425 4697 2549 4745 sunt
2589 4690 2788 4746 idonei.
2818 4691 2917 4749 Cui
2960 4693 3103 4748 enim
3148 4695 3412 4763 auditori,
3457 4698 3539 4751 γει

1943 4783 2135 4855 quibus
2178 4782 2439 4853 explicent
2483 4783 2691 4852 verbis,
2740 4786 3014 4857 quomodo
3060 4788 3304 4843 mortalia
3349 4790 3537 4844 vitiosa

1944 4875 2232 4948 primordia
2258 4891 2365 4930 non
2387 4876 2567 4931 obsint
2592 4877 2691 4944 eis,
2719 4878 2811 4949 qui
2839 4879 2960 4934 aliis
2987 4880 3291 4950 primordiis
3322 4882 3540 4940 immor-

1944 4968 2141 5023 talibus
2193 4966 2429 5020 inchoati
2469 4975 2628 5033 sunt;
2681 4976 2737 5023 et
2789 4978 2967 5023 tamen
3020 4969 3196 5027 obsint
3246 4970 3358 5039 eis,
3404 4990 3541 5045 quos

1945 5057 2104 5113 iidem
2147 5058 2275 5130 ipsi,
2317 5057 2511 5127 quibus
2552 5057 2663 5128 jam
2694 5074 2801 5114 non
2848 5060 3079 5129 obsunt,
3109 5076 3176 5118 ex
3221 5063 3425 5118 eisdem
3465 5066 3541 5120 \i-

1947 5154 2098 5210 tiosis
2121 5152 2424 5224 primordiis
2451 5155 2866 5224 generaverint?
2892 5156 3161 5226 quomodo
3199 5157 3250 5213 id
3279 5156 3542 5229 intelligat

1945 5245 2144 5311 homo,
2187 5244 2341 5316 cujus
2388 5244 2768 5300 tardiusculam
2812 5255 3049 5301 mentem
3080 5246 3302 5318 impedit
3347 5257 3401 5303 et
3429 5264 3540 5304 suae

1946 5336 2227 5393 sententia:
2260 5335 2646 5407 praejudicium,
2673 5344 2727 5391 et
2750 5337 3060 5407 pervicacia:
3076 5338 3406 5410 gravissima:
3434 5342 3543 5395 vin-

1946 5427 2163 5485 culum?
2214 5426 2594 5483 Verumtamen
2664 5428 2710 5483 si
2758 5428 3019 5485 adversus
3065 5444 3162 5486 eos
3216 5429 3346 5486 mihi
3396 5444 3542 5487 esset

1948 5536 2106 5577 causa
2149 5520 2250 5576 ista
2297 5529 2578 5591 suscepta,
2611 5519 2703 5591 qui
2744 5522 2963 5576 omnino
3006 5522 3257 5593 parvulos
3286 5522 3539 5593 baptizari

1950 5612 2272 5685 prohibent,
2318 5620 2408 5666 aut
2452 5610 2721 5681 superﬂuo
2762 5613 3018 5682 baptizari
3053 5613 3411 5680 contendunt,
3461 5614 3541 5668 di-

2015 5724 2033 5756 ¹
2057 5720 2194 5795 “illa
2229 5719 2447 5795 ίηξίιαὲη
2484 5734 2596 5795 (ιυρ-
2621 5722 2924 5795 (ἒεδιῖεθηιξξς
2959 5738 3023 5795 ex
3063 5724 3418 5795 ιηεηυβοιῑίιλιίεε
3457 5722 3542 5795 (ιυὲ

1951 5792 2117 5856 tamen
2149 5784 2326 5856 hicsic
2369 5783 2692 5856 dissentiunt,
2735 5783 2791 5835 tit
2834 5784 2914 5836 alii
2948 5787 3154 5856 ferant,
3194 5783 3339 5854 insita
3372 5785 3442 5851 vis
3472 5783 3542 5851 ist

1949 5846 2141 5969 Lunaque
2155 5858 2175 5908 ;
2214 5845 2329 5907 alii,
2376 5843 2519 5895 insita
2561 5844 2606 5895 ci
2650 5840 2701 5895 in
2742 5859 2875 5911 qua;
2916 5848 2997 5900 alii
3041 5840 3272 5909 tandem,
3321 5845 3462 5897 insita
3497 5840 3544 5894 ei
