4202 6524
658 396 762 451 193$

656 517 841 564 centes
859 521 953 563 eos
976 522 1041 563 ex
1070 503 1317 561 ﬁdelibus
1341 511 1527 569 natus,
1555 511 1838 573 parentum
1867 501 2113 556 meritum
2142 514 2241 555 ne-

654 602 893 659 cessario
916 599 1169 668 consequi
1198 614 1212 652 :
1241 606 1367 651 tunc
1394 595 1646 650 deberem
1671 593 1739 649 ad
1779 593 1915 648 lianc
1937 592 2245 663 opinionem

655 691 1072 750 convim-endam
1101 688 1416 744 laboriosius
1446 687 1685 743 'm‘tassis
1710 697 1765 742 et
1789 686 2069 755 operosius
2095 684 2245 739 exci-

660 787 783 841 tari.
814 774 967 853 Tunc
988 783 1031 841 si
1055 781 1185 856 mihi
1211 780 1349 850 apud
1370 781 1590 835 obtusus
1613 788 1669 835 et
1690 779 2080 840 contentiosos,
2119 791 2247 846 pro-

661 886 779 949 pter
805 891 982 930 rerum
1022 883 1226 927 naturae
1251 871 1663 937 obscuritatem,
1692 869 1973 924 difﬁcultas
1999 867 2249 923 refellen-

657 966 710 1022 di
741 968 868 1020 falsa
899 974 951 1020 et
979 962 1332 1033 persuadendi
1370 976 1491 1016 vera
1525 961 1832 1026 resisteret,
1864 959 1929 1013 ad
1968 959 2085 1017 tunc
2110 957 2247 1014 forte

657 1074 779 1126 qua:
808 1057 858 1109 in
882 1071 980 1109 usu
1002 1062 1164 1123 atque
1193 1054 1244 1106 in
1279 1060 1524 1122 promptu
1571 1049 2013 1118 essentexempla
2054 1046 2247 1103 confu-

656 1163 843 1217 gerem
874 1162 890 1202 :
920 1146 1259 1214 vicissimque
1288 1145 1702 1212 interrogarem,
1748 1149 1806 1194 ut
1831 1141 1953 1209 quia
1991 1155 2085 1194 eos
2132 1154 2248 1193 mo-

659 1248 812 1293 veret
851 1236 1117 1308 quomodo
1149 1244 1419 1305 peccatum
1447 1233 1589 1304 quod
1636 1231 1919 1286 inundatur
1949 1246 2044 1300 per
2070 1230 2250 1302 Bapti-

657 1347 832 1384 smum
854 1370 870 1395 ,
905 1338 1115 1383 maneat
1145 1330 1195 1381 in
1224 1328 1301 1382 eis
1347 1342 1479 1397 quos
1509 1324 1787 1394 genuerth
1831 1323 2114 1394 baptizati;
2146 1321 2247 1392 ipsi

658 1424 987 1488 esplicarcot
1024 1418 1290 1489 quomodo
1320 1417 1639 1487 pra-potioni
1666 1413 1807 1485 quod
1837 1429 1932 1483 per
1960 1412 2245 1467 circumci-

656 1514 864 1567 sionein
892 1512 1162 1576 aufertur,
1213 1503 1423 1562 maneat
1459 1508 1511 1561 in
1560 1507 1639 1561 eis
1667 1522 1800 1576 quos
1829 1504 2111 1576 genuerint
2138 1504 2246 1559 cir-

659 1603 911 1667 cumcisi;
953 1600 1222 1671 quomodo
1267 1600 1426 1654 etiam
1458 1599 1605 1668 palea
1632 1613 1751 1667 quae
1796 1611 1963 1666 opere
2009 1595 2245 1651 humano

659 1703 805 1746 tanta
847 1689 1117 1760 diligentia
1169 1700 1480 1761 separatur,
1508 1696 1726 1743 maneat
1768 1688 1822 1742 in
1850 1688 2024 1742 fructu
2062 1687 2154 1757 qui
2176 1685 2246 1742 de

659 1796 882 1855 purgato
906 1793 938 1836 ιι
956 1783 1078 1837 itieo
1106 1783 1358 1837 nascitur.

730 1875 953 1931 CAPUT
995 1873 1083 1928 ιχ.
1132 1903 1205 1914 -
1254 1872 1341 1927 17.
1391 1870 1514 1926 Non
1557 1887 1755 1937 semper
1792 1869 2055 1927 christiani
2105 1869 2246 1923 chri-

656 1969 849 2022 stianos
868 2008 882 2032 ,
915 1983 1072 2035 neque
1097 1964 1326 2029 mandati
1355 1962 1637 2029 mundatus,
1666 1963 1897 2033 gignunt.
1928 1961 2020 2016 llis
2045 1970 2100 2016 et
2126 1961 2247 2016 lali—

663 2059 764 2113 bus
833 2057 1056 2112 forsitan
1102 2067 1388 2125 utcumque
1436 2069 1662 2109 conarer
1707 2054 1966 2123 exemplis
2021 2066 2244 2124 persua-

656 2148 787 2204 dere
831 2147 1167 2211 liomiuibus,
1210 2146 1300 2215 qui
1350 2144 1712 2199 mundationis
1759 2145 2104 2199 Sacramenta
2152 2157 2247 2198 su-

658 2242 865 2310 perlluo
901 2240 1021 2293 filiis
1063 2238 1436 2293 nnmdatorum
1474 2238 1757 2292 crederent
1794 2237 2054 2302 adhiberi,
2086 2250 2247 2306 quam

660 2341 817 2386 recto
875 2330 1098 2384 consilio
1167 2329 1549 2398 baptizatorum
1593 2328 1794 2397 parvuli
1844 2328 2178 2396 baptizentur
2224 2343 2239 2382 :

666 2438 932 2491 quamque
960 2421 978 2453 ¹
1008 2420 1120 2475 ﬁeri
1171 2420 1341 2491 possit
1375 2429 1428 2474 ut
1482 2418 1684 2473 homini
1720 2418 1931 2473 habenti
1960 2427 2244 2488 utrumque

659 2527 878 2577 semen,
905 2519 960 2566 et
988 2511 1175 2564 mortis
1203 2513 1254 2564 in
1281 2524 1470 2575 carne,
1493 2520 1548 2564 et
1565 2496 1978 2563 immortalitatis
2006 2509 2058 2563 in
2085 2510 2247 2580 spiri-

661 2614 740 2667 tu,
772 2620 877 2667 non
893 2604 1033 2656 obsit
1053 2611 1363 2672 regenerato
1383 2617 1476 2672 per
1500 2602 1743 2672 spiritum
1763 2643 1776 2665 ,
1796 2603 1937 2671 quod
1958 2602 2107 2657 obest
2122 2601 2250 2670 ejus

660 2695 772 2749 ﬁlio
799 2704 1052 2764 generato
1099 2710 1193 2763 per
1217 2709 1468 2759 carnem;
1499 2695 1673 2764 sitque
1721 2695 1773 2749 in
1800 2694 1903 2749 isto
1934 2694 2250 2749 remissione

658 2788 993 2853 mundatum,
1017 2787 1156 2857 quod
1170 2787 1411 2841 sitetiam
1434 2786 1488 2840 in
1506 2786 1595 2838 illo
1615 2785 1772 2841 simili
1792 2784 2128 2851 remissiOue,
2158 2799 2251 2840 ve-

658 2880 738 2936 lut
763 2881 1202 2945 circumcisione,
1232 2880 1375 2935 velut
1418 2878 1754 2933 trituratione
1799 2892 1863 2933 ac
1882 2877 2247 2946 ventilatione,

658 2971 1047 3049 mandandum.
1078 2970 1227 3025 Nune
1258 2985 1405 3033 vero.
1433 2968 1861 3040 quandoquidem
1893 2985 2011 3025 cum
2040 2967 2119 3023 eis
2134 2969 2250 3038 agi-

658 3078 801 3127 mus,
833 3063 921 3133 qui
951 3063 1272 3116 conllteutur
1300 3061 1684 3131 baptizaturqu
1708 3061 1844 3116 ﬁlios
1880 3060 2247 3132 baptizandus;

657 3162 860 3225 Quanto
878 3154 1067 3207 melius
1078 3154 1156 3208 sic
1170 3151 1397 3224 agimus,
1415 3164 1471 3206 ut
1488 3152 1747 3215 dicamus,
1765 3151 1871 3206 Vos
1887 3153 1973 3222 qui
1986 3151 2247 3219 asseritis,

658 3246 728 3301 de
758 3245 1058 3300 hominibus
1084 3260 1114 3299 a
1149 3244 1354 3316 peccati
1406 3244 1523 3299 labe
1574 3243 1844 3298 mundatis
1888 3244 2007 3299 sine
2034 3249 2251 3312 peccato

660 3340 806 3394 nasci
837 3340 973 3392 ﬁlios
993 3337 1258 3403 debuisse,
1279 3352 1374 3391 cur
1391 3352 1496 3391 non
1518 3336 1812 3400 attenditis,
1836 3350 1900 3390 eo
1922 3334 2080 3389 modo
2101 3333 2251 3388 vobis

661 3447 819 3504 posse
845 3430 946 3486 dici
968 3472 983 3496 ,
1015 3430 1081 3483 de
1104 3424 1409 3485 christianis
1439 3428 1749 3498 parentibus
1780 3427 2101 3495 christianos
2151 3438 2251 3478 na-

660 3526 737 3580 sci
762 3524 895 3578 filias
921 3520 1206 3577 debuisse?
1244 3518 1352 3576 Cur
1379 3536 1506 3591 ergo
1546 3535 1640 3574 eos
1674 3518 1992 3573 christianos
2021 3514 2133 3571 ﬁeri
2158 3514 2255 3570 de-

663 3618 793 3672 bere
817 3615 1087 3671 censetis?
1116 3614 1383 3691 Numquid
1429 3614 1479 3668 in
1510 3628 1695 3668 eorum
1729 3612 2037 3681 parentibus
2057 3622 2254 3677 corpus

661 3708 1008 3769 christianum
1051 3687 1155 3760 non
1199 3686 1353 3771 erat,
1398 3706 1591 3775 quibus
1628 3703 1826 3757 dictum
1872 3712 1987 3768 est,
2031 3698 2253 3755 Nescitis

662 3801 781 3870 quia
804 3815 1015 3870 corpora
1035 3809 1198 3852 vestra
1219 3796 1440 3849 membra
1461 3807 1574 3850 sunt
1599 3794 1786 3849 Christi
1813 3794 1854 3867 (l
1877 3791 1995 3848 Cor.
2019 3810 2090 3855 γι,
2121 3791 2253 3863 15)?

662 3890 745 3945 An
792 3889 927 3943 forte
953 3905 1146 3957 corpus
1186 3888 1402 3958 quidem
1442 3888 1790 3941 christianum
1836 3886 1905 3940 de
1947 3885 2254 3940 christianis

665 3984 974 4054 parentibus
1005 3993 1183 4036 natum
1225 3990 1308 4036 est
1331 4022 1346 4044 ,
1376 3979 1471 4035 sed
1513 3995 1617 4034 non
1646 3979 1991 4032 Christianam
2019 3977 2253 4032 animam

665 4074 909 4145 accepit?
959 4075 1072 4147 lloc
1113 4088 1242 4127 vero
1295 4071 1462 4126 nmlto
1500 4082 1585 4126 est
1631 4069 1929 4124 mirabilius
1970 4086 1984 4122 :
2026 4084 2255 4138 namque

666 4169 975 4225 utruml.bet
1025 4167 1091 4221 de
1133 4167 1309 4221 anima
1349 4164 1623 4225 sentiatis,
1670 4163 1795 4232 quia
1850 4160 2088 4232 profecto
2131 4175 2254 4216 cum

667 4261 705 4317 Α
717 4261 928 4331 postqu
953 4273 1057 4313 non
1088 4273 1206 4331 eam
1236 4255 1456 4311 creditis
1490 4265 1775 4324 antequam
1824 4261 2129 4308 nasceretur
2152 4253 2253 4307 ali-

666 4353 793 4423 quid
838 4352 1011 4423 egisse
1054 4350 1180 4404 boni
1217 4348 1509 4425 autmali;
1558 4356 1651 4401 aut
1693 4346 1759 4400 de
1786 4347 2005 4400 traduce
2030 4356 2253 4401 attracta

669 4453 770 4508 est,
800 4453 852 4497 et
874 4444 1119 4498 similiter
1145 4448 1202 4495 nt
1226 4455 1422 4511 corpus
1449 4440 1516 4494 de
1543 4438 1850 4493 christianis
1877 4437 2250 4507 christianum,

669 4537 844 4592 anima
871 4538 1033 4590 etiam
1060 4536 1082 4566 ⁸
1125 4534 1413 4589 cltri~tiana
1461 4547 1583 4587 esse
1607 4530 1822 4593 debuit;
1852 4540 1943 4584 aut
1968 4546 1998 4584 a
2038 4530 2254 4587 Christo

669 4638 880 4691 creata,
907 4627 988 4682 vel
1027 4628 1078 4680 in
1121 4626 1412 4680 christiano
1451 4639 1710 4694 corpore,
1758 4623 1847 4678 vel
1880 4632 2093 4693 propter
2120 4622 2257 4678 chri-

668 4721 899 4776 stianum
941 4734 1170 4787 corpus,
1231 4715 1522 4772 christiana
1564 4714 1749 4770 debuit
1793 4729 1888 4770 Seu
1937 4714 2108 4770 creari
2158 4728 2256 4770 seu

671 4811 827 4867 mitti.
856 4793 968 4865 Nisi
1016 4808 1154 4863 forte
1199 4806 1422 4870 dicetis,
1453 4805 1776 4860 chrisﬁanos
1822 4804 2066 4860 homines
2106 4802 2254 4858 ebri-

669 4905 898 4957 stianum
926 4915 1121 4969 corpus
1146 4899 1365 4969 gignere
1398 4898 1671 4965 potuisse,
1703 4906 1757 4952 et
1787 4896 1958 4967 ipsum
1983 4894 2253 4951 Christum

669 4999 902 5051 animam
944 4992 1288 5047 cliristianam
1334 5006 1439 5046 non
1484 4989 1720 5060 potuisse
1781 5003 2084 5059 procreare.
2147 4986 2256 5042 Ce-

670 5088 782 5142 tlite
808 5085 829 5117 ³
856 5087 1034 5154 itaque
1061 5083 1306 5147 veritati,
1332 5091 1386 5137 et
1405 5081 1581 5137 videte
1602 5081 1722 5151 quia
1751 5081 1892 5135 sicut
1913 5077 2029 5134 fieri
2052 5077 2252 5148 potuit,

670 5177 815 5249 quod
864 5184 919 5230 et
941 5190 1034 5229 vos
1066 5160 1332 5253 fatemini,
1378 5184 1435 5227 ut
1459 5172 1527 5228 de
1550 5171 1851 5227 Christianis
1878 5186 1983 5224 non
2008 5167 2257 5224 christia-

673 5287 774 5326 nus
793 5312 807 5333 ,
835 5269 905 5325 de
932 5267 1187 5345 membris
1218 5265 1413 5323 Christi
1442 5280 1544 5320 non
1578 5265 1876 5319 membrum
1900 5261 2096 5316 Christi
2123 5277 2139 5328 ;
2171 5268 2255 5314 at-

673 5376 781 5433 que
804 5368 861 5416 ut
882 5373 1223 5415 occurramus
1251 5358 1411 5413 etiam
1433 5355 1708 5422 omnibus,
1727 5353 1819 5426 qui
1847 5354 1970 5408 licet
2000 5352 2155 5417 falso,
2179 5360 2257 5406 ta-

676 5471 798 5510 men
843 5436 1179 5525 qnocumuue
1221 5442 1494 5523 religionis
1548 5449 1765 5504 nomine
1804 5447 2143 5513 detinentur,
2188 5444 2257 5501 de

676 5550 998 5605 ermsecmtis
1046 5563 1152 5601 nan
1191 5554 1565 5607 consecratus;
1607 5542 1679 5596 ita
1704 5541 1864 5595 etiam
1915 5538 2061 5604 ﬁeri,
2109 5547 2166 5591 ut
2190 5537 2259 5593 de

738 5667 753 5697 ί
778 5668 850 5711 Fr.
874 5672 923 5712 et
956 5668 1085 5710 I.ov..
1102 5671 1389 5721 quanquam.
1415 5655 1735 5721 tamendantnr
1760 5666 1824 5721 οξ
1856 5653 2209 5714 manuscriptis.

738 5728 757 5757 ἱ
784 5727 918 5781 talin,
948 5723 1017 5771 sic
1059 5713 1422 5771 anim'etiam.
1466 5718 1738 5777 ttetluuuat,
1779 5713 1890 5777 sic,
1939 5727 2032 5762 nec
2079 5722 2155 5764 est
2208 5714 2260 5764 in

678 5790 927 5847 manuscri,
949 5787 1026 5832 iis.

742 5852 764 5882 ⁸
787 5856 838 5898 tn
864 5842 989 5906 uss,
1014 5842 1221 5895 Credite.

1294 389 1380 444 DE
1418 386 1877 445 PFCCATORUM
1916 381 2194 440 MERlTlS
2231 383 2250 438 Ι

2360 383 2790 453 ιιΕιιιεειοΝε,
2831 386 2887 443 S.
2932 386 3306 444 ΑυουετιΝι

3832 385 3945 442 {30

2357 500 2625 559 mundatis
2650 518 2754 559 non
2798 504 3084 562 mundatus
3111 515 3379 560 nascatur.
3420 504 3557 572 Quid
3589 506 3945 575 respondebi-

2355 596 2456 659 tis,
2485 611 2651 666 quare
2690 595 2759 651 de
2797 596 3103 653 christianis
3133 614 3239 652 non
3277 597 3600 652 christianos
3640 606 3897 653 nascatur
3919 638 3939 662 ,

2353 689 2453 743 nisi
2475 688 2596 758 quia
2617 705 2720 744 non
2742 689 2867 746 facit
2890 691 3184 760 generatio,
3204 690 3299 745 sed
3328 690 3659 760 regeneralio
3684 689 3941 745 christia-

2353 780 2490 837 nos?
2516 781 2663 836 lianc
2686 780 2846 852 igitur
2872 781 3020 837 vobis
3048 782 3270 838 ‘reddite
3314 782 3573 837 rationem
3594 821 3613 849 ,
3643 784 3766 851 quia
3789 781 3948 836 simi-

2353 871 2525 928 litera
2552 873 2785 942 peccatis
2814 888 2972 928 nemo
2995 873 3286 940 nascendo,
3315 874 3410 928 sed
3436 888 3626 928 omnes
3649 888 3949 929 renascen-

2352 965 2422 1021 do
2450 965 2789 1020 mandantur.
2819 967 2895 1021 Ac
2914 982 3007 1035 per
3026 966 3128 1022 hoc
3151 967 3220 1022 de
3245 966 3547 1021 hominibus
3572 966 3693 1021 ideo
3718 964 3944 1021 munda-

2355 1059 2452 1123 tis,
2478 1058 2726 1127 quoniam
2753 1060 2970 1120 renatis.
3001 1057 3163 1113 homo
3187 1059 3277 1127 qui
3305 1060 3540 1114 nascitur
3564 1068 3876 1114 renascatur
3893 1058 3941 1122 ί,

2353 1157 2413 1203 ut
2450 1150 2610 1219 etiam
2633 1196 2639 1203 .
2661 1150 2775 1218 ipse
2809 1149 3115 1204 mundctur.
3148 1149 3451 1204 Potuerunt
3490 1149 3632 1204 enim
3683 1155 3942 1217 parentes

2352 1240 2420 1296 ad
2451 1248 2692 1312 posteros
2733 1244 3126 1307 transmittere,
3173 1242 3317 1313 quod
3347 1244 3445 1312 ipsi
3490 1242 3706 1296 minime
3735 1240 3941 1295 habue-

2353 1341 2509 1399 runt;
2563 1349 2670 1388 non
2716 1334 2888 1388 solum
2945 1334 3080 1388 sicut
3109 1332 3370 1389 frumenta
3423 1333 3661 1403 paleam,
3715 1339 3773 1386 et
3799 1346 3943 1401 prte-

2351 1427 2556 1497 putium
2582 1427 2930 1481 circumcisus
2962 1446 2975 1481 :
3004 1427 3099 1482 sed
3125 1429 3285 1481 etiam
3306 1467 3321 1493 ,
3346 1427 3488 1496 quod
3516 1436 3573 1482 et
3601 1442 3697 1481 vos
3720 1425 3937 1490 dicitis,

2353 1517 2538 1572 fideles
2597 1517 2962 1572 inﬁdelitatem
3025 1518 3078 1572 in
3144 1528 3389 1587 posteros
3433 1516 3734 1586 trajiciunt;
3791 1515 3940 1585 quod

2352 1625 2458 1664 non
2496 1619 2581 1664 est
2611 1609 2723 1678 jam
2761 1610 2971 1664 illorum
3024 1624 3121 1680 per
3162 1610 3407 1678 spiritum
3455 1615 3890 1679 regeneratorum
3917 1647 3938 1672 ,

2352 1700 2447 1757 sed
2499 1715 2605 1770 quo
2643 1701 2695 1755 in
2752 1716 2914 1756 carne
2969 1701 3207 1770 generati
3261 1711 3423 1766 sunt,
3481 1698 3720 1754 mortalis
3774 1696 3941 1752 semi-

2351 1793 2435 1848 nis
2469 1793 2678 1848 vitium.
2717 1792 2848 1848 Nam
2908 1794 3087 1862 utique
3124 1807 3258 1863 quos
3298 1792 3549 1861 parvulos
3603 1806 3701 1862 per
3737 1788 3937 1844 Sacra-

2350 1894 2588 1938 mentum
2612 1883 2844 1938 ﬁdelium
2884 1884 3068 1939 ﬁdeles
3096 1883 3363 1938 faciendos
3400 1898 3521 1938 esse
3552 1881 3825 1951 judicatis,
3855 1880 3942 1936 in-

2350 1976 2535 2032 ﬁdeles
2556 1984 2708 2030 natos
2728 1992 2794 2033 ex
2815 1975 3122 2046 parentibus
3138 1975 3381 2031 fidelibus
3406 1989 3511 2029 non
3539 1974 3764 2044 negatis.

2422 2068 2646 2126 CAPUT
2673 2068 2740 2124 Χ.
2760 2099 2835 2109 —
2859 2070 2946 2124 18.
2973 2069 3159 2122 Anima
3188 2084 3310 2123 nam
3330 2083 3393 2122 ea:
3413 2067 3639 2121 traduce.
3672 2068 3743 2121 At
3765 2063 3938 2131 enim,

2357 2179 2378 2215 ι
2423 2160 2467 2215 si
2499 2162 2673 2215 anima
2706 2175 2811 2215 non
2848 2168 2932 2215 est
2969 2174 3037 2215 ex
3067 2158 3306 2225 traduce,
3350 2157 3445 2212 sed
3489 2158 3604 2212 sola
3647 2171 3797 2223 caro,
3823 2156 3940 2225 ipsa

2356 2272 2380 2308 ι
2424 2262 2629 2309 tantum
2650 2252 2809 2309 habet
2831 2252 3100 2307 traducem
3129 2252 3351 2321 peccati,
3373 2259 3428 2309 et
3450 2250 3561 2319 ipsa
3585 2248 3698 2302 sola
3721 2261 3938 2317 pinnam

2356 2362 2383 2398 ι
2425 2356 2663 2401 meretur
2698 2362 2712 2398 :
2763 2363 2784 2398 s
2817 2343 2918 2400 hoc
2948 2344 3092 2401 enim
3123 2344 3379 2409 sentiunt,
3412 2360 3432 2394 ι
3469 2342 3722 2411 injustam
3752 2355 3875 2396 esse
3911 2358 3934 2392 ι

2351 2437 2608 2502 dicentes,
2645 2456 2665 2489 ι
2711 2447 2770 2492 ιιι
2798 2436 2956 2490 hodie
2984 2444 3108 2491 nata
3135 2436 3310 2489 anima
3342 2449 3446 2488 non
3474 2448 3542 2488 ex
3572 2446 3746 2486 massa
3780 2429 3937 2498 Adae,

2357 2546 2377 2582 ι
2424 2539 2531 2584 tam
2555 2530 2829 2600 antiquum
2851 2536 3125 2597 peccatum
3153 2535 3328 2596 portet
3347 2524 3601 2579 alienum.
3629 2540 3650 2575 ι
3683 2520 3936 2586 Attende,

2351 2623 2578 2677 obsecro
2608 2629 2681 2685 te,
2711 2616 3162 2690 quemadmodum
3204 2618 3625 2685 circumspectus
3652 2614 3736 2667 vir
3776 2611 3941 2667 Pela-

2350 2716 2470 2788 gius
2502 2714 2654 2787 (nam
2695 2729 2763 2769 ex
2788 2712 2905 2781 ejus
2944 2711 3080 2767 libro
3106 2710 3221 2765 haec
3246 2726 3368 2778 qua:
3400 2708 3561 2763 modo
3590 2706 3742 2778 posui
3772 2704 3942 2761 verba

2351 2805 2697 2876 transcripsi)
2737 2803 2906 2860 sensit
2934 2816 3094 2872 quam
3122 2802 3191 2859 .in
3229 2800 3435 2856 difficili
3477 2800 3546 2855 de
3588 2800 3764 2857 anima
3791 2812 3944 2869 quie-

2351 2900 2527 2955 stione
2551 2907 2809 2952 versetur.
2838 2894 2954 2950 Non
2983 2895 3123 2950 enim
3161 2893 3255 2959 ait,
3279 2892 3411 2963 quia.
3424 2891 3599 2947 anima
3628 2906 3731 2945 non
3760 2899 3943 2946 estex

2351 2991 2570 3047 traduce
2589 3031 2604 3055 ,
2634 2987 2750 3055 sed,
2780 3006 2802 3041 ι
2849 2987 2896 3042 si
2936 2988 3112 3041 anima
3143 3001 3247 3041 non
3277 2997 3363 3041 est
3393 3000 3460 3040 ex
3489 2982 3706 3038 traduce
3736 2999 3753 3038 :
3792 3000 3813 3034 ι
3848 2997 3943 3035 re-

2352 3084 2589 3137 ctissime
2619 3080 2817 3135 faciens
2854 3081 2925 3134 de
2967 3095 3027 3134 re
3057 3087 3164 3132 tam
3191 3078 3438 3142 obscura,
3468 3077 3536 3131 de
3574 3091 3679 3146 qua
3709 3074 3854 3130 nulla
3882 3074 3942 3130 in

2354 3172 2643 3243 Scripturis
2686 3171 2886 3226 sanctis
2919 3180 3063 3225 certa
3088 3179 3144 3225 et
3186 3177 3371 3239 aperta
3414 3168 3713 3222 testimonia
3745 3182 3942 3237 possu-

2355 3280 2473 3320 mus
2503 3264 2762 3327 invenire,
2790 3271 2881 3318 aut
2919 3261 3237 3319 difﬁcillime
3282 3275 3586 3330 possumus,
3625 3266 3944 3315 cunctanter

2353 3356 2498 3426 loqui
2543 3356 2720 3425 potius
2741 3369 2900 3423 quam
2942 3354 3185 3409 ﬁdenter.
3216 3355 3552 3422 Quapropter
3588 3366 3690 3421 ego
3726 3365 3944 3421 quoque

2355 3448 2479 3503 huic
2500 3447 2851 3518 propositioni
2880 3461 2984 3501 non
3010 3446 3265 3515 principiti
3286 3444 3584 3500 aSsertione
3606 3443 3940 3511 respondeo:

2354 3541 2412 3597 Si
2441 3542 2619 3595 anima
2664 3556 2770 3594 non
2800 3548 2885 3594 est
2909 3555 2971 3593 es
3016 3537 3255 3603 traduce,
3286 3552 3413 3608 ergo
3442 3552 3566 3606 qua:
3609 3535 3708 3591 ista
3735 3534 3942 3604 justitia
4030 3606 4035 3613 ί

2354 3641 2459 3699 est,
2486 3642 2543 3686 ut
2572 3645 2761 3686 recens
2789 3638 2968 3685 creata
3006 3640 3061 3683 et
3085 3628 3155 3682 ab
3190 3627 3337 3681 omni
3368 3627 3562 3681 delicto
3590 3640 3812 3696 prorsus
3844 3626 3947 3678 im-

2355 3723 2552 3787 munis,
2578 3721 2648 3775 ab
2692 3720 2836 3776 omni
2882 3721 3086 3790 peccati
3134 3719 3450 3787 contagione
3497 3717 3708 3786 penitus
3750 3717 3942 3783 libera,

2363 3815 2637 3885 passiones
2663 3814 2842 3868 carnis
2869 3812 3220 3879 diversosque
3255 3812 3543 3873 cruciatus.
3575 3820 3649 3873 et,
3681 3808 3823 3880 quod
3856 3819 3947 3865 est

2358 3905 2687 3969 horribilius,
2711 3907 2870 3959 etiam
2889 3904 3191 3958 daemonum
3212 3902 3456 3957 incursus
3485 3902 3537 3956 in
3565 3902 3798 3971 parvulis
3824 3915 3947 3956 sus-

2358 3998 2531 4055 tinere
2560 3997 2819 4069 cogatur?
2849 3996 3034 4067 Neque
3061 3996 3204 4051 enim
3244 3995 3443 4066 aliquid
3488 3994 3679 4050 horum
3707 4009 3837 4049 caro
3865 3993 3948 4049 sic

2359 4092 2581 4162 patitur,
2607 4100 2659 4144 ut
2703 4104 2811 4144 non
2852 4088 2923 4143 ibi
2949 4088 3127 4143 anima
3167 4087 3343 4156 potius
3371 4103 3489 4155 quae
3516 4087 3645 4141 vivit
3668 4101 3730 4140 ac
3754 4087 3946 4153 sentit,

2358 4199 2546 4255 pinnas
2574 4184 2703 4238 luat.
2733 4183 2845 4237 Hoc
2871 4183 3012 4236 enim
3038 4181 3082 4235 si
3106 4181 3302 4246 justum
3327 4180 3644 4245 ostenditur,
3674 4180 3754 4235 sic
3780 4180 3947 4235 etiam

2357 4276 2567 4332 ostendi
2603 4282 2777 4345 potest
2794 4289 2908 4344 .qua
2945 4272 3151 4342 justitia
3188 4273 3241 4326 in
3281 4287 3444 4327 carne
3483 4285 3697 4341 quoque
3735 4270 3945 4340 peccati

2358 4371 2548 4426 sulieat
2598 4367 2855 4438 originale
2901 4373 3197 4435 peccatum.
3230 4365 3567 4435 Baptismatis
3605 4371 3947 4419 sacramento

2357 4472 2414 4518 et
2457 4462 2644 4533 gratia:
2687 4458 3031 4515 miseratione
3060 4457 3442 4533 mandandum.
3476 4456 3534 4512 Si
3583 4467 3764 4510 autem
3815 4452 3947 4508 illud

2358 4531 2569 4610 ostendi
2590 4552 2705 4607 'non
2736 4559 2932 4622 potest,
2974 4564 3149 4617 neque
3195 4548 3297 4602 hoc
3343 4531 3499 4617 posse
3540 4546 3788 4600 arbitror.
3834 4545 3949 4599 Aut

2357 4662 2489 4717 ergo
2527 4654 2810 4713 utrumque
2854 4641 3120 4697 occultum
3169 4639 3426 4706 feramus,
3459 4646 3513 4695 et
3558 4653 3658 4694 nos
3700 4637 3947 4693 homines

2357 4755 2479 4796 esse
2521 4736 2957 4801 meminerimus;
2988 4743 3081 4789 aut
3117 4734 3252 4789 alias
3294 4731 3436 4787 aliud
3483 4731 3552 4787 de
3579 4731 3754 4785 anima
3784 4744 3944 4800 opus,

2358 4833 2405 4888 si
2450 4844 2673 4889 necesse
2696 4828 2981 4895 videbitur,
3009 4826 3218 4884 cautela
3243 4826 3422 4881 sobria
3461 4822 3783 4894 disputando
3816 4825 3945 4877 ’ωο-

2361 4923 2657 5071 “agilem
2688 5009 2956 5067 Xl.—-l9.
2981 5007 3200 5063 Aculeus
3228 5005 3404 5062 mortis
3427 5004 3538 5075 quis
3589 5001 3739 5056 Nunc
3768 5010 3946 5056 tamen

2361 5104 2490 5162 illud
2514 5103 2657 5176 quod
2674 5104 2750 5158 ait
2767 5100 3075 5171 Apostolus,
3103 5097 3208 5152 Per
3228 5114 3382 5151 unum
3412 5093 3659 5149 hominem
3686 5101 3949 5162 peccatum

2360 5199 2565 5254 intravit
2596 5205 2649 5250 tn
2692 5193 2958 5256 mundum,
2991 5200 3035 5246 et
3064 5208 3152 5263 per
3190 5199 3451 5262 peccatum
3478 5201 3650 5248 mors;
3693 5193 3740 5238 et
3781 5183 3857 5237 ita
3893 5183 3950 5236 in

2364 5308 2537 5353 omnes
2551 5289 2775 5345 homines
2791 5285 3102 5360 pertransiit,
3116 5286 3167 5337 in
3188 5299 3285 5356 quo
3301 5296 3474 5337 omnes
3494 5286 3846 5348 peccaverunt;
3871 5274 3946 5329 sic

2364 5383 2727 5454 accipiamus,
2771 5393 2840 5433 ne
2870 5386 2948 5431 tot
2984 5376 3251 5443 tantisque
3275 5368 3625 5441 apertissimis
3646 5366 3946 5421 divinarum

2363 5474 2754 5542 Scripturarum
2773 5465 3112 5533 testimoniis,
3128 5464 3319 5535 quibus
3331 5461 3588 5516 docemur
3600 5467 3793 5528 pra-ter
3804 5455 3953 5510 Chri-

2365 5566 2431 5621 sti
2446 5563 2778 5625 societatem,
2792 5574 2911 5628 quae
2929 5558 2980 5611 in
2996 5557 3086 5628 illo
3097 5567 3149 5610 et
3167 5570 3288 5609 cmn
3308 5554 3398 5607 illo
3413 5554 3625 5616 lit,cum
3643 5550 3953 5603 Sacramen-

2366 5660 2435 5714 tis
2446 5656 2562 5729 ejus
2575 5650 3070 5721 imbuimur,etejus
3085 5642 3950 5715 membrisincorporamur,vitam

2434 5835 2452 5867 ι
2476 5836 2549 5882 Sic
2563 5840 2661 5879 Αω.
2683 5835 2736 5879 et
2757 5835 2865 5878 Mss.
2890 5833 2945 5878 At
2964 5832 3097 5891 Luv.,
3118 5819 3404 5876 renascitur.
