  <div class='ocr_page' id='page_1' title='image "/cluster/home/n/w/nwhite01/storage/ocr_20150623/44-45/uc1.31175026792435/107.png"; bbox 0 0 4202 6524; ppageno 0'>
   <div class='ocr_carea' id='block_1_1' title="bbox 631 326 735 386">
    <p class='ocr_par' dir='ltr' id='par_1_1' title="bbox 631 326 735 386">
     <span class='ocr_line' id='line_1_1' title="bbox 631 326 735 386; baseline -0.029 -2"><span class='ocrx_word' id='word_1_1' title='bbox 631 326 735 386; x_wconf 69' lang='grc'><strong>199</strong></span> 
     </span>
    </p>
   </div>
   <div class='ocr_carea' id='block_1_2' title="bbox 622 434 2204 510">
    <p class='ocr_par' dir='ltr' id='par_1_2' title="bbox 622 434 2204 510">
     <span class='ocr_line' id='line_1_2' title="bbox 622 434 2204 510; baseline -0.007 -11"><span class='ocrx_word' id='word_1_2' title='bbox 622 444 745 499; x_wconf 91' lang='lat' dir='ltr'><strong>dem</strong></span> <span class='ocrx_word' id='word_1_3' title='bbox 779 440 845 497; x_wconf 90' lang='lat' dir='ltr'><strong>ad</strong></span> <span class='ocrx_word' id='word_1_4' title='bbox 874 440 1181 499; x_wconf 90' lang='lat' dir='ltr'><strong>Corinthios</strong></span> <span class='ocrx_word' id='word_1_5' title='bbox 1220 438 1510 509; x_wconf 84' lang='lat' dir='ltr'><strong>Epistolam</strong></span> <span class='ocrx_word' id='word_1_6' title='bbox 1552 444 1805 494; x_wconf 87' lang='lat' dir='ltr'><strong>tractaret</strong></span> <span class='ocrx_word' id='word_1_7' title='bbox 1832 438 2075 508; x_wconf 75' lang='lat' dir='ltr'><strong>exposuit</strong></span> <span class='ocrx_word' id='word_1_8' title='bbox 2105 434 2204 510; x_wconf 85' lang='lat' dir='ltr'><strong>(a),</strong></span> 
     </span>
    </p>
   </div>
   <div class='ocr_carea' id='block_1_3' title="bbox 621 532 2209 605">
    <p class='ocr_par' dir='ltr' id='par_1_3' title="bbox 621 532 2209 605">
     <span class='ocr_line' id='line_1_3' title="bbox 621 532 2209 605; baseline -0.003 -16"><span class='ocrx_word' id='word_1_9' title='bbox 621 534 761 605; x_wconf 91' lang='lat' dir='ltr'><strong>quod</strong></span> <span class='ocrx_word' id='word_1_10' title='bbox 792 534 1042 604; x_wconf 80' lang='lat' dir='ltr'><strong>exempla</strong></span> <span class='ocrx_word' id='word_1_11' title='bbox 1065 534 1171 603; x_wconf 87' lang='lat' dir='ltr'><strong>jam</strong></span> <span class='ocrx_word' id='word_1_12' title='bbox 1211 541 1641 601; x_wconf 66' lang='lat' dir='ltr'><strong>praecesserant,</strong></span> <span class='ocrx_word' id='word_1_13' title='bbox 1692 540 1746 585; x_wconf 90' lang='lat' dir='ltr'><strong>et</strong></span> <span class='ocrx_word' id='word_1_14' title='bbox 1790 532 2024 584; x_wconf 87' lang='lat' dir='ltr'><strong>virorum</strong></span> <span class='ocrx_word' id='word_1_15' title='bbox 2073 543 2209 599; x_wconf 62' lang='lat' dir='ltr'><strong>riuos</strong></span> 
     </span>
    </p>
   </div>
   <div class='ocr_carea' id='block_1_4' title="bbox 621 620 2211 694">
    <p class='ocr_par' dir='ltr' id='par_1_4' title="bbox 621 620 2211 694">
     <span class='ocr_line' id='line_1_4' title="bbox 621 620 2211 694; baseline -0.003 -15"><span class='ocrx_word' id='word_1_16' title='bbox 621 641 849 693; x_wconf 86' lang='lat' dir='ltr'><strong>uxores,</strong></span> <span class='ocrx_word' id='word_1_17' title='bbox 870 635 927 681; x_wconf 91' lang='lat' dir='ltr'><strong>et</strong></span> <span class='ocrx_word' id='word_1_18' title='bbox 955 625 1263 679; x_wconf 89' lang='lat' dir='ltr'><strong>feminarum</strong></span> <span class='ocrx_word' id='word_1_19' title='bbox 1287 638 1418 694; x_wconf 92' lang='lat' dir='ltr'><strong>quas</strong></span> <span class='ocrx_word' id='word_1_20' title='bbox 1448 621 1624 676; x_wconf 90' lang='lat' dir='ltr'><strong>mariti</strong></span> <span class='ocrx_word' id='word_1_21' title='bbox 1655 621 2027 676; x_wconf 86' lang='lat' dir='ltr'><strong>lucrifccerant</strong></span> <span class='ocrx_word' id='word_1_22' title='bbox 2055 620 2211 675; x_wconf 87' lang='lat' dir='ltr'><strong>Chri-</strong></span> 
     </span>
    </p>
   </div>
   <div class='ocr_carea' id='block_1_5' title="bbox 621 712 2207 787">
    <p class='ocr_par' dir='ltr' id='par_1_5' title="bbox 621 712 2207 787">
     <span class='ocr_line' id='line_1_5' title="bbox 621 712 2207 787; baseline -0.003 -17"><span class='ocrx_word' id='word_1_23' title='bbox 621 725 706 770; x_wconf 85' lang='lat' dir='ltr'><strong>sto</strong></span> <span class='ocrx_word' id='word_1_24' title='bbox 724 758 739 782; x_wconf 88' lang='lat'><strong>,</strong></span> <span class='ocrx_word' id='word_1_25' title='bbox 773 725 825 770; x_wconf 89' lang='lat' dir='ltr'><strong>et</strong></span> <span class='ocrx_word' id='word_1_26' title='bbox 853 715 1191 787; x_wconf 83' lang='lat' dir='ltr'><strong>parvulorum</strong></span> <span class='ocrx_word' id='word_1_27' title='bbox 1222 714 1288 768; x_wconf 88' lang='lat' dir='ltr'><strong>ad</strong></span> <span class='ocrx_word' id='word_1_28' title='bbox 1316 728 1448 783; x_wconf 90' lang='lat' dir='ltr'><strong>quos</strong></span> <span class='ocrx_word' id='word_1_29' title='bbox 1476 712 1744 767; x_wconf 88' lang='lat' dir='ltr'><strong>faciendos</strong></span> <span class='ocrx_word' id='word_1_30' title='bbox 1768 712 2087 768; x_wconf 78' lang='lat' dir='ltr'><strong>christianos</strong></span> <span class='ocrx_word' id='word_1_31' title='bbox 2114 726 2207 766; x_wconf 87' lang='lat' dir='ltr'><strong>vo-</strong></span> 
     </span>
    </p>
   </div>
   <div class='ocr_carea' id='block_1_6' title="bbox 622 803 2209 874">
    <p class='ocr_par' dir='ltr' id='par_1_6' title="bbox 622 803 2209 874">
     <span class='ocr_line' id='line_1_6' title="bbox 622 803 2209 874; baseline -0.002 -14"><span class='ocrx_word' id='word_1_32' title='bbox 622 805 800 860; x_wconf 79' lang='lat' dir='ltr'><strong>luntas</strong></span> <span class='ocrx_word' id='word_1_33' title='bbox 829 806 1116 861; x_wconf 85' lang='lat' dir='ltr'><strong>christiana</strong></span> <span class='ocrx_word' id='word_1_34' title='bbox 1157 806 1318 860; x_wconf 90' lang='lat' dir='ltr'><strong>etiam</strong></span> <span class='ocrx_word' id='word_1_35' title='bbox 1356 805 1510 859; x_wconf 90' lang='lat' dir='ltr'><strong>unius</strong></span> <span class='ocrx_word' id='word_1_36' title='bbox 1556 803 1784 874; x_wconf 79' lang='lat' dir='ltr'><strong>parentis</strong></span> <span class='ocrx_word' id='word_1_37' title='bbox 1811 804 2044 858; x_wconf 85' lang='lat' dir='ltr'><strong>evicerat</strong></span> <span class='ocrx_word' id='word_1_38' title='bbox 2076 820 2088 856; x_wconf 91' lang='lat'>:</span> <span class='ocrx_word' id='word_1_39' title='bbox 2118 810 2209 857; x_wconf 88' lang='lat' dir='ltr'><strong>aut</strong></span> 
     </span>
    </p>
   </div>
   <div class='ocr_carea' id='block_1_7' title="bbox 623 896 2209 968">
    <p class='ocr_par' dir='ltr' id='par_1_7' title="bbox 623 896 2209 968">
     <span class='ocr_line' id='line_1_7' title="bbox 623 896 2209 968; baseline -0.003 -15"><span class='ocrx_word' id='word_1_40' title='bbox 623 899 691 960; x_wconf 91' lang='lat' dir='ltr'><strong>si,</strong></span> <span class='ocrx_word' id='word_1_41' title='bbox 716 896 856 967; x_wconf 88' lang='lat' dir='ltr'><strong>quod</strong></span> <span class='ocrx_word' id='word_1_42' title='bbox 875 898 1041 968; x_wconf 89' lang='lat' dir='ltr'><strong>magis</strong></span> <span class='ocrx_word' id='word_1_43' title='bbox 1061 898 1223 952; x_wconf 89' lang='lat' dir='ltr'><strong>verba</strong></span> <span class='ocrx_word' id='word_1_44' title='bbox 1250 896 1489 967; x_wconf 79' lang='lat' dir='ltr'><strong>Apostoli</strong></span> <span class='ocrx_word' id='word_1_45' title='bbox 1509 896 1754 951; x_wconf 90' lang='lat' dir='ltr'><strong>videntur</strong></span> <span class='ocrx_word' id='word_1_46' title='bbox 1782 910 1973 948; x_wconf 85' lang='lat' dir='ltr'><strong>sonare</strong></span> <span class='ocrx_word' id='word_1_47' title='bbox 1998 904 2051 948; x_wconf 91' lang='lat' dir='ltr'><strong>et</strong></span> <span class='ocrx_word' id='word_1_48' title='bbox 2077 908 2209 964; x_wconf 87' lang='lat' dir='ltr'><strong>quo-</strong></span> 
     </span>
    </p>
   </div>
   <div class='ocr_carea' id='block_1_8' title="bbox 623 984 2208 1060">
    <p class='ocr_par' dir='ltr' id='par_1_8' title="bbox 623 984 2208 1060">
     <span class='ocr_line' id='line_1_8' title="bbox 623 984 2208 1060; baseline -0.003 -16"><span class='ocrx_word' id='word_1_49' title='bbox 623 989 745 1044; x_wconf 92' lang='lat' dir='ltr'><strong>dam</strong></span> <span class='ocrx_word' id='word_1_50' title='bbox 777 989 936 1043; x_wconf 92' lang='lat' dir='ltr'><strong>modo</strong></span> <span class='ocrx_word' id='word_1_51' title='bbox 960 1004 1170 1060; x_wconf 90' lang='lat' dir='ltr'><strong>cogere,</strong></span> <span class='ocrx_word' id='word_1_52' title='bbox 1198 988 1371 1057; x_wconf 87' lang='lat' dir='ltr'><strong>aliqua</strong></span> <span class='ocrx_word' id='word_1_53' title='bbox 1402 988 1507 1042; x_wconf 91' lang='lat' dir='ltr'><strong>illic</strong></span> <span class='ocrx_word' id='word_1_54' title='bbox 1533 985 1873 1056; x_wconf 85' lang='lat' dir='ltr'><strong>intelligenda</strong></span> <span class='ocrx_word' id='word_1_55' title='bbox 1901 993 1983 1039; x_wconf 84' lang='lat' dir='ltr'><strong>est</strong></span> <span class='ocrx_word' id='word_1_56' title='bbox 2011 984 2208 1039; x_wconf 87' lang='lat' dir='ltr'><strong>sancti-</strong></span> 
     </span>
    </p>
   </div>
   <div class='ocr_carea' id='block_1_9' title="bbox 623 1076 2205 1148">
    <p class='ocr_par' dir='ltr' id='par_1_9' title="bbox 623 1076 2205 1148">
     <span class='ocr_line' id='line_1_9' title="bbox 623 1076 2205 1148; baseline -0.003 -14"><span class='ocrx_word' id='word_1_57' title='bbox 623 1080 799 1135; x_wconf 88' lang='lat' dir='ltr'><strong>ﬁcatio</strong></span> <span class='ocrx_word' id='word_1_58' title='bbox 821 1123 834 1144; x_wconf 86' lang='lat'><strong>,</strong></span> <span class='ocrx_word' id='word_1_59' title='bbox 866 1095 968 1148; x_wconf 89' lang='lat' dir='ltr'><strong>qua</strong></span> <span class='ocrx_word' id='word_1_60' title='bbox 1000 1079 1465 1133; x_wconf 87' lang='lat' dir='ltr'><strong>sanetilicabantur</strong></span> <span class='ocrx_word' id='word_1_61' title='bbox 1484 1079 1566 1132; x_wconf 85' lang='lat' dir='ltr'><strong>vir</strong></span> <span class='ocrx_word' id='word_1_62' title='bbox 1594 1086 1649 1133; x_wconf 91' lang='lat' dir='ltr'><strong>et</strong></span> <span class='ocrx_word' id='word_1_63' title='bbox 1675 1077 1866 1131; x_wconf 83' lang='lat' dir='ltr'><strong>mulier</strong></span> <span class='ocrx_word' id='word_1_64' title='bbox 1892 1076 2122 1130; x_wconf 88' lang='lat' dir='ltr'><strong>inﬁdelis</strong></span> <span class='ocrx_word' id='word_1_65' title='bbox 2153 1076 2205 1130; x_wconf 92' lang='lat' dir='ltr'><strong>in</strong></span> 
     </span>
    </p>
   </div>
   <div class='ocr_carea' id='block_1_10' title="bbox 619 1163 2202 1240">
    <p class='ocr_par' dir='ltr' id='par_1_10' title="bbox 619 1163 2202 1240">
     <span class='ocr_line' id='line_1_10' title="bbox 619 1163 2202 1240; baseline -0.004 -17"><span class='ocrx_word' id='word_1_66' title='bbox 619 1170 844 1240; x_wconf 86' lang='lat' dir='ltr'><strong>conjuge</strong></span> <span class='ocrx_word' id='word_1_67' title='bbox 867 1170 1029 1237; x_wconf 92' lang='lat' dir='ltr'><strong>ﬁdeli,</strong></span> <span class='ocrx_word' id='word_1_68' title='bbox 1052 1178 1107 1224; x_wconf 92' lang='lat' dir='ltr'><strong>et</strong></span> <span class='ocrx_word' id='word_1_69' title='bbox 1126 1185 1228 1239; x_wconf 91' lang='lat' dir='ltr'><strong>qua</strong></span> <span class='ocrx_word' id='word_1_70' title='bbox 1253 1169 1422 1223; x_wconf 91' lang='lat' dir='ltr'><strong>sancti</strong></span> <span class='ocrx_word' id='word_1_71' title='bbox 1451 1167 1804 1222; x_wconf 87' lang='lat' dir='ltr'><strong>nascebantur</strong></span> <span class='ocrx_word' id='word_1_72' title='bbox 1827 1164 1918 1219; x_wconf 90' lang='lat' dir='ltr'><strong>ﬁlii</strong></span> <span class='ocrx_word' id='word_1_73' title='bbox 1950 1163 2202 1231; x_wconf 90' lang='lat' dir='ltr'><strong>ﬁdelium,</strong></span> 
     </span>
    </p>
   </div>
   <div class='ocr_carea' id='block_1_11' title="bbox 619 1257 2207 1332">
    <p class='ocr_par' dir='ltr' id='par_1_11' title="bbox 619 1257 2207 1332">
     <span class='ocr_line' id='line_1_11' title="bbox 619 1257 2207 1332; baseline -0.003 -16"><span class='ocrx_word' id='word_1_74' title='bbox 619 1262 734 1317; x_wconf 88' lang='lat' dir='ltr'><strong>sive</strong></span> <span class='ocrx_word' id='word_1_75' title='bbox 758 1263 882 1332; x_wconf 91' lang='lat' dir='ltr'><strong>quia</strong></span> <span class='ocrx_word' id='word_1_76' title='bbox 910 1263 961 1317; x_wconf 92' lang='lat' dir='ltr'><strong>in</strong></span> <span class='ocrx_word' id='word_1_77' title='bbox 998 1270 1272 1316; x_wconf 86' lang='lat' dir='ltr'><strong>menstruo</strong></span> <span class='ocrx_word' id='word_1_78' title='bbox 1313 1276 1503 1316; x_wconf 90' lang='lat' dir='ltr'><strong>cruore</strong></span> <span class='ocrx_word' id='word_1_79' title='bbox 1545 1260 1803 1324; x_wconf 87' lang='lat' dir='ltr'><strong>mulieris,</strong></span> <span class='ocrx_word' id='word_1_80' title='bbox 1849 1273 1879 1311; x_wconf 88' lang='lat' dir='ltr'><strong>a</strong></span> <span class='ocrx_word' id='word_1_81' title='bbox 1920 1257 2207 1312; x_wconf 79' lang='lat' dir='ltr'><strong>concubitu</strong></span> 
     </span>
    </p>
   </div>
   <div class='ocr_carea' id='block_1_12' title="bbox 617 1343 2204 1425">
    <p class='ocr_par' dir='ltr' id='par_1_12' title="bbox 617 1343 2204 1425">
     <span class='ocr_line' id='line_1_12' title="bbox 617 1343 2204 1425; baseline -0.004 -15"><span class='ocrx_word' id='word_1_82' title='bbox 617 1355 944 1421; x_wconf 90' lang='lat' dir='ltr'><strong>continebat,</strong></span> <span class='ocrx_word' id='word_1_83' title='bbox 973 1343 1293 1425; x_wconf 86' lang='lat' dir='ltr'><strong>quicumque</strong></span> <span class='ocrx_word' id='word_1_84' title='bbox 1319 1354 1400 1407; x_wconf 92' lang='lat' dir='ltr'><strong>vir</strong></span> <span class='ocrx_word' id='word_1_85' title='bbox 1425 1353 1506 1407; x_wconf 92' lang='lat' dir='ltr'><strong>vel</strong></span> <span class='ocrx_word' id='word_1_86' title='bbox 1534 1350 1728 1407; x_wconf 88' lang='lat' dir='ltr'><strong>femina</strong></span> <span class='ocrx_word' id='word_1_87' title='bbox 1760 1350 1811 1404; x_wconf 93' lang='lat' dir='ltr'><strong>id</strong></span> <span class='ocrx_word' id='word_1_88' title='bbox 1842 1351 1891 1404; x_wconf 92' lang='lat' dir='ltr'><strong>in</strong></span> <span class='ocrx_word' id='word_1_89' title='bbox 1922 1350 2039 1420; x_wconf 85' lang='lat' dir='ltr'><strong>lege</strong></span> <span class='ocrx_word' id='word_1_90' title='bbox 2064 1349 2204 1403; x_wconf 90' lang='lat' dir='ltr'><strong>didi-</strong></span> 
     </span>
    </p>
   </div>
   <div class='ocr_carea' id='block_1_13' title="bbox 618 1442 2205 1513">
    <p class='ocr_par' dir='ltr' id='par_1_13' title="bbox 618 1442 2205 1513">
     <span class='ocr_line' id='line_1_13' title="bbox 618 1442 2205 1513; baseline -0.004 -10"><span class='ocrx_word' id='word_1_91' title='bbox 618 1458 784 1513; x_wconf 76' lang='lat' dir='ltr'><strong>cerat;</strong></span> <span class='ocrx_word' id='word_1_92' title='bbox 818 1464 937 1502; x_wconf 91' lang='lat' dir='ltr'><strong>nam</strong></span> <span class='ocrx_word' id='word_1_93' title='bbox 959 1447 1061 1502; x_wconf 87' lang='lat' dir='ltr'><strong>hoc</strong></span> <span class='ocrx_word' id='word_1_94' title='bbox 1085 1446 1326 1502; x_wconf 83' lang='lat' dir='ltr'><strong>Ezechiel</strong></span> <span class='ocrx_word' id='word_1_95' title='bbox 1351 1446 1485 1500; x_wconf 91' lang='lat' dir='ltr'><strong>inter</strong></span> <span class='ocrx_word' id='word_1_96' title='bbox 1507 1444 1594 1499; x_wconf 87' lang='lat' dir='ltr'><strong>illa</strong></span> <span class='ocrx_word' id='word_1_97' title='bbox 1616 1451 1876 1513; x_wconf 67' lang='lat' dir='ltr'><strong>praecepta</strong></span> <span class='ocrx_word' id='word_1_98' title='bbox 1899 1442 2065 1512; x_wconf 90' lang='lat' dir='ltr'><strong>ponit,</strong></span> <span class='ocrx_word' id='word_1_99' title='bbox 2086 1457 2205 1511; x_wconf 68' lang='lat' dir='ltr'><strong>quae</strong></span> 
     </span>
    </p>
   </div>
   <div class='ocr_carea' id='block_1_14' title="bbox 618 1533 2205 1608">
    <p class='ocr_par' dir='ltr' id='par_1_14' title="bbox 618 1533 2205 1608">
     <span class='ocr_line' id='line_1_14' title="bbox 618 1533 2205 1608; baseline -0.003 -16"><span class='ocrx_word' id='word_1_100' title='bbox 618 1554 724 1594; x_wconf 88' lang='lat' dir='ltr'><strong>non</strong></span> <span class='ocrx_word' id='word_1_101' title='bbox 760 1538 979 1608; x_wconf 84' lang='lat' dir='ltr'><strong>ﬁgurate</strong></span> <span class='ocrx_word' id='word_1_102' title='bbox 1018 1536 1321 1606; x_wconf 86' lang='lat' dir='ltr'><strong>accipienda</strong></span> <span class='ocrx_word' id='word_1_103' title='bbox 1367 1543 1492 1590; x_wconf 89' lang='lat' dir='ltr'><strong>sunt</strong></span> <span class='ocrx_word' id='word_1_104' title='bbox 1529 1533 1742 1604; x_wconf 76' lang='lat' dir='ltr'><strong>(Ezerh.</strong></span> <span class='ocrx_word' id='word_1_105' title='bbox 1771 1550 1917 1598; x_wconf 81' lang='lat' dir='ltr'><strong>xvm,</strong></span> <span class='ocrx_word' id='word_1_106' title='bbox 1960 1533 2057 1603; x_wconf 87' lang='lat'><strong>6):</strong></span> <span class='ocrx_word' id='word_1_107' title='bbox 2087 1535 2205 1589; x_wconf 84' lang='lat' dir='ltr'><strong>sive</strong></span> 
     </span>
    </p>
   </div>
   <div class='ocr_carea' id='block_1_15' title="bbox 619 1624 2204 1699">
    <p class='ocr_par' dir='ltr' id='par_1_15' title="bbox 619 1624 2204 1699">
     <span class='ocr_line' id='line_1_15' title="bbox 619 1624 2204 1699; baseline -0.004 -14"><span class='ocrx_word' id='word_1_108' title='bbox 619 1640 835 1699; x_wconf 84' lang='lat' dir='ltr'><strong>propter</strong></span> <span class='ocrx_word' id='word_1_109' title='bbox 864 1629 1021 1682; x_wconf 89' lang='lat' dir='ltr'><strong>aliam</strong></span> <span class='ocrx_word' id='word_1_110' title='bbox 1050 1627 1379 1698; x_wconf 90' lang='lat' dir='ltr'><strong>quamlibet,</strong></span> <span class='ocrx_word' id='word_1_111' title='bbox 1410 1641 1528 1696; x_wconf 77' lang='lat' dir='ltr'><strong>quae</strong></span> <span class='ocrx_word' id='word_1_112' title='bbox 1569 1624 1640 1678; x_wconf 89' lang='lat' dir='ltr'><strong>ibi</strong></span> <span class='ocrx_word' id='word_1_113' title='bbox 1684 1634 1867 1693; x_wconf 87' lang='lat' dir='ltr'><strong>aperte</strong></span> <span class='ocrx_word' id='word_1_114' title='bbox 1897 1624 2067 1695; x_wconf 89' lang='lat' dir='ltr'><strong>posita</strong></span> <span class='ocrx_word' id='word_1_115' title='bbox 2096 1640 2204 1678; x_wconf 90' lang='lat' dir='ltr'><strong>non</strong></span> 
     </span>
    </p>
   </div>
   <div class='ocr_carea' id='block_1_16' title="bbox 616 1716 2202 1788">
    <p class='ocr_par' dir='ltr' id='par_1_16' title="bbox 616 1716 2202 1788">
     <span class='ocr_line' id='line_1_16' title="bbox 616 1716 2202 1788; baseline -0.004 -12"><span class='ocrx_word' id='word_1_116' title='bbox 616 1729 718 1785; x_wconf 93' lang='lat' dir='ltr'><strong>est,</strong></span> <span class='ocrx_word' id='word_1_117' title='bbox 744 1736 807 1775; x_wconf 78' lang='lat' dir='ltr'><strong>ex</strong></span> <span class='ocrx_word' id='word_1_118' title='bbox 840 1720 949 1788; x_wconf 85' lang='lat' dir='ltr'><strong>ipsa</strong></span> <span class='ocrx_word' id='word_1_119' title='bbox 980 1718 1370 1773; x_wconf 88' lang='lat' dir='ltr'><strong>necessitudine</strong></span> <span class='ocrx_word' id='word_1_120' title='bbox 1395 1716 1760 1787; x_wconf 85' lang='lat' dir='ltr'><strong>conjugiorum</strong></span> <span class='ocrx_word' id='word_1_121' title='bbox 1787 1726 1946 1787; x_wconf 89' lang='lat' dir='ltr'><strong>atque</strong></span> <span class='ocrx_word' id='word_1_122' title='bbox 1973 1716 2202 1771; x_wconf 81' lang='lat' dir='ltr'><strong>ﬁliorum</strong></span> 
     </span>
    </p>
   </div>
   <div class='ocr_carea' id='block_1_17' title="bbox 615 1806 2203 1880">
    <p class='ocr_par' dir='ltr' id='par_1_17' title="bbox 615 1806 2203 1880">
     <span class='ocr_line' id='line_1_17' title="bbox 615 1806 2203 1880; baseline -0.003 -14"><span class='ocrx_word' id='word_1_123' title='bbox 615 1810 910 1866; x_wconf 78' lang='lat' dir='ltr'><strong>sanctitatis</strong></span> <span class='ocrx_word' id='word_1_124' title='bbox 947 1810 1283 1880; x_wconf 82' lang='lat' dir='ltr'><strong>asperginem</strong></span> <span class='ocrx_word' id='word_1_125' title='bbox 1311 1825 1324 1861; x_wconf 91' lang='lat'><strong>:</strong></span> <span class='ocrx_word' id='word_1_126' title='bbox 1364 1808 1489 1863; x_wconf 92' lang='lat' dir='ltr'><strong>illud</strong></span> <span class='ocrx_word' id='word_1_127' title='bbox 1520 1817 1697 1863; x_wconf 90' lang='lat' dir='ltr'><strong>tamen</strong></span> <span class='ocrx_word' id='word_1_128' title='bbox 1730 1807 1847 1862; x_wconf 90' lang='lat' dir='ltr'><strong>sine</strong></span> <span class='ocrx_word' id='word_1_129' title='bbox 1876 1806 2203 1862; x_wconf 84' lang='lat' dir='ltr'><strong>dubitatione</strong></span> 
     </span>
    </p>
   </div>
   <div class='ocr_carea' id='block_1_18' title="bbox 615 1899 2202 1971">
    <p class='ocr_par' dir='ltr' id='par_1_18' title="bbox 615 1899 2202 1971">
     <span class='ocr_line' id='line_1_18' title="bbox 615 1899 2202 1971; baseline 0 -17"><span class='ocrx_word' id='word_1_130' title='bbox 615 1900 903 1957; x_wconf 89' lang='lat' dir='ltr'><strong>tenendum</strong></span> <span class='ocrx_word' id='word_1_131' title='bbox 935 1910 1015 1955; x_wconf 89' lang='lat' dir='ltr'><strong>est</strong></span> <span class='ocrx_word' id='word_1_132' title='bbox 1038 1942 1051 1965; x_wconf 89' lang='lat'><strong>,</strong></span> <span class='ocrx_word' id='word_1_133' title='bbox 1083 1915 1430 1971; x_wconf 70' lang='lat' dir='ltr'><strong>qumcumque</strong></span> <span class='ocrx_word' id='word_1_134' title='bbox 1467 1900 1552 1953; x_wconf 91' lang='lat' dir='ltr'><strong>illa</strong></span> <span class='ocrx_word' id='word_1_135' title='bbox 1584 1899 1933 1954; x_wconf 83' lang='lat' dir='ltr'><strong>sanctiﬁcatio</strong></span> <span class='ocrx_word' id='word_1_136' title='bbox 1963 1900 2032 1955; x_wconf 90' lang='lat' dir='ltr'><strong>sit</strong></span> <span class='ocrx_word' id='word_1_137' title='bbox 2052 1940 2067 1964; x_wconf 62' lang='grc' dir='ltr'><strong>ε</strong></span> <span class='ocrx_word' id='word_1_138' title='bbox 2096 1915 2202 1954; x_wconf 90' lang='lat' dir='ltr'><strong>non</strong></span> 
     </span>
    </p>
   </div>
   <div class='ocr_carea' id='block_1_19' title="bbox 612 1990 2202 2061">
    <p class='ocr_par' dir='ltr' id='par_1_19' title="bbox 612 1990 2202 2061">
     <span class='ocr_line' id='line_1_19' title="bbox 612 1990 2202 2061; baseline -0.001 -14"><span class='ocrx_word' id='word_1_139' title='bbox 612 1994 791 2047; x_wconf 84' lang='lat' dir='ltr'><strong>valere</strong></span> <span class='ocrx_word' id='word_1_140' title='bbox 817 1992 883 2047; x_wconf 92' lang='lat' dir='ltr'><strong>ad</strong></span> <span class='ocrx_word' id='word_1_141' title='bbox 911 1992 1232 2046; x_wconf 82' lang='lat' dir='ltr'><strong>christianos</strong></span> <span class='ocrx_word' id='word_1_142' title='bbox 1258 1990 1530 2045; x_wconf 85' lang='lat' dir='ltr'><strong>faciendos</strong></span> <span class='ocrx_word' id='word_1_143' title='bbox 1553 2033 1567 2055; x_wconf 91' lang='lat'><strong>,</strong></span> <span class='ocrx_word' id='word_1_144' title='bbox 1597 1999 1756 2061; x_wconf 88' lang='lat' dir='ltr'><strong>atque</strong></span> <span class='ocrx_word' id='word_1_145' title='bbox 1797 1990 1862 2044; x_wconf 90' lang='lat' dir='ltr'><strong>ad</strong></span> <span class='ocrx_word' id='word_1_146' title='bbox 1891 1990 2202 2045; x_wconf 82' lang='lat' dir='ltr'><strong>dimittenda</strong></span> 
     </span>
    </p>
   </div>
   <div class='ocr_carea' id='block_1_20' title="bbox 613 2081 2202 2153">
    <p class='ocr_par' dir='ltr' id='par_1_20' title="bbox 613 2081 2202 2153">
     <span class='ocr_line' id='line_1_20' title="bbox 613 2081 2202 2153; baseline 0.001 -15"><span class='ocrx_word' id='word_1_147' title='bbox 613 2093 853 2153; x_wconf 86' lang='lat' dir='ltr'><strong>peccata,</strong></span> <span class='ocrx_word' id='word_1_148' title='bbox 888 2083 990 2138; x_wconf 92' lang='lat' dir='ltr'><strong>nisi</strong></span> <span class='ocrx_word' id='word_1_149' title='bbox 1035 2081 1327 2137; x_wconf 88' lang='lat' dir='ltr'><strong>christiana</strong></span> <span class='ocrx_word' id='word_1_150' title='bbox 1367 2092 1422 2137; x_wconf 93' lang='lat' dir='ltr'><strong>ct</strong></span> <span class='ocrx_word' id='word_1_151' title='bbox 1464 2083 1824 2138; x_wconf 89' lang='lat' dir='ltr'><strong>ecclesiastica</strong></span> <span class='ocrx_word' id='word_1_152' title='bbox 1872 2082 2202 2140; x_wconf 86' lang='lat' dir='ltr'><strong>institutione</strong></span> 
     </span>
    </p>
   </div>
   <div class='ocr_carea' id='block_1_21' title="bbox 614 2173 2201 2245">
    <p class='ocr_par' dir='ltr' id='par_1_21' title="bbox 614 2173 2201 2245">
     <span class='ocr_line' id='line_1_21' title="bbox 614 2173 2201 2245; baseline -0.001 -14"><span class='ocrx_word' id='word_1_153' title='bbox 614 2175 1011 2231; x_wconf 74' lang='lat' dir='ltr'><strong>Sacramentis‘</strong></span> <span class='ocrx_word' id='word_1_154' title='bbox 1036 2173 1332 2230; x_wconf 90' lang='lat' dir='ltr'><strong>efﬁciantur</strong></span> <span class='ocrx_word' id='word_1_155' title='bbox 1377 2173 1579 2228; x_wconf 86' lang='lat' dir='ltr'><strong>fideles.</strong></span> <span class='ocrx_word' id='word_1_156' title='bbox 1620 2173 1753 2229; x_wconf 83' lang='lat' dir='ltr'><strong>Nam</strong></span> <span class='ocrx_word' id='word_1_157' title='bbox 1801 2188 1901 2230; x_wconf 91' lang='lat' dir='ltr'><strong>nec</strong></span> <span class='ocrx_word' id='word_1_158' title='bbox 1941 2175 2201 2245; x_wconf 83' lang='lat' dir='ltr'><strong>conjuges</strong></span> 
     </span>
    </p>
   </div>
   <div class='ocr_carea' id='block_1_22' title="bbox 614 2265 2203 2335">
    <p class='ocr_par' dir='ltr' id='par_1_22' title="bbox 614 2265 2203 2335">
     <span class='ocr_line' id='line_1_22' title="bbox 614 2265 2203 2335; baseline 0.001 -15"><span class='ocrx_word' id='word_1_159' title='bbox 614 2265 876 2326; x_wconf 89' lang='lat' dir='ltr'><strong>inﬁdeles,</strong></span> <span class='ocrx_word' id='word_1_160' title='bbox 909 2266 1195 2333; x_wconf 84' lang='lat' dir='ltr'><strong>quamlibet</strong></span> <span class='ocrx_word' id='word_1_161' title='bbox 1232 2265 1432 2319; x_wconf 85' lang='lat' dir='ltr'><strong>sanctis</strong></span> <span class='ocrx_word' id='word_1_162' title='bbox 1470 2274 1520 2319; x_wconf 87' lang='lat' dir='ltr'><strong>et</strong></span> <span class='ocrx_word' id='word_1_163' title='bbox 1548 2265 1706 2334; x_wconf 39' lang='lat' dir='ltr'><strong>justis</strong></span> <span class='ocrx_word' id='word_1_164' title='bbox 1749 2265 2203 2335; x_wconf 75' lang='lat' dir='ltr'><strong>conjugibusbte-</strong></span> 
     </span>
    </p>
   </div>
   <div class='ocr_carea' id='block_1_23' title="bbox 613 2355 2203 2427">
    <p class='ocr_par' dir='ltr' id='par_1_23' title="bbox 613 2355 2203 2427">
     <span class='ocr_line' id='line_1_23' title="bbox 613 2355 2203 2427; baseline 0.001 -16"><span class='ocrx_word' id='word_1_165' title='bbox 613 2365 788 2424; x_wconf 88' lang='lat' dir='ltr'><strong>reant,</strong></span> <span class='ocrx_word' id='word_1_166' title='bbox 820 2356 887 2410; x_wconf 90' lang='lat' dir='ltr'><strong>ab</strong></span> <span class='ocrx_word' id='word_1_167' title='bbox 914 2355 1189 2426; x_wconf 88' lang='lat' dir='ltr'><strong>iniquitate</strong></span> <span class='ocrx_word' id='word_1_168' title='bbox 1215 2355 1539 2409; x_wconf 90' lang='lat' dir='ltr'><strong>mundantur</strong></span> <span class='ocrx_word' id='word_1_169' title='bbox 1558 2397 1570 2419; x_wconf 94' lang='lat'><strong>,</strong></span> <span class='ocrx_word' id='word_1_170' title='bbox 1599 2371 1717 2425; x_wconf 80' lang='lat' dir='ltr'><strong>qtue</strong></span> <span class='ocrx_word' id='word_1_171' title='bbox 1743 2370 1772 2408; x_wconf 91' lang='lat' dir='ltr'><strong>a</strong></span> <span class='ocrx_word' id='word_1_172' title='bbox 1805 2370 1968 2427; x_wconf 84' lang='lat' dir='ltr'><strong>regno</strong></span> <span class='ocrx_word' id='word_1_173' title='bbox 1999 2356 2090 2410; x_wconf 84' lang='lat' dir='ltr'><strong>Dei</strong></span> <span class='ocrx_word' id='word_1_174' title='bbox 2117 2371 2203 2412; x_wconf 90' lang='lat' dir='ltr'><strong>sc-</strong></span> 
     </span>
    </p>
   </div>
   <div class='ocr_carea' id='block_1_24' title="bbox 614 2445 2201 2518">
    <p class='ocr_par' dir='ltr' id='par_1_24' title="bbox 614 2445 2201 2518">
     <span class='ocr_line' id='line_1_24' title="bbox 614 2445 2201 2518; baseline -0.001 -17"><span class='ocrx_word' id='word_1_175' title='bbox 614 2456 832 2518; x_wconf 89' lang='lat' dir='ltr'><strong>paratos</strong></span> <span class='ocrx_word' id='word_1_176' title='bbox 853 2447 903 2501; x_wconf 91' lang='lat' dir='ltr'><strong>in</strong></span> <span class='ocrx_word' id='word_1_177' title='bbox 927 2447 1316 2500; x_wconf 83' lang='lat' dir='ltr'><strong>damnationem</strong></span> <span class='ocrx_word' id='word_1_178' title='bbox 1345 2446 1526 2500; x_wconf 86' lang='lat' dir='ltr'><strong>venire</strong></span> <span class='ocrx_word' id='word_1_179' title='bbox 1547 2446 1845 2514; x_wconf 89' lang='lat' dir='ltr'><strong>compellit;</strong></span> <span class='ocrx_word' id='word_1_180' title='bbox 1869 2460 1971 2500; x_wconf 76' lang='lat' dir='ltr'><strong>nec</strong></span> <span class='ocrx_word' id='word_1_181' title='bbox 1994 2445 2201 2516; x_wconf 85' lang='lat' dir='ltr'><strong>parvuli</strong></span> 
     </span>
    </p>
   </div>
   <div class='ocr_carea' id='block_1_25' title="bbox 617 2537 2201 2608">
    <p class='ocr_par' dir='ltr' id='par_1_25' title="bbox 617 2537 2201 2608">
     <span class='ocr_line' id='line_1_25' title="bbox 617 2537 2201 2608; baseline 0.001 -15"><span class='ocrx_word' id='word_1_182' title='bbox 617 2540 684 2596; x_wconf 89' lang='lat' dir='ltr'><strong>de</strong></span> <span class='ocrx_word' id='word_1_183' title='bbox 712 2539 1038 2607; x_wconf 88' lang='lat' dir='ltr'><strong>quibuslibet</strong></span> <span class='ocrx_word' id='word_1_184' title='bbox 1084 2539 1282 2592; x_wconf 87' lang='lat' dir='ltr'><strong>sanctis</strong></span> <span class='ocrx_word' id='word_1_185' title='bbox 1321 2537 1584 2608; x_wconf 88' lang='lat' dir='ltr'><strong>justisque</strong></span> <span class='ocrx_word' id='word_1_186' title='bbox 1619 2537 1900 2607; x_wconf 88' lang='lat' dir='ltr'><strong>procreati,</strong></span> <span class='ocrx_word' id='word_1_187' title='bbox 1931 2538 2201 2607; x_wconf 87' lang='lat' dir='ltr'><strong>originalis</strong></span> 
     </span>
    </p>
   </div>
   <div class='ocr_carea' id='block_1_26' title="bbox 616 2628 2202 2701">
    <p class='ocr_par' dir='ltr' id='par_1_26' title="bbox 616 2628 2202 2701">
     <span class='ocr_line' id='line_1_26' title="bbox 616 2628 2202 2701; baseline -0.003 -13"><span class='ocrx_word' id='word_1_188' title='bbox 616 2642 820 2701; x_wconf 78' lang='lat' dir='ltr'><strong>peccati</strong></span> <span class='ocrx_word' id='word_1_189' title='bbox 841 2641 991 2685; x_wconf 89' lang='lat' dir='ltr'><strong>reatu</strong></span> <span class='ocrx_word' id='word_1_190' title='bbox 1021 2630 1392 2697; x_wconf 85' lang='lat' dir='ltr'><strong>absolvuntur,</strong></span> <span class='ocrx_word' id='word_1_191' title='bbox 1422 2630 1523 2684; x_wconf 91' lang='lat' dir='ltr'><strong>nisi</strong></span> <span class='ocrx_word' id='word_1_192' title='bbox 1552 2629 1604 2684; x_wconf 88' lang='lat' dir='ltr'><strong>in</strong></span> <span class='ocrx_word' id='word_1_193' title='bbox 1632 2628 1848 2686; x_wconf 87' lang='lat' dir='ltr'><strong>Christo</strong></span> <span class='ocrx_word' id='word_1_194' title='bbox 1876 2628 2074 2685; x_wconf 89' lang='lat' dir='ltr'><strong>fuerint</strong></span> <span class='ocrx_word' id='word_1_195' title='bbox 2107 2629 2202 2684; x_wconf 86' lang='lat' dir='ltr'><strong>ba-</strong></span> 
     </span>
    </p>
   </div>
   <div class='ocr_carea' id='block_1_27' title="bbox 614 2720 2195 2793">
    <p class='ocr_par' dir='ltr' id='par_1_27' title="bbox 614 2720 2195 2793">
     <span class='ocr_line' id='line_1_27' title="bbox 614 2720 2195 2793; baseline -0.001 -15"><span class='ocrx_word' id='word_1_196' title='bbox 614 2723 796 2792; x_wconf 89' lang='lat' dir='ltr'><strong>ptizati</strong></span> <span class='ocrx_word' id='word_1_197' title='bbox 824 2742 837 2789; x_wconf 80' lang='lat'><strong>;</strong></span> <span class='ocrx_word' id='word_1_198' title='bbox 868 2737 967 2793; x_wconf 83' lang='lat' dir='ltr'><strong>pro</strong></span> <span class='ocrx_word' id='word_1_199' title='bbox 1004 2723 1196 2791; x_wconf 88' lang='lat' dir='ltr'><strong>quibus</strong></span> <span class='ocrx_word' id='word_1_200' title='bbox 1225 2729 1372 2775; x_wconf 88' lang='lat' dir='ltr'><strong>tanto</strong></span> <span class='ocrx_word' id='word_1_201' title='bbox 1403 2721 1696 2791; x_wconf 90' lang='lat' dir='ltr'><strong>impensius</strong></span> <span class='ocrx_word' id='word_1_202' title='bbox 1725 2721 1868 2793; x_wconf 88' lang='lat' dir='ltr'><strong>loqui</strong></span> <span class='ocrx_word' id='word_1_203' title='bbox 1904 2720 2195 2789; x_wconf 87' lang='lat' dir='ltr'><strong>debemus,</strong></span> 
     </span>
    </p>
   </div>
   <div class='ocr_carea' id='block_1_28' title="bbox 611 2813 1615 2883">
    <p class='ocr_par' dir='ltr' id='par_1_28' title="bbox 611 2813 1615 2883">
     <span class='ocr_line' id='line_1_28' title="bbox 611 2813 1615 2883; baseline 0.001 -17"><span class='ocrx_word' id='word_1_204' title='bbox 611 2822 812 2882; x_wconf 80' lang='lat' dir='ltr'><strong>quanto</strong></span> <span class='ocrx_word' id='word_1_205' title='bbox 843 2828 937 2881; x_wconf 70' lang='lat' dir='ltr'><strong>pro</strong></span> <span class='ocrx_word' id='word_1_206' title='bbox 963 2828 1021 2867; x_wconf 91' lang='lat' dir='ltr'><strong>se</strong></span> <span class='ocrx_word' id='word_1_207' title='bbox 1051 2813 1149 2883; x_wconf 68' lang='lat' dir='ltr'><strong>ipsi</strong></span> <span class='ocrx_word' id='word_1_208' title='bbox 1177 2813 1350 2868; x_wconf 90' lang='lat' dir='ltr'><strong>minus</strong></span> <span class='ocrx_word' id='word_1_209' title='bbox 1377 2820 1615 2882; x_wconf 88' lang='lat' dir='ltr'><strong>possunt.</strong></span> 
     </span>
    </p>
   </div>
   <div class='ocr_carea' id='block_1_29' title="bbox 683 2902 2198 2977">
    <p class='ocr_par' dir='ltr' id='par_1_29' title="bbox 683 2902 2198 2977">
     <span class='ocr_line' id='line_1_29' title="bbox 683 2902 2198 2977; baseline 0.003 -19"><span class='ocrx_word' id='word_1_210' title='bbox 683 2902 910 2960; x_wconf 83' lang='lat' dir='ltr'><strong>CAPUT</strong></span> <span class='ocrx_word' id='word_1_211' title='bbox 942 2902 1153 2958; x_wconf 78' lang='lat' dir='ltr'><strong>Xili.—</strong></span> <span class='ocrx_word' id='word_1_212' title='bbox 1177 2903 1266 2957; x_wconf 71' lang='lat'><strong>22.</strong></span> <span class='ocrx_word' id='word_1_213' title='bbox 1316 2903 1583 2976; x_wconf 75' lang='lat' dir='ltr'><strong>Epilogus.</strong></span> <span class='ocrx_word' id='word_1_214' title='bbox 1635 2903 1892 2960; x_wconf 81' lang='lat' dir='ltr'><strong>Sollicitos</strong></span> <span class='ocrx_word' id='word_1_215' title='bbox 1918 2921 2024 2961; x_wconf 77' lang='lat' dir='ltr'><strong>esse</strong></span> <span class='ocrx_word' id='word_1_216' title='bbox 2046 2922 2198 2977; x_wconf 86' lang='lat' dir='ltr'><strong>opor-</strong></span> 
     </span>
    </p>
   </div>
   <div class='ocr_carea' id='block_1_30' title="bbox 611 2996 2198 3068">
    <p class='ocr_par' dir='ltr' id='par_1_30' title="bbox 611 2996 2198 3068">
     <span class='ocr_line' id='line_1_30' title="bbox 611 2996 2198 3068; baseline 0.003 -20"><span class='ocrx_word' id='word_1_217' title='bbox 611 3005 682 3048; x_wconf 73' lang='lat' dir='ltr'><strong>tet</strong></span> <span class='ocrx_word' id='word_1_218' title='bbox 729 3005 783 3049; x_wconf 69' lang='lat' dir='ltr'><strong>sit</strong></span> <span class='ocrx_word' id='word_1_219' title='bbox 831 2996 1145 3061; x_wconf 71' lang='lat' dir='ltr'><strong>tmptizentur</strong></span> <span class='ocrx_word' id='word_1_220' title='bbox 1185 2996 1425 3065; x_wconf 76' lang='lat' dir='ltr'><strong>infantes.</strong></span> <span class='ocrx_word' id='word_1_221' title='bbox 1461 2996 1515 3051; x_wconf 91' lang='lat' dir='ltr'><strong>ld</strong></span> <span class='ocrx_word' id='word_1_222' title='bbox 1540 2997 1681 3063; x_wconf 82' lang='lat' dir='ltr'><strong>enim</strong></span> <span class='ocrx_word' id='word_1_223' title='bbox 1707 2997 1815 3067; x_wconf 82' lang='lat' dir='ltr'><strong>agit</strong></span> <span class='ocrx_word' id='word_1_224' title='bbox 1842 2997 1928 3052; x_wconf 83' lang='lat' dir='ltr'><strong>illa</strong></span> <span class='ocrx_word' id='word_1_225' title='bbox 1957 2998 2198 3068; x_wconf 85' lang='lat' dir='ltr'><strong>disputa-</strong></span> 
     </span>
    </p>
   </div>
   <div class='ocr_carea' id='block_1_31' title="bbox 621 3079 2198 3156">
    <p class='ocr_par' dir='ltr' id='par_1_31' title="bbox 621 3079 2198 3156">
     <span class='ocr_line' id='line_1_31' title="bbox 621 3079 2198 3156; baseline 0.006 -23"><span class='ocrx_word' id='word_1_226' title='bbox 621 3079 722 3149; x_wconf 89' lang='lat' dir='ltr'><strong>tio,</strong></span> <span class='ocrx_word' id='word_1_227' title='bbox 775 3094 961 3141; x_wconf 88' lang='lat' dir='ltr'><strong>contra</strong></span> <span class='ocrx_word' id='word_1_228' title='bbox 1014 3085 1168 3154; x_wconf 86' lang='lat' dir='ltr'><strong>cujus</strong></span> <span class='ocrx_word' id='word_1_229' title='bbox 1212 3085 1503 3140; x_wconf 88' lang='lat' dir='ltr'><strong>novitatem</strong></span> <span class='ocrx_word' id='word_1_230' title='bbox 1564 3086 1779 3156; x_wconf 89' lang='lat' dir='ltr'><strong>antiqua</strong></span> <span class='ocrx_word' id='word_1_231' title='bbox 1832 3087 2058 3142; x_wconf 78' lang='lat' dir='ltr'><strong>veritate</strong></span> <span class='ocrx_word' id='word_1_232' title='bbox 2113 3086 2198 3142; x_wconf 87' lang='lat' dir='ltr'><strong>ni-</strong></span> 
     </span>
    </p>
   </div>
   <div class='ocr_carea' id='block_1_32' title="bbox 613 3174 2200 3249">
    <p class='ocr_par' dir='ltr' id='par_1_32' title="bbox 613 3174 2200 3249">
     <span class='ocr_line' id='line_1_32' title="bbox 613 3174 2200 3249; baseline 0.005 -22"><span class='ocrx_word' id='word_1_233' title='bbox 613 3174 828 3229; x_wconf 83' lang='lat' dir='ltr'><strong>tendum</strong></span> <span class='ocrx_word' id='word_1_234' title='bbox 867 3184 979 3238; x_wconf 83' lang='lat' dir='ltr'><strong>est,</strong></span> <span class='ocrx_word' id='word_1_235' title='bbox 1010 3185 1066 3230; x_wconf 92' lang='lat' dir='ltr'><strong>ut</strong></span> <span class='ocrx_word' id='word_1_236' title='bbox 1100 3175 1323 3233; x_wconf 83' lang='lat' dir='ltr'><strong>infantes</strong></span> <span class='ocrx_word' id='word_1_237' title='bbox 1366 3178 1585 3233; x_wconf 91' lang='lat' dir='ltr'><strong>omnino</strong></span> <span class='ocrx_word' id='word_1_238' title='bbox 1629 3176 1898 3248; x_wconf 82' lang='lat' dir='ltr'><strong>superﬂuo</strong></span> <span class='ocrx_word' id='word_1_239' title='bbox 1942 3178 2200 3249; x_wconf 81' lang='lat' dir='ltr'><strong>baptizari</strong></span> 
     </span>
    </p>
   </div>
   <div class='ocr_carea' id='block_1_33' title="bbox 610 3266 2198 3338">
    <p class='ocr_par' dir='ltr' id='par_1_33' title="bbox 610 3266 2198 3338">
     <span class='ocr_line' id='line_1_33' title="bbox 610 3266 2198 3338; baseline 0.005 -18"><span class='ocrx_word' id='word_1_240' title='bbox 610 3266 906 3322; x_wconf 74' lang='lat' dir='ltr'><strong>videantur.</strong></span> <span class='ocrx_word' id='word_1_241' title='bbox 927 3266 1032 3323; x_wconf 89' lang='lat' dir='ltr'><strong>Sed</strong></span> <span class='ocrx_word' id='word_1_242' title='bbox 1052 3279 1235 3338; x_wconf 85' lang='lat' dir='ltr'><strong>aperte</strong></span> <span class='ocrx_word' id='word_1_243' title='bbox 1255 3268 1358 3324; x_wconf 91' lang='lat' dir='ltr'><strong>hoc</strong></span> <span class='ocrx_word' id='word_1_244' title='bbox 1374 3284 1479 3323; x_wconf 92' lang='lat' dir='ltr'><strong>non</strong></span> <span class='ocrx_word' id='word_1_245' title='bbox 1498 3268 1710 3336; x_wconf 91' lang='lat' dir='ltr'><strong>dicitur,</strong></span> <span class='ocrx_word' id='word_1_246' title='bbox 1736 3285 1801 3325; x_wconf 92' lang='lat' dir='ltr'><strong>ne</strong></span> <span class='ocrx_word' id='word_1_247' title='bbox 1823 3279 1928 3325; x_wconf 90' lang='lat' dir='ltr'><strong>tam</strong></span> <span class='ocrx_word' id='word_1_248' title='bbox 1952 3271 2160 3327; x_wconf 92' lang='lat' dir='ltr'><strong>ﬁrmata</strong></span> <span class='ocrx_word' id='word_1_249' title='bbox 2175 3277 2198 3306; x_wconf 88' lang='grc'>¹¹</span> 
     </span>
    </p>
   </div>
   <div class='ocr_carea' id='block_1_34' title="bbox 608 3359 2198 3422">
    <p class='ocr_par' dir='ltr' id='par_1_34' title="bbox 608 3359 2198 3422">
     <span class='ocr_line' id='line_1_34' title="bbox 608 3359 2198 3422; baseline 0.005 -8"><span class='ocrx_word' id='word_1_250' title='bbox 608 3359 896 3416; x_wconf 66' lang='lat' dir='ltr'><strong>salubriter</strong></span> <span class='ocrx_word' id='word_1_251' title='bbox 922 3361 1178 3418; x_wconf 72' lang='lat' dir='ltr'><strong>Ecclesia:</strong></span> <span class='ocrx_word' id='word_1_252' title='bbox 1218 3363 1547 3419; x_wconf 90' lang='lat' dir='ltr'><strong>consuetudo</strong></span> <span class='ocrx_word' id='word_1_253' title='bbox 1573 3364 1858 3420; x_wconf 87' lang='lat' dir='ltr'><strong>violatores</strong></span> <span class='ocrx_word' id='word_1_254' title='bbox 1897 3378 2024 3421; x_wconf 89' lang='lat' dir='ltr'><strong>suos</strong></span> <span class='ocrx_word' id='word_1_255' title='bbox 2053 3363 2198 3422; x_wconf 90' lang='lat' dir='ltr'><strong>ferre</strong></span> 
     </span>
    </p>
   </div>
   <div class='ocr_carea' id='block_1_35' title="bbox 610 3456 2194 3529">
    <p class='ocr_par' dir='ltr' id='par_1_35' title="bbox 610 3456 2194 3529">
     <span class='ocr_line' id='line_1_35' title="bbox 610 3456 2194 3529; baseline 0.004 -23"><span class='ocrx_word' id='word_1_256' title='bbox 610 3468 715 3507; x_wconf 90' lang='lat' dir='ltr'><strong>non</strong></span> <span class='ocrx_word' id='word_1_257' title='bbox 759 3456 946 3524; x_wconf 77' lang='lat' dir='ltr'><strong>possit.</strong></span> <span class='ocrx_word' id='word_1_258' title='bbox 995 3456 1099 3511; x_wconf 81' lang='lat' dir='ltr'><strong>Sed</strong></span> <span class='ocrx_word' id='word_1_259' title='bbox 1148 3465 1190 3510; x_wconf 84' lang='lat' dir='ltr'><strong>si</strong></span> <span class='ocrx_word' id='word_1_260' title='bbox 1222 3457 1435 3528; x_wconf 89' lang='lat' dir='ltr'><strong>pupillis</strong></span> <span class='ocrx_word' id='word_1_261' title='bbox 1472 3472 1628 3527; x_wconf 89' lang='lat' dir='ltr'><strong>opem</strong></span> <span class='ocrx_word' id='word_1_262' title='bbox 1655 3456 1794 3513; x_wconf 89' lang='lat' dir='ltr'><strong>ferre</strong></span> <span class='ocrx_word' id='word_1_263' title='bbox 1832 3458 2194 3529; x_wconf 68' lang='lat' dir='ltr'><strong>praecipimur,</strong></span> 
     </span>
    </p>
   </div>
   <div class='ocr_carea' id='block_1_36' title="bbox 607 3547 2196 3621">
    <p class='ocr_par' dir='ltr' id='par_1_36' title="bbox 607 3547 2196 3621">
     <span class='ocr_line' id='line_1_36' title="bbox 607 3547 2196 3621; baseline 0.004 -23"><span class='ocrx_word' id='word_1_264' title='bbox 607 3554 806 3615; x_wconf 85' lang='lat' dir='ltr'><strong>quanto</strong></span> <span class='ocrx_word' id='word_1_265' title='bbox 832 3547 999 3617; x_wconf 87' lang='lat' dir='ltr'><strong>magis</strong></span> <span class='ocrx_word' id='word_1_266' title='bbox 1032 3564 1129 3618; x_wconf 90' lang='lat' dir='ltr'><strong>pro</strong></span> <span class='ocrx_word' id='word_1_267' title='bbox 1160 3548 1275 3603; x_wconf 91' lang='lat' dir='ltr'><strong>istis</strong></span> <span class='ocrx_word' id='word_1_268' title='bbox 1306 3548 1550 3603; x_wconf 88' lang='lat' dir='ltr'><strong>laborare</strong></span> <span class='ocrx_word' id='word_1_269' title='bbox 1579 3548 1834 3604; x_wconf 89' lang='lat' dir='ltr'><strong>debemus</strong></span> <span class='ocrx_word' id='word_1_270' title='bbox 1856 3590 1872 3617; x_wconf 90' lang='lat'><strong>,</strong></span> <span class='ocrx_word' id='word_1_271' title='bbox 1903 3550 1993 3621; x_wconf 92' lang='lat' dir='ltr'><strong>qui</strong></span> <span class='ocrx_word' id='word_1_272' title='bbox 2030 3549 2196 3605; x_wconf 87' lang='lat' dir='ltr'><strong>desti-</strong></span> 
     </span>
    </p>
   </div>
   <div class='ocr_carea' id='block_1_37' title="bbox 608 3639 2195 3712">
    <p class='ocr_par' dir='ltr' id='par_1_37' title="bbox 608 3639 2195 3712">
     <span class='ocr_line' id='line_1_37' title="bbox 608 3639 2195 3712; baseline 0.006 -23"><span class='ocrx_word' id='word_1_273' title='bbox 608 3641 829 3692; x_wconf 89' lang='lat' dir='ltr'><strong>tutiores</strong></span> <span class='ocrx_word' id='word_1_274' title='bbox 858 3649 912 3693; x_wconf 90' lang='lat' dir='ltr'><strong>ct</strong></span> <span class='ocrx_word' id='word_1_275' title='bbox 955 3641 1266 3695; x_wconf 88' lang='lat' dir='ltr'><strong>miseriores</strong></span> <span class='ocrx_word' id='word_1_276' title='bbox 1294 3639 1511 3711; x_wconf 89' lang='lat' dir='ltr'><strong>pupillis</strong></span> <span class='ocrx_word' id='word_1_277' title='bbox 1538 3641 1698 3697; x_wconf 88' lang='lat' dir='ltr'><strong>etiam</strong></span> <span class='ocrx_word' id='word_1_278' title='bbox 1742 3641 1845 3696; x_wconf 87' lang='lat' dir='ltr'><strong>sub</strong></span> <span class='ocrx_word' id='word_1_279' title='bbox 1886 3642 2195 3712; x_wconf 88' lang='lat' dir='ltr'><strong>parentibus</strong></span> 
     </span>
    </p>
   </div>
   <div class='ocr_carea' id='block_1_38' title="bbox 607 3728 2196 3805">
    <p class='ocr_par' dir='ltr' id='par_1_38' title="bbox 607 3728 2196 3805">
     <span class='ocr_line' id='line_1_38' title="bbox 607 3728 2196 3805; baseline 0.005 -24"><span class='ocrx_word' id='word_1_280' title='bbox 607 3728 963 3783; x_wconf 85' lang='lat' dir='ltr'><strong>remanebunt</strong></span> <span class='ocrx_word' id='word_1_281' title='bbox 982 3773 1009 3795; x_wconf 48' lang='grc' dir='ltr'><strong>λ</strong></span> <span class='ocrx_word' id='word_1_282' title='bbox 1030 3731 1075 3785; x_wconf 90' lang='lat' dir='ltr'><strong>si</strong></span> <span class='ocrx_word' id='word_1_283' title='bbox 1101 3734 1178 3785; x_wconf 88' lang='lat' dir='ltr'><strong>eis</strong></span> <span class='ocrx_word' id='word_1_284' title='bbox 1204 3730 1399 3785; x_wconf 80' lang='lat' dir='ltr'><strong>Christi</strong></span> <span class='ocrx_word' id='word_1_285' title='bbox 1439 3733 1609 3801; x_wconf 86' lang='lat' dir='ltr'><strong>gratia</strong></span> <span class='ocrx_word' id='word_1_286' title='bbox 1636 3731 2006 3804; x_wconf 84' lang='lat' dir='ltr'><strong>denegabitur,</strong></span> <span class='ocrx_word' id='word_1_287' title='bbox 2036 3749 2196 3805; x_wconf 89' lang='lat' dir='ltr'><strong>quam</strong></span> 
     </span>
    </p>
   </div>
   <div class='ocr_carea' id='block_1_39' title="bbox 608 3821 1652 3893">
    <p class='ocr_par' dir='ltr' id='par_1_39' title="bbox 608 3821 1652 3893">
     <span class='ocr_line' id='line_1_39' title="bbox 608 3821 1652 3893; baseline 0.003 -19"><span class='ocrx_word' id='word_1_288' title='bbox 608 3834 705 3889; x_wconf 86' lang='lat' dir='ltr'><strong>per</strong></span> <span class='ocrx_word' id='word_1_289' title='bbox 734 3835 793 3875; x_wconf 91' lang='lat' dir='ltr'><strong>se</strong></span> <span class='ocrx_word' id='word_1_290' title='bbox 816 3821 837 3852; x_wconf 85' lang='grc'>³</span> <span class='ocrx_word' id='word_1_291' title='bbox 866 3822 962 3889; x_wconf 85' lang='lat' dir='ltr'><strong>ipsi</strong></span> <span class='ocrx_word' id='word_1_292' title='bbox 993 3822 1229 3891; x_wconf 79' lang='lat' dir='ltr'><strong>ﬂagitare</strong></span> <span class='ocrx_word' id='word_1_293' title='bbox 1260 3838 1363 3877; x_wconf 93' lang='lat' dir='ltr'><strong>non</strong></span> <span class='ocrx_word' id='word_1_294' title='bbox 1388 3824 1652 3893; x_wconf 86' lang='lat' dir='ltr'><strong>possunt?</strong></span> 
     </span>
    </p>
   </div>
   <div class='ocr_carea' id='block_1_40' title="bbox 681 3911 2196 3987">
    <p class='ocr_par' dir='ltr' id='par_1_40' title="bbox 681 3911 2196 3987">
     <span class='ocr_line' id='line_1_40' title="bbox 681 3911 2196 3987; baseline 0.005 -21"><span class='ocrx_word' id='word_1_295' title='bbox 681 3911 773 3967; x_wconf 77' lang='grc'><strong>25.</strong></span> <span class='ocrx_word' id='word_1_296' title='bbox 817 3912 947 3967; x_wconf 91' lang='lat' dir='ltr'><strong>Illud</strong></span> <span class='ocrx_word' id='word_1_297' title='bbox 978 3925 1153 3968; x_wconf 64' lang='lat' dir='ltr'><strong>autem</strong></span> <span class='ocrx_word' id='word_1_298' title='bbox 1180 3915 1322 3987; x_wconf 87' lang='lat' dir='ltr'><strong>quod</strong></span> <span class='ocrx_word' id='word_1_299' title='bbox 1348 3916 1552 3982; x_wconf 90' lang='lat' dir='ltr'><strong>dicunt,</strong></span> <span class='ocrx_word' id='word_1_300' title='bbox 1583 3916 1697 3971; x_wconf 88' lang='lat' dir='ltr'><strong>sine</strong></span> <span class='ocrx_word' id='word_1_301' title='bbox 1725 3916 1834 3973; x_wconf 92' lang='lat' dir='ltr'><strong>ullo</strong></span> <span class='ocrx_word' id='word_1_302' title='bbox 1855 3928 2073 3987; x_wconf 90' lang='lat' dir='ltr'><strong>peccato</strong></span> <span class='ocrx_word' id='word_1_303' title='bbox 2092 3919 2196 3974; x_wconf 85' lang='lat' dir='ltr'><strong>ali-</strong></span> 
     </span>
    </p>
   </div>
   <div class='ocr_carea' id='block_1_41' title="bbox 673 4024 2200 4093">
    <p class='ocr_par' dir='ltr' id='par_1_41' title="bbox 673 4024 2200 4093">
     <span class='ocr_line' id='line_1_41' title="bbox 673 4024 2200 4093; baseline 0.007 -21"><span class='ocrx_word' id='word_1_304' title='bbox 673 4026 689 4056; x_wconf 84' lang='grc'>¹</span> <span class='ocrx_word' id='word_1_305' title='bbox 718 4024 852 4093; x_wconf 59' lang='lat' dir='ltr'><strong>editi,</strong></span> <span class='ocrx_word' id='word_1_306' title='bbox 875 4032 920 4075; x_wconf 86' lang='lat' dir='ltr'><strong>ct</strong></span> <span class='ocrx_word' id='word_1_307' title='bbox 952 4024 1284 4093; x_wconf 72' lang='lat' dir='ltr'><strong>sacramentis.</strong></span> <span class='ocrx_word' id='word_1_308' title='bbox 1309 4027 1635 4091; x_wconf 67' lang='lat' dir='ltr'><strong>oomlativam</strong></span> <span class='ocrx_word' id='word_1_309' title='bbox 1666 4028 1951 4093; x_wconf 83' lang='lat' dir='ltr'><strong>particulam</strong></span> <span class='ocrx_word' id='word_1_310' title='bbox 1977 4030 2071 4081; x_wconf 85' lang='lat' dir='ltr'><strong>hoc</strong></span> <span class='ocrx_word' id='word_1_311' title='bbox 2092 4028 2200 4083; x_wconf 86' lang='lat' dir='ltr'><strong>loco</strong></span> 
     </span>
    </p>
   </div>
   <div class='ocr_carea' id='block_1_42' title="bbox 607 4088 1272 4152">
    <p class='ocr_par' dir='ltr' id='par_1_42' title="bbox 607 4088 1272 4152">
     <span class='ocr_line' id='line_1_42' title="bbox 607 4088 1272 4152; baseline 0.008 -19"><span class='ocrx_word' id='word_1_312' title='bbox 607 4098 704 4152; x_wconf 84' lang='lat' dir='ltr'><strong>non</strong></span> <span class='ocrx_word' id='word_1_313' title='bbox 736 4088 920 4136; x_wconf 86' lang='lat' dir='ltr'><strong>habent</strong></span> <span class='ocrx_word' id='word_1_314' title='bbox 943 4090 1272 4152; x_wconf 79' lang='lat' dir='ltr'><strong>manuscripti.</strong></span> 
     </span>
    </p>
   </div>
   <div class='ocr_carea' id='block_1_43' title="bbox 673 4150 1230 4214">
    <p class='ocr_par' dir='ltr' id='par_1_43' title="bbox 673 4150 1230 4214">
     <span class='ocr_line' id='line_1_43' title="bbox 673 4150 1230 4214; baseline 0.002 -16"><span class='ocrx_word' id='word_1_315' title='bbox 673 4151 693 4214; x_wconf 62' lang='grc' dir='ltr'><strong>ξ</strong></span> <span class='ocrx_word' id='word_1_316' title='bbox 718 4157 767 4199; x_wconf 91' lang='lat' dir='ltr'><strong>In</strong></span> <span class='ocrx_word' id='word_1_317' title='bbox 793 4159 916 4214; x_wconf 66' lang='lat' dir='ltr'><strong>mss,</strong></span> <span class='ocrx_word' id='word_1_318' title='bbox 950 4157 1046 4200; x_wconf 84' lang='lat' dir='ltr'><strong>tam</strong></span> <span class='ocrx_word' id='word_1_319' title='bbox 1068 4150 1230 4214; x_wconf 80' lang='lat' dir='ltr'><strong>ﬁrma.</strong></span> 
     </span>
    </p>
   </div>
   <div class='ocr_carea' id='block_1_44' title="bbox 675 4211 1287 4276">
    <p class='ocr_par' dir='ltr' id='par_1_44' title="bbox 675 4211 1287 4276">
     <span class='ocr_line' id='line_1_44' title="bbox 675 4211 1287 4276; baseline 0.003 -14"><span class='ocrx_word' id='word_1_320' title='bbox 675 4211 697 4276; x_wconf 55' lang='grc' dir='ltr'><strong><em>ἓ</em></strong></span> <span class='ocrx_word' id='word_1_321' title='bbox 720 4213 943 4262; x_wconf 71' lang='lat' dir='ltr'><strong>Munium</strong></span> <span class='ocrx_word' id='word_1_322' title='bbox 967 4211 1091 4270; x_wconf 50' lang='lat' dir='ltr'><strong>Mss.)</strong></span> <span class='ocrx_word' id='word_1_323' title='bbox 1111 4226 1199 4276; x_wconf 89' lang='lat' dir='ltr'><strong>pro</strong></span> <span class='ocrx_word' id='word_1_324' title='bbox 1220 4227 1287 4264; x_wconf 78' lang='lat' dir='ltr'><strong>se.</strong></span> 
     </span>
    </p>
   </div>
   <div class='ocr_carea' id='block_1_45' title="bbox 668 4274 2195 4343">
    <p class='ocr_par' dir='ltr' id='par_1_45' title="bbox 668 4274 2195 4343">
     <span class='ocr_line' id='line_1_45' title="bbox 668 4274 2195 4343; baseline 0.004 -20"><span class='ocrx_word' id='word_1_325' title='bbox 668 4274 739 4337; x_wconf 85' lang='lat' dir='ltr'><strong>(a)</strong></span> <span class='ocrx_word' id='word_1_326' title='bbox 774 4276 855 4323; x_wconf 80' lang='lat' dir='ltr'><strong>Adi</strong></span> <span class='ocrx_word' id='word_1_327' title='bbox 877 4274 1252 4326; x_wconf 82' lang='lat' dir='ltr'><strong>Commentarios</strong></span> <span class='ocrx_word' id='word_1_328' title='bbox 1269 4278 1317 4326; x_wconf 91' lang='lat' dir='ltr'><strong>iu</strong></span> <span class='ocrx_word' id='word_1_329' title='bbox 1339 4276 1535 4327; x_wconf 85' lang='lat' dir='ltr'><strong>Paulum</strong></span> <span class='ocrx_word' id='word_1_330' title='bbox 1567 4278 1696 4327; x_wconf 88' lang='lat' dir='ltr'><strong>inter</strong></span> <span class='ocrx_word' id='word_1_331' title='bbox 1728 4279 2002 4343; x_wconf 67' lang='lat' dir='ltr'><strong>Hieronymi</strong></span> <span class='ocrx_word' id='word_1_332' title='bbox 2026 4292 2195 4342; x_wconf 85' lang='lat' dir='ltr'><strong>opera,</strong></span> 
     </span>
    </p>
   </div>
   <div class='ocr_carea' id='block_1_46' title="bbox 694 4366 1609 4376">
    <p class='ocr_par' dir='ltr' id='par_1_46' title="bbox 694 4366 1609 4376">
     <span class='ocr_line' id='line_1_46' title="bbox 694 4366 1609 4376; baseline 0.004 -4"><span class='ocrx_word' id='word_1_333' title='bbox 694 4366 773 4372; x_wconf 67' lang='grc' dir='ltr'><strong>...ο</strong></span> <span class='ocrx_word' id='word_1_334' title='bbox 800 4368 876 4373; x_wconf 63' lang='grc' dir='ltr'><strong>-Ὴ</strong></span> <span class='ocrx_word' id='word_1_335' title='bbox 907 4367 1125 4373; x_wconf 59' lang='grc' dir='ltr'><strong>,ν-τ-ρ--ν-</strong></span> <span class='ocrx_word' id='word_1_336' title='bbox 1142 4368 1191 4373; x_wconf 84' lang='grc'><strong><em>-.</em></strong></span> <span class='ocrx_word' id='word_1_337' title='bbox 1206 4368 1379 4375; x_wconf 53' lang='grc' dir='ltr'><strong>..φ-...-</strong></span> <span class='ocrx_word' id='word_1_338' title='bbox 1396 4368 1609 4376; x_wconf 61' lang='grc'><strong>“.---.</strong></span> 
     </span>
    </p>
   </div>
   <div class='ocr_carea' id='block_1_47' title="bbox 1562 314 2963 385">
    <p class='ocr_par' dir='ltr' id='par_1_47' title="bbox 1562 314 2963 385">
     <span class='ocr_line' id='line_1_47' title="bbox 1562 314 2963 385; baseline -0.001 -13"><span class='ocrx_word' id='word_1_339' title='bbox 1562 318 1650 373; x_wconf 86' lang='lat' dir='ltr'>DE</span> <span class='ocrx_word' id='word_1_340' title='bbox 1688 316 1954 374; x_wconf 78' lang='lat' dir='ltr'><strong>SPlRlTU</strong></span> <span class='ocrx_word' id='word_1_341' title='bbox 1998 317 2087 374; x_wconf 78' lang='lat' dir='ltr'><strong>ET</strong></span> <span class='ocrx_word' id='word_1_342' title='bbox 2125 314 2447 385; x_wconf 75' lang='lat' dir='ltr'><strong>LITTERA,</strong></span> <span class='ocrx_word' id='word_1_343' title='bbox 2490 316 2547 373; x_wconf 92' lang='lat' dir='ltr'><strong>S.</strong></span> <span class='ocrx_word' id='word_1_344' title='bbox 2591 315 2963 375; x_wconf 78' lang='lat' dir='ltr'><strong>AUGUSTINI</strong></span> 
     </span>
    </p>
   </div>
   <div class='ocr_carea' id='block_1_48' title="bbox 2182 4372 2355 4379">
    <p class='ocr_par' dir='ltr' id='par_1_48' title="bbox 2182 4372 2355 4379">
     <span class='ocr_line' id='line_1_48' title="bbox 2182 4372 2355 4379; baseline 0.006 -1"><span class='ocrx_word' id='word_1_345' title='bbox 2182 4372 2355 4379; x_wconf 70' lang='lat'><strong>—-—..</strong></span> 
     </span>
    </p>
   </div>
   <div class='ocr_carea' id='block_1_49' title="bbox 3804 323 3921 379">
    <p class='ocr_par' dir='ltr' id='par_1_49' title="bbox 3804 323 3921 379">
     <span class='ocr_line' id='line_1_49' title="bbox 3804 323 3921 379; baseline 0 -1"><span class='ocrx_word' id='word_1_346' title='bbox 3804 323 3921 379; x_wconf 65' lang='lat'><strong>900</strong></span> 
     </span>
    </p>
   </div>
   <div class='ocr_carea' id='block_1_50' title="bbox 2316 433 3916 506">
    <p class='ocr_par' dir='ltr' id='par_1_50' title="bbox 2316 433 3916 506">
     <span class='ocr_line' id='line_1_50' title="bbox 2316 433 3916 506; baseline 0.006 -20"><span class='ocrx_word' id='word_1_347' title='bbox 2316 450 2451 506; x_wconf 90' lang='lat' dir='ltr'><strong>quos</strong></span> <span class='ocrx_word' id='word_1_348' title='bbox 2473 435 2718 490; x_wconf 86' lang='lat' dir='ltr'><strong>homines</strong></span> <span class='ocrx_word' id='word_1_349' title='bbox 2739 436 2847 504; x_wconf 90' lang='lat' dir='ltr'><strong>jam</strong></span> <span class='ocrx_word' id='word_1_350' title='bbox 2881 435 3084 489; x_wconf 83' lang='lat' dir='ltr'><strong>ratione</strong></span> <span class='ocrx_word' id='word_1_351' title='bbox 3126 435 3139 466; x_wconf 86' lang='grc'>¹</span> <span class='ocrx_word' id='word_1_352' title='bbox 3185 442 3411 497; x_wconf 76' lang='lat' dir='ltr'><strong>utentes,</strong></span> <span class='ocrx_word' id='word_1_353' title='bbox 3457 434 3510 491; x_wconf 89' lang='lat' dir='ltr'><strong>in</strong></span> <span class='ocrx_word' id='word_1_354' title='bbox 3561 433 3663 494; x_wconf 87' lang='lat' dir='ltr'><strong>hoc</strong></span> <span class='ocrx_word' id='word_1_355' title='bbox 3710 439 3916 496; x_wconf 69' lang='lat' dir='ltr'><strong>smcuia</strong></span> 
     </span>
    </p>
   </div>
   <div class='ocr_carea' id='block_1_51' title="bbox 2317 525 3914 596">
    <p class='ocr_par' dir='ltr' id='par_1_51' title="bbox 2317 525 3914 596">
     <span class='ocr_line' id='line_1_51' title="bbox 2317 525 3914 596; baseline 0.003 -16"><span class='ocrx_word' id='word_1_356' title='bbox 2317 527 2512 582; x_wconf 75' lang='lat' dir='ltr'><strong>vixisse</strong></span> <span class='ocrx_word' id='word_1_357' title='bbox 2539 528 2623 581; x_wconf 90' lang='lat' dir='ltr'><strong>vel</strong></span> <span class='ocrx_word' id='word_1_358' title='bbox 2650 528 2828 581; x_wconf 83' lang='lat' dir='ltr'><strong>vivere</strong></span> <span class='ocrx_word' id='word_1_359' title='bbox 2865 544 2878 581; x_wconf 92' lang='lat'><strong>:</strong></span> <span class='ocrx_word' id='word_1_360' title='bbox 2920 525 3208 596; x_wconf 77' lang='lat' dir='ltr'><strong>aptandqu</strong></span> <span class='ocrx_word' id='word_1_361' title='bbox 3242 534 3320 579; x_wconf 87' lang='lat' dir='ltr'><strong>est</strong></span> <span class='ocrx_word' id='word_1_362' title='bbox 3362 535 3415 580; x_wconf 91' lang='lat' dir='ltr'><strong>ut</strong></span> <span class='ocrx_word' id='word_1_363' title='bbox 3448 527 3573 593; x_wconf 89' lang='lat' dir='ltr'><strong>ﬁat,</strong></span> <span class='ocrx_word' id='word_1_364' title='bbox 3603 529 3914 586; x_wconf 84' lang='lat' dir='ltr'><strong>conandum</strong></span> 
     </span>
    </p>
   </div>
   <div class='ocr_carea' id='block_1_52' title="bbox 2316 617 3915 689">
    <p class='ocr_par' dir='ltr' id='par_1_52' title="bbox 2316 617 3915 689">
     <span class='ocr_line' id='line_1_52' title="bbox 2316 617 3915 689; baseline 0.006 -19"><span class='ocrx_word' id='word_1_365' title='bbox 2316 625 2493 672; x_wconf 88' lang='lat' dir='ltr'><strong>estut</strong></span> <span class='ocrx_word' id='word_1_366' title='bbox 2536 617 2654 683; x_wconf 83' lang='lat' dir='ltr'><strong>ﬁat,</strong></span> <span class='ocrx_word' id='word_1_367' title='bbox 2710 618 3110 689; x_wconf 84' lang='lat' dir='ltr'><strong>supplicandum</strong></span> <span class='ocrx_word' id='word_1_368' title='bbox 3160 626 3243 673; x_wconf 92' lang='lat' dir='ltr'><strong>est</strong></span> <span class='ocrx_word' id='word_1_369' title='bbox 3292 627 3347 673; x_wconf 89' lang='lat' dir='ltr'><strong>ut</strong></span> <span class='ocrx_word' id='word_1_370' title='bbox 3403 618 3518 685; x_wconf 90' lang='lat' dir='ltr'><strong>ﬁat;</strong></span> <span class='ocrx_word' id='word_1_371' title='bbox 3573 638 3677 677; x_wconf 84' lang='lat' dir='ltr'><strong>non</strong></span> <span class='ocrx_word' id='word_1_372' title='bbox 3730 632 3915 682; x_wconf 69' lang='lat' dir='ltr'><strong>tamen</strong></span> 
     </span>
    </p>
   </div>
   <div class='ocr_carea' id='block_1_53' title="bbox 2315 709 3915 785">
    <p class='ocr_par' dir='ltr' id='par_1_53' title="bbox 2315 709 3915 785">
     <span class='ocr_line' id='line_1_53' title="bbox 2315 709 3915 785; baseline 0.005 -24"><span class='ocrx_word' id='word_1_373' title='bbox 2315 711 2466 780; x_wconf 88' lang='lat' dir='ltr'><strong>quasi</strong></span> <span class='ocrx_word' id='word_1_374' title='bbox 2508 710 2703 765; x_wconf 72' lang='lat' dir='ltr'><strong>laetum</strong></span> <span class='ocrx_word' id='word_1_375' title='bbox 2746 711 2902 765; x_wconf 88' lang='lat' dir='ltr'><strong>fuerit</strong></span> <span class='ocrx_word' id='word_1_376' title='bbox 2940 709 3312 766; x_wconf 87' lang='lat' dir='ltr'><strong>conﬁdendum</strong></span> <span class='ocrx_word' id='word_1_377' title='bbox 3335 713 3376 764; x_wconf 82' lang='lat'><strong>&#39;.</strong></span> <span class='ocrx_word' id='word_1_378' title='bbox 3412 711 3524 767; x_wconf 85' lang='lat' dir='ltr'><strong>Hoc</strong></span> <span class='ocrx_word' id='word_1_379' title='bbox 3549 716 3690 768; x_wconf 85' lang='lat' dir='ltr'><strong>enim</strong></span> <span class='ocrx_word' id='word_1_380' title='bbox 3715 723 3915 785; x_wconf 41' lang='lat' dir='ltr'><strong>Optima.</strong></span> 
     </span>
    </p>
   </div>
   <div class='ocr_carea' id='block_1_54' title="bbox 2317 800 3913 874">
    <p class='ocr_par' dir='ltr' id='par_1_54' title="bbox 2317 800 3913 874">
     <span class='ocr_line' id='line_1_54' title="bbox 2317 800 3913 874; baseline 0.003 -20"><span class='ocrx_word' id='word_1_381' title='bbox 2317 801 2459 856; x_wconf 90' lang='lat' dir='ltr'><strong>tibus</strong></span> <span class='ocrx_word' id='word_1_382' title='bbox 2498 814 2553 856; x_wconf 90' lang='lat' dir='ltr'><strong>et</strong></span> <span class='ocrx_word' id='word_1_383' title='bbox 2601 802 2919 856; x_wconf 88' lang='lat' dir='ltr'><strong>conantibus</strong></span> <span class='ocrx_word' id='word_1_384' title='bbox 2972 810 3026 856; x_wconf 91' lang='lat' dir='ltr'><strong>et</strong></span> <span class='ocrx_word' id='word_1_385' title='bbox 3067 800 3224 871; x_wconf 85' lang='lat' dir='ltr'><strong>digna</strong></span> <span class='ocrx_word' id='word_1_386' title='bbox 3278 803 3664 872; x_wconf 84' lang='lat' dir='ltr'><strong>supplicatione</strong></span> <span class='ocrx_word' id='word_1_387' title='bbox 3712 806 3913 874; x_wconf 81' lang='lat' dir='ltr'><strong>depre-</strong></span> 
     </span>
    </p>
   </div>
   <div class='ocr_carea' id='block_1_55' title="bbox 2314 892 3913 964">
    <p class='ocr_par' dir='ltr' id='par_1_55' title="bbox 2314 892 3913 964">
     <span class='ocr_line' id='line_1_55' title="bbox 2314 892 3913 964; baseline 0.003 -18"><span class='ocrx_word' id='word_1_388' title='bbox 2314 892 2579 959; x_wconf 88' lang='lat' dir='ltr'><strong>cantibus,</strong></span> <span class='ocrx_word' id='word_1_389' title='bbox 2625 892 2882 963; x_wconf 84' lang='lat' dir='ltr'><strong>quidquid</strong></span> <span class='ocrx_word' id='word_1_390' title='bbox 2930 892 3248 947; x_wconf 86' lang='lat' dir='ltr'><strong>remanserit</strong></span> <span class='ocrx_word' id='word_1_391' title='bbox 3289 903 3649 963; x_wconf 86' lang='lat' dir='ltr'><strong>peccatorum,</strong></span> <span class='ocrx_word' id='word_1_392' title='bbox 3684 910 3779 964; x_wconf 90' lang='lat' dir='ltr'><strong>pcr</strong></span> <span class='ocrx_word' id='word_1_393' title='bbox 3805 896 3913 951; x_wconf 81' lang='lat' dir='ltr'><strong>hoc</strong></span> 
     </span>
    </p>
   </div>
   <div class='ocr_carea' id='block_1_56' title="bbox 2313 984 3913 1056">
    <p class='ocr_par' dir='ltr' id='par_1_56' title="bbox 2313 984 3913 1056">
     <span class='ocr_line' id='line_1_56' title="bbox 2313 984 3913 1056; baseline 0.002 -18"><span class='ocrx_word' id='word_1_394' title='bbox 2313 984 2553 1055; x_wconf 90' lang='lat' dir='ltr'><strong>quotidie</strong></span> <span class='ocrx_word' id='word_1_395' title='bbox 2601 986 2846 1052; x_wconf 90' lang='lat' dir='ltr'><strong>solvitur,</strong></span> <span class='ocrx_word' id='word_1_396' title='bbox 2894 984 3034 1056; x_wconf 87' lang='lat' dir='ltr'><strong>quod</strong></span> <span class='ocrx_word' id='word_1_397' title='bbox 3082 986 3346 1040; x_wconf 86' lang='lat' dir='ltr'><strong>veraciter</strong></span> <span class='ocrx_word' id='word_1_398' title='bbox 3391 986 3442 1039; x_wconf 91' lang='lat' dir='ltr'><strong>in</strong></span> <span class='ocrx_word' id='word_1_399' title='bbox 3490 989 3732 1041; x_wconf 87' lang='lat' dir='ltr'><strong>oratione</strong></span> <span class='ocrx_word' id='word_1_400' title='bbox 3782 987 3913 1042; x_wconf 85' lang='lat' dir='ltr'><strong>dici-</strong></span> 
     </span>
    </p>
   </div>
   <div class='ocr_carea' id='block_1_57' title="bbox 2315 1074 3912 1141">
    <p class='ocr_par' dir='ltr' id='par_1_57' title="bbox 2315 1074 3912 1141">
     <span class='ocr_line' id='line_1_57' title="bbox 2315 1074 3912 1141; baseline 0.001 -13"><span class='ocrx_word' id='word_1_401' title='bbox 2315 1091 2434 1129; x_wconf 90' lang='lat' dir='ltr'><strong>mus</strong></span> <span class='ocrx_word' id='word_1_402' title='bbox 2459 1074 2520 1129; x_wconf 70' lang='lat'><strong>8:</strong></span> <span class='ocrx_word' id='word_1_403' title='bbox 2552 1075 2761 1129; x_wconf 76' lang='lat' dir='ltr'><strong>Dimitte</strong></span> <span class='ocrx_word' id='word_1_404' title='bbox 2805 1075 2947 1129; x_wconf 80' lang='lat' dir='ltr'><strong>nobis</strong></span> <span class='ocrx_word' id='word_1_405' title='bbox 2994 1074 3160 1129; x_wconf 69' lang='lat' dir='ltr'><strong>debita</strong></span> <span class='ocrx_word' id='word_1_406' title='bbox 3207 1085 3407 1141; x_wconf 80' lang='lat' dir='ltr'><strong>nostra,</strong></span> <span class='ocrx_word' id='word_1_407' title='bbox 3448 1077 3574 1135; x_wconf 76' lang='lat' dir='ltr'><strong>sicut</strong></span> <span class='ocrx_word' id='word_1_408' title='bbox 3618 1085 3663 1129; x_wconf 84' lang='lat' dir='ltr'><strong>et</strong></span> <span class='ocrx_word' id='word_1_409' title='bbox 3702 1093 3793 1131; x_wconf 76' lang='lat' dir='ltr'><strong>nos</strong></span> <span class='ocrx_word' id='word_1_410' title='bbox 3829 1078 3912 1130; x_wconf 85' lang='lat' dir='ltr'><strong>di-</strong></span> 
     </span>
    </p>
   </div>
   <div class='ocr_carea' id='block_1_58' title="bbox 2313 1166 3908 1249">
    <p class='ocr_par' dir='ltr' id='par_1_58' title="bbox 2313 1166 3908 1249">
     <span class='ocr_line' id='line_1_58' title="bbox 2313 1166 3908 1249; baseline 0.002 -28"><span class='ocrx_word' id='word_1_411' title='bbox 2313 1168 2556 1224; x_wconf 79' lang='lat' dir='ltr'><strong>mittimus</strong></span> <span class='ocrx_word' id='word_1_412' title='bbox 2604 1168 2908 1223; x_wconf 82' lang='lat' dir='ltr'><strong>debitoribus</strong></span> <span class='ocrx_word' id='word_1_413' title='bbox 2955 1169 3137 1222; x_wconf 76' lang='lat' dir='ltr'><strong>nostris</strong></span> <span class='ocrx_word' id='word_1_414' title='bbox 3180 1166 3198 1241; x_wconf 97' lang='lat'>(</span> <span class='ocrx_word' id='word_1_415' title='bbox 3227 1167 3413 1249; x_wconf 55' lang='lat' dir='ltr'><strong>Matth.</strong></span> <span class='ocrx_word' id='word_1_416' title='bbox 3450 1184 3536 1234; x_wconf 71' lang='grc' dir='ltr'><strong>γι,</strong></span> <span class='ocrx_word' id='word_1_417' title='bbox 3571 1169 3639 1222; x_wconf 69' lang='grc'><strong>12</strong></span> <span class='ocrx_word' id='word_1_418' title='bbox 3736 1169 3908 1237; x_wconf 81' lang='lat' dir='ltr'><strong>Quam</strong></span> 
     </span>
    </p>
   </div>
   <div class='ocr_carea' id='block_1_59' title="bbox 2313 1257 3908 1329">
    <p class='ocr_par' dir='ltr' id='par_1_59' title="bbox 2313 1257 3908 1329">
     <span class='ocr_line' id='line_1_59' title="bbox 2313 1257 3908 1329; baseline 0.001 -16"><span class='ocrx_word' id='word_1_419' title='bbox 2313 1260 2608 1313; x_wconf 90' lang='lat' dir='ltr'><strong>orationem</strong></span> <span class='ocrx_word' id='word_1_420' title='bbox 2645 1260 2886 1329; x_wconf 88' lang='lat' dir='ltr'><strong>quisquis</strong></span> <span class='ocrx_word' id='word_1_421' title='bbox 2937 1258 3156 1313; x_wconf 90' lang='lat' dir='ltr'><strong>cuilibet</strong></span> <span class='ocrx_word' id='word_1_422' title='bbox 3201 1257 3446 1312; x_wconf 66' lang='lat' dir='ltr'><strong>homini‘</strong></span> <span class='ocrx_word' id='word_1_423' title='bbox 3474 1268 3660 1313; x_wconf 82' lang='lat' dir='ltr'><strong>sancto</strong></span> <span class='ocrx_word' id='word_1_424' title='bbox 3713 1272 3767 1314; x_wconf 91' lang='lat' dir='ltr'><strong>et</strong></span> <span class='ocrx_word' id='word_1_425' title='bbox 3808 1260 3908 1315; x_wconf 73' lang='lat' dir='ltr'><strong>Det</strong></span> 
     </span>
    </p>
   </div>
   <div class='ocr_carea' id='block_1_60' title="bbox 2311 1349 3911 1420">
    <p class='ocr_par' dir='ltr' id='par_1_60' title="bbox 2311 1349 3911 1420">
     <span class='ocr_line' id='line_1_60' title="bbox 2311 1349 3911 1420; baseline 0.003 -17"><span class='ocrx_word' id='word_1_426' title='bbox 2311 1349 2637 1405; x_wconf 88' lang='lat' dir='ltr'><strong>voluntatem</strong></span> <span class='ocrx_word' id='word_1_427' title='bbox 2665 1351 2851 1405; x_wconf 89' lang='lat' dir='ltr'><strong>scienti</strong></span> <span class='ocrx_word' id='word_1_428' title='bbox 2878 1358 3036 1420; x_wconf 91' lang='lat' dir='ltr'><strong>atque</strong></span> <span class='ocrx_word' id='word_1_429' title='bbox 3064 1349 3314 1416; x_wconf 89' lang='lat' dir='ltr'><strong>facienti,</strong></span> <span class='ocrx_word' id='word_1_430' title='bbox 3349 1358 3540 1419; x_wconf 71' lang='lat' dir='ltr'><strong>prmter</strong></span> <span class='ocrx_word' id='word_1_431' title='bbox 3570 1367 3732 1406; x_wconf 91' lang='lat' dir='ltr'><strong>unum</strong></span> <span class='ocrx_word' id='word_1_432' title='bbox 3772 1352 3911 1408; x_wconf 66' lang='lat' dir='ltr'><strong>Sau-</strong></span> 
     </span>
    </p>
   </div>
   <div class='ocr_carea' id='block_1_61' title="bbox 2311 1440 3907 1506">
    <p class='ocr_par' dir='ltr' id='par_1_61' title="bbox 2311 1440 3907 1506">
     <span class='ocr_line' id='line_1_61' title="bbox 2311 1440 3907 1506; baseline 0.004 -14"><span class='ocrx_word' id='word_1_433' title='bbox 2311 1446 2454 1493; x_wconf 89' lang='lat' dir='ltr'><strong>ctum</strong></span> <span class='ocrx_word' id='word_1_434' title='bbox 2511 1452 2853 1506; x_wconf 90' lang='lat' dir='ltr'><strong>sanctorum,</strong></span> <span class='ocrx_word' id='word_1_435' title='bbox 2913 1440 3043 1496; x_wconf 88' lang='lat' dir='ltr'><strong>dicit</strong></span> <span class='ocrx_word' id='word_1_436' title='bbox 3097 1441 3149 1495; x_wconf 92' lang='lat' dir='ltr'><strong>in</strong></span> <span class='ocrx_word' id='word_1_437' title='bbox 3216 1441 3315 1496; x_wconf 91' lang='lat' dir='ltr'><strong>hac</strong></span> <span class='ocrx_word' id='word_1_438' title='bbox 3363 1443 3469 1495; x_wconf 87' lang='lat' dir='ltr'><strong>vita</strong></span> <span class='ocrx_word' id='word_1_439' title='bbox 3544 1444 3907 1498; x_wconf 68' lang='lat' dir='ltr'><strong>necessariam</strong></span> 
     </span>
    </p>
   </div>
   <div class='ocr_carea' id='block_1_62' title="bbox 2312 1529 3908 1602">
    <p class='ocr_par' dir='ltr' id='par_1_62' title="bbox 2312 1529 3908 1602">
     <span class='ocr_line' id='line_1_62' title="bbox 2312 1529 3908 1602; baseline 0.003 -18"><span class='ocrx_word' id='word_1_440' title='bbox 2312 1545 2418 1584; x_wconf 92' lang='lat' dir='ltr'><strong>non</strong></span> <span class='ocrx_word' id='word_1_441' title='bbox 2457 1529 2642 1597; x_wconf 90' lang='lat' dir='ltr'><strong>fuisse,</strong></span> <span class='ocrx_word' id='word_1_442' title='bbox 2677 1531 2898 1586; x_wconf 87' lang='lat' dir='ltr'><strong>multum</strong></span> <span class='ocrx_word' id='word_1_443' title='bbox 2925 1540 3089 1599; x_wconf 89' lang='lat' dir='ltr'><strong>errat,</strong></span> <span class='ocrx_word' id='word_1_444' title='bbox 3117 1547 3216 1587; x_wconf 90' lang='lat' dir='ltr'><strong>nec</strong></span> <span class='ocrx_word' id='word_1_445' title='bbox 3248 1541 3423 1601; x_wconf 90' lang='lat' dir='ltr'><strong>potest</strong></span> <span class='ocrx_word' id='word_1_446' title='bbox 3462 1534 3679 1587; x_wconf 89' lang='lat' dir='ltr'><strong>omnino</strong></span> <span class='ocrx_word' id='word_1_447' title='bbox 3703 1534 3774 1587; x_wconf 91' lang='lat' dir='ltr'><strong>illi</strong></span> <span class='ocrx_word' id='word_1_448' title='bbox 3805 1532 3908 1602; x_wconf 89' lang='lat' dir='ltr'><strong>ipsi</strong></span> 
     </span>
    </p>
   </div>
   <div class='ocr_carea' id='block_1_63' title="bbox 2312 1622 3905 1694">
    <p class='ocr_par' dir='ltr' id='par_1_63' title="bbox 2312 1622 3905 1694">
     <span class='ocr_line' id='line_1_63' title="bbox 2312 1622 3905 1694; baseline 0.002 -19"><span class='ocrx_word' id='word_1_449' title='bbox 2312 1622 2524 1692; x_wconf 89' lang='lat' dir='ltr'><strong>placere</strong></span> <span class='ocrx_word' id='word_1_450' title='bbox 2549 1636 2706 1692; x_wconf 91' lang='lat' dir='ltr'><strong>quem</strong></span> <span class='ocrx_word' id='word_1_451' title='bbox 2744 1622 2921 1677; x_wconf 88' lang='lat' dir='ltr'><strong>laudat</strong></span> <span class='ocrx_word' id='word_1_452' title='bbox 2949 1639 2962 1676; x_wconf 94' lang='lat'>:</span> <span class='ocrx_word' id='word_1_453' title='bbox 2990 1624 3034 1677; x_wconf 92' lang='lat' dir='ltr'><strong>si</strong></span> <span class='ocrx_word' id='word_1_454' title='bbox 3058 1632 3235 1678; x_wconf 90' lang='lat' dir='ltr'><strong>autem</strong></span> <span class='ocrx_word' id='word_1_455' title='bbox 3260 1638 3319 1678; x_wconf 90' lang='lat' dir='ltr'><strong>se</strong></span> <span class='ocrx_word' id='word_1_456' title='bbox 3344 1623 3513 1693; x_wconf 88' lang='lat' dir='ltr'><strong>ipsum</strong></span> <span class='ocrx_word' id='word_1_457' title='bbox 3546 1623 3702 1677; x_wconf 91' lang='lat' dir='ltr'><strong>talem</strong></span> <span class='ocrx_word' id='word_1_458' title='bbox 3734 1632 3905 1694; x_wconf 88' lang='lat' dir='ltr'><strong>putat,</strong></span> 
     </span>
    </p>
   </div>
   <div class='ocr_carea' id='block_1_64' title="bbox 2312 1710 3904 1788">
    <p class='ocr_par' dir='ltr' id='par_1_64' title="bbox 2312 1710 3904 1788">
     <span class='ocr_line' id='line_1_64' title="bbox 2312 1710 3904 1788; baseline 0.003 -22"><span class='ocrx_word' id='word_1_459' title='bbox 2312 1710 2427 1783; x_wconf 89' lang='lat' dir='ltr'><strong>ipse</strong></span> <span class='ocrx_word' id='word_1_460' title='bbox 2448 1728 2506 1767; x_wconf 90' lang='lat' dir='ltr'><strong>se</strong></span> <span class='ocrx_word' id='word_1_461' title='bbox 2533 1714 2750 1782; x_wconf 89' lang='lat' dir='ltr'><strong>decipit,</strong></span> <span class='ocrx_word' id='word_1_462' title='bbox 2779 1727 2833 1768; x_wconf 87' lang='lat' dir='ltr'><strong>et</strong></span> <span class='ocrx_word' id='word_1_463' title='bbox 2855 1715 3050 1769; x_wconf 88' lang='lat' dir='ltr'><strong>veritas</strong></span> <span class='ocrx_word' id='word_1_464' title='bbox 3078 1715 3130 1768; x_wconf 93' lang='lat' dir='ltr'><strong>in</strong></span> <span class='ocrx_word' id='word_1_465' title='bbox 3161 1729 3227 1768; x_wconf 91' lang='lat' dir='ltr'><strong>eo</strong></span> <span class='ocrx_word' id='word_1_466' title='bbox 3257 1728 3361 1768; x_wconf 91' lang='lat' dir='ltr'><strong>non</strong></span> <span class='ocrx_word' id='word_1_467' title='bbox 3390 1721 3473 1769; x_wconf 90' lang='lat' dir='ltr'><strong>est</strong></span> <span class='ocrx_word' id='word_1_468' title='bbox 3494 1713 3535 1785; x_wconf 96' lang='lat' dir='ltr'><strong>(l</strong></span> <span class='ocrx_word' id='word_1_469' title='bbox 3561 1713 3718 1769; x_wconf 83' lang='lat' dir='ltr'><strong>Joan.</strong></span> <span class='ocrx_word' id='word_1_470' title='bbox 3747 1732 3784 1778; x_wconf 81' lang='grc' dir='ltr'><strong><em>ι,</em></strong></span> <span class='ocrx_word' id='word_1_471' title='bbox 3808 1718 3862 1788; x_wconf 82' lang='grc'>8)</span> <span class='ocrx_word' id='word_1_472' title='bbox 3887 1731 3904 1782; x_wconf 80' lang='grc' dir='ltr'>ς</span> 
     </span>
    </p>
   </div>
   <div class='ocr_carea' id='block_1_65' title="bbox 2313 1803 3909 1876">
    <p class='ocr_par' dir='ltr' id='par_1_65' title="bbox 2313 1803 3909 1876">
     <span class='ocr_line' id='line_1_65' title="bbox 2313 1803 3909 1876; baseline 0.003 -19"><span class='ocrx_word' id='word_1_473' title='bbox 2313 1820 2418 1858; x_wconf 88' lang='lat' dir='ltr'><strong>non</strong></span> <span class='ocrx_word' id='word_1_474' title='bbox 2458 1803 2527 1857; x_wconf 93' lang='lat' dir='ltr'><strong>ob</strong></span> <span class='ocrx_word' id='word_1_475' title='bbox 2560 1805 2724 1869; x_wconf 91' lang='lat' dir='ltr'><strong>aliud,</strong></span> <span class='ocrx_word' id='word_1_476' title='bbox 2760 1805 2860 1858; x_wconf 85' lang='lat' dir='ltr'><strong>nisi</strong></span> <span class='ocrx_word' id='word_1_477' title='bbox 2889 1805 3011 1875; x_wconf 84' lang='lat' dir='ltr'><strong>quia</strong></span> <span class='ocrx_word' id='word_1_478' title='bbox 3039 1804 3229 1859; x_wconf 89' lang='lat' dir='ltr'><strong>falsum</strong></span> <span class='ocrx_word' id='word_1_479' title='bbox 3263 1812 3429 1875; x_wconf 88' lang='lat' dir='ltr'><strong>putat.</strong></span> <span class='ocrx_word' id='word_1_480' title='bbox 3468 1805 3624 1860; x_wconf 87' lang='lat' dir='ltr'><strong>Novit</strong></span> <span class='ocrx_word' id='word_1_481' title='bbox 3649 1821 3777 1876; x_wconf 88' lang='lat' dir='ltr'><strong>ergo</strong></span> <span class='ocrx_word' id='word_1_482' title='bbox 3816 1806 3909 1862; x_wconf 74' lang='lat' dir='ltr'><strong>ille</strong></span> 
     </span>
    </p>
   </div>
   <div class='ocr_carea' id='block_1_66' title="bbox 2312 1897 3905 1968">
    <p class='ocr_par' dir='ltr' id='par_1_66' title="bbox 2312 1897 3905 1968">
     <span class='ocr_line' id='line_1_66' title="bbox 2312 1897 3905 1968; baseline 0.001 -17"><span class='ocrx_word' id='word_1_483' title='bbox 2312 1897 2570 1964; x_wconf 91' lang='lat' dir='ltr'><strong>medicus,</strong></span> <span class='ocrx_word' id='word_1_484' title='bbox 2595 1898 2684 1967; x_wconf 93' lang='lat' dir='ltr'><strong>qui</strong></span> <span class='ocrx_word' id='word_1_485' title='bbox 2712 1913 2817 1951; x_wconf 92' lang='lat' dir='ltr'><strong>non</strong></span> <span class='ocrx_word' id='word_1_486' title='bbox 2849 1907 2927 1952; x_wconf 90' lang='lat' dir='ltr'><strong>est</strong></span> <span class='ocrx_word' id='word_1_487' title='bbox 2968 1912 3104 1967; x_wconf 82' lang='lat' dir='ltr'><strong>Opus</strong></span> <span class='ocrx_word' id='word_1_488' title='bbox 3142 1897 3320 1962; x_wconf 91' lang='lat' dir='ltr'><strong>sanis,</strong></span> <span class='ocrx_word' id='word_1_489' title='bbox 3355 1898 3449 1952; x_wconf 89' lang='lat' dir='ltr'><strong>sed</strong></span> <span class='ocrx_word' id='word_1_490' title='bbox 3485 1898 3905 1968; x_wconf 68' lang='lat' dir='ltr'><strong>aegrotantibus,</strong></span> 
     </span>
    </p>
   </div>
   <div class='ocr_carea' id='block_1_67' title="bbox 2310 1989 3906 2062">
    <p class='ocr_par' dir='ltr' id='par_1_67' title="bbox 2310 1989 3906 2062">
     <span class='ocr_line' id='line_1_67' title="bbox 2310 1989 3906 2062; baseline 0 -17"><span class='ocrx_word' id='word_1_491' title='bbox 2310 1990 2762 2062; x_wconf 89' lang='lat' dir='ltr'><strong>quemadmodum</strong></span> <span class='ocrx_word' id='word_1_492' title='bbox 2793 2005 2891 2045; x_wconf 91' lang='lat' dir='ltr'><strong>nos</strong></span> <span class='ocrx_word' id='word_1_493' title='bbox 2919 1989 3157 2045; x_wconf 91' lang='lat' dir='ltr'><strong>curando</strong></span> <span class='ocrx_word' id='word_1_494' title='bbox 3186 1989 3424 2061; x_wconf 89' lang='lat' dir='ltr'><strong>perﬁciat</strong></span> <span class='ocrx_word' id='word_1_495' title='bbox 3450 1992 3502 2044; x_wconf 91' lang='lat' dir='ltr'><strong>in</strong></span> <span class='ocrx_word' id='word_1_496' title='bbox 3534 1999 3788 2045; x_wconf 85' lang='lat' dir='ltr'><strong>a-ternam</strong></span> <span class='ocrx_word' id='word_1_497' title='bbox 3810 2006 3906 2045; x_wconf 89' lang='lat' dir='ltr'><strong>sa-</strong></span> 
     </span>
    </p>
   </div>
   <div class='ocr_carea' id='block_1_68' title="bbox 2309 2083 3907 2154">
    <p class='ocr_par' dir='ltr' id='par_1_68' title="bbox 2309 2083 3907 2154">
     <span class='ocr_line' id='line_1_68' title="bbox 2309 2083 3907 2154; baseline 0 -17"><span class='ocrx_word' id='word_1_498' title='bbox 2309 2083 2472 2139; x_wconf 89' lang='lat' dir='ltr'><strong>lutem</strong></span> <span class='ocrx_word' id='word_1_499' title='bbox 2507 2101 2520 2137; x_wconf 90' lang='lat'><strong>:</strong></span> <span class='ocrx_word' id='word_1_500' title='bbox 2553 2084 2643 2153; x_wconf 90' lang='lat' dir='ltr'><strong>qui</strong></span> <span class='ocrx_word' id='word_1_501' title='bbox 2669 2091 2724 2138; x_wconf 89' lang='lat' dir='ltr'><strong>et</strong></span> <span class='ocrx_word' id='word_1_502' title='bbox 2752 2083 2921 2154; x_wconf 88' lang='lat' dir='ltr'><strong>ipsam</strong></span> <span class='ocrx_word' id='word_1_503' title='bbox 2944 2092 3192 2149; x_wconf 91' lang='lat' dir='ltr'><strong>mortem,</strong></span> <span class='ocrx_word' id='word_1_504' title='bbox 3216 2084 3458 2152; x_wconf 89' lang='lat' dir='ltr'><strong>quamvis</strong></span> <span class='ocrx_word' id='word_1_505' title='bbox 3477 2083 3680 2153; x_wconf 90' lang='lat' dir='ltr'><strong>peccati</strong></span> <span class='ocrx_word' id='word_1_506' title='bbox 3709 2084 3907 2138; x_wconf 90' lang='lat' dir='ltr'><strong>merito</strong></span> 
     </span>
    </p>
   </div>
   <div class='ocr_carea' id='block_1_69' title="bbox 2309 2172 3910 2245">
    <p class='ocr_par' dir='ltr' id='par_1_69' title="bbox 2309 2172 3910 2245">
     <span class='ocr_line' id='line_1_69' title="bbox 2309 2172 3910 2245; baseline 0 -16"><span class='ocrx_word' id='word_1_507' title='bbox 2309 2173 2508 2229; x_wconf 84' lang='lat' dir='ltr'><strong>inﬂicta</strong></span> <span class='ocrx_word' id='word_1_508' title='bbox 2534 2173 2632 2237; x_wconf 87' lang='lat' dir='ltr'><strong>sit,</strong></span> <span class='ocrx_word' id='word_1_509' title='bbox 2664 2188 2768 2228; x_wconf 90' lang='lat' dir='ltr'><strong>non</strong></span> <span class='ocrx_word' id='word_1_510' title='bbox 2796 2173 2966 2228; x_wconf 89' lang='lat' dir='ltr'><strong>aufert</strong></span> <span class='ocrx_word' id='word_1_511' title='bbox 2988 2172 3040 2227; x_wconf 91' lang='lat' dir='ltr'><strong>in</strong></span> <span class='ocrx_word' id='word_1_512' title='bbox 3079 2172 3179 2227; x_wconf 92' lang='lat' dir='ltr'><strong>hoc</strong></span> <span class='ocrx_word' id='word_1_513' title='bbox 3216 2173 3414 2228; x_wconf 70' lang='lat' dir='ltr'><strong>saaculo</strong></span> <span class='ocrx_word' id='word_1_514' title='bbox 3439 2174 3518 2228; x_wconf 87' lang='lat' dir='ltr'><strong>eis</strong></span> <span class='ocrx_word' id='word_1_515' title='bbox 3556 2173 3750 2244; x_wconf 89' lang='lat' dir='ltr'><strong>quibus</strong></span> <span class='ocrx_word' id='word_1_516' title='bbox 3781 2188 3910 2245; x_wconf 85' lang='lat' dir='ltr'><strong>pee-</strong></span> 
     </span>
    </p>
   </div>
   <div class='ocr_carea' id='block_1_70' title="bbox 2308 2263 3908 2334">
    <p class='ocr_par' dir='ltr' id='par_1_70' title="bbox 2308 2263 3908 2334">
     <span class='ocr_line' id='line_1_70' title="bbox 2308 2263 3908 2334; baseline -0.001 -15"><span class='ocrx_word' id='word_1_517' title='bbox 2308 2273 2423 2319; x_wconf 87' lang='lat' dir='ltr'><strong>cata</strong></span> <span class='ocrx_word' id='word_1_518' title='bbox 2450 2264 2688 2331; x_wconf 90' lang='lat' dir='ltr'><strong>dimittit,</strong></span> <span class='ocrx_word' id='word_1_519' title='bbox 2730 2271 2788 2318; x_wconf 93' lang='lat' dir='ltr'><strong>ut</strong></span> <span class='ocrx_word' id='word_1_520' title='bbox 2820 2263 2981 2318; x_wconf 90' lang='lat' dir='ltr'><strong>etiam</strong></span> <span class='ocrx_word' id='word_1_521' title='bbox 3013 2278 3133 2319; x_wconf 92' lang='lat' dir='ltr'><strong>cum</strong></span> <span class='ocrx_word' id='word_1_522' title='bbox 3171 2263 3289 2333; x_wconf 90' lang='lat' dir='ltr'><strong>ejus</strong></span> <span class='ocrx_word' id='word_1_523' title='bbox 3331 2264 3520 2318; x_wconf 87' lang='lat' dir='ltr'><strong>timore</strong></span> <span class='ocrx_word' id='word_1_524' title='bbox 3563 2264 3908 2334; x_wconf 81' lang='lat' dir='ltr'><strong>superando&#39;</strong></span> 
     </span>
    </p>
   </div>
   <div class='ocr_carea' id='block_1_71' title="bbox 2307 2353 3908 2425">
    <p class='ocr_par' dir='ltr' id='par_1_71' title="bbox 2307 2353 3908 2425">
     <span class='ocr_line' id='line_1_71' title="bbox 2307 2353 3908 2425; baseline -0.001 -15"><span class='ocrx_word' id='word_1_525' title='bbox 2307 2356 2599 2425; x_wconf 86' lang='lat' dir='ltr'><strong>suscipiant</strong></span> <span class='ocrx_word' id='word_1_526' title='bbox 2628 2369 2723 2425; x_wconf 91' lang='lat' dir='ltr'><strong>pro</strong></span> <span class='ocrx_word' id='word_1_527' title='bbox 2753 2353 2876 2409; x_wconf 86' lang='lat' dir='ltr'><strong>ﬁdei</strong></span> <span class='ocrx_word' id='word_1_528' title='bbox 2906 2355 3211 2410; x_wconf 89' lang='lat' dir='ltr'><strong>sinceritate</strong></span> <span class='ocrx_word' id='word_1_529' title='bbox 3251 2366 3525 2409; x_wconf 88' lang='lat' dir='ltr'><strong>certamen</strong></span> <span class='ocrx_word' id='word_1_530' title='bbox 3567 2371 3581 2407; x_wconf 87' lang='lat'><strong>:</strong></span> <span class='ocrx_word' id='word_1_531' title='bbox 3620 2363 3675 2410; x_wconf 90' lang='lat' dir='ltr'><strong>et</strong></span> <span class='ocrx_word' id='word_1_532' title='bbox 3700 2355 3751 2409; x_wconf 92' lang='lat' dir='ltr'><strong>in</strong></span> <span class='ocrx_word' id='word_1_533' title='bbox 3778 2354 3908 2425; x_wconf 83' lang='lat' dir='ltr'><strong>qui-</strong></span> 
     </span>
    </p>
   </div>
   <div class='ocr_carea' id='block_1_72' title="bbox 2308 2446 3905 2518">
    <p class='ocr_par' dir='ltr' id='par_1_72' title="bbox 2308 2446 3905 2518">
     <span class='ocr_line' id='line_1_72' title="bbox 2308 2446 3905 2518; baseline -0.001 -15"><span class='ocrx_word' id='word_1_534' title='bbox 2308 2447 2532 2503; x_wconf 86' lang='lat' dir='ltr'><strong>busdam</strong></span> <span class='ocrx_word' id='word_1_535' title='bbox 2583 2449 2743 2502; x_wconf 90' lang='lat' dir='ltr'><strong>etiam</strong></span> <span class='ocrx_word' id='word_1_536' title='bbox 2785 2446 2962 2518; x_wconf 89' lang='lat' dir='ltr'><strong>justos</strong></span> <span class='ocrx_word' id='word_1_537' title='bbox 2988 2461 3134 2512; x_wconf 90' lang='lat' dir='ltr'><strong>suos,</strong></span> <span class='ocrx_word' id='word_1_538' title='bbox 3185 2446 3439 2517; x_wconf 87' lang='lat' dir='ltr'><strong>quoniam</strong></span> <span class='ocrx_word' id='word_1_539' title='bbox 3490 2446 3667 2501; x_wconf 90' lang='lat' dir='ltr'><strong>adhuc</strong></span> <span class='ocrx_word' id='word_1_540' title='bbox 3712 2447 3905 2502; x_wconf 72' lang='lat' dir='ltr'><strong>extolli</strong></span> 
     </span>
    </p>
   </div>
   <div class='ocr_carea' id='block_1_73' title="bbox 2308 2538 3900 2613">
    <p class='ocr_par' dir='ltr' id='par_1_73' title="bbox 2308 2538 3900 2613">
     <span class='ocr_line' id='line_1_73' title="bbox 2308 2538 3900 2613; baseline -0.001 -18"><span class='ocrx_word' id='word_1_541' title='bbox 2308 2548 2566 2611; x_wconf 88' lang='lat' dir='ltr'><strong>possunt,</strong></span> <span class='ocrx_word' id='word_1_542' title='bbox 2623 2556 2728 2595; x_wconf 88' lang='lat' dir='ltr'><strong>non</strong></span> <span class='ocrx_word' id='word_1_543' title='bbox 2782 2539 2997 2609; x_wconf 88' lang='lat' dir='ltr'><strong>adjuvat</strong></span> <span class='ocrx_word' id='word_1_544' title='bbox 3034 2539 3104 2594; x_wconf 87' lang='lat' dir='ltr'><strong>ad</strong></span> <span class='ocrx_word' id='word_1_545' title='bbox 3157 2538 3538 2613; x_wconf 85' lang='lat' dir='ltr'><strong>perficiendam</strong></span> <span class='ocrx_word' id='word_1_546' title='bbox 3598 2541 3900 2611; x_wconf 87' lang='lat' dir='ltr'><strong>justitiam,</strong></span> 
     </span>
    </p>
   </div>
   <div class='ocr_carea' id='block_1_74' title="bbox 2308 2629 3902 2701">
    <p class='ocr_par' dir='ltr' id='par_1_74' title="bbox 2308 2629 3902 2701">
     <span class='ocr_line' id='line_1_74' title="bbox 2308 2629 3902 2701; baseline 0 -16"><span class='ocrx_word' id='word_1_547' title='bbox 2308 2640 2366 2687; x_wconf 90' lang='lat' dir='ltr'><strong>ut</strong></span> <span class='ocrx_word' id='word_1_548' title='bbox 2384 2631 2511 2686; x_wconf 93' lang='lat' dir='ltr'><strong>dum</strong></span> <span class='ocrx_word' id='word_1_549' title='bbox 2541 2646 2647 2686; x_wconf 89' lang='lat' dir='ltr'><strong>non</strong></span> <span class='ocrx_word' id='word_1_550' title='bbox 2682 2629 3007 2701; x_wconf 87' lang='lat' dir='ltr'><strong>justiﬁcatur</strong></span> <span class='ocrx_word' id='word_1_551' title='bbox 3049 2631 3103 2685; x_wconf 90' lang='lat' dir='ltr'><strong>iu</strong></span> <span class='ocrx_word' id='word_1_552' title='bbox 3150 2640 3440 2701; x_wconf 89' lang='lat' dir='ltr'><strong>conspectu</strong></span> <span class='ocrx_word' id='word_1_553' title='bbox 3466 2630 3584 2700; x_wconf 86' lang='lat' dir='ltr'><strong>ejus</strong></span> <span class='ocrx_word' id='word_1_554' title='bbox 3613 2632 3789 2686; x_wconf 90' lang='lat' dir='ltr'><strong>omnis</strong></span> <span class='ocrx_word' id='word_1_555' title='bbox 3815 2632 3902 2685; x_wconf 86' lang='lat' dir='ltr'><strong>vi-</strong></span> 
     </span>
    </p>
   </div>
   <div class='ocr_carea' id='block_1_75' title="bbox 2306 2720 3902 2795">
    <p class='ocr_par' dir='ltr' id='par_1_75' title="bbox 2306 2720 3902 2795">
     <span class='ocr_line' id='line_1_75' title="bbox 2306 2720 3902 2795; baseline -0.001 -16"><span class='ocrx_word' id='word_1_556' title='bbox 2306 2737 2437 2779; x_wconf 91' lang='lat' dir='ltr'><strong>vens</strong></span> <span class='ocrx_word' id='word_1_557' title='bbox 2465 2720 2635 2795; x_wconf 77' lang='lat' dir='ltr'><strong>(Psal.</strong></span> <span class='ocrx_word' id='word_1_558' title='bbox 2662 2736 2830 2789; x_wconf 80' lang='lat' dir='ltr'><strong>cxw,</strong></span> <span class='ocrx_word' id='word_1_559' title='bbox 2856 2722 2937 2793; x_wconf 78' lang='grc'><strong>2),</strong></span> <span class='ocrx_word' id='word_1_560' title='bbox 2965 2723 3228 2777; x_wconf 91' lang='lat' dir='ltr'><strong>actionem</strong></span> <span class='ocrx_word' id='word_1_561' title='bbox 3256 2722 3548 2792; x_wconf 80' lang='lat' dir='ltr'><strong>gratiarum</strong></span> <span class='ocrx_word' id='word_1_562' title='bbox 3588 2737 3800 2793; x_wconf 89' lang='lat' dir='ltr'><strong>semper</strong></span> <span class='ocrx_word' id='word_1_563' title='bbox 3820 2724 3902 2777; x_wconf 85' lang='lat' dir='ltr'><strong>in-</strong></span> 
     </span>
    </p>
   </div>
   <div class='ocr_carea' id='block_1_76' title="bbox 2306 2812 3898 2886">
    <p class='ocr_par' dir='ltr' id='par_1_76' title="bbox 2306 2812 3898 2886">
     <span class='ocr_line' id='line_1_76' title="bbox 2306 2812 3898 2886; baseline -0.001 -16"><span class='ocrx_word' id='word_1_564' title='bbox 2306 2813 2591 2886; x_wconf 78' lang='lat' dir='ltr'><strong>dulgentia:</strong></span> <span class='ocrx_word' id='word_1_565' title='bbox 2613 2814 2780 2885; x_wconf 88' lang='lat' dir='ltr'><strong>ipsius</strong></span> <span class='ocrx_word' id='word_1_566' title='bbox 2802 2813 3129 2880; x_wconf 88' lang='lat' dir='ltr'><strong>debeamus;</strong></span> <span class='ocrx_word' id='word_1_567' title='bbox 3155 2822 3208 2868; x_wconf 92' lang='lat' dir='ltr'><strong>et</strong></span> <span class='ocrx_word' id='word_1_568' title='bbox 3232 2813 3310 2869; x_wconf 92' lang='lat' dir='ltr'><strong>sic</strong></span> <span class='ocrx_word' id='word_1_569' title='bbox 3335 2812 3403 2867; x_wconf 91' lang='lat' dir='ltr'><strong>ab</strong></span> <span class='ocrx_word' id='word_1_570' title='bbox 3429 2814 3516 2867; x_wconf 92' lang='lat' dir='ltr'><strong>illa</strong></span> <span class='ocrx_word' id='word_1_571' title='bbox 3542 2815 3711 2883; x_wconf 87' lang='lat' dir='ltr'><strong>prima</strong></span> <span class='ocrx_word' id='word_1_572' title='bbox 3738 2828 3898 2869; x_wconf 77' lang='lat' dir='ltr'><strong>causa</strong></span> 
     </span>
    </p>
   </div>
   <div class='ocr_carea' id='block_1_77' title="bbox 2304 2903 3898 2975">
    <p class='ocr_par' dir='ltr' id='par_1_77' title="bbox 2304 2903 3898 2975">
     <span class='ocr_line' id='line_1_77' title="bbox 2304 2903 3898 2975; baseline 0 -15"><span class='ocrx_word' id='word_1_573' title='bbox 2304 2903 2542 2960; x_wconf 87' lang='lat' dir='ltr'><strong>omnium</strong></span> <span class='ocrx_word' id='word_1_574' title='bbox 2564 2905 2840 2974; x_wconf 82' lang='lat' dir='ltr'><strong>vitiorum,</strong></span> <span class='ocrx_word' id='word_1_575' title='bbox 2863 2903 2966 2961; x_wconf 88' lang='lat' dir='ltr'><strong>hoc</strong></span> <span class='ocrx_word' id='word_1_576' title='bbox 2992 2914 3094 2971; x_wconf 90' lang='lat' dir='ltr'><strong>est,</strong></span> <span class='ocrx_word' id='word_1_577' title='bbox 3124 2919 3156 2959; x_wconf 88' lang='lat' dir='ltr'><strong>a</strong></span> <span class='ocrx_word' id='word_1_578' title='bbox 3183 2911 3393 2960; x_wconf 91' lang='lat' dir='ltr'><strong>tumore</strong></span> <span class='ocrx_word' id='word_1_579' title='bbox 3422 2904 3685 2975; x_wconf 65' lang='lat' dir='ltr'><strong>superbiae</strong></span> <span class='ocrx_word' id='word_1_580' title='bbox 3714 2917 3898 2960; x_wconf 76' lang='lat' dir='ltr'><strong>sancta</strong></span> 
     </span>
    </p>
   </div>
   <div class='ocr_carea' id='block_1_78' title="bbox 2304 2997 3900 3069">
    <p class='ocr_par' dir='ltr' id='par_1_78' title="bbox 2304 2997 3900 3069">
     <span class='ocr_line' id='line_1_78' title="bbox 2304 2997 3900 3069; baseline 0 -15"><span class='ocrx_word' id='word_1_581' title='bbox 2304 2997 2603 3054; x_wconf 85' lang='lat' dir='ltr'><strong>humilitate</strong></span> <span class='ocrx_word' id='word_1_582' title='bbox 2626 3013 2882 3055; x_wconf 88' lang='lat' dir='ltr'><strong>sanemur</strong></span> <span class='ocrx_word' id='word_1_583' title='bbox 2903 2998 2945 3051; x_wconf 82' lang='grc'><strong>⁸.</strong></span> <span class='ocrx_word' id='word_1_584' title='bbox 2976 2997 3126 3053; x_wconf 86' lang='lat' dir='ltr'><strong>Hanc</strong></span> <span class='ocrx_word' id='word_1_585' title='bbox 3150 2997 3431 3068; x_wconf 89' lang='lat' dir='ltr'><strong>epistolam</strong></span> <span class='ocrx_word' id='word_1_586' title='bbox 3462 2997 3587 3053; x_wconf 94' lang='lat' dir='ltr'><strong>dum</strong></span> <span class='ocrx_word' id='word_1_587' title='bbox 3619 2998 3900 3069; x_wconf 88' lang='lat' dir='ltr'><strong>dispositio</strong></span> 
     </span>
    </p>
   </div>
   <div class='ocr_carea' id='block_1_79' title="bbox 2304 3088 3895 3160">
    <p class='ocr_par' dir='ltr' id='par_1_79' title="bbox 2304 3088 3895 3160">
     <span class='ocr_line' id='line_1_79' title="bbox 2304 3088 3895 3160; baseline 0 -15"><span class='ocrx_word' id='word_1_588' title='bbox 2304 3105 2423 3145; x_wconf 88' lang='lat' dir='ltr'><strong>mea</strong></span> <span class='ocrx_word' id='word_1_589' title='bbox 2463 3090 2484 3122; x_wconf 82' lang='lat'>&#39;</span> <span class='ocrx_word' id='word_1_590' title='bbox 2513 3089 2731 3145; x_wconf 86' lang='lat' dir='ltr'><strong>brevem</strong></span> <span class='ocrx_word' id='word_1_591' title='bbox 2787 3089 3051 3160; x_wconf 88' lang='lat' dir='ltr'><strong>parturit,</strong></span> <span class='ocrx_word' id='word_1_592' title='bbox 3105 3088 3239 3144; x_wconf 88' lang='lat' dir='ltr'><strong>liber</strong></span> <span class='ocrx_word' id='word_1_593' title='bbox 3281 3088 3522 3157; x_wconf 78' lang='lat' dir='ltr'><strong>prolixus</strong></span> <span class='ocrx_word' id='word_1_594' title='bbox 3569 3097 3654 3145; x_wconf 89' lang='lat' dir='ltr'><strong>est</strong></span> <span class='ocrx_word' id='word_1_595' title='bbox 3700 3098 3895 3158; x_wconf 86' lang='lat' dir='ltr'><strong>natus,</strong></span> 
     </span>
    </p>
   </div>
   <div class='ocr_carea' id='block_1_80' title="bbox 2306 3178 3896 3251">
    <p class='ocr_par' dir='ltr' id='par_1_80' title="bbox 2306 3178 3896 3251">
     <span class='ocr_line' id='line_1_80' title="bbox 2306 3178 3896 3251; baseline 0.002 -17"><span class='ocrx_word' id='word_1_596' title='bbox 2306 3180 2506 3235; x_wconf 89' lang='lat' dir='ltr'><strong>utinam</strong></span> <span class='ocrx_word' id='word_1_597' title='bbox 2528 3188 2635 3234; x_wconf 90' lang='lat' dir='ltr'><strong>tam</strong></span> <span class='ocrx_word' id='word_1_598' title='bbox 2654 3179 2942 3251; x_wconf 87' lang='lat' dir='ltr'><strong>perfectus,</strong></span> <span class='ocrx_word' id='word_1_599' title='bbox 2967 3193 3125 3251; x_wconf 88' lang='lat' dir='ltr'><strong>quam</strong></span> <span class='ocrx_word' id='word_1_600' title='bbox 3149 3178 3363 3234; x_wconf 88' lang='lat' dir='ltr'><strong>tandem</strong></span> <span class='ocrx_word' id='word_1_601' title='bbox 3384 3178 3669 3250; x_wconf 88' lang='lat' dir='ltr'><strong>aliquando</strong></span> <span class='ocrx_word' id='word_1_602' title='bbox 3692 3180 3896 3237; x_wconf 87' lang='lat' dir='ltr'><strong>ﬁnitus.</strong></span> 
     </span>
    </p>
   </div>
   <div class='ocr_carea' id='block_1_81' title="bbox 2304 3333 3902 3403">
    <p class='ocr_par' dir='ltr' id='par_1_81' title="bbox 2304 3333 3902 3403">
     <span class='ocr_line' id='line_1_81' title="bbox 2304 3333 3902 3403; baseline 0.003 -18"><span class='ocrx_word' id='word_1_603' title='bbox 2304 3341 2435 3403; x_wconf 76' lang='lat' dir='ltr'><strong>temo</strong></span> <span class='ocrx_word' id='word_1_604' title='bbox 2456 3334 2506 3398; x_wconf 93' lang='lat'><strong>8,</strong></span> <span class='ocrx_word' id='word_1_605' title='bbox 2530 3336 2614 3403; x_wconf 82' lang='lat' dir='ltr'><strong>qui</strong></span> <span class='ocrx_word' id='word_1_606' title='bbox 2635 3333 2718 3386; x_wconf 88' lang='lat' dir='ltr'><strong>vel</strong></span> <span class='ocrx_word' id='word_1_607' title='bbox 2738 3334 2799 3386; x_wconf 82' lang='lat' dir='ltr'><strong>ad</strong></span> <span class='ocrx_word' id='word_1_608' title='bbox 2817 3333 3064 3401; x_wconf 81' lang='lat' dir='ltr'><strong>Pelagium</strong></span> <span class='ocrx_word' id='word_1_609' title='bbox 3084 3335 3167 3388; x_wconf 87' lang='lat' dir='ltr'><strong>vel</strong></span> <span class='ocrx_word' id='word_1_610' title='bbox 3182 3335 3245 3387; x_wconf 87' lang='lat' dir='ltr'><strong>ad</strong></span> <span class='ocrx_word' id='word_1_611' title='bbox 3264 3334 3482 3402; x_wconf 86' lang='lat' dir='ltr'><strong>aliquem</strong></span> <span class='ocrx_word' id='word_1_612' title='bbox 3498 3350 3564 3388; x_wconf 81' lang='lat' dir='ltr'><strong>ex</strong></span> <span class='ocrx_word' id='word_1_613' title='bbox 3584 3338 3738 3403; x_wconf 87' lang='lat' dir='ltr'><strong>ipsius</strong></span> <span class='ocrx_word' id='word_1_614' title='bbox 3754 3337 3902 3389; x_wconf 73' lang='lat' dir='ltr'><strong>disd-</strong></span> 
     </span>
    </p>
   </div>
   <div class='ocr_carea' id='block_1_82' title="bbox 2303 3396 2737 3477">
    <p class='ocr_par' dir='ltr' id='par_1_82' title="bbox 2303 3396 2737 3477">
     <span class='ocr_line' id='line_1_82' title="bbox 2303 3396 2737 3477; baseline -0.002 -30"><span class='ocrx_word' id='word_1_615' title='bbox 2303 3396 2432 3460; x_wconf 87' lang='lat' dir='ltr'><strong>pulis</strong></span> <span class='ocrx_word' id='word_1_616' title='bbox 2453 3396 2737 3477; x_wconf 25' lang='lat' dir='ltr'><strong>pertinent:</strong></span> 
     </span>
    </p>
   </div>
   <div class='ocr_carea' id='block_1_83' title="bbox 2369 3480 3903 3547">
    <p class='ocr_par' dir='ltr' id='par_1_83' title="bbox 2369 3480 3903 3547">
     <span class='ocr_line' id='line_1_83' title="bbox 2369 3480 3903 3547; baseline 0.004 -18"><span class='ocrx_word' id='word_1_617' title='bbox 2369 3481 2387 3513; x_wconf 73' lang='grc' dir='ltr'>ί</span> <span class='ocrx_word' id='word_1_618' title='bbox 2412 3482 2496 3530; x_wconf 78' lang='lat' dir='ltr'><strong>llic</strong></span> <span class='ocrx_word' id='word_1_619' title='bbox 2510 3482 2559 3530; x_wconf 90' lang='lat' dir='ltr'><strong>in</strong></span> <span class='ocrx_word' id='word_1_620' title='bbox 2593 3481 2790 3547; x_wconf 82' lang='lat' dir='ltr'><strong>excusis</strong></span> <span class='ocrx_word' id='word_1_621' title='bbox 2811 3480 3020 3543; x_wconf 87' lang='lat' dir='ltr'><strong>additur,</strong></span> <span class='ocrx_word' id='word_1_622' title='bbox 3041 3480 3258 3547; x_wconf 73' lang='lat' dir='ltr'><strong>propria:</strong></span> <span class='ocrx_word' id='word_1_623' title='bbox 3287 3480 3558 3535; x_wconf 76' lang='lat' dir='ltr'><strong>voluntatis.</strong></span> <span class='ocrx_word' id='word_1_624' title='bbox 3582 3482 3673 3533; x_wconf 89' lang='lat' dir='ltr'><strong>Sed</strong></span> <span class='ocrx_word' id='word_1_625' title='bbox 3698 3496 3795 3533; x_wconf 89' lang='lat' dir='ltr'><strong>non</strong></span> <span class='ocrx_word' id='word_1_626' title='bbox 3820 3490 3903 3535; x_wconf 82' lang='lat' dir='ltr'><strong>est</strong></span> 
     </span>
    </p>
   </div>
   <div class='ocr_carea' id='block_1_84' title="bbox 2303 3542 2727 3605">
    <p class='ocr_par' dir='ltr' id='par_1_84' title="bbox 2303 3542 2727 3605">
     <span class='ocr_line' id='line_1_84' title="bbox 2303 3542 2727 3605; baseline -0.005 -12"><span class='ocrx_word' id='word_1_627' title='bbox 2303 3542 2353 3593; x_wconf 76' lang='lat' dir='ltr'><strong>in</strong></span> <span class='ocrx_word' id='word_1_628' title='bbox 2372 3544 2727 3605; x_wconf 77' lang='lat' dir='ltr'><strong>manuscriptis.</strong></span> 
     </span>
    </p>
   </div>
   <div class='ocr_carea' id='block_1_85' title="bbox 2368 3602 2906 3673">
    <p class='ocr_par' dir='ltr' id='par_1_85' title="bbox 2368 3602 2906 3673">
     <span class='ocr_line' id='line_1_85' title="bbox 2368 3602 2906 3673; baseline 0 0"><span class='ocrx_word' id='word_1_629' title='bbox 2368 3606 2389 3673; x_wconf 70' lang='grc' dir='ltr'><strong>ξ</strong></span> <span class='ocrx_word' id='word_1_630' title='bbox 2411 3610 2541 3673; x_wconf 62' lang='grc' dir='ltr'><strong><em>ιργεν</em></strong></span> <span class='ocrx_word' id='word_1_631' title='bbox 2564 3602 2906 3673; x_wconf 57' lang='lat' dir='ltr'><strong>soil/iteratum-</strong></span> 
     </span>
    </p>
   </div>
   <div class='ocr_carea' id='block_1_86' title="bbox 2366 3665 3896 3732">
    <p class='ocr_par' dir='ltr' id='par_1_86' title="bbox 2366 3665 3896 3732">
     <span class='ocr_line' id='line_1_86' title="bbox 2366 3665 3896 3732; baseline 0.001 -15"><span class='ocrx_word' id='word_1_632' title='bbox 2366 3668 2388 3732; x_wconf 62' lang='grc' dir='ltr'><em>ξ</em></span> <span class='ocrx_word' id='word_1_633' title='bbox 2413 3666 2546 3732; x_wconf 77' lang='lat' dir='ltr'><strong>Editi,</strong></span> <span class='ocrx_word' id='word_1_634' title='bbox 2564 3665 2615 3716; x_wconf 83' lang='lat' dir='ltr'><strong>in</strong></span> <span class='ocrx_word' id='word_1_635' title='bbox 2632 3665 2945 3732; x_wconf 64' lang='lat' dir='ltr'><strong>tilaoratione</strong></span> <span class='ocrx_word' id='word_1_636' title='bbox 2961 3665 3354 3732; x_wconf 69' lang='lat' dir='ltr'><strong>dicimsts.Abest,</strong></span> <span class='ocrx_word' id='word_1_637' title='bbox 3369 3666 3472 3728; x_wconf 79' lang='lat' dir='ltr'><strong>illa,</strong></span> <span class='ocrx_word' id='word_1_638' title='bbox 3498 3669 3896 3732; x_wconf 86' lang='lat' dir='ltr'><strong>amanuscriptis.</strong></span> 
     </span>
    </p>
   </div>
   <div class='ocr_carea' id='block_1_87' title="bbox 2358 3727 3903 3798">
    <p class='ocr_par' dir='ltr' id='par_1_87' title="bbox 2358 3727 3903 3798">
     <span class='ocr_line' id='line_1_87' title="bbox 2358 3727 3903 3798; baseline 0.003 -21"><span class='ocrx_word' id='word_1_639' title='bbox 2358 3727 2390 3798; x_wconf 53' lang='grc' dir='ltr'><strong>,δ</strong></span> <span class='ocrx_word' id='word_1_640' title='bbox 2412 3727 2560 3789; x_wconf 79' lang='lat' dir='ltr'><strong>Editi,</strong></span> <span class='ocrx_word' id='word_1_641' title='bbox 2595 3728 2789 3779; x_wconf 84' lang='lat' dir='ltr'><strong>cuilibet</strong></span> <span class='ocrx_word' id='word_1_642' title='bbox 2809 3729 2955 3779; x_wconf 84' lang='lat' dir='ltr'><strong>etiam</strong></span> <span class='ocrx_word' id='word_1_643' title='bbox 2972 3727 3170 3779; x_wconf 80' lang='lat' dir='ltr'><strong>homini.</strong></span> <span class='ocrx_word' id='word_1_644' title='bbox 3204 3730 3288 3780; x_wconf 85' lang='lat' dir='ltr'><strong>Hie</strong></span> <span class='ocrx_word' id='word_1_645' title='bbox 3322 3727 3518 3780; x_wconf 84' lang='lat' dir='ltr'><strong>rursum</strong></span> <span class='ocrx_word' id='word_1_646' title='bbox 3538 3739 3642 3780; x_wconf 75' lang='lat' dir='ltr'><strong>Mss.</strong></span> <span class='ocrx_word' id='word_1_647' title='bbox 3667 3727 3903 3782; x_wconf 71' lang='lat' dir='ltr'><strong>omit&#39;tmlt</strong></span> 
     </span>
    </p>
   </div>
   <div class='ocr_carea' id='block_1_88' title="bbox 2302 3794 3900 3921">
    <p class='ocr_par' dir='ltr' id='par_1_88' title="bbox 2302 3794 3900 3921">
     <span class='ocr_line' id='line_1_88' title="bbox 2302 3794 3900 3921; baseline 0.003 -23"><span class='ocrx_word' id='word_1_648' title='bbox 2302 3794 2632 3921; x_wconf 32' lang='lat' dir='ltr'><strong>‘elﬂonnulli</strong></span> <span class='ocrx_word' id='word_1_649' title='bbox 2656 3859 2783 3921; x_wconf 80' lang='lat' dir='ltr'><strong>Mss_.,</strong></span> <span class='ocrx_word' id='word_1_650' title='bbox 2806 3857 2860 3921; x_wconf 74' lang='lat' dir='ltr'><strong>ut</strong></span> <span class='ocrx_word' id='word_1_651' title='bbox 2882 3851 3027 3903; x_wconf 80' lang='lat' dir='ltr'><strong>etiam</strong></span> <span class='ocrx_word' id='word_1_652' title='bbox 3049 3852 3157 3921; x_wconf 63' lang='lat' dir='ltr'><strong>ejus</strong></span> <span class='ocrx_word' id='word_1_653' title='bbox 3179 3850 3400 3921; x_wconf 65' lang='lat' dir='ltr'><strong>tirnorcm</strong></span> <span class='ocrx_word' id='word_1_654' title='bbox 3421 3852 3697 3921; x_wconf 73' lang='lat' dir='ltr'><strong>superando</strong></span> <span class='ocrx_word' id='word_1_655' title='bbox 3718 3865 3735 3903; x_wconf 90' lang='lat'><em>:</em></span> <span class='ocrx_word' id='word_1_656' title='bbox 3754 3860 3900 3921; x_wconf 70' lang='lat' dir='ltr'><strong>recte</strong></span> 
     </span>
    </p>
   </div>
   <div class='ocr_carea' id='block_1_89' title="bbox 2302 3910 3902 4024">
    <p class='ocr_par' dir='ltr' id='par_1_89' title="bbox 2302 3910 3902 4024">
     <span class='ocr_line' id='line_1_89' title="bbox 2304 3910 3902 3978; baseline 0.003 -17"><span class='ocrx_word' id='word_1_657' title='bbox 2304 3912 2497 3965; x_wconf 82' lang='lat' dir='ltr'><strong>tametsi</strong></span> <span class='ocrx_word' id='word_1_658' title='bbox 2520 3910 2722 3961; x_wconf 89' lang='lat' dir='ltr'><strong>alteram</strong></span> <span class='ocrx_word' id='word_1_659' title='bbox 2746 3910 3010 3964; x_wconf 69' lang='lat' dir='ltr'><strong>lectionem</strong></span> <span class='ocrx_word' id='word_1_660' title='bbox 3031 3910 3252 3978; x_wconf 61' lang='lat' dir='ltr'><strong>praeferri</strong></span> <span class='ocrx_word' id='word_1_661' title='bbox 3285 3913 3439 3965; x_wconf 86' lang='lat' dir='ltr'><strong>velint</strong></span> <span class='ocrx_word' id='word_1_662' title='bbox 3458 3910 3798 3967; x_wconf 64' lang='lat' dir='ltr'><strong>L&#39;ovanienses.</strong></span> <span class='ocrx_word' id='word_1_663' title='bbox 3823 3916 3902 3965; x_wconf 69' lang='grc' dir='ltr'><strong>νί-</strong></span> 
     </span>
     <span class='ocr_line' id='line_1_90' title="bbox 2302 3971 2910 4024; baseline 0.003 -2"><span class='ocrx_word' id='word_1_664' title='bbox 2302 3972 2367 4023; x_wconf 88' lang='lat' dir='ltr'><strong>de</strong></span> <span class='ocrx_word' id='word_1_665' title='bbox 2389 3986 2551 4024; x_wconf 75' lang='lat' dir='ltr'><strong>supra.</strong></span> <span class='ocrx_word' id='word_1_666' title='bbox 2571 3971 2658 4023; x_wconf 74' lang='lat' dir='ltr'><strong>lit).</strong></span> <span class='ocrx_word' id='word_1_667' title='bbox 2684 3974 2732 4024; x_wconf 75' lang='lat'><strong>9..</strong></span> <span class='ocrx_word' id='word_1_668' title='bbox 2756 3988 2805 4024; x_wconf 77' lang='grc' dir='ltr'><strong><em>ιι.</em></strong></span> <span class='ocrx_word' id='word_1_669' title='bbox 2830 3975 2910 4024; x_wconf 75' lang='grc'><strong>54.</strong></span> 
     </span>
    </p>
   </div>
   <div class='ocr_carea' id='block_1_90' title="bbox 2367 3988 3899 4110">
    <p class='ocr_par' dir='ltr' id='par_1_90' title="bbox 2367 3988 3899 4110">
     <span class='ocr_line' id='line_1_91' title="bbox 2389 3988 2910 4036; baseline 0.004 -13"><span class='ocrx_word' id='word_1_670' title='bbox 2389 3988 2551 4036; x_wconf 85' lang='lat' dir='ltr'><strong>supra,</strong></span> <span class='ocrx_word' id='word_1_671' title='bbox 2571 3988 2658 4023; x_wconf 88' lang='lat' dir='ltr'><strong>nn.</strong></span> <span class='ocrx_word' id='word_1_672' title='bbox 2684 3988 2732 4034; x_wconf 64' lang='grc' dir='ltr'><em>ε,</em></span> <span class='ocrx_word' id='word_1_673' title='bbox 2756 3988 2805 4024; x_wconf 90' lang='lat' dir='ltr'><strong>n.</strong></span> <span class='ocrx_word' id='word_1_674' title='bbox 2830 3988 2910 4025; x_wconf 66' lang='lat' dir='ltr'><strong>aa.</strong></span> 
     </span>
     <span class='ocr_line' id='line_1_92' title="bbox 2367 4034 3899 4110; baseline 0.003 -25"><span class='ocrx_word' id='word_1_675' title='bbox 2367 4034 2561 4110; x_wconf 37' lang='lat' dir='ltr'><strong>{Post</strong></span> <span class='ocrx_word' id='word_1_676' title='bbox 2583 4038 2807 4110; x_wconf 74' lang='lat' dir='ltr'><strong>verbum,</strong></span> <span class='ocrx_word' id='word_1_677' title='bbox 2846 4050 3107 4110; x_wconf 68' lang='lat' dir='ltr'><strong>sanentur,</strong></span> <span class='ocrx_word' id='word_1_678' title='bbox 3139 4039 3438 4110; x_wconf 81' lang='lat' dir='ltr'><strong>antiquiores</strong></span> <span class='ocrx_word' id='word_1_679' title='bbox 3459 4039 3654 4110; x_wconf 77' lang='lat' dir='ltr'><strong>codices</strong></span> <span class='ocrx_word' id='word_1_680' title='bbox 3674 4038 3899 4110; x_wconf 82' lang='lat' dir='ltr'><strong>interpo-</strong></span> 
     </span>
    </p>
   </div>
   <div class='ocr_carea' id='block_1_91' title="bbox 2302 4100 3898 4223">
    <p class='ocr_par' dir='ltr' id='par_1_91' title="bbox 2302 4100 3898 4223">
     <span class='ocr_line' id='line_1_93' title="bbox 2302 4100 3839 4163; baseline 0.002 -18"><span class='ocrx_word' id='word_1_681' title='bbox 2302 4102 2442 4155; x_wconf 86' lang='lat' dir='ltr'><strong>nunt,</strong></span> <span class='ocrx_word' id='word_1_682' title='bbox 2470 4105 2569 4147; x_wconf 83' lang='lat' dir='ltr'><strong>Deo</strong></span> <span class='ocrx_word' id='word_1_683' title='bbox 2583 4100 2785 4160; x_wconf 76' lang='lat' dir='ltr'><strong>gratias,</strong></span> <span class='ocrx_word' id='word_1_684' title='bbox 2812 4105 2865 4149; x_wconf 92' lang='lat' dir='ltr'><strong>et</strong></span> <span class='ocrx_word' id='word_1_685' title='bbox 2888 4100 3272 4163; x_wconf 72' lang='lat' dir='ltr'><strong>prosequuntur,</strong></span> <span class='ocrx_word' id='word_1_686' title='bbox 3292 4109 3427 4149; x_wconf 82' lang='lat' dir='ltr'><strong>Hanc</strong></span> <span class='ocrx_word' id='word_1_687' title='bbox 3449 4100 3714 4163; x_wconf 80' lang='lat' dir='ltr'><strong>epistolam,</strong></span> <span class='ocrx_word' id='word_1_688' title='bbox 3740 4100 3839 4150; x_wconf 89' lang='lat' dir='ltr'><strong>etc.</strong></span> 
     </span>
     <span class='ocr_line' id='line_1_94' title="bbox 2329 4158 3898 4223; baseline 0.003 -15"><span class='ocrx_word' id='word_1_689' title='bbox 2329 4217 2342 4223; x_wconf 91' lang='lat'>_</span> <span class='ocrx_word' id='word_1_690' title='bbox 2368 4158 2388 4191; x_wconf 79' lang='grc'><strong>⁷</strong></span> <span class='ocrx_word' id='word_1_691' title='bbox 2414 4159 2553 4220; x_wconf 84' lang='lat' dir='ltr'><strong>Editi,</strong></span> <span class='ocrx_word' id='word_1_692' title='bbox 2576 4158 2837 4223; x_wconf 79' lang='lat' dir='ltr'><strong>disputatio</strong></span> <span class='ocrx_word' id='word_1_693' title='bbox 2862 4173 3053 4222; x_wconf 86' lang='lat' dir='ltr'><strong>magna.</strong></span> <span class='ocrx_word' id='word_1_694' title='bbox 3078 4161 3303 4211; x_wconf 84' lang='lat' dir='ltr'><strong>Gallicani</strong></span> <span class='ocrx_word' id='word_1_695' title='bbox 3324 4174 3499 4211; x_wconf 87' lang='lat' dir='ltr'><strong>omnes</strong></span> <span class='ocrx_word' id='word_1_696' title='bbox 3522 4170 3647 4221; x_wconf 65' lang='lat' dir='ltr'><strong>Mss,</strong></span> <span class='ocrx_word' id='word_1_697' title='bbox 3672 4160 3898 4220; x_wconf 79' lang='lat' dir='ltr'><strong>disputa-</strong></span> 
     </span>
    </p>
   </div>
   <div class='ocr_carea' id='block_1_92' title="bbox 2302 4213 3898 4286">
    <p class='ocr_par' dir='ltr' id='par_1_92' title="bbox 2302 4213 3898 4286">
     <span class='ocr_line' id='line_1_95' title="bbox 2302 4213 3898 4286; baseline 0.001 -17"><span class='ocrx_word' id='word_1_698' title='bbox 2302 4217 2369 4269; x_wconf 84' lang='lat' dir='ltr'><strong>tio</strong></span> <span class='ocrx_word' id='word_1_699' title='bbox 2389 4213 2975 4286; x_wconf 44' lang='grc' dir='ltr'><strong><em>ηιεαηὰοιιεὲιιιὶιιιῃιιδέ.</em></strong></span> <span class='ocrx_word' id='word_1_700' title='bbox 2999 4224 3243 4286; x_wconf 61' lang='lat' dir='ltr'><strong>vaticinii,</strong></span> <span class='ocrx_word' id='word_1_701' title='bbox 3269 4236 3368 4273; x_wconf 87' lang='lat' dir='ltr'><strong>uno</strong></span> <span class='ocrx_word' id='word_1_702' title='bbox 3385 4230 3571 4272; x_wconf 88' lang='lat' dir='ltr'><strong>tantum</strong></span> <span class='ocrx_word' id='word_1_703' title='bbox 3595 4213 3824 4286; x_wconf 71' lang='lat' dir='ltr'><strong>eicepto,</strong></span> <span class='ocrx_word' id='word_1_704' title='bbox 3845 4225 3898 4270; x_wconf 76' lang='lat' dir='ltr'><strong>in</strong></span> 
     </span>
    </p>
   </div>
   <div class='ocr_carea' id='block_1_93' title="bbox 2302 4281 3597 4348">
    <p class='ocr_par' dir='ltr' id='par_1_93' title="bbox 2302 4281 3597 4348">
     <span class='ocr_line' id='line_1_96' title="bbox 2302 4281 3597 4348; baseline 0.002 -17"><span class='ocrx_word' id='word_1_705' title='bbox 2302 4294 2400 4343; x_wconf 89' lang='lat' dir='ltr'><strong>quo</strong></span> <span class='ocrx_word' id='word_1_706' title='bbox 2423 4281 2622 4346; x_wconf 83' lang='lat' dir='ltr'><strong>legitur,</strong></span> <span class='ocrx_word' id='word_1_707' title='bbox 2642 4281 2889 4347; x_wconf 78' lang='lat' dir='ltr'><strong>dispositio</strong></span> <span class='ocrx_word' id='word_1_708' title='bbox 2901 4296 3038 4345; x_wconf 87' lang='lat' dir='ltr'><strong>mea;</strong></span> <span class='ocrx_word' id='word_1_709' title='bbox 3060 4284 3188 4347; x_wconf 90' lang='lat' dir='ltr'><strong>quod</strong></span> <span class='ocrx_word' id='word_1_710' title='bbox 3208 4281 3367 4348; x_wconf 83' lang='lat' dir='ltr'><strong>aptius</strong></span> <span class='ocrx_word' id='word_1_711' title='bbox 3387 4285 3597 4334; x_wconf 88' lang='lat' dir='ltr'><strong>videtur.</strong></span> 
     </span>
    </p>
   </div>
   <div class='ocr_carea' id='block_1_94' title="bbox 615 4405 2202 4527">
    <p class='ocr_par' dir='ltr' id='par_1_94' title="bbox 615 4405 2202 4527">
     <span class='ocr_line' id='line_1_97' title="bbox 615 4405 2202 4527; baseline 0.004 -25"><span class='ocrx_word' id='word_1_712' title='bbox 615 4405 717 4502; x_wconf 67' lang='grc' dir='ltr'><strong>ἱῖἶ</strong></span> <span class='ocrx_word' id='word_1_713' title='bbox 732 4441 959 4527; x_wconf 68' lang='lat' dir='ltr'><strong>librum</strong></span> <span class='ocrx_word' id='word_1_714' title='bbox 990 4442 1066 4504; x_wconf 88' lang='lat' dir='ltr'><strong>de</strong></span> <span class='ocrx_word' id='word_1_715' title='bbox 1096 4408 1451 4527; x_wconf 50' lang='lat' dir='ltr'><strong>Spiritui;</strong></span> <span class='ocrx_word' id='word_1_716' title='bbox 1457 4445 1722 4518; x_wconf 88' lang='lat' dir='ltr'><strong>Littera,</strong></span> <span class='ocrx_word' id='word_1_717' title='bbox 1755 4411 2024 4508; x_wconf 65' lang='grc' dir='ltr'><strong>υίᾱῖιει).</strong></span> <span class='ocrx_word' id='word_1_718' title='bbox 2054 4447 2117 4520; x_wconf 81' lang='lat'><strong>2,</strong></span> <span class='ocrx_word' id='word_1_719' title='bbox 2148 4466 2202 4508; x_wconf 76' lang='lat' dir='ltr'><strong>cc</strong></span> 
     </span>
    </p>
   </div>
   <div class='ocr_carea' id='block_1_95' title="bbox 2309 4405 3888 4527">
    <p class='ocr_par' dir='ltr' id='par_1_95' title="bbox 2309 4412 3888 4525">
     <span class='ocr_line' id='line_1_98' title="bbox 2309 4412 3888 4525; baseline 0.004 -17"><span class='ocrx_word' id='word_1_720' title='bbox 2309 4412 3023 4525; x_wconf 48' lang='lat' dir='ltr'><strong>§7Tlietractationum,</strong></span> <span class='ocrx_word' id='word_1_721' title='bbox 3055 4460 3102 4514; x_wconf 72' lang='grc' dir='ltr'><strong><em>ι.</em></strong></span> <span class='ocrx_word' id='word_1_722' title='bbox 3137 4453 3195 4525; x_wconf 89' lang='grc'><strong>1,</strong></span> <span class='ocrx_word' id='word_1_723' title='bbox 3244 4453 3363 4515; x_wconf 83' lang='lat' dir='ltr'><strong>col.</strong></span> <span class='ocrx_word' id='word_1_724' title='bbox 3392 4413 3845 4521; x_wconf 47' lang='lat'><strong>61:33-65:73</strong></span> <span class='ocrx_word' id='word_1_725' title='bbox 3870 4496 3888 4520; x_wconf 88' lang='lat'><strong>,</strong></span> 
     </span>
    </p>
   </div>
   <div class='ocr_carea' id='block_1_96' title="bbox 777 4521 3727 4605">
    <p class='ocr_par' dir='ltr' id='par_1_96' title="bbox 777 4521 3727 4605">
     <span class='ocr_line' id='line_1_99' title="bbox 777 4521 3727 4605; baseline 0.003 -23"><span class='ocrx_word' id='word_1_726' title='bbox 777 4521 868 4582; x_wconf 82' lang='lat' dir='ltr'><strong>Ad</strong></span> <span class='ocrx_word' id='word_1_727' title='bbox 898 4540 1089 4599; x_wconf 91' lang='lat' dir='ltr'><strong>quem</strong></span> <span class='ocrx_word' id='word_1_728' title='bbox 1122 4523 1207 4603; x_wconf 91' lang='lat' dir='ltr'><strong>(a)</strong></span> <span class='ocrx_word' id='word_1_729' title='bbox 1232 4523 1644 4602; x_wconf 87' lang='lat' dir='ltr'><strong>scripseram,</strong></span> <span class='ocrx_word' id='word_1_730' title='bbox 1668 4543 1859 4605; x_wconf 82' lang='lat' dir='ltr'><strong>usque</strong></span> <span class='ocrx_word' id='word_1_731' title='bbox 1879 4526 1961 4585; x_wconf 85' lang='lat' dir='ltr'><strong>ad</strong></span> <span class='ocrx_word' id='word_1_732' title='bbox 1988 4528 2108 4587; x_wconf 78' lang='lat' dir='ltr'><strong>col.</strong></span> <span class='ocrx_word' id='word_1_733' title='bbox 2137 4521 2277 4597; x_wconf 53' lang='lat' dir='ltr'><strong>6E6,</strong></span> <span class='ocrx_word' id='word_1_734' title='bbox 2311 4527 2538 4597; x_wconf 79' lang='lat' dir='ltr'><strong>verbis,</strong></span> <span class='ocrx_word' id='word_1_735' title='bbox 2572 4530 2694 4590; x_wconf 81' lang='lat' dir='ltr'><strong>Fiii</strong></span> <span class='ocrx_word' id='word_1_736' title='bbox 2723 4521 3105 4592; x_wconf 69' lang='lat' dir='ltr'><strong>charissiine</strong></span> <span class='ocrx_word' id='word_1_737' title='bbox 3132 4521 3529 4593; x_wconf 84' lang='lat' dir='ltr'><strong>Marcelline.</strong></span> <span class='ocrx_word' id='word_1_738' title='bbox 3640 4532 3727 4593; x_wconf 87' lang='lat' dir='ltr'><strong>M.</strong></span> 
     </span>
    </p>
   </div>
   <div class='ocr_carea' id='block_1_97' title="bbox 666 4620 3893 4700">
    <p class='ocr_par' dir='ltr' id='par_1_97' title="bbox 666 4620 3893 4700">
     <span class='ocr_line' id='line_1_100' title="bbox 666 4620 3893 4700; baseline 0.004 -29"><span class='ocrx_word' id='word_1_739' title='bbox 666 4620 1088 4700; x_wconf 39' lang='lat' dir='ltr'><strong>(a)&#39;atarcelliitu.m</strong></span> <span class='ocrx_word' id='word_1_740' title='bbox 1099 4624 1368 4700; x_wconf 70' lang='lat' dir='ltr'><strong>tribunum,</strong></span> <span class='ocrx_word' id='word_1_741' title='bbox 1394 4625 1715 4700; x_wconf 35' lang='lat' dir='ltr'><strong>cui‘accepttp.</strong></span> <span class='ocrx_word' id='word_1_742' title='bbox 1730 4623 2005 4700; x_wconf 70' lang='lat' dir='ltr'><strong>referendae</strong></span> <span class='ocrx_word' id='word_1_743' title='bbox 2023 4633 2137 4700; x_wconf 77' lang='lat' dir='ltr'><strong>sunt</strong></span> <span class='ocrx_word' id='word_1_744' title='bbox 2151 4624 2250 4700; x_wconf 67' lang='lat' dir='ltr'><strong>tam</strong></span> <span class='ocrx_word' id='word_1_745' title='bbox 2271 4626 2436 4700; x_wconf 68' lang='lat' dir='ltr'><strong>multa:</strong></span> <span class='ocrx_word' id='word_1_746' title='bbox 2452 4627 2563 4700; x_wconf 64' lang='lat' dir='ltr'><strong>alia;</strong></span> <span class='ocrx_word' id='word_1_747' title='bbox 2586 4630 2832 4700; x_wconf 78' lang='lat' dir='ltr'><strong>Augustini</strong></span> <span class='ocrx_word' id='word_1_748' title='bbox 2855 4628 3558 4700; x_wconf 73' lang='lat' dir='ltr'><strong>lucubrationes,subsequ_enti</strong></span> <span class='ocrx_word' id='word_1_749' title='bbox 3581 4632 3731 4700; x_wconf 60' lang='lat' dir='ltr'><strong>etiam</strong></span> <span class='ocrx_word' id='word_1_750' title='bbox 3753 4633 3893 4695; x_wconf 80' lang='lat' dir='ltr'><strong>operi</strong></span> 
     </span>
    </p>
   </div>
   <div class='ocr_carea' id='block_1_98' title="bbox 601 4686 3894 4757">
    <p class='ocr_par' dir='ltr' id='par_1_98' title="bbox 601 4686 3894 4757">
     <span class='ocr_line' id='line_1_101' title="bbox 601 4686 3894 4757; baseline 0.003 -22"><span class='ocrx_word' id='word_1_751' title='bbox 601 4686 915 4757; x_wconf 37' lang='lat' dir='ltr'><strong>occasionem.</strong></span> <span class='ocrx_word' id='word_1_752' title='bbox 930 4686 1203 4757; x_wconf 70' lang='lat' dir='ltr'><strong>praebuisse</strong></span> <span class='ocrx_word' id='word_1_753' title='bbox 1210 4686 1374 4757; x_wconf 72' lang='lat' dir='ltr'><strong>docet,</strong></span> <span class='ocrx_word' id='word_1_754' title='bbox 1394 4693 1531 4757; x_wconf 68' lang='lat' dir='ltr'><strong>mota</strong></span> <span class='ocrx_word' id='word_1_755' title='bbox 1541 4688 1815 4757; x_wconf 71' lang='lat' dir='ltr'><strong>quaestione</strong></span> <span class='ocrx_word' id='word_1_756' title='bbox 1840 4686 2065 4757; x_wconf 68' lang='lat' dir='ltr'><strong>e_i_t_li_bris</strong></span> <span class='ocrx_word' id='word_1_757' title='bbox 2086 4688 2151 4757; x_wconf 82' lang='lat' dir='ltr'><strong>de</strong></span> <span class='ocrx_word' id='word_1_758' title='bbox 2175 4695 2484 4757; x_wconf 80' lang='lat' dir='ltr'><strong>Peccatorum</strong></span> <span class='ocrx_word' id='word_1_759' title='bbox 2517 4686 2773 4757; x_wconf 54' lang='lat' dir='ltr'><strong>Meritiset</strong></span> <span class='ocrx_word' id='word_1_760' title='bbox 2808 4694 3138 4757; x_wconf 78' lang='lat' dir='ltr'><strong>Remissione,</strong></span> <span class='ocrx_word' id='word_1_761' title='bbox 3172 4686 3297 4756; x_wconf 85' lang='lat' dir='ltr'><strong>quos</strong></span> <span class='ocrx_word' id='word_1_762' title='bbox 3329 4686 3559 4757; x_wconf 70' lang='lat' dir='ltr'><strong>videlicet</strong></span> <span class='ocrx_word' id='word_1_763' title='bbox 3581 4693 3729 4743; x_wconf 84' lang='lat' dir='ltr'><strong>libros</strong></span> <span class='ocrx_word' id='word_1_764' title='bbox 3746 4686 3894 4757; x_wconf 77' lang='lat' dir='ltr'><strong>supra</strong></span> 
     </span>
    </p>
   </div>
   <div class='ocr_carea' id='block_1_99' title="bbox 603 4746 3894 4818">
    <p class='ocr_par' dir='ltr' id='par_1_99' title="bbox 603 4746 3894 4818">
     <span class='ocr_line' id='line_1_102' title="bbox 603 4746 3894 4818; baseline 0.004 -24"><span class='ocrx_word' id='word_1_765' title='bbox 603 4747 816 4818; x_wconf 60' lang='lat' dir='ltr'><strong>uirginitas</strong></span> <span class='ocrx_word' id='word_1_766' title='bbox 840 4746 996 4818; x_wconf 66' lang='lat' dir='ltr'><strong>editos</strong></span> <span class='ocrx_word' id='word_1_767' title='bbox 1030 4760 1156 4796; x_wconf 86' lang='lat' dir='ltr'><strong>anno</strong></span> <span class='ocrx_word' id='word_1_768' title='bbox 1177 4747 1347 4818; x_wconf 76' lang='lat' dir='ltr'><strong>Christi</strong></span> <span class='ocrx_word' id='word_1_769' title='bbox 1381 4746 1489 4796; x_wconf 69' lang='lat'><strong>412.</strong></span> <span class='ocrx_word' id='word_1_770' title='bbox 1508 4746 1656 4818; x_wconf 36' lang='lat' dir='ltr'><strong>_lti‘sce</strong></span> <span class='ocrx_word' id='word_1_771' title='bbox 1678 4748 2002 4818; x_wconf 70' lang='lat' dir='ltr'><strong>autemlibris</strong></span> <span class='ocrx_word' id='word_1_772' title='bbox 2026 4750 2075 4818; x_wconf 91' lang='lat' dir='ltr'><strong>i_n</strong></span> <span class='ocrx_word' id='word_1_773' title='bbox 2099 4750 2531 4818; x_wconf 75' lang='lat' dir='ltr'><strong>ttetractationihus</strong></span> <span class='ocrx_word' id='word_1_774' title='bbox 2550 4753 2803 4818; x_wconf 74' lang='lat' dir='ltr'><strong>subjicitur</strong></span> <span class='ocrx_word' id='word_1_775' title='bbox 2820 4766 2943 4817; x_wconf 90' lang='lat' dir='ltr'><strong>opus</strong></span> <span class='ocrx_word' id='word_1_776' title='bbox 2974 4746 3036 4818; x_wconf 80' lang='lat' dir='ltr'><strong>de</strong></span> <span class='ocrx_word' id='word_1_777' title='bbox 3060 4746 3233 4816; x_wconf 74' lang='lat' dir='ltr'><strong>Spirifu</strong></span> <span class='ocrx_word' id='word_1_778' title='bbox 3259 4762 3310 4804; x_wconf 92' lang='lat' dir='ltr'><strong>et</strong></span> <span class='ocrx_word' id='word_1_779' title='bbox 3332 4755 3525 4809; x_wconf 84' lang='lat' dir='ltr'><strong>Littera.</strong></span> <span class='ocrx_word' id='word_1_780' title='bbox 3552 4768 3648 4804; x_wconf 90' lang='lat' dir='ltr'><strong>non</strong></span> <span class='ocrx_word' id='word_1_781' title='bbox 3672 4746 3894 4818; x_wconf 77' lang='lat' dir='ltr'><strong>proxiino</strong></span> 
     </span>
    </p>
   </div>
   <div class='ocr_carea' id='block_1_100' title="bbox 603 4808 3890 4878">
    <p class='ocr_par' dir='ltr' id='par_1_100' title="bbox 603 4808 3890 4878">
     <span class='ocr_line' id='line_1_103' title="bbox 603 4808 3890 4878; baseline 0.003 -22"><span class='ocrx_word' id='word_1_782' title='bbox 603 4809 826 4870; x_wconf 87' lang='lat' dir='ltr'><strong>quidem,</strong></span> <span class='ocrx_word' id='word_1_783' title='bbox 851 4809 1136 4878; x_wconf 60' lang='grc' dir='ltr'><strong>δρᾷ-(ιυριιο</strong></span> <span class='ocrx_word' id='word_1_784' title='bbox 1160 4817 1266 4872; x_wconf 89' lang='lat' dir='ltr'><strong>post</strong></span> <span class='ocrx_word' id='word_1_785' title='bbox 1284 4808 1404 4878; x_wconf 76' lang='lat' dir='ltr'><strong>loco,</strong></span> <span class='ocrx_word' id='word_1_786' title='bbox 1428 4811 1658 4878; x_wconf 72' lang='lat' dir='ltr'><strong>scriptum</strong></span> <span class='ocrx_word' id='word_1_787' title='bbox 1682 4809 1807 4878; x_wconf 84' lang='lat' dir='ltr'><strong>baud</strong></span> <span class='ocrx_word' id='word_1_788' title='bbox 1831 4810 1981 4878; x_wconf 79' lang='lat' dir='ltr'><strong>dubie</strong></span> <span class='ocrx_word' id='word_1_789' title='bbox 2003 4812 2131 4878; x_wconf 79' lang='lat' dir='ltr'><strong>circa</strong></span> <span class='ocrx_word' id='word_1_790' title='bbox 2153 4809 2312 4878; x_wconf 79' lang='lat' dir='ltr'><strong>tinem</strong></span> <span class='ocrx_word' id='word_1_791' title='bbox 2327 4812 2548 4878; x_wconf 78' lang='lat' dir='ltr'><strong>ejusdem</strong></span> <span class='ocrx_word' id='word_1_792' title='bbox 2572 4808 2685 4878; x_wconf 76' lang='lat' dir='ltr'><strong>anni</strong></span> <span class='ocrx_word' id='word_1_793' title='bbox 2708 4814 2816 4875; x_wconf 75' lang='lat'><strong>419.,</strong></span> <span class='ocrx_word' id='word_1_794' title='bbox 2851 4808 2943 4865; x_wconf 77' lang='lat' dir='ltr'><strong>seu</strong></span> <span class='ocrx_word' id='word_1_795' title='bbox 2981 4808 3228 4878; x_wconf 80' lang='lat' dir='ltr'><strong>aliquanto</strong></span> <span class='ocrx_word' id='word_1_796' title='bbox 3249 4824 3364 4865; x_wconf 87' lang='lat' dir='ltr'><strong>ante</strong></span> <span class='ocrx_word' id='word_1_797' title='bbox 3381 4808 3566 4878; x_wconf 55' lang='lat' dir='ltr'><strong>(sedem</strong></span> <span class='ocrx_word' id='word_1_798' title='bbox 3592 4808 3847 4878; x_wconf 60' lang='lat' dir='ltr'><strong>Marcellini</strong></span> <span class='ocrx_word' id='word_1_799' title='bbox 3873 4852 3890 4877; x_wconf 88' lang='lat'><strong>,</strong></span> 
     </span>
    </p>
   </div>
   <div class='ocr_carea' id='block_1_101' title="bbox 603 4870 3895 4981">
    <p class='ocr_par' dir='ltr' id='par_1_101' title="bbox 603 4870 3895 4981">
     <span class='ocr_line' id='line_1_104' title="bbox 603 4870 3895 4981; baseline 0.004 -63"><span class='ocrx_word' id='word_1_800' title='bbox 603 4870 1182 4981; x_wconf 44' lang='lat' dir='ltr'><strong>ggsggaﬁﬁsmense</strong></span> <span class='ocrx_word' id='word_1_801' title='bbox 1196 4872 1466 4935; x_wconf 85' lang='lat' dir='ltr'><strong>septembri</strong></span> <span class='ocrx_word' id='word_1_802' title='bbox 1489 4870 1678 4923; x_wconf 78' lang='lat' dir='ltr'><strong>accidit.</strong></span> <span class='ocrx_word' id='word_1_803' title='bbox 1695 4874 1873 4922; x_wconf 87' lang='lat' dir='ltr'><strong>Citatur</strong></span> <span class='ocrx_word' id='word_1_804' title='bbox 1889 4871 1983 4922; x_wconf 82' lang='lat' dir='ltr'><strong>hoc</strong></span> <span class='ocrx_word' id='word_1_805' title='bbox 2002 4871 2135 4922; x_wconf 85' lang='lat' dir='ltr'><strong>idem</strong></span> <span class='ocrx_word' id='word_1_806' title='bbox 2156 4885 2279 4936; x_wconf 85' lang='lat' dir='ltr'><strong>opus</strong></span> <span class='ocrx_word' id='word_1_807' title='bbox 2299 4870 2490 4924; x_wconf 67' lang='lat' dir='ltr'><strong>in&#39;libro</strong></span> <span class='ocrx_word' id='word_1_808' title='bbox 2510 4875 2578 4926; x_wconf 86' lang='lat' dir='ltr'><strong>de</strong></span> <span class='ocrx_word' id='word_1_809' title='bbox 2598 4871 2709 4926; x_wconf 73' lang='lat' dir='ltr'><strong>Fide</strong></span> <span class='ocrx_word' id='word_1_810' title='bbox 2733 4882 2786 4927; x_wconf 87' lang='lat' dir='ltr'><strong>et</strong></span> <span class='ocrx_word' id='word_1_811' title='bbox 2804 4870 3130 4939; x_wconf 77' lang='lat' dir='ltr'><strong>bperibus,&#39;n.</strong></span> <span class='ocrx_word' id='word_1_812' title='bbox 3145 4876 3226 4938; x_wconf 68' lang='lat' dir='ltr'><strong>Si;</strong></span> <span class='ocrx_word' id='word_1_813' title='bbox 3251 4886 3305 4927; x_wconf 89' lang='lat' dir='ltr'><strong>et</strong></span> <span class='ocrx_word' id='word_1_814' title='bbox 3325 4878 3374 4926; x_wconf 87' lang='lat' dir='ltr'><strong>in</strong></span> <span class='ocrx_word' id='word_1_815' title='bbox 3400 4876 3525 4927; x_wconf 87' lang='lat' dir='ltr'><strong>libro</strong></span> <span class='ocrx_word' id='word_1_816' title='bbox 3541 4879 3574 4928; x_wconf 81' lang='lat'><strong>5</strong></span> <span class='ocrx_word' id='word_1_817' title='bbox 3593 4877 3659 4929; x_wconf 90' lang='lat' dir='ltr'><strong>de</strong></span> <span class='ocrx_word' id='word_1_818' title='bbox 3676 4870 3895 4930; x_wconf 69' lang='lat' dir='ltr'><strong>Doctrina</strong></span> 
     </span>
    </p>
   </div>
   <div class='ocr_carea' id='block_1_102' title="bbox 1034 5002 3168 5307">
    <p class='ocr_par' dir='ltr' id='par_1_102' title="bbox 1034 5051 3168 5307">
     <span class='ocr_line' id='line_1_105' title="bbox 1034 5051 3168 5307; baseline -0.014 -14"><span class='ocrx_word' id='word_1_819' title='bbox 1034 5051 3168 5307; x_wconf 63' lang='lat' dir='ltr'><strong>mm</strong></span> 
     </span>
    </p>
   </div>
   <div class='ocr_carea' id='block_1_103' title="bbox 853 5346 3621 5530">
    <p class='ocr_par' dir='ltr' id='par_1_103' title="bbox 853 5346 3621 5530">
     <span class='ocr_line' id='line_1_106' title="bbox 853 5346 3621 5530; baseline 0 -9"><span class='ocrx_word' id='word_1_820' title='bbox 853 5350 1137 5524; x_wconf 89' lang='lat' dir='ltr'><strong>DE</strong></span> <span class='ocrx_word' id='word_1_821' title='bbox 1269 5350 2131 5530; x_wconf 78' lang='lat' dir='ltr'><strong>SPIBITU</strong></span> <span class='ocrx_word' id='word_1_822' title='bbox 2263 5354 2544 5527; x_wconf 87' lang='grc' dir='ltr'><strong>ΕΤ</strong></span> <span class='ocrx_word' id='word_1_823' title='bbox 2675 5346 3621 5529; x_wconf 77' lang='lat' dir='ltr'><strong>LITTEBA</strong></span> 
     </span>
    </p>
   </div>
   <div class='ocr_carea' id='block_1_104' title="bbox 1830 5603 2645 5699">
    <p class='ocr_par' dir='ltr' id='par_1_104' title="bbox 1830 5603 2645 5699">
     <span class='ocr_line' id='line_1_107' title="bbox 1830 5603 2645 5699; baseline -0.001 -15"><span class='ocrx_word' id='word_1_824' title='bbox 1830 5604 2132 5684; x_wconf 80' lang='lat' dir='ltr'><strong>LIBER</strong></span> <span class='ocrx_word' id='word_1_825' title='bbox 2206 5603 2489 5685; x_wconf 88' lang='lat' dir='ltr'><strong>UNUS</strong></span> <span class='ocrx_word' id='word_1_826' title='bbox 2540 5626 2645 5699; x_wconf 85' lang='lat' dir='ltr'><strong>(a).</strong></span> 
     </span>
    </p>
   </div>
   <div class='ocr_carea' id='block_1_105' title="bbox 668 5715 3874 5833">
    <p class='ocr_par' dir='ltr' id='par_1_105' title="bbox 668 5715 3874 5833">
     <span class='ocr_line' id='line_1_108' title="bbox 668 5715 3874 5786; baseline 0 -21"><span class='ocrx_word' id='word_1_827' title='bbox 668 5715 953 5770; x_wconf 73' lang='lat' dir='ltr'><strong>Marcellino</strong></span> <span class='ocrx_word' id='word_1_828' title='bbox 968 5719 1221 5772; x_wconf 81' lang='lat' dir='ltr'><strong>scribente</strong></span> <span class='ocrx_word' id='word_1_829' title='bbox 1238 5733 1293 5769; x_wconf 90' lang='lat' dir='ltr'><strong>se</strong></span> <span class='ocrx_word' id='word_1_830' title='bbox 1316 5728 1592 5782; x_wconf 85' lang='lat' dir='ltr'><strong>permotum</strong></span> <span class='ocrx_word' id='word_1_831' title='bbox 1611 5734 1691 5781; x_wconf 86' lang='lat' dir='ltr'><strong>eo,</strong></span> <span class='ocrx_word' id='word_1_832' title='bbox 1709 5722 1840 5783; x_wconf 89' lang='lat' dir='ltr'><strong>quod</strong></span> <span class='ocrx_word' id='word_1_833' title='bbox 1861 5721 1908 5770; x_wconf 82' lang='lat' dir='ltr'><strong>in</strong></span> <span class='ocrx_word' id='word_1_834' title='bbox 1932 5735 1990 5771; x_wconf 90' lang='lat' dir='ltr'><strong>su</strong></span> <span class='ocrx_word' id='word_1_835' title='bbox 2028 5722 2177 5771; x_wconf 87' lang='lat' dir='ltr'><strong>eriori</strong></span> <span class='ocrx_word' id='word_1_836' title='bbox 2198 5735 2354 5785; x_wconf 88' lang='lat' dir='ltr'><strong>opere</strong></span> <span class='ocrx_word' id='word_1_837' title='bbox 2371 5723 2598 5786; x_wconf 80' lang='lat' dir='ltr'><strong>legisset,</strong></span> <span class='ocrx_word' id='word_1_838' title='bbox 2618 5722 2728 5773; x_wconf 80' lang='lat' dir='ltr'><strong>ﬁeri</strong></span> <span class='ocrx_word' id='word_1_839' title='bbox 2746 5732 2891 5784; x_wconf 80' lang='lat' dir='ltr'><strong>posse</strong></span> <span class='ocrx_word' id='word_1_840' title='bbox 2910 5728 2960 5770; x_wconf 90' lang='lat' dir='ltr'><strong>ut</strong></span> <span class='ocrx_word' id='word_1_841' title='bbox 2981 5721 3046 5771; x_wconf 86' lang='lat' dir='ltr'><strong>sit</strong></span> <span class='ocrx_word' id='word_1_842' title='bbox 3068 5721 3215 5770; x_wconf 88' lang='lat' dir='ltr'><strong>homo</strong></span> <span class='ocrx_word' id='word_1_843' title='bbox 3232 5720 3281 5769; x_wconf 89' lang='lat' dir='ltr'><strong>in</strong></span> <span class='ocrx_word' id='word_1_844' title='bbox 3299 5721 3389 5769; x_wconf 90' lang='lat' dir='ltr'><strong>hac</strong></span> <span class='ocrx_word' id='word_1_845' title='bbox 3407 5719 3501 5767; x_wconf 81' lang='lat' dir='ltr'><strong>vita</strong></span> <span class='ocrx_word' id='word_1_846' title='bbox 3521 5718 3629 5767; x_wconf 87' lang='lat' dir='ltr'><strong>sine</strong></span> <span class='ocrx_word' id='word_1_847' title='bbox 3649 5721 3874 5778; x_wconf 84' lang='lat' dir='ltr'><strong>peccato.</strong></span> 
     </span>
     <span class='ocr_line' id='line_1_109' title="bbox 668 5735 3874 5833; baseline 0 -8"><span class='ocrx_word' id='word_1_848' title='bbox 668 5780 805 5833; x_wconf 85' lang='lat' dir='ltr'><strong>velit,</strong></span> <span class='ocrx_word' id='word_1_849' title='bbox 823 5784 1017 5833; x_wconf 82' lang='lat' dir='ltr'><strong>adiutus</strong></span> <span class='ocrx_word' id='word_1_850' title='bbox 1033 5798 1059 5832; x_wconf 88' lang='lat' dir='ltr'><strong>a</strong></span> <span class='ocrx_word' id='word_1_851' title='bbox 1079 5783 1188 5832; x_wconf 86' lang='lat' dir='ltr'><strong>Deo</strong></span> <span class='ocrx_word' id='word_1_852' title='bbox 1204 5795 1215 5833; x_wconf 89' lang='lat'><strong>:</strong></span> <span class='ocrx_word' id='word_1_853' title='bbox 1232 5795 1323 5831; x_wconf 79' lang='lat' dir='ltr'><strong>nec</strong></span> <span class='ocrx_word' id='word_1_854' title='bbox 1343 5784 1497 5831; x_wconf 85' lang='lat' dir='ltr'><strong>ullum</strong></span> <span class='ocrx_word' id='word_1_855' title='bbox 1520 5791 1680 5833; x_wconf 80' lang='lat' dir='ltr'><strong>tainen</strong></span> <span class='ocrx_word' id='word_1_856' title='bbox 1706 5797 1907 5833; x_wconf 76' lang='lat' dir='ltr'><strong>usquam</strong></span> <span class='ocrx_word' id='word_1_857' title='bbox 1927 5785 1974 5833; x_wconf 91' lang='lat' dir='ltr'><strong>in</strong></span> <span class='ocrx_word' id='word_1_858' title='bbox 1995 5735 2276 5833; x_wconf 62' lang='lat' dir='ltr'><strong>gomiuibus</strong></span> <span class='ocrx_word' id='word_1_859' title='bbox 2297 5792 2388 5833; x_wconf 89' lang='lat' dir='ltr'><strong>tam</strong></span> <span class='ocrx_word' id='word_1_860' title='bbox 2404 5785 2640 5833; x_wconf 70' lang='lat' dir='ltr'><strong>perfectte</strong></span> <span class='ocrx_word' id='word_1_861' title='bbox 2661 5785 2860 5833; x_wconf 63' lang='lat' dir='ltr'><strong>iustitia;</strong></span> <span class='ocrx_word' id='word_1_862' title='bbox 2881 5784 3165 5833; x_wconf 61' lang='lat' dir='ltr'><strong>exemplum</strong></span> <span class='ocrx_word' id='word_1_863' title='bbox 3186 5789 3386 5831; x_wconf 73' lang='lat' dir='ltr'><strong>exstare</strong></span> <span class='ocrx_word' id='word_1_864' title='bbox 3405 5780 3874 5833; x_wconf 72' lang='lat' dir='ltr'><strong>:hancAugustiuua</strong></span> 
     </span>
    </p>
   </div>
   <div class='ocr_carea' id='block_1_106' title="bbox 667 4932 1045 4989">
    <p class='ocr_par' dir='ltr' id='par_1_106' title="bbox 667 4932 1045 4989">
     <span class='ocr_line' id='line_1_110' title="bbox 667 4932 1045 4989; baseline 0.005 -10"><span class='ocrx_word' id='word_1_865' title='bbox 667 4933 874 4989; x_wconf 78' lang='lat' dir='ltr'><strong>ristiana.</strong></span> <span class='ocrx_word' id='word_1_866' title='bbox 898 4947 946 4982; x_wconf 84' lang='grc' dir='ltr'><strong><em>ιι.</em></strong></span> <span class='ocrx_word' id='word_1_867' title='bbox 968 4932 1045 4983; x_wconf 79' lang='grc'><strong>46.</strong></span> 
     </span>
    </p>
   </div>
   <div class='ocr_carea' id='block_1_107' title="bbox 605 5780 1974 5845">
    <p class='ocr_par' dir='ltr' id='par_1_107' title="bbox 605 5780 1974 5845">
     <span class='ocr_line' id='line_1_111' title="bbox 605 5780 1974 5845; baseline 0.004 -17"><span class='ocrx_word' id='word_1_868' title='bbox 605 5780 646 5828; x_wconf 83' lang='lat' dir='ltr'><strong>si</strong></span> <span class='ocrx_word' id='word_1_869' title='bbox 667 5780 805 5845; x_wconf 73' lang='lat' dir='ltr'><strong>velit,</strong></span> <span class='ocrx_word' id='word_1_870' title='bbox 823 5784 1017 5844; x_wconf 83' lang='lat' dir='ltr'><strong>adjutus</strong></span> <span class='ocrx_word' id='word_1_871' title='bbox 1033 5798 1059 5832; x_wconf 86' lang='lat' dir='ltr'><strong>a</strong></span> <span class='ocrx_word' id='word_1_872' title='bbox 1079 5783 1188 5832; x_wconf 87' lang='lat' dir='ltr'><strong>Deo</strong></span> <span class='ocrx_word' id='word_1_873' title='bbox 1204 5795 1215 5837; x_wconf 93' lang='lat'><strong>;</strong></span> <span class='ocrx_word' id='word_1_874' title='bbox 1232 5780 1329 5831; x_wconf 70' lang='lat' dir='ltr'><strong>nec</strong></span> <span class='ocrx_word' id='word_1_875' title='bbox 1343 5784 1497 5831; x_wconf 85' lang='lat' dir='ltr'><strong>ullum</strong></span> <span class='ocrx_word' id='word_1_876' title='bbox 1520 5791 1680 5833; x_wconf 84' lang='lat' dir='ltr'><strong>tamen</strong></span> <span class='ocrx_word' id='word_1_877' title='bbox 1706 5780 1907 5845; x_wconf 75' lang='lat' dir='ltr'><strong>usquam</strong></span> <span class='ocrx_word' id='word_1_878' title='bbox 1927 5785 1974 5833; x_wconf 91' lang='lat' dir='ltr'><strong>in</strong></span> 
     </span>
    </p>
   </div>
   <div class='ocr_carea' id='block_1_108' title="bbox 673 5843 1554 5909">
    <p class='ocr_par' dir='ltr' id='par_1_108' title="bbox 673 5843 1554 5909">
     <span class='ocr_line' id='line_1_112' title="bbox 673 5843 1554 5909; baseline -0.003 -12"><span class='ocrx_word' id='word_1_879' title='bbox 673 5843 741 5905; x_wconf 67' lang='lat' dir='ltr'><strong>Ia)</strong></span> <span class='ocrx_word' id='word_1_880' title='bbox 767 5843 988 5909; x_wconf 76' lang='lat' dir='ltr'><strong>Scriptus</strong></span> <span class='ocrx_word' id='word_1_881' title='bbox 1015 5844 1104 5895; x_wconf 83' lang='lat' dir='ltr'><strong>sub</strong></span> <span class='ocrx_word' id='word_1_882' title='bbox 1130 5846 1278 5894; x_wconf 78' lang='lat' dir='ltr'><strong>linem</strong></span> <span class='ocrx_word' id='word_1_883' title='bbox 1302 5847 1416 5894; x_wconf 83' lang='lat' dir='ltr'><strong>anui</strong></span> <span class='ocrx_word' id='word_1_884' title='bbox 1445 5846 1554 5895; x_wconf 56' lang='lat'><strong>4.3.</strong></span> 
     </span>
    </p>
   </div>
   <div class='ocr_carea' id='block_1_109' title="bbox 2032 5780 3877 5849">
    <p class='ocr_par' dir='ltr' id='par_1_109' title="bbox 2032 5780 3877 5849">
     <span class='ocr_line' id='line_1_113' title="bbox 2032 5780 3877 5849; baseline -0.003 -17"><span class='ocrx_word' id='word_1_885' title='bbox 2032 5780 2276 5835; x_wconf 78' lang='lat' dir='ltr'><strong>ominibus</strong></span> <span class='ocrx_word' id='word_1_886' title='bbox 2297 5792 2388 5836; x_wconf 88' lang='lat' dir='ltr'><strong>tam</strong></span> <span class='ocrx_word' id='word_1_887' title='bbox 2402 5780 2640 5849; x_wconf 50' lang='lat' dir='ltr'><strong>perfectae</strong></span> <span class='ocrx_word' id='word_1_888' title='bbox 2654 5780 2860 5848; x_wconf 73' lang='lat' dir='ltr'><strong>justitiaa</strong></span> <span class='ocrx_word' id='word_1_889' title='bbox 2881 5784 3165 5845; x_wconf 61' lang='lat' dir='ltr'><strong>exemplum</strong></span> <span class='ocrx_word' id='word_1_890' title='bbox 3186 5789 3386 5831; x_wconf 77' lang='lat' dir='ltr'><strong>exstare</strong></span> <span class='ocrx_word' id='word_1_891' title='bbox 3405 5780 3877 5842; x_wconf 72' lang='lat' dir='ltr'><strong>:hancAugustiuua</strong></span> 
     </span>
    </p>
   </div>
  </div>
