4202 6532
299 359 400 419 ποι

1736 338 1935 408 Lmen
1977 351 2170 411 unus.

3492 349 3599 416 ΞΜ

302 479 611 531 occasionem
633 478 800 543 arripit
815 474 1088 547 disputandi
1110 482 1275 547 contra
1299 476 1579 547 Pelagianos
1600 474 1664 523 de
1686 469 2121 547 adjuvit-tegmine
2152 470 2255 547 Dei,
2288 471 2727 547 ostenditquepon
2745 470 2807 547 in.
2832 484 2894 521 eo
2925 484 3014 547 nos
3044 471 3141 547 divi
3163 473 3272 547 itus
3301 475 3511 547 adjuvari
3538 480 3598 527 ad

304 542 601 609 operandam
620 532 872 606 ιυειῖιίωιι.
892 532 1021 605 'quod
1040 539 1205 609 legor
1229 546 1355 609 Deus
1377 532 1512 609 dedit
1533 532 2180 609 r‘etlatn.l*°ni8...safne§%aue
2206 534 2494 609 areanis;
2520 532 2621 583 ἐθά
2644 534 2778 609 seed.
2796 535 2899 609 ipsa
2922 532 3143 609 ιεοιιιιιιαε
3165 532 3477 609 rostri-liene
3503 553 3598 601 qua

302 596 495 667 operari
519 596 699 653 bonum
720 618 817 654 non
841 596 1119 670 possumus,
1131 602 1464 670 adjuveturet
1483 596 1697 670 erigatur
1721 597 1967 670 impertita
1984 596 2159 670 spiritu
2180 596 2366 670 gratim,
2382 596 2508 670 sine
2533 609 2630 659 quo
2652 596 2890 670 adjutorio
2924 596 3142 670 doctrina
3175 596 3301 661 legis
3338 596 3500 670 littera
3522 596 3601 651 est

303 665 549 729 evidens.
574 668 688 729 quia
710 678 825 729 reos

844 655 1005 738 iam
1027 655 1432 738 ιξιςέενεέίωιίοιιιε
1452 655 2064 738 transnavimus}.
2084 655 2429 738 ieris-.1999
2442 655 3373 738 ἒᾎὲςρρρεῧὲιξξέιιξξθξξὲεηὲηξιηξιιξξξφ
3401 659 3602 738 altera

304 728 471 792 incipit
495 718 548 776 in
570 718 740 790 p'rincij
755 728 801 777 io
823 718 949 786 libri,
976 718 1175 792 rediens
1197 725 1375 773 iterum
1398 718 1895 792 m_ﬁne,déuionstq2t
1917 718 2202 792 multaeSSe
2224 721 2422 792 peritiae
2438 718 2676 792 didi—lente

2953 732 3064 770 cum
3080 723 3163 771 Dei
3179 720 3375 786 auitiiio,
3392 735 3599 786 quorum

305 733 471 792 incipit
495 733 545 776 in
570 733 740 790 princij
755 733 801 777 io
823 733 949 786 libri,
976 733 1175 776 rediens
1197 733 1375 773 iterum
1398 733 1447 774 in
1468 733 1584 794 une,
1600 733 1895 787 uenionsu'at
1917 733 2069 769 multa
2088 733 2202 768 esse
2224 733 2422 793 nonnae
2438 733 2676 787 atmtente
2692 733 2939 819 possimus
2953 733 3064 770 cum
3080 733 3163 771 Det
3179 733 3375 796 austuo,
3392 735 3599 797 quor-tun

305 788 492 839 nullum
514 803 716 853 usquam
739 795 906 853 exstet
929 785 1211 850 exemplum
1235 798 1247 835 :
1274 792 1423 849 atque
1443 786 1510 835 ita
1527 796 1635 834 sute
1659 772 1891 844 exemplo
1909 793 2022 832 esse
2036 780 2087 829 ιιι
2109 781 2384 832 hominibus
2403 782 2671 846 perfectam
2713 789 2943 845 usuttam,
2969 788 3021 834 et
3053 789 3219 835 tamen
3251 784 3600 844 impossibiletn

305 864 403 901 non
427 864 541 902 esse
562 851 823 904 concludit.

379 978 606 1036 CAPUT
645 976 932 1035 PRIMUM.
966 1007 1035 1019 —
1068 975 1120 1033 l.
1148 970 1360 1031 Occasio
1381 966 1632 1029 scribendi
1659 971 1810 1042 lmjus
1836 960 1901 1026 li-

310 1074 408 1129 bri.
455 1072 661 1143 Aliquid
687 1089 832 1144 posse
866 1072 975 1142 fieri
1000 1113 1017 1140 ,
1053 1071 1249 1126 tametsi
1293 1072 1484 1143 factum
1521 1064 1587 1123 sit
1614 1083 1890 1137 nunquam.

310 1165 488 1220 Lectis
517 1164 809 1234 epuseulis,
839 1179 959 1235 qua:
989 1161 1055 1218 ad
1087 1172 1139 1219 te
1163 1177 1333 1234 nuper
1356 1160 1646 1227 elaboravi,
1678 1150 1751 1215 liii
1774 1158 1902 1215 cha-

311 1257 523 1311 rissime
562 1255 888 1323 Marcelline,
925 1254 994 1310 de
1032 1254 1304 1324 Baptismo
1347 1252 1724 1324 parvulorum,
1760 1251 1903 1307 etde

312 1347 637 1417 perfectione
659 1330 882 1418 justitire
913 1346 1144 1402 hominis
1165 1387 1180 1412 ,
1208 1343 1349 1416 quod
1378 1359 1495 1400 eam
1527 1359 1684 1399 nemo
1710 1343 1762 1397 iu
1802 1341 1904 1398 hac

310 1443 418 1495 vita
447 1440 531 1496 vel
562 1449 838 1495 assecutus
856 1482 871 1506 ,
900 1440 986 1495 Vel
1023 1434 1363 1495 assecuturus
1389 1432 1650 1503 videatur,
1668 1438 1904 1507 excepto

315 1549 421 1588 uno
448 1528 758 1599 Mediawre,
786 1533 875 1604 qui
906 1532 1134 1588 humana
1160 1547 1444 1604 perpessus
1470 1540 1552 1588 est
1578 1526 1631 1586 in
1656 1532 1904 1587 similitu-

311 1627 437 1681 dine
462 1626 638 1681 carnis
678 1626 912 1695 peccati,
942 1626 1058 1680 sine
1093 1624 1202 1680 ullo
1245 1622 1466 1680 omnino
1512 1630 1730 1694 peccato
1763 1641 1777 1677 :
1812 1639 1902 1680 re-

312 1716 572 1786 scripsisti
611 1723 662 1770 te
705 1715 908 1771 moveri
947 1728 1030 1781 eo,
1057 1715 1199 1786 quod
1240 1713 1294 1769 in
1340 1713 1636 1786 pesteriore
1677 1713 1904 1769 duorum

312 1810 451 1865 libro
480 1808 498 1841 ¹
529 1808 641 1863 ﬁeri
669 1822 828 1879 posse
856 1807 965 1862 dixi
986 1847 1000 1872 ,
1045 1817 1102 1861 ut
1130 1807 1199 1863 sit
1223 1805 1387 1863 homo
1415 1806 1534 1862 sine
1563 1815 1782 1877 peccato
1802 1845 1818 1871 ,
1859 1806 1904 1860 si

311 1904 557 1959 voluntas
578 1902 696 1973 ejus
722 1916 827 1956 non
853 1901 991 1956 desit
1013 1902 1035 1933 '
1065 1916 1167 1972 ope
1196 1892 1479 1972 adjuvante
1500 1899 1710 1965 divina,
1740 1907 1795 1954 et
1825 1909 1905 1953 ta-

314 2006 439 2049 men
499 2002 694 2065 praeter
740 2001 904 2049 unum
958 1992 1011 2047 in
1060 2000 1167 2065 quo
1212 2007 1400 2048 omnes
1452 1980 1908 2047 viviﬁcabuntur“

314 2086 359 2158 (l
387 2085 508 2141 Cor.
537 2101 629 2151 xv,
655 2083 784 2159 22),
827 2086 1095 2141 neminem
1123 2083 1289 2141 fuisse
1315 2083 1401 2141 vel
1441 2086 1559 2142 fore
1597 2083 1653 2140 in
1679 2100 1785 2156 quo
1822 2084 1909 2141 llic

314 2179 527 2233 vivente
552 2186 696 2233 esset
725 2178 825 2234 iSta
851 2177 1130 2249 perfectio.
1159 2178 1464 2234 Absurdum
1487 2178 1629 2234 enim
1652 2178 1745 2233 tibi
1769 2178 1911 2233 vide-

314 2279 401 2324 tur
426 2270 551 2335 dici,
593 2269 791 2341 aliquid
823 2269 935 2326 ﬁeri
979 2284 1140 2342 posse
1179 2270 1332 2342 cujus
1372 2270 1513 2327 desit
1556 2272 1864 2343 exemplum
1890 2314 1906 2338 ,

312 2374 474 2427 cum,
517 2361 653 2418 sicut
693 2363 890 2429 credo,
922 2378 1040 2419 non
1084 2362 1326 2430 dubites,
1372 2380 1640 2435 nunquam
1679 2380 1801 2421 esse
1831 2351 1910 2420 ia-

313 2462 459 2510 ctum
493 2464 551 2510 ut
577 2470 675 2527 per
716 2455 958 2513 foramen
1001 2471 1131 2513 acus
1166 2458 1403 2513 camelus
1434 2458 1705 2526 transiret,
1734 2462 1788 2512 et
1829 2466 1911 2512 ta-

316 2562 441 2601 men
469 2547 559 2602 ille
589 2546 692 2604 hoc
720 2563 934 2619 quoque
958 2547 1092 2604 dixit
1122 2548 1231 2605 Deo
1257 2564 1379 2605 esse
1411 2549 1663 2619 possibile
1689 2535 1909 2620 (Matth.

316 2650 414 2693 ιιι
434 2680 449 2704 ,
474 2637 546 2693 24
569 2680 585 2706 ,
606 2637 702 2712 26)
736 2657 752 2694 :
782 2639 929 2712 legas
957 2641 1117 2696 etiam
1155 2639 1438 2698 duodecim
1483 2640 1651 2696 millia
1677 2640 1699 2673 δ
1744 2641 1911 2713 legio-

316 2746 417 2787 nes
443 2733 769 2804 Angelorum
800 2749 898 2806 pro
926 2735 1143 2791 Christo
1167 2776 1183 2802 ,
1229 2750 1298 2791 ne
1325 2743 1597 2806 pateretur
1618 2775 1633 2802 ,
1678 2750 1915 2807 pugnare

317 2825 557 2895 potuisse
604 2824 714 2898 (Id.
760 2843 925 2896 sxw,
957 2828 1048 2901 55)
1074 2871 1092 2897 ,
1133 2844 1234 2886 nec
1272 2830 1450 2884 tamen
1496 2827 1693 2885 factum
1724 2848 1739 2886 :
1769 2828 1915 2902 legas

318 2916 437 2973 ﬁeri
492 2920 730 2989 potuisse
774 2928 832 2975 ut
881 2919 1048 2975 semel
1105 2923 1293 2991 gentes
1346 2903 1830 2976 etterminarentur
1879 2935 1914 2977 a

318 3016 462 3065 terra
492 3026 610 3081 qute
634 3010 859 3067 dabatur
885 3010 1008 3067 ﬁliis
1031 3010 1195 3068 Israel
1219 3010 1392 3084 (Deut.
1417 3016 1551 3068 xxxi
1572 3056 1587 3081 ,
1625 3014 1721 3086 '5),
1748 3014 1914 3069 Deum

320 3109 499 3157 tamen
529 3103 782 3172 paulatim
831 3102 946 3158 ﬁeri
978 3102 1210 3159 voluisse
1237 3101 1440 3176 (ludia.
1474 3120 1546 3173 ιι,
1588 3104 1647 3175 ὅ)
1682 3123 1695 3160 :
1729 3112 1785 3161 et
1810 3105 1915 3161 alia

322 3204 574 3251 sexcenta
600 3204 829 3268 possunt
859 3202 1167 3264 occurrere,
1210 3213 1328 3268 qu;e
1355 3196 1493 3265 ﬁeri,
1528 3196 1611 3253 vel
1644 3199 1913 3269 potuisse,

319 3287 407 3343 vel
447 3303 606 3359 posse
634 3287 930 3353 fateamur,
979 3298 1033 3346 'et
1071 3306 1256 3347 eorum
1286 3299 1466 3347 tamen
1500 3292 1743 3363 exempla
1770 3286 1915 3365 quod

321 3377 457 3434 facta
484 3380 591 3434 sint
614 3378 858 3451 proferre
876 3389 1225 3453 nequeamus.
1252 3380 1408 3438 Unde
1434 3397 1539 3437 non
1568 3382 1688 3440 ideo
1718 3398 1915 3456 negare

321 3468 580 3525 debemus
602 3512 618 3538 ,
651 3469 765 3527 ﬁeri
807 3482 963 3542 posse
985 3482 1043 3527 ut
1069 3472 1234 3529 homo
1258 3474 1377 3530 sine
1405 3483 1626 3545 peccato
1651 3468 1758 3542 sit,
1790 3476 1915 3547 quia

323 3564 502 3618 nullus
532 3572 614 3619 est
652 3563 924 3620 hominum
947 3607 964 3634 ,
1009 3574 1206 3637 praeter
1251 3566 1400 3621 illum
1428 3565 1517 3637 qui
1561 3570 1669 3622 non
1706 3569 1912 3623 tantum

324 3652 507 3722 homo,
528 3653 623 3711 sed
650 3656 809 3710 etiam
839 3664 1027 3712 natura
1054 3657 1195 3712 Deus
1223 3663 1327 3724 est,
1360 3655 1413 3711 in
1444 3658 1550 3728 quo
1580 3650 1633 3713 id
1661 3658 1782 3715 esse
1804 3674 1916 3730 per-

322 3744 521 3802 fectum
549 3746 920 3804 demonstrare
946 3748 1233 3818 possimus.

394 3837 623 3896 CAPUT
660 3838 727 3895 ll.
752 3869 822 3880 —
844 3838 900 3894 2.
936 3840 1100 3896 Error
1123 3845 1297 3896 ebru‘m
1332 3826 1422 3913 qui
1449 3840 1624 3897 dicunt
1646 3840 1809 3899 vivere
1833 3844 1915 3899 hic

323 3931 576 3987 hominem
602 3933 711 3987 sine
733 3941 956 4005 peccato,
989 3933 1154 3988 minus
1177 3934 1508 4005 perniciosus.
1534 3933 1696 3991 Error
1719 3954 1914 4008 negan-

324 4023 449 4076 tium
475 4024 694 4094 gratiam
720 4025 1053 4080 necessariam
1074 4027 1276 4098 gravior
1303 4036 1350 4081 et
1378 4028 1621 4083 acerrime
1643 4033 1915 4094 confutan-

325 4113 444 4167 dus.
471 4112 570 4170 llic
593 4113 823 4171 fortasse
844 4116 1188 4188 respondeas,
1217 4118 1317 4172 ista
1343 4133 1464 4189 quae
1496 4122 1915 4175 commemoravi

324 4204 463 4260 facta
501 4221 607 4263 non
645 4221 766 4263 esse
807 4214 862 4263 et
887 4207 1002 4264 ﬁeri
1041 4209 1301 4279 potuisse,
1329 4225 1493 4282 opera
1536 4226 1657 4267 esse
1693 4211 1913 4279 divina;

323 4308 385 4351 ut
404 4308 580 4354 autem
606 4301 677 4355 sit
698 4301 859 4357 homo
884 4302 1002 4358 sine
1022 4312 1264 4373 peccato,
1296 4302 1362 4359 ad
1384 4319 1518 4375 opus
1544 4304 1713 4375 ipsius
1738 4293 1915 4360 homi-

322 4390 409 4446 nis
436 4394 745 4461 pertinere,
791 4392 953 4464 idque
998 4408 1134 4465 opus
1180 4409 1301 4451 esse
1335 4396 1632 4465 optimum,
1676 4410 1783 4467 quo
1826 4397 1919 4452 liat

322 4482 483 4553 plena
505 4492 560 4539 et
589 4483 821 4555 perlecta
856 4493 910 4542 et
938 4501 1005 4541 ex
1045 4486 1192 4541 omni
1236 4497 1454 4557 prorsus
1495 4495 1645 4558 parte
1672 4487 1917 4545 absoluta

318 4572 526 4644 iustitia
560 4593 575 4632 :
606 4585 664 4633 et
694 4576 816 4634 ideo
841 4588 948 4634 non
975 4593 1097 4635 esse
1122 4578 1450 4635 erodendum'
1474 4620 1490 4647 ,
1531 4573 1803 4637 neminem
1834 4580 1918 4637 vel

2013 971 2196 1038 fuisse,
2226 971 2310 1028 vel
2335 987 2476 1039 esse,
2506 973 2588 1029 vel
2620 964 2733 1030 fore
2764 974 2819 1029 in
2843 974 2942 1031 bac
2967 975 3073 1031 vita
3094 976 3185 1048 qui
3213 962 3315 1033 boe
3339 992 3474 1049 opus
3502 964 3604 1034 im-

2014 1065 2256 1135 pleverit,
2294 1066 2337 1120 si
2376 1066 2444 1122 ab
2485 1053 2700 1123 bomine
2739 1056 2946 1139 impleri
2995 1080 3187 1139 potest.
3222 1070 3330 1126 Sed
3369 1073 3604 1142 cogitare

2013 1155 2199 1224 debes,
2231 1160 2474 1228 quamvis
2507 1156 2576 1216 ad
2604 1160 2872 1215 hominem
2908 1161 2959 1216 id
2985 1177 3144 1233 agere
3171 1164 3429 1234 pertineat
3453 1206 3469 1232 ,
3498 1163 3602 1219 hoc

2012 1265 2224 1321 quoque
2246 1268 2439 1307 munus
2460 1260 2581 1308 esse‘
2605 1251 2865 1318 divinum,
2897 1249 3057 1325 atque
3083 1242 3204 1312 ideo
3229 1270 3336 1311 non
3358 1256 3605 1313 dubitare

2015 1356 2148 1410 opus
2177 1357 2299 1398 esse
2334 1342 2593 1398 divinum.
2623 1342 2759 1399 Deus
2787 1354 2859 1399 est
2883 1346 3016 1400 enim
3043 1347 3132 1418 qui
3165 1357 3407 1417 operatur
3432 1331 3485 1402 in
3514 1354 3602 1403 vo-

2014 1430 2107 1499 bis,
2136 1432 2214 1487 ait
2238 1434 2545 1504 Apostolus,
2575 1446 2621 1490 et
2651 1434 2775 1491 velle
2797 1444 2845 1492 et
2871 1437 3104 1509 operari,
3138 1454 3231 1509 pro
3269 1439 3399 1494 bona
3425 1441 3605 1495 volun-

2013 1533 2113 1579 tate
2135 1522 2391 1599 (Philipp.
2418 1543 2476 1596 tl,
2510 1525 2621 1601 15).
2972 1576 2975 1579 .

2087 1618 2141 1673 5.
2174 1618 2404 1675 Proinde
2433 1636 2539 1676 non
2569 1621 2793 1676 multant
2823 1622 3033 1680 molesti
3055 1632 3200 1692 sunt,
3226 1633 3280 1681 et
3300 1625 3603 1691 instandum

2017 1717 2100 1764 est
2129 1709 2230 1777 eis,
2262 1719 2319 1766 ut
2346 1710 2392 1766 si
2428 1722 2671 1781 possunt,
2701 1714 2984 1770 Ostendam
3010 1708 3082 1770 ita
3115 1730 3236 1772 esse
3256 1757 3272 1784 ,
3305 1717 3397 1788 qui
3423 1718 3607 1774 dicunt

2022 1801 2202 1856 vivere
2231 1802 2318 1857 hic
2349 1803 2366 1835 ¹
2398 1801 2670 1860 hominem
2691 1846 2705 1871 ,
2739 1806 2853 1862 sive
2882 1794 3077 1863 vixisse
3104 1809 3222 1864 sine
3253 1810 3360 1864 ullo
3386 1811 3608 1866 omnino

2020 1904 2256 1964 peccato.
2283 1892 2414 1951 Nam
2440 1892 2483 1951 si
2513 1884 2813 1955 testimonia
2839 1900 3258 1972 Scripturarum,
3284 1905 3477 1976 quibus
3497 1907 3609 1962 exi-

2020 1986 2179 2042 stimo
2219 1980 2496 2045 deﬁnitum
2528 2031 2542 2054 ,
2592 1991 2793 2046 nullum
2842 1993 3115 2048 hominem
3162 1993 3250 2050 hic
3299 1995 3606 2061 viventem,

2018 2080 2261 2148 quamvis
2289 2080 2466 2136 utatur
2492 2082 2661 2139 libero
2687 2084 2929 2153 arbitrio,
2963 2086 3192 2142 inveniri
3216 2086 3335 2144 sine
3365 2097 3608 2159 peccato,

2019 2172 2174 2226 sieuti
2201 2174 2322 2237 est,
2359 2173 2441 2228 Ne
2467 2175 2620 2230 intres
2653 2175 2704 2229 in
2724 2177 2981 2247 judicium
3019 2194 3135 2233 cum
3164 2195 3303 2234 servo
3330 2188 3415 2234 tuo
3436 2221 3452 2246 ,
3495 2197 3611 2251 quo-

2024 2264 2162 2317 niam
2187 2282 2287 2319 non
2314 2267 2684 2337 justiﬁcabitur
2721 2254 2774 2325 in
2811 2280 3082 2341 conspectu
3112 2281 3199 2326 tuo
3236 2274 3401 2328 omnis
3440 2275 3609 2329 vivens

2021 2348 2190 2429 (Psal.
2219 2372 2357 2412 cxeu
2376 2399 2390 2425 ,
2422 2358 2504 2426 Et),
2528 2366 2581 2415 et
2601 2370 2793 2416 Caetera
2821 2361 2945 2416 talia
2969 2362 3251 2433 quisquam
3277 2362 3475 2420 docere
3505 2380 3607 2434 po-

2021 2449 2181 2505 tuerit
2198 2450 2353 2505 aliter
2373 2450 2681 2521 accipienda
2707 2468 2864 2523 quam
2888 2464 3102 2533 sonant,
3129 2463 3185 2533 et
3205 2455 3612 2513 demonstrave-

2020 2536 2091 2596 rit
2118 2542 2350 2612 aliquem
2376 2543 2459 2599 Vel
2489 2542 2694 2616 aliquos
2725 2546 2843 2602 sine
2874 2535 2981 2601 ullo
3009 2530 3095 2602 bie
3120 2530 3319 2605 vixisse
3349 2558 3571 2620 peccato
3596 2568 3611 2616 ε

2019 2633 2109 2703 qui
2150 2636 2259 2688 non
2286 2633 2354 2700 ei,
2400 2650 2507 2690 non
2542 2637 2712 2692 solum
2759 2638 2980 2695 minime
3023 2638 3374 2708 adversatus,
3427 2657 3611 2698 verum

2020 2724 2180 2779 etiam
2210 2724 2498 2794 plurimum
2535 2726 2830 2798 gratulatus
2862 2728 3051 2797 fuerit,
3093 2745 3200 2785 non
3243 2731 3617 2789 mediocribus

2022 2813 2332 2873 invidentiae
2358 2818 2591 2874 stimulis
2615 2820 2863 2890 agitatur.
2893 2820 3030 2889 Quin
3058 2822 3222 2878 etiam
3250 2823 3297 2879 si
3324 2841 3483 2882 nemo
3508 2836 3610 2892 est,

2020 2915 2111 2963 aut
2141 2907 2259 2976 luit,
2284 2919 2377 2965 aut
2402 2911 2525 2975 erit,
2550 2911 2695 2982 quod
2718 2913 2886 2984 magis
2905 2914 3088 2984 credo,
3113 2917 3204 2972 tali
3229 2919 3463 2991 puritate
3493 2936 3615 2992 per-

2020 2998 2214 3067 fectus,
2242 3010 2297 3059 et
2326 3013 2500 3059 tamen
2528 3019 2669 3071 esse,
2697 3014 2790 3062 ant
2817 3005 3005 3076 fuisse,
3047 3018 3139 3065 aut
3166 3009 3282 3068 fore
3310 3010 3616 3070 defenditur

2021 3100 2077 3149 et
2100 3102 2338 3164 putatur,
2366 3107 2620 3168 quantum
2649 3112 2750 3170 ego
2773 3090 3018 3169 judicare
3055 3115 3297 3172 possum,
3335 3120 3444 3161 non
3472 3108 3615 3163 mul-

2022 3193 2138 3244 tum
2165 3198 2404 3257 erratur,
2438 3205 2536 3246 nec
2566 3191 2867 3262 perniciose
2889 3234 2906 3261 ,
2952 3208 3074 3250 cum
3116 3194 3348 3266 quadam
3391 3198 3619 3271 quisque

2022 3279 2393 3337 benevolentia
2439 3281 2637 3337 fallitur
2670 3302 2684 3338 :
2715 3283 2760 3339 si
2806 3292 2983 3340 tamen
3025 3286 3116 3356 qui
3161 3286 3263 3344 hoc
3311 3299 3500 3359 putat,
3558 3306 3618 3346 se

2022 3373 2197 3444 ipsum
2225 3375 2384 3431 talem
2407 3390 2527 3432 esse
2551 3391 2658 3432 non
2689 3370 2859 3448 putet,
2884 3362 2987 3434 nisi
3013 3386 3200 3435 revera
3219 3395 3283 3436 ac
3302 3381 3512 3453 liquido
3540 3392 3619 3439 ta-

2022 3457 2127 3522 lem
2154 3474 2213 3523 se
2242 3482 2363 3523 esse
2394 3469 2745 3539 perspexerit.

2095 3554 2149 3614 4.
2182 3558 2288 3615 Sed
2319 3560 2424 3614 illis
2461 3561 2724 3619 acerrime
2762 3577 2825 3618 ae
2852 3564 3325 3622 vehementissime
3364 3568 3617 3624 resistens

2023 3646 2150 3706 dum
2192 3661 2273 3707 est
2300 3695 2314 3718 ,
2345 3652 2433 3725 qui
2466 3662 2651 3723 putant
2676 3654 2792 3710 sine
2820 3654 3083 3726 adjutorio
3119 3657 3213 3713 Dei
3242 3673 3338 3731 per
3361 3673 3421 3716 se
3447 3660 3616 3731 ipsani

2025 3745 2130 3800 vim
2158 3745 2448 3802 voluntatis
2483 3745 2729 3802 humana:
2758 3747 2841 3804 vel
2864 3748 3125 3818 justitiam
3147 3764 3306 3821 posse
3333 3751 3614 3823 perﬁcere,

2025 3839 2110 3895 vel
2133 3836 2201 3894 ad
2226 3854 2343 3895 eam
2367 3839 2599 3896 tenendo
2621 3840 2883 3912 prolicere
2911 3859 2926 3898 :
2958 3851 3012 3899 et
3039 3858 3164 3901 eum
3183 3846 3206 3878 '
3232 3848 3410 3918 urgeri
3435 3861 3618 3919 caepe-

2023 3932 2150 4000 rint,
2178 3933 2448 4004 quomodo
2478 3932 2532 3989 id
2573 3944 2901 4003 praisumant
2928 3950 3172 3993 asserere
3212 3936 3330 3993 ﬁeri
3358 3940 3476 3996 sine
3512 3954 3616 4011 opu

2024 4024 2224 4093 divina,
2253 4025 2552 4097 reprimunt
2590 4040 2650 4081 se
2673 4066 2690 4094 ,
2732 4041 2833 4083 nec
2858 4026 2996 4083 bane
3025 4043 3215 4086 vocem
3238 4029 3436 4089 audent
3461 4032 3619 4089 emit-

2025 4123 2158 4183 tere,
2183 4117 2433 4188 quoniam
2462 4106 2643 4173 vident
2671 4134 2829 4190 quam
2850 4119 2920 4174 sit
2946 4104 3131 4190 impia,
3155 4131 3210 4178 et
3235 4137 3346 4180 non
3372 4120 3616 4180 ferenda.

2021 4207 2131 4265 Sed
2152 4209 2320 4275 aiunt,
2350 4198 2471 4269 ideo
2497 4211 2597 4265 ista
2622 4196 2738 4267 sine
2766 4226 2868 4282 ope
2896 4196 3072 4268 divina
3102 4228 3206 4269 non
3237 4213 3373 4283 ﬁeri,
3411 4217 3534 4288 quia
3563 4227 3621 4273 et

2025 4302 2297 4359 hominem
2326 4287 2471 4358 Deus
2509 4303 2714 4359 creavit
2757 4317 2877 4359 eum
2926 4304 3097 4360 libero
3147 4287 3445 4363 voluntatis
3470 4310 3620 4365 arbia-

2025 4395 2147 4461 trio,
2191 4398 2246 4451 et
2283 4394 2461 4451 dando
2498 4405 2763 4467 praecepta
2806 4398 2922 4467 ipse
2969 4398 3125 4454 docet
3166 4401 3617 4471 quemadmodum

2025 4488 2229 4544 homini
2255 4487 2324 4544 sit
2355 4487 2678 4556 vivendum;
2711 4499 2767 4546 et
2791 4489 2844 4545 in
2887 4506 2953 4547 eo
2979 4492 3163 4564 utique
3186 4494 3435 4566 adjuvat,
3475 4500 3620 4569 quod

2025 4578 2270 4636 docendo
2295 4578 2472 4636 aufert
2495 4580 2877 4652 ignorantiam,
2916 4592 2974 4638 ut
3001 4584 3135 4639 sciat
3162 4584 3326 4642 homo
3350 4587 3406 4643 in
3441 4591 3623 4661 operi-

1532 4753 1817 4798 Αυιιοκιτιο
1843 4755 1923 4795 rr.
1948 4749 2432 4799 ιειιιειιιατιιιοιιιςιι.

388 4876 451 4954 td
475 4876 803 4954 φειιιτξειωξιξξι
827 4875 1002 4954 lien!"
1020 4877 1094 4954 sle.
1107 4878 1357 4954 δρίξξξυει
1378 4875 2229 4954 P‘E’Fi‘flllisidif’fllimﬁliam?!“
2253 4879 2444 4954 φάίοςε
2465 4882 2775 4954 manuscript!
2794 4870 3030 4954 αιιίίιτιιῑεν
3054 4890 3108 4933 ει
3129 4886 3355 4954 vndecim
3375 4887 3619 4954 Gallicani.

323 4939 513 5011 scilicet
531 4938 711 5011 cedes
731 4938 1247 5011 illustrissimi_do_mini
1278 4938 1343 4988 de
1374 4945 1420 5011 ξ.
1455 4945 1698 5011 Georges,
1748 4938 2104 5011 archiepiswpi
2147 4940 2441 5011 Turonensis
2486 4943 2524 5011 a'_
2568 4938 3027 5011 rege'designati,'
3067 4947 3224 5011 codex

3293 4955 3579 5018 βοτιιοιιὶοιις
3598 4996 3613 5018 .

325 5000 482 5051 codex
518 5000 943 5063 Augustineusium
971 5001 1166 5050 ma'oris
1195 5007 1467 5051 conventus
1506 5000 1787 5050 Parisiensis
1805 5034 1822 5061 ,
1864 5000 2020 5051 codex
2058 5000 2471 5055 'Dominicanorum
2512 5000 2656 5055 item'
2678 5000 3015 5057 Parisieﬁsium
3061 5009 3137 5057 via
3180 5000 3621 5078 Jacobaia,'—etvxié§

326 5062 653 5112 modunensis
682 5061 937 5113 Ecclesiae.
973 5017 1130 5113 codex
1164 5063 1379 5113 Abbatize
1419 5063 1671 5112 Bemeusis
1718 5068 1763 5110 s.
1830 5064 2062 5113 ttemiaii.
2128 5067 2248 5113 item
2308 5068 2514 5113 abbatim
2559 5077 2603 5113 s.
2673 5070 2959 5113 sziranni.
3001 5078 3209 5113 nhhnlim
3273 5080 3580 5113 ρωιιαιοηρεε

326 5061 653 5126 μιιιόιιιιειιέἰε
682 5061 904 5126 Ecclesia:
921 5100 937 5126 ,

1067 5075 1130 5140 9.x
1164 5063 1379 5140 θυδξιίεε
1412 5063 1782 5140 asserem;
1830 5064 2062 5140 neseiat:
2123 5067 2248 5140 ιιθιιι
2308 5068 2514 5140 amem
2559 5077 2603 5117 δ.
2673 5070 2925 5140 ονείτοωιί
3000 5078 3210 5129 annuae
3241 5063 3618 5140 mseras:

322 5124 621 5197 abbatic__s.
667 5122 930 5197 ⁷
955 5125 1024 5197 de
1069 5131 1227 5175 Monte
1247 5193 1255 5197 Α
1272 5125 1323 5174 in
1370 5123 1611 5197 periculo.
1633 5124 1822 5197 maris,
1859 5122 2067 5177 abbatis!
2114 5129 2377 5197 peccensis
2420 5129 2619 5197 demum
2637 5165 2653 5189 ,
2703 5122 2766 5182 at
2810 5122 3147 5192 Matella—ags.-
3150 5122 3393 5195 "Recito-n-
3400 5122 3625 5197 13E};

328 5191 419 5266 tes
436 5185 700 5266 Lectiones
737 5187 1115 5239 Lovanlensium
1150 5193 1309 5238 erutae
1352 5184 1415 5239 ex
1481 5184 1687 5250 Belgicis
1719 5185 1875 5235 tribus
1927 5189 2325 5253 exemplaribus;
2379 5197 2434 5242 et
2474 5184 2690 5256 antiquae
2742 5198 2910 5259 cperis
2928 5184 3379 5266 'n‘dj'iﬁdiiicﬁé;
3406 5184 3621 5257 ΑΕἮ.

329 5253 514 5299 θεων.

404 5380 917 5463 Comparavimus
944 5364 1247 5461 prwtcrea
1281 5396 1380 5439 eas
1410 5395 1618 5440 omnes
1646 5378 1951 5443 editiones
1981 5381 2168 5446 initio
2202 5386 2375 5449 Retr;
2395 5394 2453 5449 et
2467 5388 2785 5469 Confess.,
2814 5398 2861 5454 t.
2894 5386 2953 5469 1,
2982 5408 3373 5461 memoratas.
3448 5401 3538 5463 M.

389 5557 412 5623 ξ
427 5554 964 5623 aliquovmapuscripti,
981 5552 1193 5623 duorum
1211 5551 1459 5605 librarian.

389 5609 1211 5688 ξιρίηείροιωμφείθιρηάεείι-
1411 5676 1467 5688 ..

392 5676 558 5750 fit-es
575 5678 811 5750 vaticanis
832 5686 960 5739 Mss,
982 5676 1035 5750 in
1057 5690 1152 5750 quo
1171 5689 1333 5750 omnes
1374 5676 1689 5750 viviﬁcantur,

392 5740 414 5771 ⁸
436 5742 734 5803 Georgianus
765 5747 843 5789 lus.
888 5738 1122 5803 praeterit,
1149 5738 1304 5790 millia
1348 5752 1366 5790 :
1411 5738 1505 5803 nec
1528 5748 1604 5803 est
1629 5742 1677 5803 in
1700 5745 1918 5803 Evange-

333 5798 430 5859 lia:
459 5798 587 5853 (ιιιοᾶ
621 5809 785 5851 tamen
812 5798 1081 5851 sie'iterum
1104 5803 1221 5851 citat
1242 5802 1532 5863 Augustinus
1571 5802 1694 5850 in°ra
1713 5836 1727 5862 ,
1762 5798 1916 5910 mili.

333 5862 451 5910 7.\'ec
470 5870 609 5910 auter
631 5864 762 5910 hunc
782 5861 938 5910 locum
957 5861 1133 5910 legunt
1153 5861 1358 5910 Hilarius
1376 5865 1700 5910 Pictaviensis.
1729 5862 1774 5910 in
1798 5871 1882 5910 Psa
1901 5897 1916 5910 .

327 5862 451 5927 [Nec
470 5870 609 5914 aliter
631 5864 762 5912 hunc
782 5861 938 5912 locum
957 5861 1133 5925 legunt
1153 5861 1358 5914 Hilarius
1376 5865 1700 5924 Pictaviensis,
1717 5861 1774 5912 in
1798 5861 1920 5913 Psal.

616 5954 885 6013 ΡΑτιιοι..
931 5956 1064 6016 XLI
1080 5958 1123 6013 ι’
1138 6002 1152 6018 .

2024 5544 2230 5623 ἔξειμι
2253 5561 2269 5608 ;
2294 5548 2490 5623 in
2513 5550 2678 5623 δικ-ιιζ
2702 5553 2763 5615 6;
2788 5553 2874 5623 lib_.
2898 5554 2932 5606 6
2950 5557 3019 5608 de
3040 5560 3291 5622 Trinitate,
3316 5575 3368 5612 ιι.
3393 5557 3482 5623 42;
3508 5564 3625 5612 nee-

2026 5611 2630 5692 ESEEPE!’9.P€:§€E"I:§
2647 5611 2961 5692 satiasse“
2984 5611 3186 5685 οοιιιίω.
3210 5611 3623 5689 esti-TUM:

2028 5669 2134 5723 haec
2152 5669 2335 5722 inelisa
2358 5669 2509 5727 habet
2528 5675 2630 5727 sola
2652 5678 2804 5729 editio
2821 5686 2908 5731 GC.

2094 5755 2110 5786 ¹
2135 5755 2270 5817 Editi,
2291 5756 2382 5808 sic.
2407 5763 2464 5807 Αι
2481 5764 2612 5819 διεδ..
2629 5757 2725 5811 hic.

2094 5839 2115 5869 ¹¹
2132 5838 2205 5888 sic
2217 5846 2326 5890 Mss.
2354 5849 2406 5893 At
2424 5842 2559 5905 editi,-
2580 5845 2672 5895 sed
2697 5851 2824 5895 canit.

3072 5916 3290 5999 ίειρισ)
