4202 6516
607 355 713 412 ξοδ

611 467 709 523 bus
743 465 854 520 suis
881 464 1004 536 quid
1033 464 1253 529 evitare,
1297 471 1349 518 cl
1389 463 1514 534 quid
1541 467 1792 533 appetere
1831 465 2054 530 debeat;
2083 480 2188 534 quo

610 574 704 630 per
733 558 960 614 liberum
988 557 1268 612 arbitrium
1297 555 1611 612 naturaliter
1641 549 1880 624 insitum,
1911 557 2047 612 viam
2094 557 2188 613 de-

609 658 956 703 monstratam
985 645 1321 717 ingrediens,
1359 647 1698 702 continenter
1732 655 1786 702 et
1828 647 1972 717 justo
2007 655 2062 702 et
2101 648 2188 717 pie

607 740 840 796 vivendo
874 739 939 794 ad
979 739 1187 796 beatam
1216 738 1564 809 eamdemque
1592 745 1842 794 :cternam
1873 739 2032 794 vitam
2063 753 2187 808 per-

609 834 790 888 venire
819 841 1103 888 mrrcatur.

677 925 902 981 CAPUT
941 923 1026 980 lli.
1061 955 1134 965 —
1169 925 1222 981 5.
1269 922 1446 979 Gratia
1471 940 1586 979 vera
1615 925 1801 980 donum
1831 925 2057 996 Spiritus
2077 942 2188 980 san-

607 1017 692 1080 cti,
721 1033 819 1086 quo
851 1017 907 1085 ﬁt
936 1017 987 1068 in
1015 1016 1185 1069 animo
1213 1013 1478 1070 delectatio
1505 1024 1548 1070 et
1575 1015 1774 1072 dilectio
1795 1016 1932 1070 boni.
1958 1016 2064 1070 Nos
2093 1031 2187 1090 an;

612 1115 712 1162 tem
737 1107 968 1163 dicimus
993 1109 1283 1162 humanam
1309 1108 1636 1164 voluntatem
1665 1110 1742 1164 sic
1766 1108 2017 1163 divinitus
2039 1107 2187 1178 adju-

603 1201 716 1256 vari
741 1200 806 1255 ad
841 1199 1137 1255 faciendam
1175 1199 1433 1270 justitiam
1459 1241 1474 1268 ,
1507 1209 1564 1254 ut
1589 1209 1782 1270 praeter
1806 1201 1946 1272 quod
1977 1193 2186 1259 creatus

610 1300 688 1347 est
714 1291 874 1348 homo
910 1307 1027 1347 cum
1059 1292 1228 1348 libero
1273 1293 1496 1348 arbitrio
1529 1293 1816 1349 voluntatis
1837 1337 1851 1360 ,
1884 1305 2186 1366 prteterque

607 1382 901 1437 doctrinam
941 1398 1042 1454 qua
1081 1385 1129 1438 ei
1173 1384 1474 1454 praecipitur
1509 1383 2186 1456 quemadtnodum.v-'iv'ere

609 1473 818 1542 debeat,
846 1475 1068 1544 accipiat
1095 1475 1349 1546 Spiritum
1378 1485 1640 1543 sanctum,
1671 1488 1775 1547 quo
1804 1477 1894 1532 fiat
1919 1478 1970 1532 in
2005 1477 2185 1534 animo

607 1565 723 1636 ejus
745 1566 1028 1622 delectatio
1055 1557 1376 1638 dilectioqu'e
1405 1568 1598 1623 summi
1624 1567 1765 1624 illius
1789 1578 1950 1640 atque
1983 1570 2184 1626 incuru-

607 1657 879 1712 mutabilis
909 1658 1031 1714 boni
1053 1657 1194 1729 quod
1222 1659 1359 1714 Deus
1380 1666 1481 1726 est,
1510 1661 1670 1715 etiam
1697 1676 1838 1716 nunc
1861 1677 1979 1716 cum
2009 1661 2186 1719 adhuc

607 1765 704 1819 per
728 1749 886 1804 ﬁdem
915 1749 1235 1814 ambulatur,
1261 1750 1494 1806 nondum
1529 1767 1624 1822 per
1642 1753 1874 1822 speciem
1897 1751 1964 1824 (ll
1989 1751 2105 1808 Cor.
2131 1770 2183 1822 v,

608 1841 710 1910 7):
743 1849 800 1895 ut
842 1841 942 1895 hac
987 1841 1084 1896 sibi
1131 1841 1278 1897 velut
1322 1843 1480 1897 arrha
1525 1843 1648 1899 data
1689 1845 1902 1916 gratuiti
1948 1848 2184 1903 muneris

605 1933 906 1988 inardescat
931 1933 1194 1990 inhaerere
1218 1935 1484 2004 Creatori,
1517 1943 1681 2007 atque
1711 1937 2070 1995 inﬂammetur
2097 1955 2186 1996 ac-

603 2024 796 2081 cedere
824 2023 890 2078 ad
921 2025 1380 2096 participationem
1427 2026 1568 2084 illius
1595 2028 1706 2083 veri
1738 2029 1985 2095 luminis;
2029 2038 2086 2086 ut
2119 2047 2181 2086 ex

605 2116 695 2171 illo
721 2117 768 2170 ei
801 2115 938 2172 bene
965 2117 1072 2182 sit,
1108 2131 1138 2170 a
1167 2131 1273 2186 quo
1303 2115 1468 2173 habet
1495 2127 1550 2172 ut
1571 2118 1657 2172 sit.
1687 2120 1817 2173 Nam
1858 2136 2028 2192 neque
2055 2122 2187 2178 libe—

603 2225 722 2264 rum
749 2209 1023 2264 arbitrium
1055 2209 1341 2279 quidquam
1370 2210 1470 2266 nisi
1501 2209 1566 2264 ad
1598 2211 1924 2280 peccandum
1951 2213 2112 2280 valet,
2139 2214 2186 2271 si

607 2301 768 2354 lateat
801 2299 1044 2354 veritatis
1079 2299 1161 2353 via
1189 2317 1202 2352 :
1233 2308 1288 2354 et
1315 2315 1434 2355 cum
1463 2300 1515 2355 id
1543 2301 1683 2372 quod
1712 2304 1972 2374 agendum
1998 2315 2051 2362 et
2080 2323 2187 2378 quo

605 2390 884 2446 nitendum
914 2399 996 2446 est
1021 2391 1246 2460 cmperit
1273 2405 1379 2445 non
1407 2391 1573 2448 latere
1593 2435 1608 2459 ,
1641 2394 1742 2448 nisi
1769 2397 1926 2450 etiam
1961 2396 2190 2452 delectet

609 2492 664 2537 et
687 2493 916 2550 ametur,
947 2497 1052 2538 non
1081 2484 1273 2554 agitur,
1303 2499 1409 2538 non
1433 2486 1736 2554 suscipitur,
1772 2504 1874 2543 non
1906 2489 2040 2546 bene
2064 2491 2188 2545 vivi-

606 2583 712 2628 tur.
752 2573 822 2630 Ut
847 2581 1022 2628 autem
1062 2574 1350 2645 diligatur,
1394 2574 1627 2631 charilas
1671 2577 1762 2632 Dei
1795 2578 2106 2636 diffunditur
2135 2585 2184 2636 in

607 2663 858 2722 cordibus
899 2665 1130 2734 nostris,
1179 2681 1284 2720 non
1319 2681 1412 2736 per
1445 2668 1731 2724 arbitrium
1775 2669 1999 2726 liberum
2044 2674 2188 2744 quod

607 2757 776 2828 surgit
803 2772 868 2812 ex
897 2758 1070 2824 nobis,
1103 2757 1195 2813 sed
1225 2773 1318 2827 per
1339 2758 1592 2830 Spiritum
1623 2770 1864 2818 sanctum
1897 2764 1990 2834 qui
2031 2765 2187 2822 datus

603 2857 682 2904 est
712 2850 866 2906 nobis
898 2849 1070 2923 (Rom.
1097 2867 1150 2918 v,
1185 2852 1264 2924 5).

674 2941 902 2999 CAPUT
945 2943 1188 3000 lV.——6.
1215 2945 1461 3004 Doctrina
1487 2949 1610 3022 legis
1646 2951 1754 3006 sine
1779 2953 2058 3024 viviﬁcante
2092 2957 2189 3030 spi-

602 3035 725 3100 ritu,
775 3035 941 3090 littera
985 3045 1056 3091 est
1099 3038 1346 3096 occidens.
1399 3041 1644 3096 Doctrina
1688 3043 1883 3115 quippe
1929 3046 2037 3114 illa,
2085 3064 2187 3120 qua

605 3127 912 3182 mandatum
960 3129 1248 3200 accipimus
1289 3133 1622 3190 continenter
1664 3145 1915 3208 recteque
1951 3139 2185 3210 vivendi,

605 3217 782 3274 littera
810 3225 892 3274 est
915 3219 1184 3287 occidens,
1217 3221 1318 3277 nisi
1347 3223 1484 3279 adsit
1510 3225 1780 3282 vivificans
1810 3228 2048 3299 spiritus.
2077 3229 2185 3288 Ne-

605 3326 712 3381 que
739 3312 880 3367 enim
910 3313 1026 3368 solo
1057 3313 1146 3369 illo
1177 3314 1336 3370 modo
1363 3315 1764 3390 intelligendam
1808 3330 1891 3377 est
1933 3324 2074 3394 quod
2105 3325 2185 3382 le-

605 3403 798 3474 gimus,
825 3403 1016 3460 Littera
1041 3407 1222 3461 occidit
1240 3449 1254 3473 ,
1287 3409 1492 3480 spiritus
1519 3419 1682 3466 autem
1714 3413 1930 3482 uivi/icat
1961 3415 2038 3486 (ll
2065 3416 2184 3474 Cor.

603 3510 679 3560 tu,
709 3495 800 3568 6);
829 3505 886 3550 ut
911 3497 1106 3567 aliquid
1131 3497 1351 3569 ﬁgurate
1374 3500 1648 3571 scriptum,
1676 3505 1827 3573 cujus
1853 3517 1934 3561 est
1957 3505 2184 3563 absurda

603 3590 922 3659 proprietas,
953 3606 1060 3645 non
1109 3591 1430 3661 accipiamus
1473 3595 1609 3649 sicut
1645 3595 1820 3652 littera
1866 3610 2040 3664 sonat,
2092 3601 2186 3658 sed

603 3679 746 3733 aliud
773 3679 914 3749 quod
945 3681 1205 3750 significat
1231 3683 1496 3738 intuentes
1521 3725 1536 3750 ,
1563 3685 1870 3742 interiorem
1913 3687 2183 3748 hominem

601 3771 863 3840 spirituali
895 3771 1238 3844 intelligentia
1267 3775 1560 3831 nutriamus
1588 3796 1601 3832 :
1632 3779 1881 3848 quoniam
1913 3799 2090 3853 sapere
2111 3801 2185 3838 se-

603 3866 822 3919 cundant
849 3883 1049 3921 carnem
1073 3885 1208 3922 mors
1233 3879 1302 3924 est
1323 3913 1336 3936 ,
1373 3888 1550 3942 sapere
1575 3881 1741 3927 autem
1764 3877 2038 3930 secundant
2075 3879 2182 3949 spi-

601 3957 757 4010 ritum
791 3957 893 4011 vita
931 3967 978 4010 ct
1014 3975 1116 4029 pax
1144 3959 1317 4029 (Rom.
1366 3975 1492 4026 vni,
1525 3961 1598 4034 6).
1631 3963 1788 4019 Velut
1820 3965 1865 4020 si
1909 3967 2183 4040 quisquam

603 4049 768 4106 multa
797 4067 913 4122 qute
943 4051 1137 4122 scripta
1167 4064 1290 4108 sunt
1317 4053 1370 4108 in
1398 4051 1616 4112 Cantico
1645 4057 1970 4116 canticorum
1995 4077 2184 4118 carna-

603 4143 724 4197 liter
761 4143 1002 4214 accipiat,
1033 4159 1142 4198 non
1187 4144 1253 4199 ad
1297 4145 1574 4202 luminosae
1615 4148 1889 4207 cltaritatis
1934 4153 2181 4223 fructum,

601 4233 696 4288 sed
721 4233 786 4288 ad
815 4233 1113 4290 libidinosa:
1141 4235 1441 4306 cupiditatis
1469 4239 1738 4298 affectum.
1765 4241 1884 4298 Non
1913 4261 2040 4318 ergo
2069 4249 2184 4304 solo

601 4325 694 4381 illo
719 4324 878 4381 modo
907 4325 1311 4398 intelligendum
1342 4337 1422 4384 est
1449 4329 1591 4401 quod
1621 4333 1695 4388 ait
1723 4335 2010 4406 Apostolus
2033 4380 2046 4406 ,
2075 4337 2184 4396 Lit-

601 4428 706 4470 tera
749 4417 932 4472 occidit
957 4459 972 4486 ,
1004 4417 1212 4486 spiritus
1257 4429 1422 4474 autem
1467 4422 1685 4492 uici/ica!
1715 4441 1733 4480 :
1759 4427 1854 4484 sed
1881 4430 2040 4485 etiam
2070 4433 2180 4496 illo,

597 4521 771 4578 coque
798 4505 884 4564 vel
909 4507 1140 4563 maxime
1163 4550 1178 4576 ,
1210 4525 1316 4579 quo
1339 4510 1355 4542 ι
1382 4513 1721 4581 apertissime
1747 4517 1851 4572 alio
1883 4519 2001 4576 loco
2033 4521 2179 4592 dicit,

601 4597 1073 4670 Concupiscentiam
1101 4599 1410 4668 nesciebam,
1455 4605 1554 4658 nisi
1577 4603 1659 4660 lea:
1683 4607 1886 4676 diceret,
1921 4609 2043 4668 Non
2067 4632 2186 4670 con-

599 4689 846 4758 cupisces.
889 4689 956 4744 Et
995 4689 1153 4758 paulo
1197 4699 1317 4760 post
1343 4693 1419 4747 ait
1449 4711 1464 4750 :
1496 4694 1772 4754 Occasione
1815 4713 2020 4774 accepta
2069 4725 2185 4778 pec-

599 4789 769 4832 catum
797 4797 886 4850 per
910 4779 1204 4834 mandatum
1233 4783 1414 4854 fefellit
1433 4802 1530 4852 me,
1553 4797 1602 4843 et
1621 4807 1710 4861 per
1729 4793 1860 4847 illud
1877 4797 2056 4850 occidit
2073 4797 2179 4869 (Id.

601 4887 696 4937 vn,
731 4871 784 4935 7,
817 4871 932 4942 Η).
969 4873 1108 4927 Ecce
1137 4874 1259 4944 quid
1288 4885 1404 4943 est,
1439 4877 1630 4936 Littera
1657 4885 1858 4940 occidit.
1903 4887 1970 4944 Et
2006 4891 2184 4962 utique

599 4977 706 5017 non
739 4962 964 5034 ﬁgurate
987 4963 1188 5034 aliquid
1215 4967 1406 5024 dicitur
1426 4971 1468 5038 ³,
1503 4971 1643 5042 quod
1684 4977 2054 5048 accipiendum
2080 4997 2182 5038 n0n

600 5055 672 5110 sit
699 5055 992 5112 secundum
1023 5055 1213 5114 littera:
1235 5075 1446 5129 sonum,
1469 5079 1590 5119 eum
1621 5065 1830 5135 dicitur,
1861 5068 1984 5126 Non
2004 5089 2187 5128 concu-

601 5147 764 5217 pisces
807 5163 824 5201 :
869 5147 966 5203 sed
994 5150 1388 5219 apertissimum
1432 5156 1944 5233 saluberrimumque
1989 5179 2188 5234 proscc-

605 5247 750 5308 ptum
779 5248 889 5306 est,
920 5237 1065 5311 quod
1107 5241 1152 5296 si
1197 5243 1318 5314 quis
1358 5245 1678 5316 impleverit,
1725 5251 1928 5307 nullum
1975 5253 2184 5312 habebit

603 5331 822 5385 omnino
850 5344 1143 5402 peccatum.
1176 5334 1306 5392 Nam
1327 5337 1432 5396 hoc
1458 5339 1578 5396 ideo
1601 5341 1761 5414 elegit
1789 5344 2075 5414 Apostolus
2091 5363 2185 5419 ge-

603 5423 784 5480 nerale
813 5425 1084 5496 quiddam,
1111 5443 1216 5498 quo
1243 5437 1434 5486 cuncta
1459 5434 1771 5502 complexus
1797 5447 1898 5502 cst,
1933 5447 2184 5510 tanquam

603 5515 719 5572 bzec
761 5527 904 5592 esset
951 5533 1054 5574 vox
1101 5520 1234 5592 legis
1280 5521 1347 5577 ab
1377 5524 1520 5578 onmi
1568 5536 1786 5594 peccato
1833 5529 2182 5600 prohibentis,

663 5657 684 5721 ξ
711 5647 847 5721 ﬁdit},
874 5651 1020 5721 quod.
1038 5653 1210 5705 Melius
1232 5663 1358 5717 ttss.,
1378 5670 1490 5721 quo.

601 5714 685 5827 ut;
706 5713 928 5766 Gallicani
968 5729 1139 5766 omnes
1179 5713 1488 5782 manus’cr'ipti
1536 5722 1787 5784 omittunt,
1835 5723 2018 5790 aliquid
2055 5727 2107 5780 di
2122 5729 2190 5780 ci-

1529 347 1614 403 ΜΞ
1657 347 1921 405 SPlRlTU
1963 345 2049 404 ΕΤ
2079 343 2398 406 LITTERA.
2441 348 2496 403 S.
2540 347 2912 405 AUGUSTINI

3777 361 3880 416 20-5

2297 462 2436 532 quod
2461 463 2570 530 ait,
2603 463 2720 518 Non
2751 467 3104 536 concupisces;
3129 483 3301 541 neque
3327 473 3470 529 cnim
3495 469 3656 530 nilum
3683 493 3880 546 pecca-

2299 561 2408 606 tum
2431 553 2534 608 nisi
2555 555 2978 624 concupisccndo
2995 560 3377 617 committitur:
3400 565 3621 633 proinde
3633 583 3750 637 qua:
3773 569 3882 626 hoc

2300 642 2538 712 prtecipit
2559 686 2574 711 ,
2601 644 2739 700 bona
2765 655 2818 701 et
2846 647 3124 704 laudabilis
3153 651 3234 706 lex
3265 665 3368 709 eet.
3397 655 3500 710 Sed
3533 657 3620 712 ubi
3663 671 3880 719 sanctus

2295 747 2401 786 non
2443 732 2656 803 adjuvat
2699 736 2948 805 Spiritus,
3001 741 3266 813 inspirans
3307 759 3406 814 pro
3447 751 3878 820 concupiscentia

2293 823 2433 878 mala
2475 829 2951 897 concupiscentiam
3001 833 3226 902 bonam,
3271 837 3372 894 hoc
3413 849 3517 906 est,
3563 844 3877 902 ebaritatem

2293 912 2598 971 diffundens
2651 918 2702 974 in
2749 921 3000 979 cordibus
3051 927 3284 994 nostris;
3343 931 3579 1000 profecto
3623 936 3712 992 illa
3769 939 3876 1007 lex,

2295 1007 2537 1076 quamvis
2565 1011 2723 1078 bona,
2747 1023 2901 1084 auget
2925 1017 3260 1082 prohibendo
3289 1022 3610 1082 desiderium
3638 1031 3875 1089 malum:

2294 1098 2430 1154 sicut
2450 1116 2600 1171 aqua:
2631 1104 2888 1176 impetus,
2917 1109 2963 1163 si
2993 1109 3046 1164 in
3074 1125 3190 1166 eam
3219 1123 3422 1184 partem
3455 1134 3560 1174 non
3592 1133 3764 1178 cesset
3789 1125 3876 1179 in-

2295 1189 2480 1256 ﬂuere,
2510 1193 2878 1254 vehementior
2903 1199 2962 1255 fit
2989 1203 3139 1260 obice
3179 1211 3458 1277 opposito,
3488 1212 3639 1282 cujus
3679 1219 3875 1273 molem

2291 1293 2412 1335 cum
2436 1283 2673 1354 eviccrit,
2707 1289 2908 1360 majore
2935 1295 3148 1350 cumulo
3197 1299 3552 1370 prmcipitatus
3591 1305 3877 1364 violentius

2294 1387 2388 1441 per
2422 1391 2586 1444 prona
2623 1381 2968 1448 provolvitur.
3000 1384 3192 1441 Nescio
3219 1405 3324 1458 quo
3357 1394 3500 1448 enim
3545 1397 3724 1462 modo,
3773 1398 3878 1454 hoc

2299 1463 2472 1532 ipsum
2499 1469 2639 1538 quod
2665 1475 3076 1544 concupiscitur,
3107 1477 3163 1533 fit
3182 1479 3468 1550 jucundius
3494 1485 3618 1542 dum
3645 1499 3873 1548 velatur.

2291 1554 2360 1609 Et
2383 1555 2484 1612 hoc
2509 1571 2590 1613 est
2618 1561 2757 1632 quod
2781 1563 2914 1619 fallit
2941 1579 3210 1636 peccatum
3235 1589 3330 1642 per
3353 1575 3682 1646 mandatum,
3705 1591 3756 1636 et
3781 1597 3902 1652 per-

2289 1645 2419 1702 illud
2448 1649 2672 1720 occidit,
2696 1668 2818 1709 cum
2863 1658 3072 1714 accedit
3102 1663 3260 1717 etiam
3309 1645 3712 1738 prmvariCatio,
3755 1645 3876 1744 quin

2290 1738 2432 1828 nulla
2463 1749 2544 1796 est
2567 1743 2653 1798 ubi
2682 1745 2765 1801 lex
2783 1763 2888 1803 non
2918 1761 2999 1806 est
3033 1751 3204 1824 (Rom.
3234 1771 3305 1824 tv,
3337 1757 3447 1828 15).

2358 1827 2779 1892 CAPUTV.——7.
2807 1839 2940 1906 Quid
2955 1843 3036 1898 hic
3051 1848 3382 1906 tractandum.
3399 1827 3506 1910 Sed
3521 1864 3685 1912 totum
3702 1857 3875 1929 ipsum

2291 1924 2596 1991 apostolica:
2618 1928 2854 1998 epistolae
2870 1933 3064 2004 locum,
3096 1937 3140 1994 si
3168 1939 3357 2010 placet,
3376 1924 3798 2018 consideremus,
3819 1960 3877 2006 et

2291 2014 2428 2070 sicut
2450 2017 2704 2075 Dominus
2733 2021 2994 2094 adjuverit
3020 2037 3425 2098 pertractemus.
3461 2036 3592 2094 Volo
3621 2040 3762 2094 enim
3781 2082 3798 2104 ,
3825 2043 3874 2097 si

2291 2118 2534 2181 potuero,
2566 2113 2934 2176 demonstrare
2961 2121 3090 2177 illud
3121 2125 3262 2196 quod
3289 2127 3364 2183 ait
3405 2131 3714 2202 Apostolus,
3763 2134 3876 2190 Lit-

2292 2213 2400 2257 tera
2423 2206 2606 2261 occidit
2625 2249 2639 2274 ,
2671 2210 2880 2280 spiritus
2908 2224 3075 2269 autem
3104 2217 3341 2288 viviﬁcat,
3386 2237 3494 2278 non
3533 2223 3600 2279 de
3639 2224 3878 2298 figuratis

2293 2293 2647 2354 locutionibus
2675 2300 2894 2370 dictum,
2921 2308 3161 2375 quamvis
3203 2319 3256 2372 et
3297 2312 3444 2369 illinc
3465 2317 3481 2346 ί
3523 2293 3879 2388 congruenter

2293 2388 2612 2457 accipiatur;
2637 2393 2730 2448 sed
2759 2397 2934 2464 potius
2963 2397 3028 2453 de
3057 2399 3172 2472 lege
3199 2411 3383 2474 aperte
3407 2407 3548 2477 quod
3575 2411 3772 2466 malum
3795 2421 3878 2467 est

2294 2477 2626 2545 prohibente.
2650 2482 2800 2550 Quod
2818 2501 2937 2540 cum
2961 2490 3261 2560 ostendero,
3282 2497 3521 2566 profecto
3546 2502 3876 2560 manifestius

2292 2570 2586 2638 apparebit,
2613 2573 2749 2630 bene
2777 2577 2956 2634 vivere
2978 2579 3172 2637 donum
3196 2599 3314 2664 essp
3341 2587 3576 2644 divinum
3603 2609 3615 2646 :
3641 2609 3744 2647 non
3769 2604 3879 2648 tan-

2295 2669 2404 2714 tum
2436 2663 2556 2733 quia
2586 2665 2786 2722 homini
2814 2669 2958 2726 Deus
2989 2672 3136 2729 dedit
3173 2663 3398 2734 liberum
3428 2683 3729 2752 arbitrium,
3759 2688 3878 2744 sine

2291 2765 2396 2820 quo
2426 2769 2524 2810 nec
2551 2757 2690 2813 male
2717 2775 2814 2816 nec
2835 2761 2970 2818 bene
2993 2765 3214 2835 vivitur;
3241 2786 3340 2826 nec
3369 2779 3568 2830 tantum
3597 2779 3715 2848 quia
3739 2796 3878 2850 pra:-

2292 2852 2502 2914 ccptmn
2549 2847 2733 2918 dedit,
2765 2869 2871 2922 quo
2915 2855 3104 2912 doceat
3131 2863 3576 2931 quemadmodum
3603 2871 3672 2924 sit
3697 2847 3878 2928 viven-

2293 2934 2418 2990 dum
2460 2955 2474 2992 :
2503 2939 2598 2994 sed
2627 2946 2748 3012 quia
2777 2961 2872 3014 per
2899 2947 3154 3018 Spiritum
3185 2963 3424 3012 sanctum
3463 2959 3708 3018 dill'uudit
3743 2965 3877 3020 cha~

2295 3026 2502 3084 ritatem
2521 3031 2571 3084 in
2587 3033 2840 3092 cordibus
2867 3053 3051 3094 eorum
3074 3059 3206 3112 quos
3225 3050 3488 3115 prtcscivit
3515 3061 3571 3108 ut
3598 3055 3878 3126 prmdesti-

2293 3129 2463 3188 naret,
2491 3124 2888 3192 prmdestinavit
2909 3139 2966 3186 ut
2989 3145 3224 3206 vocaret,
3243 3141 3451 3196 vocavit
3469 3153 3524 3198 ut
3539 3124 3874 3218 justificaret,

2287 3211 2595 3282 justificavit
2619 3229 2676 3274 ut
2699 3221 3018 3292 glorificaret
3047 3225 3159 3298 (Id.
3199 3247 3312 3298 vnt,
3355 3233 3445 3299 29,
3493 3211 3606 3310 δά).
3637 3239 3750 3296 Hoc
3778 3211 3878 3300 au;

2297 3315 2402 3360 tem
2433 3322 2553 3363 cum
2581 3315 2907 3382 apparuerit,
2931 3317 3158 3388 videbis,
3179 3331 3236 3376 ut
3263 3325 3532 3394 existimo,
3549 3327 3744 3386 frustra
3765 3333 3878 3388 dici

2293 3395 2386 3452 illa
2417 3407 2617 3456 tantum
2647 3417 2770 3459 esse
2809 3407 3078 3476 possibilia
3129 3411 3245 3469 sine
3289 3418 3553 3488 exemplo,
3611 3435 3731 3492 qua:
3779 3424 3878 3481 Dei

2292 3509 2452 3566 opera
2483 3507 2640 3566 sunt;
2667 3500 2803 3556 sicut
2822 3501 2889 3558 de
2909 3505 3096 3560 cameli
3121 3510 3342 3564 transitu
3369 3527 3464 3582 per
3481 3512 3724 3571 foramen
3747 3533 3880 3575 acus

2293 3592 2848 3662 commemoravimus,
2883 3604 2938 3652 et
2962 3613 3312 3672 quaecumque
3338 3604 3437 3659 alia
3463 3617 3588 3662 sunt
3609 3609 3751 3680 apud
3776 3627 3878 3668 nos

2293 3679 2640 3749 impossibilia
2665 3724 2678 3749 ,
2711 3686 2848 3754 apud
2880 3687 3046 3742 Deum
3086 3701 3262 3746 autem
3291 3692 3464 3752 facilia
3497 3715 3510 3750 :
3540 3709 3592 3754 et
3619 3679 3738 3756 ideo
3767 3718 3878 3760 non

2294 3771 2433 3825 inter
2461 3771 2576 3828 lucc
2607 3773 2890 3832 humanam
2914 3778 3268 3850 deputandam
3298 3801 3415 3844 esse
3435 3789 3711 3860 justitiam,
3731 3797 3878 3864 quod

2294 3861 2482 3917 nonad
2495 3865 2612 3932 Dei,
2627 3866 2719 3922 sed
2736 3867 2802 3923 ad
2816 3868 3044 3928 hominis
3060 3891 3192 3946 opus
3206 3879 3470 3948 pertinere
3487 3882 3708 3952 debeat;
3725 3861 3880 3958 cujus

2293 3953 2612 4026 perfectio,si
2625 3969 2706 4014 est
2721 3959 2773 4014 in
2789 3960 2885 4017 hac
2899 3965 2997 4018 vita
3017 3968 3298 4036 possibilis,
3317 3974 3515 4029 nullam
3533 3992 3651 4033 esse
3662 3994 3876 4036 causam

2289 4059 2387 4100 cur
2398 4046 2512 4102 sine
2526 4051 2770 4122 exemplo
2786 4067 2902 4109 esse
2919 4058 3300 4118 credatur.lloc
3312 4081 3438 4136 ergo
3454 4065 3650 4123 frustra
3662 4071 3880 4138 dici,sa-

2291 4137 2358 4194 tis
2373 4139 2747 4210 elucebit,cum
2764 4157 2816 4202 et
2831 4147 2998 4218 ipsam
3019 4151 3566 4226 humanamjustitiam
3579 4167 3878 4234 Operationi

2295 4231 2384 4287 Dei
2413 4233 2745 4292 tribuendam
2776 4255 2895 4297 esse
2923 4243 3209 4316 claruerit,
3241 4254 3482 4320 quamvis
3511 4271 3614 4312 non
3641 4256 3732 4312 ﬁat
3759 4260 3878 4317 sine

2293 4321 2520 4381 hominis
2551 4327 2817 4386 voluntate
2853 4349 2866 4385 :
2894 4344 2947 4389 et
2982 4335 3101 4391 ideo
3136 4337 3250 4409 ejus
3285 4342 3668 4411 perfectionem
3711 4351 3874 4406 etiam

2290 4412 2344 4470 in
2362 4413 2461 4472 hac
2477 4419 2582 4473 vita
2603 4436 2721 4476 esse
2747 4426 3070 4493 possibilem,
3093 4429 3286 4500 negare
3307 4449 3412 4490 non
3430 4442 3877 4512 possumus;quia

2291 4512 2466 4566 omnia
2512 4515 2783 4584 possibilia
2832 4527 2954 4573 sunt
2997 4521 3106 4577 Deo
3136 4520 3326 4598 (Marc.
3359 4543 3416 4596 ι,
3456 4526 3583 4602 27),
3615 4531 3730 4588 sive
3755 4550 3878 4604 qum

2292 4601 2415 4656 facit
2435 4603 2544 4658 sola
2577 4621 2670 4659 sua
2703 4607 2990 4678 voluntate,
3023 4613 3136 4668 sive
3161 4631 3280 4684 qua:
3299 4601 3708 4688 cooperantibus
3727 4639 3879 4680 crea-

2297 4703 2429 4750 tura:
2455 4711 2566 4751 sua:
2591 4698 2949 4756 voluntatibus
2975 4717 3006 4757 a
3044 4719 3101 4759 se
3139 4705 3250 4760 fieri
3283 4723 3442 4776 posse
3467 4713 3760 4767 constituit.
3797 4717 3876 4770 Ac

2293 4803 2388 4858 per
2431 4789 2531 4844 hoc
2554 4791 2810 4862 quidquid
2837 4809 3019 4850 eorum
3048 4813 3156 4852 non
3197 4800 3348 4866 facit,
3377 4803 3492 4859 sine
3521 4807 3767 4877 exemplo
3793 4820 3878 4864 est

2292 4882 2503 4952 quidem
2543 4890 2596 4938 in
2625 4887 2877 4955 operibus
2899 4887 3082 4953 factis;
3107 4893 3202 4946 sed
3229 4895 3364 4963 apud
3397 4897 3560 4952 Deum
3601 4901 3730 4954 etin
3757 4902 3878 4972 ejus

2295 4975 2490 5030 virtute
2521 4977 2676 5032 habet
2703 4993 2917 5034 causam
2941 4995 3044 5051 qua
3076 4980 3190 5037 fieri
3231 4987 3396 5055 possit
3418 5029 3432 5050 ,
3467 4997 3520 5044 et
3557 4990 3608 5044 in
3644 4991 3760 5060 ejus
3785 5009 3875 5047 sa-

2295 5065 2492 5132 pientia
2523 5083 2689 5139 quare
2719 5085 2823 5126 non
2855 5070 3051 5127 factum
3083 5076 3150 5128 sit
3175 5093 3190 5130 :
3219 5093 3337 5146 qua:
3374 5095 3532 5134 causa
3556 5083 3766 5138 etiamsi
3791 5084 3872 5138 la-

2297 5166 2402 5214 teat
2421 5161 2714 5231 hominem,
2739 5179 2846 5220 uon
2871 5181 2928 5221 se
2947 5166 3292 5225 obliviscatur
3313 5185 3434 5228 esse
3459 5173 3751 5256 hominem,
3773 5193 3877 5235 nec

2295 5264 2571 5325 propterea
2604 5257 2712 5312 Deo
2739 5255 2830 5314 det
2857 5259 3209 5330 insipientiam
3232 5306 3246 5329 ,
3275 5264 3396 5334 quia
3425 5281 3530 5320 non
3557 5268 3714 5338 plene
3736 5273 3880 5342 capit

2294 5346 2410 5416 ejus
2435 5348 2768 5418 sapientiam.

2365 5437 2418 5491 8.
2457 5437 2685 5493 Attende
2713 5440 2871 5511 igitur
2896 5443 3210 5512 Apostolum
3235 5447 3300 5502 ad
3323 5450 3592 5506 Romanos
3611 5454 3881 5523 explican-

2299 5539 2424 5597 tem,
2457 5530 2692 5601 satisquo
2725 5545 3110 5591 monstrantem
3141 5539 3282 5608 quod
3313 5539 3528 5611 scripsit
3569 5543 3636 5598 ad
3685 5543 3880 5602 Corin-

2323 5799 2338 5841 ι
2361 5731 2536 5844 flgiti,
2553 5741 2597 5784 et
2615 5731 2731 5784 illic.
2749 5736 3116 5800 Cygiraanensis
3131 5745 3232 5802 315.,
3253 5747 3296 5792 et
3319 5741 3407 5793 sic.
3425 5741 3513 5794 Alii
3525 5749 3722 5810 quatuor
3743 5751 3876 5808 Mss,

2364 5807 2378 5840 ι
2419 5807 2447 5842 n
2491 5829 2500 5841 .

2296 5807 2338 5842 ει
2364 5807 2500 5842 tuna.
