  <div class='ocr_page' id='page_1' title='image "/cluster/home/n/w/nwhite01/storage/ocr_20150623/44-45/uc1.31175026792435/110.png"; bbox 0 0 4202 6532; ppageno 0'>
   <div class='ocr_carea' id='block_1_1' title="bbox 309 407 420 464">
    <p class='ocr_par' dir='ltr' id='par_1_1' title="bbox 309 407 420 464">
     <span class='ocr_line' id='line_1_1' title="bbox 309 407 420 464; baseline 0.009 -1"><span class='ocrx_word' id='word_1_1' title='bbox 309 407 420 464; x_wconf 70' lang='grc'><strong>905</strong></span> 
     </span>
    </p>
   </div>
   <div class='ocr_carea' id='block_1_2' title="bbox 314 516 1910 592">
    <p class='ocr_par' dir='ltr' id='par_1_2' title="bbox 314 516 1910 592">
     <span class='ocr_line' id='line_1_2' title="bbox 314 516 1910 592; baseline -0.008 -12"><span class='ocrx_word' id='word_1_2' title='bbox 314 522 478 591; x_wconf 82' lang='lat' dir='ltr'><strong>thios,</strong></span> <span class='ocrx_word' id='word_1_3' title='bbox 501 523 695 579; x_wconf 88' lang='lat' dir='ltr'><strong>Littera</strong></span> <span class='ocrx_word' id='word_1_4' title='bbox 722 521 926 590; x_wconf 86' lang='lat' dir='ltr'><strong>occidit,</strong></span> <span class='ocrx_word' id='word_1_5' title='bbox 956 518 1161 592; x_wconf 86' lang='lat' dir='ltr'><strong>spiritus</strong></span> <span class='ocrx_word' id='word_1_6' title='bbox 1184 528 1350 574; x_wconf 85' lang='lat' dir='ltr'><strong>autem</strong></span> <span class='ocrx_word' id='word_1_7' title='bbox 1379 521 1615 589; x_wconf 69' lang='lat' dir='ltr'><strong>vni/teat,</strong></span> <span class='ocrx_word' id='word_1_8' title='bbox 1644 517 1723 573; x_wconf 91' lang='lat' dir='ltr'><strong>sic</strong></span> <span class='ocrx_word' id='word_1_9' title='bbox 1742 516 1910 585; x_wconf 84' lang='lat' dir='ltr'><strong>magis</strong></span> 
     </span>
    </p>
   </div>
   <div class='ocr_carea' id='block_1_3' title="bbox 314 610 1907 686">
    <p class='ocr_par' dir='ltr' id='par_1_3' title="bbox 314 610 1907 686">
     <span class='ocr_line' id='line_1_3' title="bbox 314 610 1907 686; baseline -0.006 -16"><span class='ocrx_word' id='word_1_10' title='bbox 314 613 710 686; x_wconf 87' lang='lat' dir='ltr'><strong>accipiendum,</strong></span> <span class='ocrx_word' id='word_1_11' title='bbox 725 613 1171 686; x_wconf 82' lang='lat' dir='ltr'><strong>quemadmodum</strong></span> <span class='ocrx_word' id='word_1_12' title='bbox 1187 625 1344 682; x_wconf 83' lang='lat' dir='ltr'><strong>supra</strong></span> <span class='ocrx_word' id='word_1_13' title='bbox 1363 610 1593 667; x_wconf 84' lang='lat' dir='ltr'><strong>diximus</strong></span> <span class='ocrx_word' id='word_1_14' title='bbox 1613 626 1627 675; x_wconf 94' lang='lat'><strong>;</strong></span> <span class='ocrx_word' id='word_1_15' title='bbox 1656 610 1907 681; x_wconf 90' lang='lat' dir='ltr'><strong>quoniam</strong></span> 
     </span>
    </p>
   </div>
   <div class='ocr_carea' id='block_1_4' title="bbox 314 700 1907 779">
    <p class='ocr_par' dir='ltr' id='par_1_4' title="bbox 314 700 1907 779">
     <span class='ocr_line' id='line_1_4' title="bbox 314 700 1907 779; baseline -0.006 -16"><span class='ocrx_word' id='word_1_16' title='bbox 314 707 449 779; x_wconf 78' lang='lat' dir='ltr'><strong>legis</strong></span> <span class='ocrx_word' id='word_1_17' title='bbox 476 706 657 763; x_wconf 75' lang='lat' dir='ltr'><strong>littera</strong></span> <span class='ocrx_word' id='word_1_18' title='bbox 693 720 814 778; x_wconf 72' lang='lat' dir='ltr'><strong>quae</strong></span> <span class='ocrx_word' id='word_1_19' title='bbox 860 704 1019 761; x_wconf 90' lang='lat' dir='ltr'><strong>docet</strong></span> <span class='ocrx_word' id='word_1_20' title='bbox 1063 719 1170 760; x_wconf 91' lang='lat' dir='ltr'><strong>non</strong></span> <span class='ocrx_word' id='word_1_21' title='bbox 1209 717 1331 760; x_wconf 89' lang='lat' dir='ltr'><strong>esse</strong></span> <span class='ocrx_word' id='word_1_22' title='bbox 1354 701 1703 773; x_wconf 87' lang='lat' dir='ltr'><strong>peccandum,</strong></span> <span class='ocrx_word' id='word_1_23' title='bbox 1725 700 1771 756; x_wconf 93' lang='lat' dir='ltr'><strong>si</strong></span> <span class='ocrx_word' id='word_1_24' title='bbox 1797 700 1907 770; x_wconf 88' lang='lat' dir='ltr'><strong>spi-</strong></span> 
     </span>
    </p>
   </div>
   <div class='ocr_carea' id='block_1_5' title="bbox 317 794 1908 867">
    <p class='ocr_par' dir='ltr' id='par_1_5' title="bbox 317 794 1908 867">
     <span class='ocr_line' id='line_1_5' title="bbox 317 794 1908 867; baseline -0.003 -10"><span class='ocrx_word' id='word_1_25' title='bbox 317 803 452 857; x_wconf 80' lang='lat' dir='ltr'><strong>ritus</strong></span> <span class='ocrx_word' id='word_1_26' title='bbox 479 800 758 857; x_wconf 83' lang='lat' dir='ltr'><strong>viviﬁcans</strong></span> <span class='ocrx_word' id='word_1_27' title='bbox 801 799 961 867; x_wconf 90' lang='lat' dir='ltr'><strong>desit,</strong></span> <span class='ocrx_word' id='word_1_28' title='bbox 989 798 1183 854; x_wconf 91' lang='lat' dir='ltr'><strong>occidit</strong></span> <span class='ocrx_word' id='word_1_29' title='bbox 1216 798 1383 854; x_wconf 89' lang='lat' dir='ltr'><strong>:sciri</strong></span> <span class='ocrx_word' id='word_1_30' title='bbox 1424 797 1567 854; x_wconf 87' lang='lat' dir='ltr'><strong>enim</strong></span> <span class='ocrx_word' id='word_1_31' title='bbox 1611 794 1735 851; x_wconf 85' lang='lat' dir='ltr'><strong>facit</strong></span> <span class='ocrx_word' id='word_1_32' title='bbox 1781 811 1908 867; x_wconf 84' lang='lat' dir='ltr'><strong>pec-</strong></span> 
     </span>
    </p>
   </div>
   <div class='ocr_carea' id='block_1_6' title="bbox 313 888 1908 964">
    <p class='ocr_par' dir='ltr' id='par_1_6' title="bbox 313 888 1908 964">
     <span class='ocr_line' id='line_1_6' title="bbox 313 888 1908 964; baseline -0.003 -16"><span class='ocrx_word' id='word_1_33' title='bbox 313 901 492 949; x_wconf 82' lang='lat' dir='ltr'><strong>eatum</strong></span> <span class='ocrx_word' id='word_1_34' title='bbox 520 893 695 963; x_wconf 91' lang='lat' dir='ltr'><strong>potius</strong></span> <span class='ocrx_word' id='word_1_35' title='bbox 723 907 881 964; x_wconf 88' lang='lat' dir='ltr'><strong>quam</strong></span> <span class='ocrx_word' id='word_1_36' title='bbox 903 891 1103 958; x_wconf 82' lang='lat' dir='ltr'><strong>caveri,</strong></span> <span class='ocrx_word' id='word_1_37' title='bbox 1126 899 1180 947; x_wconf 88' lang='lat' dir='ltr'><strong>et</strong></span> <span class='ocrx_word' id='word_1_38' title='bbox 1202 888 1322 946; x_wconf 89' lang='lat' dir='ltr'><strong>ideo</strong></span> <span class='ocrx_word' id='word_1_39' title='bbox 1350 888 1520 960; x_wconf 87' lang='lat' dir='ltr'><strong>magis</strong></span> <span class='ocrx_word' id='word_1_40' title='bbox 1543 888 1723 959; x_wconf 86' lang='lat' dir='ltr'><strong>augeri</strong></span> <span class='ocrx_word' id='word_1_41' title='bbox 1749 902 1908 960; x_wconf 89' lang='lat' dir='ltr'><strong>quam</strong></span> 
     </span>
    </p>
   </div>
   <div class='ocr_carea' id='block_1_7' title="bbox 317 980 1910 1057">
    <p class='ocr_par' dir='ltr' id='par_1_7' title="bbox 317 980 1910 1057">
     <span class='ocr_line' id='line_1_7' title="bbox 317 980 1910 1057; baseline -0.004 -16"><span class='ocrx_word' id='word_1_42' title='bbox 317 985 507 1053; x_wconf 88' lang='lat' dir='ltr'><strong>minui,</strong></span> <span class='ocrx_word' id='word_1_43' title='bbox 536 984 659 1057; x_wconf 93' lang='lat' dir='ltr'><strong>quia</strong></span> <span class='ocrx_word' id='word_1_44' title='bbox 697 985 852 1041; x_wconf 81' lang='lat' dir='ltr'><strong>malae</strong></span> <span class='ocrx_word' id='word_1_45' title='bbox 878 983 1323 1055; x_wconf 69' lang='lat' dir='ltr'><strong>concupiscentia:</strong></span> <span class='ocrx_word' id='word_1_46' title='bbox 1347 982 1509 1039; x_wconf 84' lang='lat' dir='ltr'><strong>etiam</strong></span> <span class='ocrx_word' id='word_1_47' title='bbox 1541 980 1910 1053; x_wconf 73' lang='lat' dir='ltr'><strong>praevaricatio</strong></span> 
     </span>
    </p>
   </div>
   <div class='ocr_carea' id='block_1_8' title="bbox 315 1078 721 1151">
    <p class='ocr_par' dir='ltr' id='par_1_8' title="bbox 315 1078 721 1151">
     <span class='ocr_line' id='line_1_8' title="bbox 315 1078 721 1151; baseline -0.005 -16"><span class='ocrx_word' id='word_1_48' title='bbox 315 1079 449 1151; x_wconf 92' lang='lat' dir='ltr'><strong>legis</strong></span> <span class='ocrx_word' id='word_1_49' title='bbox 492 1078 721 1135; x_wconf 86' lang='lat' dir='ltr'><strong>accedit.</strong></span> 
     </span>
    </p>
   </div>
   <div class='ocr_carea' id='block_1_9' title="bbox 388 1163 1908 1240">
    <p class='ocr_par' dir='ltr' id='par_1_9' title="bbox 388 1163 1908 1240">
     <span class='ocr_line' id='line_1_9' title="bbox 388 1163 1908 1240; baseline -0.004 -13"><span class='ocrx_word' id='word_1_50' title='bbox 388 1171 612 1227; x_wconf 84' lang='lat' dir='ltr'><strong>CAPUT</strong></span> <span class='ocrx_word' id='word_1_51' title='bbox 650 1170 738 1226; x_wconf 83' lang='lat' dir='ltr'><strong>Vl.</strong></span> <span class='ocrx_word' id='word_1_52' title='bbox 758 1170 898 1228; x_wconf 88' lang='lat'><strong>—9.</strong></span> <span class='ocrx_word' id='word_1_53' title='bbox 928 1168 1251 1225; x_wconf 86' lang='lat' dir='ltr'><strong>Abundantia</strong></span> <span class='ocrx_word' id='word_1_54' title='bbox 1270 1166 1443 1223; x_wconf 81' lang='lat' dir='ltr'><strong>delicti</strong></span> <span class='ocrx_word' id='word_1_55' title='bbox 1470 1182 1558 1240; x_wconf 82' lang='lat' dir='ltr'><strong>per</strong></span> <span class='ocrx_word' id='word_1_56' title='bbox 1578 1165 1756 1238; x_wconf 86' lang='lat' dir='ltr'><strong>legem.</strong></span> <span class='ocrx_word' id='word_1_57' title='bbox 1798 1163 1908 1221; x_wconf 83' lang='lat' dir='ltr'><strong>Vo-</strong></span> 
     </span>
    </p>
   </div>
   <div class='ocr_carea' id='block_1_10' title="bbox 314 1259 1910 1332">
    <p class='ocr_par' dir='ltr' id='par_1_10' title="bbox 314 1259 1910 1332">
     <span class='ocr_line' id='line_1_10' title="bbox 314 1259 1910 1332; baseline -0.002 -15"><span class='ocrx_word' id='word_1_58' title='bbox 314 1262 432 1318; x_wconf 88' lang='lat' dir='ltr'><strong>leus</strong></span> <span class='ocrx_word' id='word_1_59' title='bbox 457 1276 585 1332; x_wconf 89' lang='lat' dir='ltr'><strong>ergo</strong></span> <span class='ocrx_word' id='word_1_60' title='bbox 612 1262 902 1332; x_wconf 77' lang='lat' dir='ltr'><strong>Apostolus</strong></span> <span class='ocrx_word' id='word_1_61' title='bbox 934 1260 1315 1317; x_wconf 88' lang='lat' dir='ltr'><strong>commendare</strong></span> <span class='ocrx_word' id='word_1_62' title='bbox 1342 1259 1568 1332; x_wconf 79' lang='lat' dir='ltr'><strong>gratiam</strong></span> <span class='ocrx_word' id='word_1_63' title='bbox 1590 1300 1606 1328; x_wconf 93' lang='lat'><strong>,</strong></span> <span class='ocrx_word' id='word_1_64' title='bbox 1645 1274 1765 1332; x_wconf 71' lang='lat' dir='ltr'><strong>quae</strong></span> <span class='ocrx_word' id='word_1_65' title='bbox 1813 1274 1910 1330; x_wconf 90' lang='lat' dir='ltr'><strong>per</strong></span> 
     </span>
    </p>
   </div>
   <div class='ocr_carea' id='block_1_11' title="bbox 312 1352 1908 1426">
    <p class='ocr_par' dir='ltr' id='par_1_11' title="bbox 312 1352 1908 1426">
     <span class='ocr_line' id='line_1_11' title="bbox 312 1352 1908 1426; baseline -0.004 -13"><span class='ocrx_word' id='word_1_66' title='bbox 312 1356 496 1413; x_wconf 81' lang='lat' dir='ltr'><strong>Jesum</strong></span> <span class='ocrx_word' id='word_1_67' title='bbox 524 1355 794 1411; x_wconf 90' lang='lat' dir='ltr'><strong>Christum</strong></span> <span class='ocrx_word' id='word_1_68' title='bbox 834 1355 1083 1411; x_wconf 90' lang='lat' dir='ltr'><strong>omnibus</strong></span> <span class='ocrx_word' id='word_1_69' title='bbox 1117 1355 1361 1426; x_wconf 81' lang='lat' dir='ltr'><strong>gentibus</strong></span> <span class='ocrx_word' id='word_1_70' title='bbox 1406 1354 1584 1419; x_wconf 84' lang='lat' dir='ltr'><strong>venit,</strong></span> <span class='ocrx_word' id='word_1_71' title='bbox 1625 1369 1695 1410; x_wconf 90' lang='lat' dir='ltr'><strong>ne</strong></span> <span class='ocrx_word' id='word_1_72' title='bbox 1738 1352 1908 1409; x_wconf 77' lang='lat' dir='ltr'><strong>Judaei</strong></span> 
     </span>
    </p>
   </div>
   <div class='ocr_carea' id='block_1_12' title="bbox 312 1446 1905 1519">
    <p class='ocr_par' dir='ltr' id='par_1_12' title="bbox 312 1446 1905 1519">
     <span class='ocr_line' id='line_1_12' title="bbox 312 1446 1905 1519; baseline -0.002 -16"><span class='ocrx_word' id='word_1_73' title='bbox 312 1448 569 1503; x_wconf 81' lang='lat' dir='ltr'><strong>adversus</strong></span> <span class='ocrx_word' id='word_1_74' title='bbox 580 1455 802 1503; x_wconf 67' lang='lat' dir='ltr'><strong>caeteras</strong></span> <span class='ocrx_word' id='word_1_75' title='bbox 822 1455 1007 1518; x_wconf 88' lang='lat' dir='ltr'><strong>gentes</strong></span> <span class='ocrx_word' id='word_1_76' title='bbox 1023 1448 1090 1503; x_wconf 90' lang='lat' dir='ltr'><strong>de</strong></span> <span class='ocrx_word' id='word_1_77' title='bbox 1113 1456 1329 1518; x_wconf 86' lang='lat' dir='ltr'><strong>accepta</strong></span> <span class='ocrx_word' id='word_1_78' title='bbox 1350 1446 1467 1519; x_wconf 83' lang='lat' dir='ltr'><strong>lege</strong></span> <span class='ocrx_word' id='word_1_79' title='bbox 1482 1462 1541 1503; x_wconf 91' lang='lat' dir='ltr'><strong>se</strong></span> <span class='ocrx_word' id='word_1_80' title='bbox 1552 1446 1872 1502; x_wconf 89' lang='lat' dir='ltr'><strong>extollerent</strong></span> <span class='ocrx_word' id='word_1_81' title='bbox 1890 1462 1905 1511; x_wconf 92' lang='lat'><strong>;</strong></span> 
     </span>
    </p>
   </div>
   <div class='ocr_carea' id='block_1_13' title="bbox 314 1537 1909 1611">
    <p class='ocr_par' dir='ltr' id='par_1_13' title="bbox 314 1537 1909 1611">
     <span class='ocr_line' id='line_1_13' title="bbox 314 1537 1909 1611; baseline 0.001 -20"><span class='ocrx_word' id='word_1_82' title='bbox 314 1548 662 1611; x_wconf 82' lang='lat' dir='ltr'><strong>posteaquam</strong></span> <span class='ocrx_word' id='word_1_83' title='bbox 698 1538 831 1594; x_wconf 78' lang='lat' dir='ltr'><strong>dixit</strong></span> <span class='ocrx_word' id='word_1_84' title='bbox 862 1550 1137 1610; x_wconf 89' lang='lat' dir='ltr'><strong>peccatum</strong></span> <span class='ocrx_word' id='word_1_85' title='bbox 1167 1547 1221 1596; x_wconf 90' lang='lat' dir='ltr'><strong>et</strong></span> <span class='ocrx_word' id='word_1_86' title='bbox 1248 1550 1475 1595; x_wconf 86' lang='lat' dir='ltr'><strong>mortem</strong></span> <span class='ocrx_word' id='word_1_87' title='bbox 1505 1554 1597 1610; x_wconf 90' lang='lat' dir='ltr'><strong>per</strong></span> <span class='ocrx_word' id='word_1_88' title='bbox 1622 1555 1786 1595; x_wconf 87' lang='lat' dir='ltr'><strong>unum</strong></span> <span class='ocrx_word' id='word_1_89' title='bbox 1813 1537 1909 1593; x_wconf 89' lang='lat' dir='ltr'><strong>ho-</strong></span> 
     </span>
    </p>
   </div>
   <div class='ocr_carea' id='block_1_14' title="bbox 312 1630 1906 1703">
    <p class='ocr_par' dir='ltr' id='par_1_14' title="bbox 312 1630 1906 1703">
     <span class='ocr_line' id='line_1_14' title="bbox 312 1630 1906 1703; baseline -0.001 -16"><span class='ocrx_word' id='word_1_90' title='bbox 312 1632 525 1688; x_wconf 80' lang='lat' dir='ltr'><strong>minem</strong></span> <span class='ocrx_word' id='word_1_91' title='bbox 542 1633 771 1687; x_wconf 86' lang='lat' dir='ltr'><strong>intrasse</strong></span> <span class='ocrx_word' id='word_1_92' title='bbox 799 1634 851 1687; x_wconf 92' lang='lat' dir='ltr'><strong>in</strong></span> <span class='ocrx_word' id='word_1_93' title='bbox 877 1647 1047 1703; x_wconf 88' lang='lat' dir='ltr'><strong>genus</strong></span> <span class='ocrx_word' id='word_1_94' title='bbox 1071 1630 1384 1698; x_wconf 79' lang='lat' dir='ltr'><strong>humanum,</strong></span> <span class='ocrx_word' id='word_1_95' title='bbox 1413 1641 1465 1687; x_wconf 90' lang='lat' dir='ltr'><strong>et</strong></span> <span class='ocrx_word' id='word_1_96' title='bbox 1491 1647 1588 1703; x_wconf 84' lang='lat' dir='ltr'><strong>per</strong></span> <span class='ocrx_word' id='word_1_97' title='bbox 1612 1646 1775 1687; x_wconf 89' lang='lat' dir='ltr'><strong>unum</strong></span> <span class='ocrx_word' id='word_1_98' title='bbox 1806 1630 1906 1686; x_wconf 88' lang='lat' dir='ltr'><strong>ho-</strong></span> 
     </span>
    </p>
   </div>
   <div class='ocr_carea' id='block_1_15' title="bbox 314 1720 1907 1794">
    <p class='ocr_par' dir='ltr' id='par_1_15' title="bbox 314 1720 1907 1794">
     <span class='ocr_line' id='line_1_15' title="bbox 314 1720 1907 1794; baseline -0.003 -15"><span class='ocrx_word' id='word_1_99' title='bbox 314 1723 787 1794; x_wconf 90' lang='lat' dir='ltr'><strong>minemjustitiam</strong></span> <span class='ocrx_word' id='word_1_100' title='bbox 815 1732 870 1779; x_wconf 90' lang='lat' dir='ltr'><strong>et</strong></span> <span class='ocrx_word' id='word_1_101' title='bbox 886 1724 1046 1778; x_wconf 83' lang='lat' dir='ltr'><strong>vitam</strong></span> <span class='ocrx_word' id='word_1_102' title='bbox 1073 1731 1352 1790; x_wconf 68' lang='lat' dir='ltr'><strong>aeternam,</strong></span> <span class='ocrx_word' id='word_1_103' title='bbox 1374 1722 1522 1777; x_wconf 87' lang='lat' dir='ltr'><strong>illum</strong></span> <span class='ocrx_word' id='word_1_104' title='bbox 1553 1721 1746 1789; x_wconf 85' lang='lat' dir='ltr'><strong>Adam,</strong></span> <span class='ocrx_word' id='word_1_105' title='bbox 1766 1720 1907 1778; x_wconf 89' lang='lat' dir='ltr'><strong>hunc</strong></span> 
     </span>
    </p>
   </div>
   <div class='ocr_carea' id='block_1_16' title="bbox 312 1814 1909 1888">
    <p class='ocr_par' dir='ltr' id='par_1_16' title="bbox 312 1814 1909 1888">
     <span class='ocr_line' id='line_1_16' title="bbox 312 1814 1909 1888; baseline -0.003 -15"><span class='ocrx_word' id='word_1_106' title='bbox 312 1817 584 1873; x_wconf 79' lang='lat' dir='ltr'><strong>Christum</strong></span> <span class='ocrx_word' id='word_1_107' title='bbox 622 1816 956 1888; x_wconf 84' lang='lat' dir='ltr'><strong>apertissime</strong></span> <span class='ocrx_word' id='word_1_108' title='bbox 980 1816 1286 1882; x_wconf 87' lang='lat' dir='ltr'><strong>insinuans,</strong></span> <span class='ocrx_word' id='word_1_109' title='bbox 1318 1816 1393 1871; x_wconf 88' lang='lat' dir='ltr'><strong>ait</strong></span> <span class='ocrx_word' id='word_1_110' title='bbox 1422 1834 1434 1871; x_wconf 92' lang='lat'><strong>:</strong></span> <span class='ocrx_word' id='word_1_111' title='bbox 1465 1814 1575 1870; x_wconf 69' lang='lat' dir='ltr'><strong>Lex</strong></span> <span class='ocrx_word' id='word_1_112' title='bbox 1595 1824 1764 1871; x_wconf 86' lang='lat' dir='ltr'><strong>autem</strong></span> <span class='ocrx_word' id='word_1_113' title='bbox 1785 1814 1909 1869; x_wconf 84' lang='lat' dir='ltr'><strong>sub-</strong></span> 
     </span>
    </p>
   </div>
   <div class='ocr_carea' id='block_1_17' title="bbox 312 1907 1910 1976">
    <p class='ocr_par' dir='ltr' id='par_1_17' title="bbox 312 1907 1910 1976">
     <span class='ocr_line' id='line_1_17' title="bbox 312 1907 1910 1976; baseline -0.003 -10"><span class='ocrx_word' id='word_1_114' title='bbox 312 1913 515 1967; x_wconf 87' lang='lat' dir='ltr'><strong>intravit</strong></span> <span class='ocrx_word' id='word_1_115' title='bbox 541 1919 596 1965; x_wconf 90' lang='lat' dir='ltr'><strong>ut</strong></span> <span class='ocrx_word' id='word_1_116' title='bbox 614 1909 893 1966; x_wconf 83' lang='lat' dir='ltr'><strong>abundaret</strong></span> <span class='ocrx_word' id='word_1_117' title='bbox 920 1908 1194 1976; x_wconf 79' lang='lat' dir='ltr'><strong>delictum;</strong></span> <span class='ocrx_word' id='word_1_118' title='bbox 1223 1909 1309 1963; x_wconf 90' lang='lat' dir='ltr'><strong>ubi</strong></span> <span class='ocrx_word' id='word_1_119' title='bbox 1333 1917 1498 1963; x_wconf 89' lang='lat' dir='ltr'><strong>autem</strong></span> <span class='ocrx_word' id='word_1_120' title='bbox 1518 1907 1793 1963; x_wconf 81' lang='lat' dir='ltr'><strong>abundavit</strong></span> <span class='ocrx_word' id='word_1_121' title='bbox 1819 1907 1910 1961; x_wconf 61' lang='lat' dir='ltr'><strong>deo</strong></span> 
     </span>
    </p>
   </div>
   <div class='ocr_carea' id='block_1_18' title="bbox 312 1999 1908 2074">
    <p class='ocr_par' dir='ltr' id='par_1_18' title="bbox 312 1999 1908 2074">
     <span class='ocr_line' id='line_1_18' title="bbox 312 1999 1908 2074; baseline -0.003 -16"><span class='ocrx_word' id='word_1_122' title='bbox 312 2004 487 2059; x_wconf 80' lang='lat' dir='ltr'><strong>(ictum</strong></span> <span class='ocrx_word' id='word_1_123' title='bbox 506 2044 521 2069; x_wconf 97' lang='lat'><strong>,</strong></span> <span class='ocrx_word' id='word_1_124' title='bbox 561 2001 984 2074; x_wconf 75' lang='lat' dir='ltr'><strong>superabundavit</strong></span> <span class='ocrx_word' id='word_1_125' title='bbox 1031 2001 1200 2073; x_wconf 87' lang='lat' dir='ltr'><strong>gratia</strong></span> <span class='ocrx_word' id='word_1_126' title='bbox 1228 2016 1247 2056; x_wconf 91' lang='lat'><strong><em>:</em></strong></span> <span class='ocrx_word' id='word_1_127' title='bbox 1275 2010 1328 2055; x_wconf 89' lang='lat' dir='ltr'><strong>ut</strong></span> <span class='ocrx_word' id='word_1_128' title='bbox 1356 1999 1781 2074; x_wconf 85' lang='lat' dir='ltr'><strong>quemadmodum</strong></span> <span class='ocrx_word' id='word_1_129' title='bbox 1824 2015 1908 2054; x_wconf 89' lang='lat' dir='ltr'><strong>re-</strong></span> 
     </span>
    </p>
   </div>
   <div class='ocr_carea' id='block_1_19' title="bbox 310 2091 1909 2165">
    <p class='ocr_par' dir='ltr' id='par_1_19' title="bbox 310 2091 1909 2165">
     <span class='ocr_line' id='line_1_19' title="bbox 310 2091 1909 2165; baseline -0.003 -17"><span class='ocrx_word' id='word_1_130' title='bbox 310 2095 484 2165; x_wconf 84' lang='lat' dir='ltr'><strong>gnavit</strong></span> <span class='ocrx_word' id='word_1_131' title='bbox 526 2103 782 2165; x_wconf 87' lang='lat' dir='ltr'><strong>peccatum</strong></span> <span class='ocrx_word' id='word_1_132' title='bbox 818 2093 873 2148; x_wconf 86' lang='lat' dir='ltr'><strong>in</strong></span> <span class='ocrx_word' id='word_1_133' title='bbox 911 2101 1123 2147; x_wconf 88' lang='lat' dir='ltr'><strong>mortem</strong></span> <span class='ocrx_word' id='word_1_134' title='bbox 1144 2092 1183 2159; x_wconf 73' lang='lat'><strong>‘,</strong></span> <span class='ocrx_word' id='word_1_135' title='bbox 1217 2092 1290 2147; x_wconf 89' lang='lat' dir='ltr'><strong>sic</strong></span> <span class='ocrx_word' id='word_1_136' title='bbox 1329 2101 1377 2146; x_wconf 89' lang='lat' dir='ltr'><strong>et</strong></span> <span class='ocrx_word' id='word_1_137' title='bbox 1416 2091 1581 2164; x_wconf 90' lang='lat' dir='ltr'><strong>gratia</strong></span> <span class='ocrx_word' id='word_1_138' title='bbox 1619 2098 1790 2163; x_wconf 83' lang='lat' dir='ltr'><strong>regnet</strong></span> <span class='ocrx_word' id='word_1_139' title='bbox 1819 2105 1909 2160; x_wconf 87' lang='lat' dir='ltr'><strong>per</strong></span> 
     </span>
    </p>
   </div>
   <div class='ocr_carea' id='block_1_20' title="bbox 311 2181 1908 2263">
    <p class='ocr_par' dir='ltr' id='par_1_20' title="bbox 311 2181 1908 2263">
     <span class='ocr_line' id='line_1_20' title="bbox 311 2181 1908 2263; baseline -0.004 -20"><span class='ocrx_word' id='word_1_140' title='bbox 311 2189 557 2262; x_wconf 70' lang='lat' dir='ltr'><strong>iustitiam</strong></span> <span class='ocrx_word' id='word_1_141' title='bbox 582 2188 633 2242; x_wconf 87' lang='lat' dir='ltr'><strong>in</strong></span> <span class='ocrx_word' id='word_1_142' title='bbox 659 2188 812 2243; x_wconf 86' lang='lat' dir='ltr'><strong>vitam</strong></span> <span class='ocrx_word' id='word_1_143' title='bbox 837 2195 1078 2243; x_wconf 72' lang='lat' dir='ltr'><strong>attentam</strong></span> <span class='ocrx_word' id='word_1_144' title='bbox 1105 2201 1195 2257; x_wconf 84' lang='lat' dir='ltr'><strong>per</strong></span> <span class='ocrx_word' id='word_1_145' title='bbox 1228 2183 1407 2240; x_wconf 71' lang='lat' dir='ltr'><strong>Iesum</strong></span> <span class='ocrx_word' id='word_1_146' title='bbox 1432 2183 1687 2239; x_wconf 80' lang='lat' dir='ltr'><strong>Christum</strong></span> <span class='ocrx_word' id='word_1_147' title='bbox 1726 2181 1908 2263; x_wconf 55' lang='lat' dir='ltr'><strong>Damt:-</strong></span> 
     </span>
    </p>
   </div>
   <div class='ocr_carea' id='block_1_21' title="bbox 313 2278 1906 2352">
    <p class='ocr_par' dir='ltr' id='par_1_21' title="bbox 313 2278 1906 2352">
     <span class='ocr_line' id='line_1_21' title="bbox 313 2278 1906 2352; baseline -0.003 -15"><span class='ocrx_word' id='word_1_148' title='bbox 313 2298 437 2337; x_wconf 87' lang='lat' dir='ltr'><strong>num</strong></span> <span class='ocrx_word' id='word_1_149' title='bbox 465 2292 710 2337; x_wconf 87' lang='lat' dir='ltr'><strong>nostrum.</strong></span> <span class='ocrx_word' id='word_1_150' title='bbox 745 2279 949 2336; x_wconf 90' lang='lat' dir='ltr'><strong>Deinde</strong></span> <span class='ocrx_word' id='word_1_151' title='bbox 977 2279 1377 2352; x_wconf 55' lang='lat' dir='ltr'><strong>opponens‘sibi</strong></span> <span class='ocrx_word' id='word_1_152' title='bbox 1395 2279 1507 2350; x_wconf 88' lang='lat' dir='ltr'><strong>ipse</strong></span> <span class='ocrx_word' id='word_1_153' title='bbox 1532 2278 1906 2350; x_wconf 66' lang='lat' dir='ltr'><strong>quaestionem,</strong></span> 
     </span>
    </p>
   </div>
   <div class='ocr_carea' id='block_1_22' title="bbox 315 2370 1901 2445">
    <p class='ocr_par' dir='ltr' id='par_1_22' title="bbox 315 2370 1901 2445">
     <span class='ocr_line' id='line_1_22' title="bbox 315 2370 1901 2445; baseline -0.003 -18"><span class='ocrx_word' id='word_1_154' title='bbox 315 2372 453 2439; x_wconf 86' lang='lat' dir='ltr'><strong>Quid</strong></span> <span class='ocrx_word' id='word_1_155' title='bbox 475 2388 594 2445; x_wconf 88' lang='lat' dir='ltr'><strong>ergo</strong></span> <span class='ocrx_word' id='word_1_156' title='bbox 619 2372 863 2440; x_wconf 75' lang='lat' dir='ltr'><strong>dicemus,</strong></span> <span class='ocrx_word' id='word_1_157' title='bbox 909 2371 1118 2443; x_wconf 83' lang='lat' dir='ltr'><strong>inquit?</strong></span> <span class='ocrx_word' id='word_1_158' title='bbox 1155 2370 1570 2427; x_wconf 87' lang='lat' dir='ltr'><strong>Permanebimus</strong></span> <span class='ocrx_word' id='word_1_159' title='bbox 1594 2370 1647 2425; x_wconf 89' lang='lat' dir='ltr'><strong>in</strong></span> <span class='ocrx_word' id='word_1_160' title='bbox 1673 2381 1901 2443; x_wconf 80' lang='lat' dir='ltr'><strong>peccato,</strong></span> 
     </span>
    </p>
   </div>
   <div class='ocr_carea' id='block_1_23' title="bbox 315 2461 1911 2538">
    <p class='ocr_par' dir='ltr' id='par_1_23' title="bbox 315 2461 1911 2538">
     <span class='ocr_line' id='line_1_23' title="bbox 315 2461 1911 2538; baseline -0.003 -18"><span class='ocrx_word' id='word_1_161' title='bbox 315 2475 371 2520; x_wconf 91' lang='lat' dir='ltr'><strong>ut</strong></span> <span class='ocrx_word' id='word_1_162' title='bbox 394 2467 559 2538; x_wconf 87' lang='lat' dir='ltr'><strong>gratia</strong></span> <span class='ocrx_word' id='word_1_163' title='bbox 584 2464 844 2521; x_wconf 73' lang='lat' dir='ltr'><strong>abundet?</strong></span> <span class='ocrx_word' id='word_1_164' title='bbox 882 2464 1042 2519; x_wconf 86' lang='lat' dir='ltr'><strong>Absit.</strong></span> <span class='ocrx_word' id='word_1_165' title='bbox 1075 2463 1219 2519; x_wconf 69' lang='lat' dir='ltr'><strong>Vidit</strong></span> <span class='ocrx_word' id='word_1_166' title='bbox 1241 2463 1385 2520; x_wconf 88' lang='lat' dir='ltr'><strong>enim</strong></span> <span class='ocrx_word' id='word_1_167' title='bbox 1420 2477 1452 2518; x_wconf 87' lang='lat' dir='ltr'><strong>a</strong></span> <span class='ocrx_word' id='word_1_168' title='bbox 1497 2461 1760 2534; x_wconf 75' lang='lat' dir='ltr'><strong>perversis</strong></span> <span class='ocrx_word' id='word_1_169' title='bbox 1791 2477 1911 2533; x_wconf 89' lang='lat' dir='ltr'><strong>per-</strong></span> 
     </span>
    </p>
   </div>
   <div class='ocr_carea' id='block_1_24' title="bbox 313 2552 1912 2629">
    <p class='ocr_par' dir='ltr' id='par_1_24' title="bbox 313 2552 1912 2629">
     <span class='ocr_line' id='line_1_24' title="bbox 313 2552 1912 2629; baseline -0.003 -18"><span class='ocrx_word' id='word_1_170' title='bbox 313 2572 468 2614; x_wconf 86' lang='lat' dir='ltr'><strong>verse</strong></span> <span class='ocrx_word' id='word_1_171' title='bbox 511 2571 670 2629; x_wconf 87' lang='lat' dir='ltr'><strong>posse</strong></span> <span class='ocrx_word' id='word_1_172' title='bbox 718 2555 885 2629; x_wconf 86' lang='lat' dir='ltr'><strong>accipi</strong></span> <span class='ocrx_word' id='word_1_173' title='bbox 928 2554 1072 2626; x_wconf 87' lang='lat' dir='ltr'><strong>quod</strong></span> <span class='ocrx_word' id='word_1_174' title='bbox 1108 2554 1338 2622; x_wconf 81' lang='lat' dir='ltr'><strong>dixerat,</strong></span> <span class='ocrx_word' id='word_1_175' title='bbox 1368 2552 1479 2609; x_wconf 72' lang='lat' dir='ltr'><strong>Lex</strong></span> <span class='ocrx_word' id='word_1_176' title='bbox 1514 2553 1814 2609; x_wconf 85' lang='lat' dir='ltr'><strong>subintravit</strong></span> <span class='ocrx_word' id='word_1_177' title='bbox 1857 2561 1912 2607; x_wconf 87' lang='lat' dir='ltr'><strong>ut</strong></span> 
     </span>
    </p>
   </div>
   <div class='ocr_carea' id='block_1_25' title="bbox 313 2646 1910 2713">
    <p class='ocr_par' dir='ltr' id='par_1_25' title="bbox 313 2646 1910 2713">
     <span class='ocr_line' id='line_1_25' title="bbox 313 2646 1910 2713; baseline -0.003 -10"><span class='ocrx_word' id='word_1_178' title='bbox 313 2648 594 2703; x_wconf 83' lang='lat' dir='ltr'><strong>abundaret</strong></span> <span class='ocrx_word' id='word_1_179' title='bbox 623 2647 1006 2713; x_wconf 51' lang='lat' dir='ltr'><strong>delictumpubi</strong></span> <span class='ocrx_word' id='word_1_180' title='bbox 1022 2656 1203 2713; x_wconf 84' lang='lat' dir='ltr'><strong>autem</strong></span> <span class='ocrx_word' id='word_1_181' title='bbox 1227 2646 1501 2702; x_wconf 86' lang='lat' dir='ltr'><strong>abundavit</strong></span> <span class='ocrx_word' id='word_1_182' title='bbox 1530 2646 1790 2712; x_wconf 86' lang='lat' dir='ltr'><strong>delictum,</strong></span> <span class='ocrx_word' id='word_1_183' title='bbox 1817 2662 1910 2699; x_wconf 84' lang='lat' dir='ltr'><strong>su-</strong></span> 
     </span>
    </p>
   </div>
   <div class='ocr_carea' id='block_1_26' title="bbox 314 2736 1926 2813">
    <p class='ocr_par' dir='ltr' id='par_1_26' title="bbox 314 2736 1926 2813">
     <span class='ocr_line' id='line_1_26' title="bbox 314 2736 1926 2813; baseline -0.002 -19"><span class='ocrx_word' id='word_1_184' title='bbox 314 2738 679 2812; x_wconf 79' lang='lat' dir='ltr'><strong>perabundavit</strong></span> <span class='ocrx_word' id='word_1_185' title='bbox 702 2740 868 2810; x_wconf 86' lang='lat' dir='ltr'><strong>gratia</strong></span> <span class='ocrx_word' id='word_1_186' title='bbox 892 2739 914 2771; x_wconf 80' lang='grc'>¹</span> <span class='ocrx_word' id='word_1_187' title='bbox 943 2756 955 2792; x_wconf 89' lang='lat'><strong>:</strong></span> <span class='ocrx_word' id='word_1_188' title='bbox 987 2747 1238 2809; x_wconf 88' lang='lat' dir='ltr'><strong>tauquam</strong></span> <span class='ocrx_word' id='word_1_189' title='bbox 1268 2736 1485 2809; x_wconf 82' lang='lat' dir='ltr'><strong>dixerit,</strong></span> <span class='ocrx_word' id='word_1_190' title='bbox 1514 2745 1733 2813; x_wconf 85' lang='lat' dir='ltr'><strong>propter</strong></span> <span class='ocrx_word' id='word_1_191' title='bbox 1747 2738 1926 2794; x_wconf 82' lang='lat' dir='ltr'><strong>abun-</strong></span> 
     </span>
    </p>
   </div>
   <div class='ocr_carea' id='block_1_27' title="bbox 313 2826 1911 2904">
    <p class='ocr_par' dir='ltr' id='par_1_27' title="bbox 313 2826 1911 2904">
     <span class='ocr_line' id='line_1_27' title="bbox 313 2826 1911 2904; baseline -0.002 -16"><span class='ocrx_word' id='word_1_192' title='bbox 313 2831 553 2889; x_wconf 87' lang='lat' dir='ltr'><strong>dantiam</strong></span> <span class='ocrx_word' id='word_1_193' title='bbox 577 2831 761 2904; x_wconf 76' lang='lat' dir='ltr'><strong>gratiae</strong></span> <span class='ocrx_word' id='word_1_194' title='bbox 784 2830 1039 2902; x_wconf 86' lang='lat' dir='ltr'><strong>prodesse</strong></span> <span class='ocrx_word' id='word_1_195' title='bbox 1070 2838 1371 2902; x_wconf 90' lang='lat' dir='ltr'><strong>peccatum.</strong></span> <span class='ocrx_word' id='word_1_196' title='bbox 1412 2829 1528 2885; x_wconf 77' lang='lat' dir='ltr'><strong>[loc</strong></span> <span class='ocrx_word' id='word_1_197' title='bbox 1562 2826 1788 2895; x_wconf 85' lang='lat' dir='ltr'><strong>diluens,</strong></span> <span class='ocrx_word' id='word_1_198' title='bbox 1824 2845 1911 2885; x_wconf 82' lang='lat' dir='ltr'><strong>re-</strong></span> 
     </span>
    </p>
   </div>
   <div class='ocr_carea' id='block_1_28' title="bbox 312 2921 1903 2996">
    <p class='ocr_par' dir='ltr' id='par_1_28' title="bbox 312 2921 1903 2996">
     <span class='ocr_line' id='line_1_28' title="bbox 312 2921 1903 2996; baseline -0.004 -13"><span class='ocrx_word' id='word_1_199' title='bbox 312 2924 552 2996; x_wconf 82' lang='lat' dir='ltr'><strong>spondit,</strong></span> <span class='ocrx_word' id='word_1_200' title='bbox 608 2923 750 2980; x_wconf 87' lang='lat' dir='ltr'><strong>Absit</strong></span> <span class='ocrx_word' id='word_1_201' title='bbox 786 2941 807 2980; x_wconf 91' lang='lat'><strong><em>:</em></strong></span> <span class='ocrx_word' id='word_1_202' title='bbox 844 2932 1005 2996; x_wconf 86' lang='lat' dir='ltr'><strong>atque</strong></span> <span class='ocrx_word' id='word_1_203' title='bbox 1056 2922 1303 2994; x_wconf 85' lang='lat' dir='ltr'><strong>subjecit,</strong></span> <span class='ocrx_word' id='word_1_204' title='bbox 1353 2921 1455 2989; x_wconf 90' lang='lat' dir='ltr'><strong>Qui</strong></span> <span class='ocrx_word' id='word_1_205' title='bbox 1495 2923 1681 2978; x_wconf 85' lang='lat' dir='ltr'><strong>mortui</strong></span> <span class='ocrx_word' id='word_1_206' title='bbox 1726 2938 1903 2977; x_wconf 85' lang='lat' dir='ltr'><strong>sumus</strong></span> 
     </span>
    </p>
   </div>
   <div class='ocr_carea' id='block_1_29' title="bbox 315 3015 1908 3090">
    <p class='ocr_par' dir='ltr' id='par_1_29' title="bbox 315 3015 1908 3090">
     <span class='ocr_line' id='line_1_29' title="bbox 315 3015 1908 3090; baseline 0.001 -19"><span class='ocrx_word' id='word_1_207' title='bbox 315 3026 555 3090; x_wconf 81' lang='lat' dir='ltr'><strong>peccato,</strong></span> <span class='ocrx_word' id='word_1_208' title='bbox 601 3016 853 3090; x_wconf 86' lang='lat' dir='ltr'><strong>quomoda</strong></span> <span class='ocrx_word' id='word_1_209' title='bbox 901 3017 1122 3072; x_wconf 83' lang='lat' dir='ltr'><strong>vivemus</strong></span> <span class='ocrx_word' id='word_1_210' title='bbox 1164 3018 1220 3071; x_wconf 90' lang='lat' dir='ltr'><strong>in</strong></span> <span class='ocrx_word' id='word_1_211' title='bbox 1261 3016 1365 3072; x_wconf 79' lang='lat' dir='ltr'><strong>eo?</strong></span> <span class='ocrx_word' id='word_1_212' title='bbox 1394 3015 1509 3072; x_wconf 86' lang='lat' dir='ltr'><strong>lloc</strong></span> <span class='ocrx_word' id='word_1_213' title='bbox 1536 3023 1641 3083; x_wconf 88' lang='lat' dir='ltr'><strong>est,</strong></span> <span class='ocrx_word' id='word_1_214' title='bbox 1684 3031 1806 3072; x_wconf 89' lang='lat' dir='ltr'><strong>cum</strong></span> <span class='ocrx_word' id='word_1_215' title='bbox 1855 3016 1908 3073; x_wconf 93' lang='lat' dir='ltr'><strong>id</strong></span> 
     </span>
    </p>
   </div>
   <div class='ocr_carea' id='block_1_30' title="bbox 316 3109 1910 3184">
    <p class='ocr_par' dir='ltr' id='par_1_30' title="bbox 316 3109 1910 3184">
     <span class='ocr_line' id='line_1_30' title="bbox 316 3109 1910 3184; baseline 0 -18"><span class='ocrx_word' id='word_1_216' title='bbox 316 3110 627 3182; x_wconf 84' lang='lat' dir='ltr'><strong>praestiterit</strong></span> <span class='ocrx_word' id='word_1_217' title='bbox 649 3110 838 3182; x_wconf 87' lang='lat' dir='ltr'><strong>gratia,</strong></span> <span class='ocrx_word' id='word_1_218' title='bbox 867 3120 928 3166; x_wconf 91' lang='lat' dir='ltr'><strong>ut</strong></span> <span class='ocrx_word' id='word_1_219' title='bbox 954 3126 1291 3167; x_wconf 90' lang='lat' dir='ltr'><strong>moreremur</strong></span> <span class='ocrx_word' id='word_1_220' title='bbox 1315 3120 1536 3184; x_wconf 89' lang='lat' dir='ltr'><strong>peccato</strong></span> <span class='ocrx_word' id='word_1_221' title='bbox 1556 3153 1572 3178; x_wconf 89' lang='lat'><strong>,</strong></span> <span class='ocrx_word' id='word_1_222' title='bbox 1599 3110 1726 3183; x_wconf 87' lang='lat' dir='ltr'><strong>quid</strong></span> <span class='ocrx_word' id='word_1_223' title='bbox 1766 3109 1910 3168; x_wconf 88' lang='lat' dir='ltr'><strong>aliud</strong></span> 
     </span>
    </p>
   </div>
   <div class='ocr_carea' id='block_1_31' title="bbox 316 3200 1914 3275">
    <p class='ocr_par' dir='ltr' id='par_1_31' title="bbox 316 3200 1914 3275">
     <span class='ocr_line' id='line_1_31' title="bbox 316 3200 1914 3275; baseline -0.001 -18"><span class='ocrx_word' id='word_1_224' title='bbox 316 3200 602 3269; x_wconf 81' lang='lat' dir='ltr'><strong>faciemus,</strong></span> <span class='ocrx_word' id='word_1_225' title='bbox 634 3202 681 3258; x_wconf 88' lang='lat' dir='ltr'><strong>si</strong></span> <span class='ocrx_word' id='word_1_226' title='bbox 722 3201 965 3258; x_wconf 84' lang='lat' dir='ltr'><strong>vivemus</strong></span> <span class='ocrx_word' id='word_1_227' title='bbox 994 3203 1047 3259; x_wconf 91' lang='lat' dir='ltr'><strong>in</strong></span> <span class='ocrx_word' id='word_1_228' title='bbox 1072 3217 1167 3270; x_wconf 86' lang='lat' dir='ltr'><strong>eo,</strong></span> <span class='ocrx_word' id='word_1_229' title='bbox 1196 3202 1301 3258; x_wconf 93' lang='lat' dir='ltr'><strong>nisi</strong></span> <span class='ocrx_word' id='word_1_230' title='bbox 1343 3214 1399 3258; x_wconf 90' lang='lat' dir='ltr'><strong>ut</strong></span> <span class='ocrx_word' id='word_1_231' title='bbox 1423 3203 1609 3275; x_wconf 83' lang='lat' dir='ltr'><strong>gratiae</strong></span> <span class='ocrx_word' id='word_1_232' title='bbox 1637 3202 1806 3260; x_wconf 89' lang='lat' dir='ltr'><strong>simus</strong></span> <span class='ocrx_word' id='word_1_233' title='bbox 1831 3202 1914 3257; x_wconf 82' lang='lat' dir='ltr'><strong>in-</strong></span> 
     </span>
    </p>
   </div>
   <div class='ocr_carea' id='block_1_32' title="bbox 316 3292 1909 3367">
    <p class='ocr_par' dir='ltr' id='par_1_32' title="bbox 316 3292 1909 3367">
     <span class='ocr_line' id='line_1_32' title="bbox 316 3292 1909 3367; baseline 0 -17"><span class='ocrx_word' id='word_1_234' title='bbox 316 3292 491 3367; x_wconf 75' lang='lat' dir='ltr'><strong>grati?</strong></span> <span class='ocrx_word' id='word_1_235' title='bbox 516 3293 700 3366; x_wconf 79' lang='lat' dir='ltr'><strong>Neque</strong></span> <span class='ocrx_word' id='word_1_236' title='bbox 727 3296 869 3352; x_wconf 90' lang='lat' dir='ltr'><strong>enim</strong></span> <span class='ocrx_word' id='word_1_237' title='bbox 898 3298 987 3367; x_wconf 90' lang='lat' dir='ltr'><strong>qui</strong></span> <span class='ocrx_word' id='word_1_238' title='bbox 1017 3295 1199 3351; x_wconf 82' lang='lat' dir='ltr'><strong>laudat</strong></span> <span class='ocrx_word' id='word_1_239' title='bbox 1238 3294 1560 3353; x_wconf 80' lang='lat' dir='ltr'><strong>beneﬁcium</strong></span> <span class='ocrx_word' id='word_1_240' title='bbox 1588 3295 1870 3353; x_wconf 80' lang='lat' dir='ltr'><strong>medicina:</strong></span> <span class='ocrx_word' id='word_1_241' title='bbox 1894 3334 1909 3361; x_wconf 94' lang='lat'><strong>,</strong></span> 
     </span>
    </p>
   </div>
   <div class='ocr_carea' id='block_1_33' title="bbox 316 3385 1913 3460">
    <p class='ocr_par' dir='ltr' id='par_1_33' title="bbox 316 3385 1913 3460">
     <span class='ocr_line' id='line_1_33' title="bbox 316 3385 1913 3460; baseline -0.001 -17"><span class='ocrx_word' id='word_1_242' title='bbox 316 3385 574 3457; x_wconf 81' lang='lat' dir='ltr'><strong>prodesse</strong></span> <span class='ocrx_word' id='word_1_243' title='bbox 600 3388 815 3444; x_wconf 87' lang='lat' dir='ltr'><strong>morbos</strong></span> <span class='ocrx_word' id='word_1_244' title='bbox 839 3387 968 3444; x_wconf 92' lang='lat' dir='ltr'><strong>dicit</strong></span> <span class='ocrx_word' id='word_1_245' title='bbox 993 3396 1047 3444; x_wconf 90' lang='lat' dir='ltr'><strong>et</strong></span> <span class='ocrx_word' id='word_1_246' title='bbox 1071 3389 1311 3456; x_wconf 78' lang='lat' dir='ltr'><strong>vulnera,</strong></span> <span class='ocrx_word' id='word_1_247' title='bbox 1343 3404 1374 3444; x_wconf 91' lang='lat' dir='ltr'><strong>a</strong></span> <span class='ocrx_word' id='word_1_248' title='bbox 1400 3388 1595 3460; x_wconf 87' lang='lat' dir='ltr'><strong>quibus</strong></span> <span class='ocrx_word' id='word_1_249' title='bbox 1616 3388 1705 3444; x_wconf 84' lang='lat' dir='ltr'><strong>illa</strong></span> <span class='ocrx_word' id='word_1_250' title='bbox 1734 3387 1913 3443; x_wconf 84' lang='lat' dir='ltr'><strong>homi-</strong></span> 
     </span>
    </p>
   </div>
   <div class='ocr_carea' id='block_1_34' title="bbox 318 3480 1915 3553">
    <p class='ocr_par' dir='ltr' id='par_1_34' title="bbox 318 3480 1915 3553">
     <span class='ocr_line' id='line_1_34' title="bbox 318 3480 1915 3553; baseline 0.001 -16"><span class='ocrx_word' id='word_1_251' title='bbox 318 3495 443 3537; x_wconf 78' lang='lat' dir='ltr'><strong>nem</strong></span> <span class='ocrx_word' id='word_1_252' title='bbox 477 3492 631 3538; x_wconf 82' lang='lat' dir='ltr'><strong>sanat</strong></span> <span class='ocrx_word' id='word_1_253' title='bbox 663 3498 677 3535; x_wconf 89' lang='lat'><strong>:</strong></span> <span class='ocrx_word' id='word_1_254' title='bbox 709 3481 802 3539; x_wconf 86' lang='lat' dir='ltr'><strong>sed</strong></span> <span class='ocrx_word' id='word_1_255' title='bbox 829 3491 1029 3553; x_wconf 89' lang='lat' dir='ltr'><strong>quanto</strong></span> <span class='ocrx_word' id='word_1_256' title='bbox 1054 3480 1348 3553; x_wconf 88' lang='lat' dir='ltr'><strong>majoribus</strong></span> <span class='ocrx_word' id='word_1_257' title='bbox 1374 3481 1638 3538; x_wconf 89' lang='lat' dir='ltr'><strong>medicina</strong></span> <span class='ocrx_word' id='word_1_258' title='bbox 1668 3481 1915 3538; x_wconf 73' lang='lat' dir='ltr'><strong>lilUtllllllS</strong></span> 
     </span>
    </p>
   </div>
   <div class='ocr_carea' id='block_1_35' title="bbox 319 3572 1917 3646">
    <p class='ocr_par' dir='ltr' id='par_1_35' title="bbox 319 3572 1917 3646">
     <span class='ocr_line' id='line_1_35' title="bbox 319 3572 1917 3646; baseline 0 -18"><span class='ocrx_word' id='word_1_259' title='bbox 319 3572 663 3643; x_wconf 60' lang='lat' dir='ltr'><strong>praedicatur,</strong></span> <span class='ocrx_word' id='word_1_260' title='bbox 715 3583 862 3630; x_wconf 89' lang='lat' dir='ltr'><strong>tanto</strong></span> <span class='ocrx_word' id='word_1_261' title='bbox 901 3574 1069 3646; x_wconf 84' lang='lat' dir='ltr'><strong>magis</strong></span> <span class='ocrx_word' id='word_1_262' title='bbox 1113 3575 1485 3645; x_wconf 89' lang='lat' dir='ltr'><strong>vituperantur</strong></span> <span class='ocrx_word' id='word_1_263' title='bbox 1525 3583 1579 3630; x_wconf 88' lang='lat' dir='ltr'><strong>et</strong></span> <span class='ocrx_word' id='word_1_264' title='bbox 1626 3573 1917 3629; x_wconf 88' lang='lat' dir='ltr'><strong>horreutur</strong></span> 
     </span>
    </p>
   </div>
   <div class='ocr_carea' id='block_1_36' title="bbox 320 3665 1913 3738">
    <p class='ocr_par' dir='ltr' id='par_1_36' title="bbox 320 3665 1913 3738">
     <span class='ocr_line' id='line_1_36' title="bbox 320 3665 1913 3738; baseline 0.001 -20"><span class='ocrx_word' id='word_1_265' title='bbox 320 3665 538 3720; x_wconf 76' lang='lat' dir='ltr'><strong>vulnera</strong></span> <span class='ocrx_word' id='word_1_266' title='bbox 563 3672 620 3721; x_wconf 88' lang='lat' dir='ltr'><strong>et</strong></span> <span class='ocrx_word' id='word_1_267' title='bbox 647 3666 839 3733; x_wconf 88' lang='lat' dir='ltr'><strong>morbi,</strong></span> <span class='ocrx_word' id='word_1_268' title='bbox 867 3681 897 3722; x_wconf 91' lang='lat' dir='ltr'><strong>a</strong></span> <span class='ocrx_word' id='word_1_269' title='bbox 928 3667 1122 3737; x_wconf 89' lang='lat' dir='ltr'><strong>quibus</strong></span> <span class='ocrx_word' id='word_1_270' title='bbox 1161 3666 1353 3723; x_wconf 85' lang='lat' dir='ltr'><strong>liberat</strong></span> <span class='ocrx_word' id='word_1_271' title='bbox 1386 3681 1506 3738; x_wconf 75' lang='lat' dir='ltr'><strong>quae</strong></span> <span class='ocrx_word' id='word_1_272' title='bbox 1544 3666 1616 3721; x_wconf 88' lang='lat' dir='ltr'><strong>ita</strong></span> <span class='ocrx_word' id='word_1_273' title='bbox 1647 3665 1913 3721; x_wconf 85' lang='lat' dir='ltr'><strong>laudatur.</strong></span> 
     </span>
    </p>
   </div>
   <div class='ocr_carea' id='block_1_37' title="bbox 320 3756 1917 3832">
    <p class='ocr_par' dir='ltr' id='par_1_37' title="bbox 320 3756 1917 3832">
     <span class='ocr_line' id='line_1_37' title="bbox 320 3756 1917 3832; baseline -0.001 -17"><span class='ocrx_word' id='word_1_274' title='bbox 320 3756 411 3815; x_wconf 88' lang='lat' dir='ltr'><strong>Sic</strong></span> <span class='ocrx_word' id='word_1_275' title='bbox 436 3758 550 3814; x_wconf 90' lang='lat' dir='ltr'><strong>laus</strong></span> <span class='ocrx_word' id='word_1_276' title='bbox 578 3767 632 3814; x_wconf 89' lang='lat' dir='ltr'><strong>et</strong></span> <span class='ocrx_word' id='word_1_277' title='bbox 660 3758 969 3830; x_wconf 74' lang='lat' dir='ltr'><strong>praedicatio</strong></span> <span class='ocrx_word' id='word_1_278' title='bbox 998 3759 1185 3832; x_wconf 76' lang='lat' dir='ltr'><strong>gratia:</strong></span> <span class='ocrx_word' id='word_1_279' title='bbox 1215 3758 1537 3831; x_wconf 86' lang='lat' dir='ltr'><strong>vituperatio</strong></span> <span class='ocrx_word' id='word_1_280' title='bbox 1566 3767 1619 3814; x_wconf 92' lang='lat' dir='ltr'><strong>et</strong></span> <span class='ocrx_word' id='word_1_281' title='bbox 1644 3758 1917 3813; x_wconf 90' lang='lat' dir='ltr'><strong>damnatio</strong></span> 
     </span>
    </p>
   </div>
   <div class='ocr_carea' id='block_1_38' title="bbox 320 3850 1917 3910">
    <p class='ocr_par' dir='ltr' id='par_1_38' title="bbox 320 3850 1917 3910">
     <span class='ocr_line' id='line_1_38' title="bbox 320 3850 1917 3910; baseline 0.001 -4"><span class='ocrx_word' id='word_1_282' title='bbox 320 3858 408 3906; x_wconf 87' lang='lat' dir='ltr'><strong>est</strong></span> <span class='ocrx_word' id='word_1_283' title='bbox 451 3850 787 3908; x_wconf 91' lang='lat' dir='ltr'><strong>delictorum.</strong></span> <span class='ocrx_word' id='word_1_284' title='bbox 836 3851 1259 3909; x_wconf 83' lang='lat' dir='ltr'><strong>Demonstranda</strong></span> <span class='ocrx_word' id='word_1_285' title='bbox 1302 3852 1445 3910; x_wconf 90' lang='lat' dir='ltr'><strong>enim</strong></span> <span class='ocrx_word' id='word_1_286' title='bbox 1490 3852 1667 3908; x_wconf 77' lang='lat' dir='ltr'><strong>fuerat</strong></span> <span class='ocrx_word' id='word_1_287' title='bbox 1715 3851 1917 3909; x_wconf 88' lang='lat' dir='ltr'><strong>homini</strong></span> 
     </span>
    </p>
   </div>
   <div class='ocr_carea' id='block_1_39' title="bbox 322 3941 1917 4017">
    <p class='ocr_par' dir='ltr' id='par_1_39' title="bbox 322 3941 1917 4017">
     <span class='ocr_line' id='line_1_39' title="bbox 322 3941 1917 4017; baseline 0.001 -19"><span class='ocrx_word' id='word_1_288' title='bbox 322 3941 534 4001; x_wconf 80' lang='lat' dir='ltr'><strong>fteditas</strong></span> <span class='ocrx_word' id='word_1_289' title='bbox 574 3943 844 4016; x_wconf 80' lang='lat' dir='ltr'><strong>languoris</strong></span> <span class='ocrx_word' id='word_1_290' title='bbox 870 3944 1011 4017; x_wconf 86' lang='lat' dir='ltr'><strong>ejus,</strong></span> <span class='ocrx_word' id='word_1_291' title='bbox 1050 3945 1138 4001; x_wconf 91' lang='lat' dir='ltr'><strong>cui</strong></span> <span class='ocrx_word' id='word_1_292' title='bbox 1168 3953 1356 4001; x_wconf 89' lang='lat' dir='ltr'><strong>contra</strong></span> <span class='ocrx_word' id='word_1_293' title='bbox 1385 3944 1719 4016; x_wconf 90' lang='lat' dir='ltr'><strong>iniquitatem</strong></span> <span class='ocrx_word' id='word_1_294' title='bbox 1764 3961 1917 4001; x_wconf 89' lang='lat' dir='ltr'><strong>suam</strong></span> 
     </span>
    </p>
   </div>
   <div class='ocr_carea' id='block_1_40' title="bbox 321 4038 1919 4115">
    <p class='ocr_par' dir='ltr' id='par_1_40' title="bbox 321 4038 1919 4115">
     <span class='ocr_line' id='line_1_40' title="bbox 321 4038 1919 4115; baseline 0.003 -23"><span class='ocrx_word' id='word_1_295' title='bbox 321 4051 424 4092; x_wconf 87' lang='lat' dir='ltr'><strong>nec</strong></span> <span class='ocrx_word' id='word_1_296' title='bbox 453 4046 776 4109; x_wconf 63' lang='lat' dir='ltr'><strong>praeceptum</strong></span> <span class='ocrx_word' id='word_1_297' title='bbox 802 4048 1045 4095; x_wconf 90' lang='lat' dir='ltr'><strong>sanctum</strong></span> <span class='ocrx_word' id='word_1_298' title='bbox 1070 4049 1119 4095; x_wconf 91' lang='lat' dir='ltr'><strong>et</strong></span> <span class='ocrx_word' id='word_1_299' title='bbox 1143 4038 1343 4096; x_wconf 89' lang='lat' dir='ltr'><strong>bonum</strong></span> <span class='ocrx_word' id='word_1_300' title='bbox 1370 4039 1589 4112; x_wconf 80' lang='lat' dir='ltr'><strong>profuit,</strong></span> <span class='ocrx_word' id='word_1_301' title='bbox 1613 4056 1721 4112; x_wconf 91' lang='lat' dir='ltr'><strong>quo</strong></span> <span class='ocrx_word' id='word_1_302' title='bbox 1750 4043 1919 4115; x_wconf 90' lang='lat' dir='ltr'><strong>magis</strong></span> 
     </span>
    </p>
   </div>
   <div class='ocr_carea' id='block_1_41' title="bbox 319 4124 1920 4206">
    <p class='ocr_par' dir='ltr' id='par_1_41' title="bbox 319 4124 1920 4206">
     <span class='ocr_line' id='line_1_41' title="bbox 319 4124 1920 4206; baseline 0.004 -22"><span class='ocrx_word' id='word_1_303' title='bbox 319 4138 478 4184; x_wconf 84' lang='lat' dir='ltr'><strong>aucta</strong></span> <span class='ocrx_word' id='word_1_304' title='bbox 507 4136 587 4186; x_wconf 88' lang='lat' dir='ltr'><strong>est</strong></span> <span class='ocrx_word' id='word_1_305' title='bbox 626 4130 876 4202; x_wconf 88' lang='lat' dir='ltr'><strong>iniquitas</strong></span> <span class='ocrx_word' id='word_1_306' title='bbox 903 4146 1061 4204; x_wconf 89' lang='lat' dir='ltr'><strong>quam</strong></span> <span class='ocrx_word' id='word_1_307' title='bbox 1091 4132 1295 4189; x_wconf 89' lang='lat' dir='ltr'><strong>minuta</strong></span> <span class='ocrx_word' id='word_1_308' title='bbox 1314 4124 1792 4206; x_wconf 54' lang='lat' dir='ltr'><strong>{quandoquidem</strong></span> <span class='ocrx_word' id='word_1_309' title='bbox 1833 4136 1920 4193; x_wconf 91' lang='lat' dir='ltr'><strong>lex</strong></span> 
     </span>
    </p>
   </div>
   <div class='ocr_carea' id='block_1_42' title="bbox 322 4220 1920 4294">
    <p class='ocr_par' dir='ltr' id='par_1_42' title="bbox 322 4220 1920 4294">
     <span class='ocr_line' id='line_1_42' title="bbox 322 4220 1920 4294; baseline 0.006 -18"><span class='ocrx_word' id='word_1_310' title='bbox 322 4220 660 4289; x_wconf 76' lang='lat' dir='ltr'><strong>subintravit,</strong></span> <span class='ocrx_word' id='word_1_311' title='bbox 691 4231 751 4277; x_wconf 90' lang='lat' dir='ltr'><strong>ut</strong></span> <span class='ocrx_word' id='word_1_312' title='bbox 776 4222 1070 4280; x_wconf 90' lang='lat' dir='ltr'><strong>abundaret</strong></span> <span class='ocrx_word' id='word_1_313' title='bbox 1101 4224 1395 4294; x_wconf 87' lang='lat' dir='ltr'><strong>delictum;</strong></span> <span class='ocrx_word' id='word_1_314' title='bbox 1424 4235 1481 4282; x_wconf 93' lang='lat' dir='ltr'><strong>ut</strong></span> <span class='ocrx_word' id='word_1_315' title='bbox 1505 4242 1572 4283; x_wconf 90' lang='lat' dir='ltr'><strong>eo</strong></span> <span class='ocrx_word' id='word_1_316' title='bbox 1601 4227 1761 4283; x_wconf 90' lang='lat' dir='ltr'><strong>modo</strong></span> <span class='ocrx_word' id='word_1_317' title='bbox 1785 4244 1920 4285; x_wconf 86' lang='lat' dir='ltr'><strong>eon-</strong></span> 
     </span>
    </p>
   </div>
   <div class='ocr_carea' id='block_1_43' title="bbox 321 4314 1918 4387">
    <p class='ocr_par' dir='ltr' id='par_1_43' title="bbox 321 4314 1918 4387">
     <span class='ocr_line' id='line_1_43' title="bbox 321 4314 1918 4387; baseline 0.007 -19"><span class='ocrx_word' id='word_1_318' title='bbox 321 4314 497 4370; x_wconf 80' lang='lat' dir='ltr'><strong>victus</strong></span> <span class='ocrx_word' id='word_1_319' title='bbox 520 4324 679 4387; x_wconf 90' lang='lat' dir='ltr'><strong>atque</strong></span> <span class='ocrx_word' id='word_1_320' title='bbox 703 4316 959 4374; x_wconf 88' lang='lat' dir='ltr'><strong>confusus</strong></span> <span class='ocrx_word' id='word_1_321' title='bbox 980 4360 995 4385; x_wconf 93' lang='lat'><strong>,</strong></span> <span class='ocrx_word' id='word_1_322' title='bbox 1030 4318 1239 4376; x_wconf 88' lang='lat' dir='ltr'><strong>videret</strong></span> <span class='ocrx_word' id='word_1_323' title='bbox 1275 4336 1382 4376; x_wconf 88' lang='lat' dir='ltr'><strong>non</strong></span> <span class='ocrx_word' id='word_1_324' title='bbox 1414 4330 1618 4376; x_wconf 84' lang='lat' dir='ltr'><strong>tantum</strong></span> <span class='ocrx_word' id='word_1_325' title='bbox 1644 4321 1918 4379; x_wconf 85' lang='lat' dir='ltr'><strong>doctorem</strong></span> 
     </span>
    </p>
   </div>
   <div class='ocr_carea' id='block_1_44' title="bbox 322 4406 1917 4485">
    <p class='ocr_par' dir='ltr' id='par_1_44' title="bbox 322 4406 1917 4485">
     <span class='ocr_line' id='line_1_44' title="bbox 322 4406 1917 4485; baseline 0.006 -24"><span class='ocrx_word' id='word_1_326' title='bbox 322 4406 428 4462; x_wconf 85' lang='lat' dir='ltr'><strong>sibi</strong></span> <span class='ocrx_word' id='word_1_327' title='bbox 454 4421 572 4463; x_wconf 84' lang='lat' dir='ltr'><strong>esse</strong></span> <span class='ocrx_word' id='word_1_328' title='bbox 597 4410 978 4478; x_wconf 89' lang='lat' dir='ltr'><strong>necessarium,</strong></span> <span class='ocrx_word' id='word_1_329' title='bbox 1004 4427 1190 4468; x_wconf 91' lang='lat' dir='ltr'><strong>verum</strong></span> <span class='ocrx_word' id='word_1_330' title='bbox 1218 4411 1378 4468; x_wconf 89' lang='lat' dir='ltr'><strong>etiam</strong></span> <span class='ocrx_word' id='word_1_331' title='bbox 1403 4411 1701 4485; x_wconf 88' lang='lat' dir='ltr'><strong>adjutorem</strong></span> <span class='ocrx_word' id='word_1_332' title='bbox 1728 4414 1917 4483; x_wconf 91' lang='lat' dir='ltr'><strong>Deum,</strong></span> 
     </span>
    </p>
   </div>
   <div class='ocr_carea' id='block_1_45' title="bbox 322 4499 1922 4575">
    <p class='ocr_par' dir='ltr' id='par_1_45' title="bbox 322 4499 1922 4575">
     <span class='ocr_line' id='line_1_45' title="bbox 322 4499 1922 4575; baseline 0.007 -23"><span class='ocrx_word' id='word_1_333' title='bbox 322 4511 356 4552; x_wconf 88' lang='lat' dir='ltr'><strong>a</strong></span> <span class='ocrx_word' id='word_1_334' title='bbox 384 4512 491 4569; x_wconf 88' lang='lat' dir='ltr'><strong>quo</strong></span> <span class='ocrx_word' id='word_1_335' title='bbox 518 4499 634 4570; x_wconf 90' lang='lat' dir='ltr'><strong>ejus</strong></span> <span class='ocrx_word' id='word_1_336' title='bbox 659 4499 849 4557; x_wconf 89' lang='lat' dir='ltr'><strong>itinera</strong></span> <span class='ocrx_word' id='word_1_337' title='bbox 878 4502 1198 4575; x_wconf 81' lang='lat' dir='ltr'><strong>dirigantur,</strong></span> <span class='ocrx_word' id='word_1_338' title='bbox 1227 4520 1296 4561; x_wconf 89' lang='lat' dir='ltr'><strong>ne</strong></span> <span class='ocrx_word' id='word_1_339' title='bbox 1323 4503 1632 4562; x_wconf 88' lang='lat' dir='ltr'><strong>dominetur</strong></span> <span class='ocrx_word' id='word_1_340' title='bbox 1662 4506 1710 4562; x_wconf 91' lang='lat' dir='ltr'><strong>ci</strong></span> <span class='ocrx_word' id='word_1_341' title='bbox 1745 4507 1922 4564; x_wconf 84' lang='lat' dir='ltr'><strong>cumis</strong></span> 
     </span>
    </p>
   </div>
   <div class='ocr_carea' id='block_1_46' title="bbox 326 4592 1921 4673">
    <p class='ocr_par' dir='ltr' id='par_1_46' title="bbox 326 4592 1921 4673">
     <span class='ocr_line' id='line_1_46' title="bbox 326 4592 1921 4673; baseline 0.006 -24"><span class='ocrx_word' id='word_1_342' title='bbox 326 4592 577 4665; x_wconf 87' lang='lat' dir='ltr'><strong>iniquitas</strong></span> <span class='ocrx_word' id='word_1_343' title='bbox 606 4593 777 4667; x_wconf 88' lang='lat' dir='ltr'><strong>(Psal.</strong></span> <span class='ocrx_word' id='word_1_344' title='bbox 808 4612 991 4666; x_wconf 78' lang='lat' dir='ltr'><strong>exvtu,</strong></span> <span class='ocrx_word' id='word_1_345' title='bbox 1020 4599 1169 4672; x_wconf 75' lang='lat'><strong>155),</strong></span> <span class='ocrx_word' id='word_1_346' title='bbox 1204 4607 1259 4656; x_wconf 88' lang='lat' dir='ltr'><strong>et</strong></span> <span class='ocrx_word' id='word_1_347' title='bbox 1288 4597 1646 4672; x_wconf 88' lang='lat' dir='ltr'><strong>confugiendo</strong></span> <span class='ocrx_word' id='word_1_348' title='bbox 1670 4600 1735 4656; x_wconf 89' lang='lat' dir='ltr'><strong>ad</strong></span> <span class='ocrx_word' id='word_1_349' title='bbox 1761 4616 1921 4673; x_wconf 90' lang='lat' dir='ltr'><strong>opem</strong></span> 
     </span>
    </p>
   </div>
   <div class='ocr_carea' id='block_1_47' title="bbox 324 4684 1923 4765">
    <p class='ocr_par' dir='ltr' id='par_1_47' title="bbox 324 4684 1923 4765">
     <span class='ocr_line' id='line_1_47' title="bbox 324 4684 1923 4765; baseline 0.007 -26"><span class='ocrx_word' id='word_1_350' title='bbox 324 4684 522 4742; x_wconf 77' lang='lat' dir='ltr'><strong>divina:</strong></span> <span class='ocrx_word' id='word_1_351' title='bbox 547 4688 931 4746; x_wconf 79' lang='lat' dir='ltr'><strong>misericordiae</strong></span> <span class='ocrx_word' id='word_1_352' title='bbox 958 4702 1215 4749; x_wconf 89' lang='lat' dir='ltr'><strong>sanetur:</strong></span> <span class='ocrx_word' id='word_1_353' title='bbox 1244 4701 1406 4765; x_wconf 89' lang='lat' dir='ltr'><strong>atque</strong></span> <span class='ocrx_word' id='word_1_354' title='bbox 1427 4693 1499 4750; x_wconf 88' lang='lat' dir='ltr'><strong>ita</strong></span> <span class='ocrx_word' id='word_1_355' title='bbox 1520 4694 1609 4750; x_wconf 89' lang='lat' dir='ltr'><strong>ubi</strong></span> <span class='ocrx_word' id='word_1_356' title='bbox 1632 4694 1923 4751; x_wconf 87' lang='lat' dir='ltr'><strong>abundavit</strong></span> 
     </span>
    </p>
   </div>
   <div class='ocr_carea' id='block_1_48' title="bbox 326 4775 1918 4858">
    <p class='ocr_par' dir='ltr' id='par_1_48' title="bbox 326 4775 1918 4858">
     <span class='ocr_line' id='line_1_48' title="bbox 326 4775 1918 4858; baseline 0.006 -27"><span class='ocrx_word' id='word_1_357' title='bbox 326 4775 600 4845; x_wconf 89' lang='lat' dir='ltr'><strong>delictum,</strong></span> <span class='ocrx_word' id='word_1_358' title='bbox 629 4782 1028 4852; x_wconf 87' lang='lat' dir='ltr'><strong>superabundet</strong></span> <span class='ocrx_word' id='word_1_359' title='bbox 1053 4785 1247 4857; x_wconf 88' lang='lat' dir='ltr'><strong>gratia,</strong></span> <span class='ocrx_word' id='word_1_360' title='bbox 1276 4802 1383 4842; x_wconf 90' lang='lat' dir='ltr'><strong>non</strong></span> <span class='ocrx_word' id='word_1_361' title='bbox 1404 4786 1677 4858; x_wconf 86' lang='lat' dir='ltr'><strong>peccantis</strong></span> <span class='ocrx_word' id='word_1_362' title='bbox 1702 4786 1918 4854; x_wconf 87' lang='lat' dir='ltr'><strong>merito,</strong></span> 
     </span>
    </p>
   </div>
   <div class='ocr_carea' id='block_1_49' title="bbox 326 4867 1059 4931">
    <p class='ocr_par' dir='ltr' id='par_1_49' title="bbox 326 4867 1059 4931">
     <span class='ocr_line' id='line_1_49' title="bbox 326 4867 1059 4931; baseline 0.011 -8"><span class='ocrx_word' id='word_1_363' title='bbox 326 4867 424 4924; x_wconf 82' lang='lat' dir='ltr'><strong>sed</strong></span> <span class='ocrx_word' id='word_1_364' title='bbox 445 4870 813 4929; x_wconf 86' lang='lat' dir='ltr'><strong>subvenientis</strong></span> <span class='ocrx_word' id='word_1_365' title='bbox 834 4874 1059 4931; x_wconf 83' lang='lat' dir='ltr'><strong>auxilio.</strong></span> 
     </span>
    </p>
   </div>
   <div class='ocr_carea' id='block_1_50' title="bbox 401 4960 1924 5044">
    <p class='ocr_par' dir='ltr' id='par_1_50' title="bbox 401 4960 1924 5044">
     <span class='ocr_line' id='line_1_50' title="bbox 401 4960 1924 5044; baseline 0.009 -28"><span class='ocrx_word' id='word_1_366' title='bbox 401 4960 490 5017; x_wconf 79' lang='grc'><strong>10.</strong></span> <span class='ocrx_word' id='word_1_367' title='bbox 529 4962 934 5037; x_wconf 86' lang='lat' dir='ltr'><strong>Consequenter</strong></span> <span class='ocrx_word' id='word_1_368' title='bbox 960 4969 1205 5027; x_wconf 88' lang='lat' dir='ltr'><strong>eamdem</strong></span> <span class='ocrx_word' id='word_1_369' title='bbox 1243 4969 1563 5027; x_wconf 88' lang='lat' dir='ltr'><strong>medicinam</strong></span> <span class='ocrx_word' id='word_1_370' title='bbox 1592 4972 1644 5027; x_wconf 92' lang='lat' dir='ltr'><strong>in</strong></span> <span class='ocrx_word' id='word_1_371' title='bbox 1676 4972 1924 5044; x_wconf 87' lang='lat' dir='ltr'><strong>passione</strong></span> 
     </span>
    </p>
   </div>
   <div class='ocr_carea' id='block_1_51' title="bbox 327 5057 1922 5134">
    <p class='ocr_par' dir='ltr' id='par_1_51' title="bbox 327 5057 1922 5134">
     <span class='ocr_line' id='line_1_51' title="bbox 327 5057 1922 5134; baseline 0.009 -26"><span class='ocrx_word' id='word_1_372' title='bbox 327 5059 386 5108; x_wconf 84' lang='lat' dir='ltr'><strong>et</strong></span> <span class='ocrx_word' id='word_1_373' title='bbox 403 5057 798 5115; x_wconf 89' lang='lat' dir='ltr'><strong>resurrectione</strong></span> <span class='ocrx_word' id='word_1_374' title='bbox 822 5057 1020 5117; x_wconf 88' lang='lat' dir='ltr'><strong>Christi</strong></span> <span class='ocrx_word' id='word_1_375' title='bbox 1046 5062 1275 5134; x_wconf 87' lang='lat' dir='ltr'><strong>mystice</strong></span> <span class='ocrx_word' id='word_1_376' title='bbox 1297 5062 1715 5121; x_wconf 88' lang='lat' dir='ltr'><strong>demonstratam</strong></span> <span class='ocrx_word' id='word_1_377' title='bbox 1742 5077 1922 5122; x_wconf 80' lang='lat' dir='ltr'><strong>osten-</strong></span> 
     </span>
    </p>
   </div>
   <div class='ocr_carea' id='block_1_52' title="bbox 328 5146 1927 5233">
    <p class='ocr_par' dir='ltr' id='par_1_52' title="bbox 328 5146 1927 5233">
     <span class='ocr_line' id='line_1_52' title="bbox 328 5146 1927 5233; baseline 0.009 -31"><span class='ocrx_word' id='word_1_378' title='bbox 328 5146 409 5204; x_wconf 91' lang='lat' dir='ltr'><strong>dit</strong></span> <span class='ocrx_word' id='word_1_379' title='bbox 430 5149 737 5221; x_wconf 82' lang='lat' dir='ltr'><strong>Apostolus,</strong></span> <span class='ocrx_word' id='word_1_380' title='bbox 760 5153 943 5218; x_wconf 81' lang='lat' dir='ltr'><strong>dieens</strong></span> <span class='ocrx_word' id='word_1_381' title='bbox 966 5174 982 5213; x_wconf 84' lang='lat' dir='ltr'><strong>a</strong></span> <span class='ocrx_word' id='word_1_382' title='bbox 1005 5157 1084 5212; x_wconf 87' lang='lat' dir='ltr'><strong>An</strong></span> <span class='ocrx_word' id='word_1_383' title='bbox 1106 5158 1352 5231; x_wconf 80' lang='lat' dir='ltr'><strong>ignoratis</strong></span> <span class='ocrx_word' id='word_1_384' title='bbox 1371 5158 1609 5232; x_wconf 75' lang='lat' dir='ltr'><strong>quoniam</strong></span> <span class='ocrx_word' id='word_1_385' title='bbox 1627 5161 1927 5233; x_wconf 84' lang='lat' dir='ltr'><strong>quicumque</strong></span> 
     </span>
    </p>
   </div>
   <div class='ocr_carea' id='block_1_53' title="bbox 329 5241 1928 5326">
    <p class='ocr_par' dir='ltr' id='par_1_53' title="bbox 329 5241 1928 5326">
     <span class='ocr_line' id='line_1_53' title="bbox 329 5241 1928 5326; baseline 0.008 -31"><span class='ocrx_word' id='word_1_386' title='bbox 329 5241 571 5311; x_wconf 76' lang='lat' dir='ltr'><strong>baptismi</strong></span> <span class='ocrx_word' id='word_1_387' title='bbox 597 5260 773 5301; x_wconf 86' lang='lat' dir='ltr'><strong>sumus</strong></span> <span class='ocrx_word' id='word_1_388' title='bbox 797 5246 851 5301; x_wconf 92' lang='lat' dir='ltr'><strong>in</strong></span> <span class='ocrx_word' id='word_1_389' title='bbox 890 5246 1089 5303; x_wconf 82' lang='lat' dir='ltr'><strong>Christo</strong></span> <span class='ocrx_word' id='word_1_390' title='bbox 1125 5247 1283 5316; x_wconf 81' lang='lat' dir='ltr'><strong>Jesu,</strong></span> <span class='ocrx_word' id='word_1_391' title='bbox 1312 5250 1367 5305; x_wconf 92' lang='lat' dir='ltr'><strong>in</strong></span> <span class='ocrx_word' id='word_1_392' title='bbox 1395 5260 1554 5307; x_wconf 88' lang='lat' dir='ltr'><strong>morte</strong></span> <span class='ocrx_word' id='word_1_393' title='bbox 1579 5252 1737 5325; x_wconf 82' lang='lat' dir='ltr'><strong>ipsius</strong></span> <span class='ocrx_word' id='word_1_394' title='bbox 1761 5252 1928 5326; x_wconf 87' lang='lat' dir='ltr'><strong>bapti-</strong></span> 
     </span>
    </p>
   </div>
   <div class='ocr_carea' id='block_1_54' title="bbox 328 5334 1927 5417">
    <p class='ocr_par' dir='ltr' id='par_1_54' title="bbox 328 5334 1927 5417">
     <span class='ocr_line' id='line_1_54' title="bbox 328 5334 1927 5417; baseline 0.008 -29"><span class='ocrx_word' id='word_1_395' title='bbox 328 5334 434 5390; x_wconf 75' lang='lat' dir='ltr'><strong>sati</strong></span> <span class='ocrx_word' id='word_1_396' title='bbox 456 5337 671 5392; x_wconf 71' lang='lat' dir='ltr'><strong>sumus?</strong></span> <span class='ocrx_word' id='word_1_397' title='bbox 707 5335 1002 5411; x_wconf 89' lang='lat' dir='ltr'><strong>Consepulti</strong></span> <span class='ocrx_word' id='word_1_398' title='bbox 1041 5359 1159 5415; x_wconf 83' lang='lat' dir='ltr'><strong>ergo</strong></span> <span class='ocrx_word' id='word_1_399' title='bbox 1192 5360 1366 5398; x_wconf 86' lang='lat' dir='ltr'><strong>sumus</strong></span> <span class='ocrx_word' id='word_1_400' title='bbox 1388 5343 1466 5399; x_wconf 84' lang='lat' dir='ltr'><strong>illi</strong></span> <span class='ocrx_word' id='word_1_401' title='bbox 1491 5360 1581 5417; x_wconf 77' lang='lat' dir='ltr'><strong>per</strong></span> <span class='ocrx_word' id='word_1_402' title='bbox 1605 5342 1927 5417; x_wconf 80' lang='lat' dir='ltr'><strong>Baptismum</strong></span> 
     </span>
    </p>
   </div>
   <div class='ocr_carea' id='block_1_55' title="bbox 330 5426 1924 5505">
    <p class='ocr_par' dir='ltr' id='par_1_55' title="bbox 330 5426 1924 5505">
     <span class='ocr_line' id='line_1_55' title="bbox 330 5426 1924 5505; baseline 0.008 -25"><span class='ocrx_word' id='word_1_403' title='bbox 330 5426 385 5480; x_wconf 90' lang='lat' dir='ltr'><strong>in</strong></span> <span class='ocrx_word' id='word_1_404' title='bbox 414 5438 624 5483; x_wconf 86' lang='lat' dir='ltr'><strong>mortem</strong></span> <span class='ocrx_word' id='word_1_405' title='bbox 643 5468 660 5498; x_wconf 88' lang='lat'><strong>,</strong></span> <span class='ocrx_word' id='word_1_406' title='bbox 694 5438 746 5484; x_wconf 86' lang='lat' dir='ltr'><strong>ut</strong></span> <span class='ocrx_word' id='word_1_407' title='bbox 770 5434 1197 5505; x_wconf 82' lang='lat' dir='ltr'><strong>quemadmodum</strong></span> <span class='ocrx_word' id='word_1_408' title='bbox 1234 5437 1451 5493; x_wconf 65' lang='lat' dir='ltr'><strong>surrait</strong></span> <span class='ocrx_word' id='word_1_409' title='bbox 1480 5437 1709 5505; x_wconf 79' lang='lat' dir='ltr'><strong>Christus</strong></span> <span class='ocrx_word' id='word_1_410' title='bbox 1733 5456 1764 5493; x_wconf 93' lang='lat' dir='ltr'><strong>a</strong></span> <span class='ocrx_word' id='word_1_411' title='bbox 1789 5456 1924 5493; x_wconf 84' lang='lat' dir='ltr'><strong>nter-</strong></span> 
     </span>
    </p>
   </div>
   <div class='ocr_carea' id='block_1_56' title="bbox 335 5520 1929 5596">
    <p class='ocr_par' dir='ltr' id='par_1_56' title="bbox 335 5520 1929 5596">
     <span class='ocr_line' id='line_1_56' title="bbox 335 5520 1929 5596; baseline 0.01 -24"><span class='ocrx_word' id='word_1_412' title='bbox 335 5520 437 5574; x_wconf 85' lang='lat' dir='ltr'><strong>tuis</strong></span> <span class='ocrx_word' id='word_1_413' title='bbox 458 5538 546 5591; x_wconf 85' lang='lat' dir='ltr'><strong>per</strong></span> <span class='ocrx_word' id='word_1_414' title='bbox 567 5523 787 5596; x_wconf 85' lang='lat' dir='ltr'><strong>gloriam</strong></span> <span class='ocrx_word' id='word_1_415' title='bbox 821 5525 1011 5595; x_wconf 80' lang='lat' dir='ltr'><strong>Patris,</strong></span> <span class='ocrx_word' id='word_1_416' title='bbox 1050 5529 1124 5584; x_wconf 88' lang='lat' dir='ltr'><strong>ita</strong></span> <span class='ocrx_word' id='word_1_417' title='bbox 1160 5540 1207 5585; x_wconf 87' lang='lat' dir='ltr'><strong>et</strong></span> <span class='ocrx_word' id='word_1_418' title='bbox 1236 5548 1327 5587; x_wconf 88' lang='lat' dir='ltr'><strong>nos</strong></span> <span class='ocrx_word' id='word_1_419' title='bbox 1354 5532 1407 5587; x_wconf 88' lang='lat' dir='ltr'><strong>in</strong></span> <span class='ocrx_word' id='word_1_420' title='bbox 1434 5534 1652 5588; x_wconf 83' lang='lat' dir='ltr'><strong>novitate</strong></span> <span class='ocrx_word' id='word_1_421' title='bbox 1678 5536 1794 5590; x_wconf 69' lang='lat' dir='ltr'><strong>vita!</strong></span> <span class='ocrx_word' id='word_1_422' title='bbox 1819 5552 1929 5588; x_wconf 81' lang='lat' dir='ltr'><strong>am-</strong></span> 
     </span>
    </p>
   </div>
   <div class='ocr_carea' id='block_1_57' title="bbox 336 5610 1931 5695">
    <p class='ocr_par' dir='ltr' id='par_1_57' title="bbox 336 5610 1931 5695">
     <span class='ocr_line' id='line_1_57' title="bbox 336 5610 1931 5695; baseline 0.008 -28"><span class='ocrx_word' id='word_1_423' title='bbox 336 5610 582 5670; x_wconf 80' lang='lat' dir='ltr'><strong>bulemus.</strong></span> <span class='ocrx_word' id='word_1_424' title='bbox 612 5616 674 5671; x_wconf 82' lang='lat' dir='ltr'><strong>Si</strong></span> <span class='ocrx_word' id='word_1_425' title='bbox 697 5618 831 5673; x_wconf 88' lang='lat' dir='ltr'><strong>enim</strong></span> <span class='ocrx_word' id='word_1_426' title='bbox 853 5621 1182 5693; x_wconf 87' lang='lat' dir='ltr'><strong>complantati</strong></span> <span class='ocrx_word' id='word_1_427' title='bbox 1199 5624 1389 5695; x_wconf 77' lang='lat' dir='ltr'><strong>fuimus</strong></span> <span class='ocrx_word' id='word_1_428' title='bbox 1413 5624 1736 5680; x_wconf 78' lang='lat' dir='ltr'><strong>similitudini</strong></span> <span class='ocrx_word' id='word_1_429' title='bbox 1757 5629 1931 5682; x_wconf 82' lang='lat' dir='ltr'><strong>mortis</strong></span> 
     </span>
    </p>
   </div>
   <div class='ocr_carea' id='block_1_58' title="bbox 402 5837 1850 5931">
    <p class='ocr_par' dir='ltr' id='par_1_58' title="bbox 402 5837 1850 5931">
     <span class='ocr_line' id='line_1_58' title="bbox 402 5837 1850 5931; baseline 0.004 0"><span class='ocrx_word' id='word_1_430' title='bbox 402 5837 1216 5931; x_wconf 47' lang='grc' dir='ltr'><strong>ξψειεπελιεθεψεςςερμ</strong></span> <span class='ocrx_word' id='word_1_431' title='bbox 1249 5848 1513 5910; x_wconf 54' lang='lat' dir='ltr'><strong>ominum.</strong></span> <span class='ocrx_word' id='word_1_432' title='bbox 1550 5862 1602 5900; x_wconf 80' lang='grc' dir='ltr'>ιη</span> <span class='ocrx_word' id='word_1_433' title='bbox 1634 5856 1850 5903; x_wconf 58' lang='lat' dir='ltr'><strong>meum</strong></span> 
     </span>
    </p>
   </div>
   <div class='ocr_carea' id='block_1_59' title="bbox 446 5901 1210 5969">
    <p class='ocr_par' dir='ltr' id='par_1_59' title="bbox 446 5901 1210 5969">
     <span class='ocr_line' id='line_1_59' title="bbox 446 5901 1210 5969; baseline 0.013 -20"><span class='ocrx_word' id='word_1_434' title='bbox 446 5903 579 5963; x_wconf 64' lang='grc' dir='ltr'>ιρι..</span> <span class='ocrx_word' id='word_1_435' title='bbox 603 5901 1022 5965; x_wconf 69' lang='lat' dir='ltr'><strong>superabundant</strong></span> <span class='ocrx_word' id='word_1_436' title='bbox 1037 5901 1210 5969; x_wconf 56' lang='lat' dir='ltr'><strong>gratia.</strong></span> 
     </span>
    </p>
   </div>
   <div class='ocr_carea' id='block_1_60' title="bbox 1744 389 2190 455">
    <p class='ocr_par' dir='ltr' id='par_1_60' title="bbox 1744 389 2190 455">
     <span class='ocr_line' id='line_1_60' title="bbox 1744 389 2190 455; baseline -0.004 -1"><span class='ocrx_word' id='word_1_437' title='bbox 1744 390 1949 454; x_wconf 76' lang='lat' dir='ltr'><strong>LIBER</strong></span> <span class='ocrx_word' id='word_1_438' title='bbox 1987 389 2190 455; x_wconf 72' lang='lat' dir='ltr'><strong>UNL’S.</strong></span> 
     </span>
    </p>
   </div>
   <div class='ocr_carea' id='block_1_61' title="bbox 3505 407 3611 462">
    <p class='ocr_par' dir='ltr' id='par_1_61' title="bbox 3505 407 3611 462">
     <span class='ocr_line' id='line_1_61' title="bbox 3505 407 3611 462; baseline 0.009 -1"><span class='ocrx_word' id='word_1_439' title='bbox 3505 407 3611 462; x_wconf 65' lang='grc'><strong>206</strong></span> 
     </span>
    </p>
   </div>
   <div class='ocr_carea' id='block_1_62' title="bbox 2018 516 3611 596">
    <p class='ocr_par' dir='ltr' id='par_1_62' title="bbox 2018 516 3611 596">
     <span class='ocr_line' id='line_1_62' title="bbox 2018 516 3611 596; baseline 0.008 -28"><span class='ocrx_word' id='word_1_440' title='bbox 2018 516 2146 582; x_wconf 85' lang='lat' dir='ltr'><strong>eius,</strong></span> <span class='ocrx_word' id='word_1_441' title='bbox 2172 518 2260 571; x_wconf 86' lang='lat' dir='ltr'><strong>sed</strong></span> <span class='ocrx_word' id='word_1_442' title='bbox 2293 530 2337 572; x_wconf 90' lang='lat' dir='ltr'><strong>et</strong></span> <span class='ocrx_word' id='word_1_443' title='bbox 2366 520 2380 550; x_wconf 90' lang='grc'>¹</span> <span class='ocrx_word' id='word_1_444' title='bbox 2426 523 2800 577; x_wconf 83' lang='lat' dir='ltr'><strong>resurrectionis</strong></span> <span class='ocrx_word' id='word_1_445' title='bbox 2847 524 3068 580; x_wconf 77' lang='lat' dir='ltr'><strong>erimus:</strong></span> <span class='ocrx_word' id='word_1_446' title='bbox 3102 524 3197 580; x_wconf 85' lang='lat' dir='ltr'><strong>hoc</strong></span> <span class='ocrx_word' id='word_1_447' title='bbox 3220 526 3465 593; x_wconf 77' lang='lat' dir='ltr'><strong>scientes,</strong></span> <span class='ocrx_word' id='word_1_448' title='bbox 3493 534 3611 596; x_wconf 79' lang='lat' dir='ltr'><strong>quin</strong></span> 
     </span>
    </p>
   </div>
   <div class='ocr_carea' id='block_1_63' title="bbox 2017 610 3609 686">
    <p class='ocr_par' dir='ltr' id='par_1_63' title="bbox 2017 610 3609 686">
     <span class='ocr_line' id='line_1_63' title="bbox 2017 610 3609 686; baseline 0.008 -26"><span class='ocrx_word' id='word_1_449' title='bbox 2017 619 2154 663; x_wconf 85' lang='lat' dir='ltr'><strong>vetus</strong></span> <span class='ocrx_word' id='word_1_450' title='bbox 2182 610 2332 665; x_wconf 88' lang='lat' dir='ltr'><strong>homo</strong></span> <span class='ocrx_word' id='word_1_451' title='bbox 2354 620 2522 667; x_wconf 83' lang='lat' dir='ltr'><strong>noster</strong></span> <span class='ocrx_word' id='word_1_452' title='bbox 2540 614 2693 669; x_wconf 88' lang='lat' dir='ltr'><strong>simul</strong></span> <span class='ocrx_word' id='word_1_453' title='bbox 2711 616 2988 686; x_wconf 72' lang='lat' dir='ltr'><strong>cruciﬁxus</strong></span> <span class='ocrx_word' id='word_1_454' title='bbox 3012 626 3106 684; x_wconf 89' lang='lat' dir='ltr'><strong>est,</strong></span> <span class='ocrx_word' id='word_1_455' title='bbox 3129 627 3181 670; x_wconf 86' lang='lat' dir='ltr'><strong>ut</strong></span> <span class='ocrx_word' id='word_1_456' title='bbox 3201 630 3468 673; x_wconf 88' lang='lat' dir='ltr'><strong>evacuetur</strong></span> <span class='ocrx_word' id='word_1_457' title='bbox 3486 636 3609 674; x_wconf 36' lang='lat' dir='ltr'><strong>cors</strong></span> 
     </span>
    </p>
   </div>
   <div class='ocr_carea' id='block_1_64' title="bbox 2017 703 3607 780">
    <p class='ocr_par' dir='ltr' id='par_1_64' title="bbox 2017 703 3607 780">
     <span class='ocr_line' id='line_1_64' title="bbox 2017 703 3607 780; baseline 0.009 -29"><span class='ocrx_word' id='word_1_458' title='bbox 2017 716 2112 770; x_wconf 87' lang='lat' dir='ltr'><strong>pus</strong></span> <span class='ocrx_word' id='word_1_459' title='bbox 2141 703 2387 770; x_wconf 77' lang='lat' dir='ltr'><strong>peccati’,</strong></span> <span class='ocrx_word' id='word_1_460' title='bbox 2416 715 2469 759; x_wconf 92' lang='lat' dir='ltr'><strong>ut</strong></span> <span class='ocrx_word' id='word_1_461' title='bbox 2499 704 2633 761; x_wconf 88' lang='lat' dir='ltr'><strong>ultra</strong></span> <span class='ocrx_word' id='word_1_462' title='bbox 2660 724 2761 762; x_wconf 88' lang='lat' dir='ltr'><strong>non</strong></span> <span class='ocrx_word' id='word_1_463' title='bbox 2789 709 3064 764; x_wconf 85' lang='lat' dir='ltr'><strong>serviamus</strong></span> <span class='ocrx_word' id='word_1_464' title='bbox 3088 719 3312 780; x_wconf 85' lang='lat' dir='ltr'><strong>peccato.</strong></span> <span class='ocrx_word' id='word_1_465' title='bbox 3338 710 3444 779; x_wconf 91' lang='lat' dir='ltr'><strong>Qui</strong></span> <span class='ocrx_word' id='word_1_466' title='bbox 3474 712 3607 766; x_wconf 77' lang='lat' dir='ltr'><strong>enim</strong></span> 
     </span>
    </p>
   </div>
   <div class='ocr_carea' id='block_1_65' title="bbox 2017 794 3610 867">
    <p class='ocr_par' dir='ltr' id='par_1_65' title="bbox 2017 794 3610 867">
     <span class='ocr_line' id='line_1_65' title="bbox 2017 794 3610 867; baseline 0.009 -25"><span class='ocrx_word' id='word_1_467' title='bbox 2017 800 2242 847; x_wconf 85' lang='lat' dir='ltr'><strong>mortuus</strong></span> <span class='ocrx_word' id='word_1_468' title='bbox 2271 802 2363 862; x_wconf 83' lang='lat' dir='ltr'><strong>est,</strong></span> <span class='ocrx_word' id='word_1_469' title='bbox 2380 794 2692 865; x_wconf 82' lang='lat' dir='ltr'><strong>justiﬁcatus</strong></span> <span class='ocrx_word' id='word_1_470' title='bbox 2717 806 2789 853; x_wconf 91' lang='lat' dir='ltr'><strong>est</strong></span> <span class='ocrx_word' id='word_1_471' title='bbox 2811 816 2843 851; x_wconf 92' lang='lat' dir='ltr'><strong>a</strong></span> <span class='ocrx_word' id='word_1_472' title='bbox 2868 810 3093 867; x_wconf 82' lang='lat' dir='ltr'><strong>peccato.</strong></span> <span class='ocrx_word' id='word_1_473' title='bbox 3132 800 3193 856; x_wconf 90' lang='lat' dir='ltr'><strong>Si</strong></span> <span class='ocrx_word' id='word_1_474' title='bbox 3214 812 3386 857; x_wconf 88' lang='lat' dir='ltr'><strong>autem</strong></span> <span class='ocrx_word' id='word_1_475' title='bbox 3426 815 3610 857; x_wconf 79' lang='lat' dir='ltr'><strong>morm</strong></span> 
     </span>
    </p>
   </div>
   <div class='ocr_carea' id='block_1_66' title="bbox 2015 883 3607 965">
    <p class='ocr_par' dir='ltr' id='par_1_66' title="bbox 2015 883 3607 965">
     <span class='ocr_line' id='line_1_66' title="bbox 2015 883 3607 965; baseline 0.008 -28"><span class='ocrx_word' id='word_1_476' title='bbox 2015 899 2189 939; x_wconf 84' lang='lat' dir='ltr'><strong>sumus</strong></span> <span class='ocrx_word' id='word_1_477' title='bbox 2216 902 2330 939; x_wconf 87' lang='lat' dir='ltr'><strong>cum</strong></span> <span class='ocrx_word' id='word_1_478' title='bbox 2372 883 2602 955; x_wconf 87' lang='lat' dir='ltr'><strong>Christo,</strong></span> <span class='ocrx_word' id='word_1_479' title='bbox 2636 891 2885 946; x_wconf 81' lang='lat' dir='ltr'><strong>credimus</strong></span> <span class='ocrx_word' id='word_1_480' title='bbox 2925 894 3047 965; x_wconf 89' lang='lat' dir='ltr'><strong>quia</strong></span> <span class='ocrx_word' id='word_1_481' title='bbox 3076 894 3228 950; x_wconf 89' lang='lat' dir='ltr'><strong>simul</strong></span> <span class='ocrx_word' id='word_1_482' title='bbox 3251 895 3469 950; x_wconf 83' lang='lat' dir='ltr'><strong>vivemus</strong></span> <span class='ocrx_word' id='word_1_483' title='bbox 3497 912 3607 950; x_wconf 83' lang='lat' dir='ltr'><strong>cum</strong></span> 
     </span>
    </p>
   </div>
   <div class='ocr_carea' id='block_1_67' title="bbox 2014 975 3608 1059">
    <p class='ocr_par' dir='ltr' id='par_1_67' title="bbox 2014 975 3608 1059">
     <span class='ocr_line' id='line_1_67' title="bbox 2014 975 3608 1059; baseline 0.008 -29"><span class='ocrx_word' id='word_1_484' title='bbox 2014 975 2146 1042; x_wconf 88' lang='lat' dir='ltr'><strong>illo;</strong></span> <span class='ocrx_word' id='word_1_485' title='bbox 2180 979 2388 1035; x_wconf 73' lang='lat' dir='ltr'><strong>scientes</strong></span> <span class='ocrx_word' id='word_1_486' title='bbox 2412 981 2533 1052; x_wconf 85' lang='lat' dir='ltr'><strong>quia</strong></span> <span class='ocrx_word' id='word_1_487' title='bbox 2561 980 2791 1039; x_wconf 88' lang='lat' dir='ltr'><strong>Christus</strong></span> <span class='ocrx_word' id='word_1_488' title='bbox 2822 1001 3034 1057; x_wconf 81' lang='lat' dir='ltr'><strong>surgens</strong></span> <span class='ocrx_word' id='word_1_489' title='bbox 3069 1001 3102 1040; x_wconf 92' lang='lat' dir='ltr'><strong>a</strong></span> <span class='ocrx_word' id='word_1_490' title='bbox 3137 990 3349 1042; x_wconf 88' lang='lat' dir='ltr'><strong>mortuis</strong></span> <span class='ocrx_word' id='word_1_491' title='bbox 3366 989 3484 1059; x_wconf 86' lang='lat' dir='ltr'><strong>jam</strong></span> <span class='ocrx_word' id='word_1_492' title='bbox 3509 1007 3608 1043; x_wconf 83' lang='lat' dir='ltr'><strong>non</strong></span> 
     </span>
    </p>
   </div>
   <div class='ocr_carea' id='block_1_68' title="bbox 2014 1071 3613 1156">
    <p class='ocr_par' dir='ltr' id='par_1_68' title="bbox 2014 1071 3613 1156">
     <span class='ocr_line' id='line_1_68' title="bbox 2014 1071 3613 1156; baseline 0.006 -33"><span class='ocrx_word' id='word_1_493' title='bbox 2014 1071 2250 1156; x_wconf 70' lang='lat' dir='ltr'><strong>moritur,</strong></span> <span class='ocrx_word' id='word_1_494' title='bbox 2279 1083 2325 1127; x_wconf 91' lang='lat' dir='ltr'><strong>et</strong></span> <span class='ocrx_word' id='word_1_495' title='bbox 2342 1090 2476 1128; x_wconf 86' lang='lat' dir='ltr'><strong>mors</strong></span> <span class='ocrx_word' id='word_1_496' title='bbox 2505 1074 2550 1128; x_wconf 90' lang='lat' dir='ltr'><strong>ei</strong></span> <span class='ocrx_word' id='word_1_497' title='bbox 2577 1075 2713 1129; x_wconf 87' lang='lat' dir='ltr'><strong>ultra</strong></span> <span class='ocrx_word' id='word_1_498' title='bbox 2742 1094 2843 1131; x_wconf 92' lang='lat' dir='ltr'><strong>non</strong></span> <span class='ocrx_word' id='word_1_499' title='bbox 2869 1077 3209 1133; x_wconf 84' lang='lat' dir='ltr'><strong>dominabitur</strong></span> <span class='ocrx_word' id='word_1_500' title='bbox 3231 1079 3271 1134; x_wconf 85' lang='grc'><strong>³.</strong></span> <span class='ocrx_word' id='word_1_501' title='bbox 3302 1079 3453 1144; x_wconf 86' lang='lat' dir='ltr'><strong>Quod</strong></span> <span class='ocrx_word' id='word_1_502' title='bbox 3479 1081 3613 1133; x_wconf 87' lang='lat' dir='ltr'><strong>enim</strong></span> 
     </span>
    </p>
   </div>
   <div class='ocr_carea' id='block_1_69' title="bbox 2014 1171 3612 1242">
    <p class='ocr_par' dir='ltr' id='par_1_69' title="bbox 2014 1171 3612 1242">
     <span class='ocr_line' id='line_1_69' title="bbox 2014 1171 3612 1242; baseline 0.006 -27"><span class='ocrx_word' id='word_1_503' title='bbox 2014 1174 2240 1218; x_wconf 87' lang='lat' dir='ltr'><strong>mortuus</strong></span> <span class='ocrx_word' id='word_1_504' title='bbox 2258 1175 2333 1219; x_wconf 86' lang='lat' dir='ltr'><strong>est</strong></span> <span class='ocrx_word' id='word_1_505' title='bbox 2352 1177 2575 1238; x_wconf 84' lang='lat' dir='ltr'><strong>peccato,</strong></span> <span class='ocrx_word' id='word_1_506' title='bbox 2610 1176 2835 1225; x_wconf 86' lang='lat' dir='ltr'><strong>mortuus</strong></span> <span class='ocrx_word' id='word_1_507' title='bbox 2860 1180 2931 1224; x_wconf 86' lang='lat' dir='ltr'><strong>est</strong></span> <span class='ocrx_word' id='word_1_508' title='bbox 2958 1171 3111 1225; x_wconf 83' lang='lat' dir='ltr'><strong>semel</strong></span> <span class='ocrx_word' id='word_1_509' title='bbox 3137 1187 3158 1225; x_wconf 93' lang='lat'><strong><em>:</em></strong></span> <span class='ocrx_word' id='word_1_510' title='bbox 3185 1173 3321 1242; x_wconf 89' lang='lat' dir='ltr'><strong>quod</strong></span> <span class='ocrx_word' id='word_1_511' title='bbox 3346 1182 3513 1227; x_wconf 86' lang='lat' dir='ltr'><strong>autent</strong></span> <span class='ocrx_word' id='word_1_512' title='bbox 3539 1188 3612 1227; x_wconf 48' lang='lat' dir='ltr'><strong>vx-</strong></span> 
     </span>
    </p>
   </div>
   <div class='ocr_carea' id='block_1_70' title="bbox 2016 1255 3610 1338">
    <p class='ocr_par' dir='ltr' id='par_1_70' title="bbox 2016 1255 3610 1338">
     <span class='ocr_line' id='line_1_70' title="bbox 2016 1255 3610 1338; baseline 0.007 -30"><span class='ocrx_word' id='word_1_513' title='bbox 2016 1255 2103 1324; x_wconf 87' lang='lat' dir='ltr'><strong>vit,</strong></span> <span class='ocrx_word' id='word_1_514' title='bbox 2127 1256 2243 1311; x_wconf 89' lang='lat' dir='ltr'><strong>vivit</strong></span> <span class='ocrx_word' id='word_1_515' title='bbox 2261 1256 2387 1313; x_wconf 87' lang='lat' dir='ltr'><strong>Deo.</strong></span> <span class='ocrx_word' id='word_1_516' title='bbox 2411 1257 2497 1313; x_wconf 89' lang='lat' dir='ltr'><strong>Ita</strong></span> <span class='ocrx_word' id='word_1_517' title='bbox 2526 1270 2573 1314; x_wconf 83' lang='lat' dir='ltr'><strong>et</strong></span> <span class='ocrx_word' id='word_1_518' title='bbox 2601 1277 2686 1316; x_wconf 88' lang='lat' dir='ltr'><strong>vos</strong></span> <span class='ocrx_word' id='word_1_519' title='bbox 2708 1262 2986 1318; x_wconf 75' lang='lat' dir='ltr'><strong>existimate</strong></span> <span class='ocrx_word' id='word_1_520' title='bbox 3016 1280 3100 1319; x_wconf 81' lang='lat' dir='ltr'><strong>vos</strong></span> <span class='ocrx_word' id='word_1_521' title='bbox 3127 1276 3349 1320; x_wconf 87' lang='lat' dir='ltr'><strong>mortuos</strong></span> <span class='ocrx_word' id='word_1_522' title='bbox 3368 1282 3475 1320; x_wconf 85' lang='lat' dir='ltr'><strong>esse</strong></span> <span class='ocrx_word' id='word_1_523' title='bbox 3496 1284 3610 1338; x_wconf 78' lang='lat' dir='ltr'><strong>per-</strong></span> 
     </span>
    </p>
   </div>
   <div class='ocr_carea' id='block_1_71' title="bbox 2015 1348 3609 1431">
    <p class='ocr_par' dir='ltr' id='par_1_71' title="bbox 2015 1348 3609 1431">
     <span class='ocr_line' id='line_1_71' title="bbox 2015 1348 3609 1431; baseline 0.008 -31"><span class='ocrx_word' id='word_1_524' title='bbox 2015 1355 2128 1402; x_wconf 89' lang='lat' dir='ltr'><strong>cato</strong></span> <span class='ocrx_word' id='word_1_525' title='bbox 2151 1387 2166 1416; x_wconf 93' lang='lat'><strong>,</strong></span> <span class='ocrx_word' id='word_1_526' title='bbox 2207 1348 2368 1404; x_wconf 86' lang='lat' dir='ltr'><strong>vivere</strong></span> <span class='ocrx_word' id='word_1_527' title='bbox 2407 1361 2576 1407; x_wconf 91' lang='lat' dir='ltr'><strong>autem</strong></span> <span class='ocrx_word' id='word_1_528' title='bbox 2602 1351 2709 1408; x_wconf 87' lang='lat' dir='ltr'><strong>Deo</strong></span> <span class='ocrx_word' id='word_1_529' title='bbox 2737 1354 2791 1409; x_wconf 91' lang='lat' dir='ltr'><strong>in</strong></span> <span class='ocrx_word' id='word_1_530' title='bbox 2837 1352 3037 1410; x_wconf 86' lang='lat' dir='ltr'><strong>Christo</strong></span> <span class='ocrx_word' id='word_1_531' title='bbox 3065 1354 3191 1411; x_wconf 82' lang='lat' dir='ltr'><strong>Jesu</strong></span> <span class='ocrx_word' id='word_1_532' title='bbox 3226 1355 3399 1431; x_wconf 70' lang='lat' dir='ltr'><strong>(llom.</strong></span> <span class='ocrx_word' id='word_1_533' title='bbox 3427 1373 3481 1425; x_wconf 89' lang='lat' dir='ltr'><strong>v,</strong></span> <span class='ocrx_word' id='word_1_534' title='bbox 3509 1357 3580 1413; x_wconf 69' lang='grc'><strong>20</strong></span> <span class='ocrx_word' id='word_1_535' title='bbox 3597 1389 3609 1397; x_wconf 91' lang='grc'><strong><em>-</em></strong></span> 
     </span>
    </p>
   </div>
   <div class='ocr_carea' id='block_1_72' title="bbox 2014 1441 3611 1518">
    <p class='ocr_par' dir='ltr' id='par_1_72' title="bbox 2014 1441 3611 1518">
     <span class='ocr_line' id='line_1_72' title="bbox 2014 1441 3611 1518; baseline 0.005 -25"><span class='ocrx_word' id='word_1_536' title='bbox 2014 1454 2090 1505; x_wconf 73' lang='lat' dir='ltr'><strong>VI,</strong></span> <span class='ocrx_word' id='word_1_537' title='bbox 2121 1441 2232 1512; x_wconf 81' lang='lat' dir='ltr'><strong>ll).</strong></span> <span class='ocrx_word' id='word_1_538' title='bbox 2253 1441 2455 1514; x_wconf 81' lang='lat' dir='ltr'><strong>Nempe</strong></span> <span class='ocrx_word' id='word_1_539' title='bbox 2478 1445 2608 1500; x_wconf 85' lang='lat' dir='ltr'><strong>satis</strong></span> <span class='ocrx_word' id='word_1_540' title='bbox 2624 1446 2800 1502; x_wconf 88' lang='lat' dir='ltr'><strong>elucet</strong></span> <span class='ocrx_word' id='word_1_541' title='bbox 2827 1448 3082 1518; x_wconf 80' lang='lat' dir='ltr'><strong>mysterio</strong></span> <span class='ocrx_word' id='word_1_542' title='bbox 3109 1449 3397 1505; x_wconf 81' lang='lat' dir='ltr'><strong>Dominica:</strong></span> <span class='ocrx_word' id='word_1_543' title='bbox 3423 1452 3611 1506; x_wconf 71' lang='lat' dir='ltr'><strong>nmrtis</strong></span> 
     </span>
    </p>
   </div>
   <div class='ocr_carea' id='block_1_73' title="bbox 2014 1536 3608 1608">
    <p class='ocr_par' dir='ltr' id='par_1_73' title="bbox 2014 1536 3608 1608">
     <span class='ocr_line' id='line_1_73' title="bbox 2014 1536 3608 1608; baseline 0.008 -23"><span class='ocrx_word' id='word_1_544' title='bbox 2014 1538 2068 1586; x_wconf 93' lang='lat' dir='ltr'><strong>et</strong></span> <span class='ocrx_word' id='word_1_545' title='bbox 2093 1536 2502 1592; x_wconf 86' lang='lat' dir='ltr'><strong>resurrectionis</strong></span> <span class='ocrx_word' id='word_1_546' title='bbox 2531 1538 2811 1608; x_wconf 77' lang='lat' dir='ltr'><strong>ﬁguratum</strong></span> <span class='ocrx_word' id='word_1_547' title='bbox 2850 1540 2973 1594; x_wconf 71' lang='lat' dir='ltr'><strong>vitae</strong></span> <span class='ocrx_word' id='word_1_548' title='bbox 3001 1552 3197 1596; x_wconf 76' lang='lat' dir='ltr'><strong>nostra:</strong></span> <span class='ocrx_word' id='word_1_549' title='bbox 3226 1542 3418 1597; x_wconf 79' lang='lat' dir='ltr'><strong>veteris</strong></span> <span class='ocrx_word' id='word_1_550' title='bbox 3449 1557 3608 1600; x_wconf 90' lang='lat' dir='ltr'><strong>occa-</strong></span> 
     </span>
    </p>
   </div>
   <div class='ocr_carea' id='block_1_74' title="bbox 2013 1631 3609 1707">
    <p class='ocr_par' dir='ltr' id='par_1_74' title="bbox 2013 1631 3609 1707">
     <span class='ocr_line' id='line_1_74' title="bbox 2013 1631 3609 1707; baseline 0.006 -27"><span class='ocrx_word' id='word_1_551' title='bbox 2013 1639 2153 1691; x_wconf 89' lang='lat' dir='ltr'><strong>sum,</strong></span> <span class='ocrx_word' id='word_1_552' title='bbox 2186 1633 2242 1681; x_wconf 88' lang='lat' dir='ltr'><strong>et</strong></span> <span class='ocrx_word' id='word_1_553' title='bbox 2277 1639 2524 1684; x_wconf 86' lang='lat' dir='ltr'><strong>exortum</strong></span> <span class='ocrx_word' id='word_1_554' title='bbox 2556 1646 2730 1696; x_wconf 59' lang='lat' dir='ltr'><strong>nova),</strong></span> <span class='ocrx_word' id='word_1_555' title='bbox 2764 1631 3293 1704; x_wconf 81' lang='lat' dir='ltr'><strong>demunstratamquc</strong></span> <span class='ocrx_word' id='word_1_556' title='bbox 3320 1635 3609 1707; x_wconf 84' lang='lat' dir='ltr'><strong>iniquitatis</strong></span> 
     </span>
    </p>
   </div>
   <div class='ocr_carea' id='block_1_75' title="bbox 2014 1717 3611 1797">
    <p class='ocr_par' dir='ltr' id='par_1_75' title="bbox 2014 1717 3611 1797">
     <span class='ocr_line' id='line_1_75' title="bbox 2014 1717 3611 1797; baseline 0.004 -24"><span class='ocrx_word' id='word_1_557' title='bbox 2014 1717 2362 1775; x_wconf 88' lang='lat' dir='ltr'><strong>abolitionem</strong></span> <span class='ocrx_word' id='word_1_558' title='bbox 2410 1724 2919 1795; x_wconf 85' lang='lat' dir='ltr'><strong>renovationemque</strong></span> <span class='ocrx_word' id='word_1_559' title='bbox 2957 1723 3198 1795; x_wconf 69' lang='lat' dir='ltr'><strong>justitiae.</strong></span> <span class='ocrx_word' id='word_1_560' title='bbox 3247 1725 3401 1781; x_wconf 88' lang='lat' dir='ltr'><strong>Unde</strong></span> <span class='ocrx_word' id='word_1_561' title='bbox 3451 1725 3611 1797; x_wconf 85' lang='lat' dir='ltr'><strong>igitur</strong></span> 
     </span>
    </p>
   </div>
   <div class='ocr_carea' id='block_1_76' title="bbox 2014 1810 3608 1888">
    <p class='ocr_par' dir='ltr' id='par_1_76' title="bbox 2014 1810 3608 1888">
     <span class='ocr_line' id='line_1_76' title="bbox 2014 1810 3608 1888; baseline 0.004 -23"><span class='ocrx_word' id='word_1_562' title='bbox 2014 1810 2118 1866; x_wconf 92' lang='lat' dir='ltr'><strong>hoe</strong></span> <span class='ocrx_word' id='word_1_563' title='bbox 2148 1821 2354 1869; x_wconf 88' lang='lat' dir='ltr'><strong>tantum</strong></span> <span class='ocrx_word' id='word_1_564' title='bbox 2382 1813 2697 1871; x_wconf 83' lang='lat' dir='ltr'><strong>beneﬁcium</strong></span> <span class='ocrx_word' id='word_1_565' title='bbox 2744 1815 2947 1871; x_wconf 90' lang='lat' dir='ltr'><strong>homini</strong></span> <span class='ocrx_word' id='word_1_566' title='bbox 2991 1831 3085 1888; x_wconf 91' lang='lat' dir='ltr'><strong>per</strong></span> <span class='ocrx_word' id='word_1_567' title='bbox 3130 1816 3362 1873; x_wconf 78' lang='lat' dir='ltr'><strong>litteram</strong></span> <span class='ocrx_word' id='word_1_568' title='bbox 3404 1818 3537 1888; x_wconf 84' lang='lat' dir='ltr'><strong>legis</strong></span> <span class='ocrx_word' id='word_1_569' title='bbox 3564 1828 3608 1885; x_wconf 59' lang='grc' dir='ltr'><strong>θ,</strong></span> 
     </span>
    </p>
   </div>
   <div class='ocr_carea' id='block_1_77' title="bbox 2014 1903 2841 1972">
    <p class='ocr_par' dir='ltr' id='par_1_77' title="bbox 2014 1903 2841 1972">
     <span class='ocr_line' id='line_1_77' title="bbox 2014 1903 2841 1972; baseline 0.006 -15"><span class='ocrx_word' id='word_1_570' title='bbox 2014 1903 2115 1958; x_wconf 89' lang='lat' dir='ltr'><strong>nisi</strong></span> <span class='ocrx_word' id='word_1_571' title='bbox 2147 1919 2241 1972; x_wconf 89' lang='lat' dir='ltr'><strong>per</strong></span> <span class='ocrx_word' id='word_1_572' title='bbox 2262 1903 2420 1960; x_wconf 82' lang='lat' dir='ltr'><strong>fidem</strong></span> <span class='ocrx_word' id='word_1_573' title='bbox 2450 1904 2575 1963; x_wconf 85' lang='lat' dir='ltr'><strong>Jesu</strong></span> <span class='ocrx_word' id='word_1_574' title='bbox 2602 1905 2841 1962; x_wconf 80' lang='lat' dir='ltr'><strong>Christi?</strong></span> 
     </span>
    </p>
   </div>
   <div class='ocr_carea' id='block_1_78' title="bbox 2084 1993 3611 2073">
    <p class='ocr_par' dir='ltr' id='par_1_78' title="bbox 2084 1993 3611 2073">
     <span class='ocr_line' id='line_1_78' title="bbox 2084 1993 3611 2073; baseline 0.002 -22"><span class='ocrx_word' id='word_1_575' title='bbox 2084 1993 2313 2054; x_wconf 84' lang='lat' dir='ltr'><strong>CAPUT</strong></span> <span class='ocrx_word' id='word_1_576' title='bbox 2360 1996 2465 2052; x_wconf 86' lang='lat' dir='ltr'><strong>Vll.</strong></span> <span class='ocrx_word' id='word_1_577' title='bbox 2494 2029 2566 2039; x_wconf 94' lang='lat'><strong><em>—</em></strong></span> <span class='ocrx_word' id='word_1_578' title='bbox 2595 1999 2680 2056; x_wconf 79' lang='lat' dir='ltr'><strong>ll.</strong></span> <span class='ocrx_word' id='word_1_579' title='bbox 2709 1998 2856 2055; x_wconf 85' lang='lat' dir='ltr'><strong>Bona</strong></span> <span class='ocrx_word' id='word_1_580' title='bbox 2889 2017 3043 2072; x_wconf 86' lang='lat' dir='ltr'><strong>opera</strong></span> <span class='ocrx_word' id='word_1_581' title='bbox 3082 2018 3144 2057; x_wconf 77' lang='lat' dir='ltr'><strong>ea:</strong></span> <span class='ocrx_word' id='word_1_582' title='bbox 3180 2019 3278 2070; x_wconf 86' lang='lat' dir='ltr'><strong>quo</strong></span> <span class='ocrx_word' id='word_1_583' title='bbox 3310 2003 3452 2073; x_wconf 76' lang='lat' dir='ltr'><strong>[ante</strong></span> <span class='ocrx_word' id='word_1_584' title='bbox 3496 2020 3611 2056; x_wconf 71' lang='lat' dir='ltr'><strong>nuu-</strong></span> 
     </span>
    </p>
   </div>
   <div class='ocr_carea' id='block_1_79' title="bbox 2015 2088 3608 2162">
    <p class='ocr_par' dir='ltr' id='par_1_79' title="bbox 2015 2088 3608 2162">
     <span class='ocr_line' id='line_1_79' title="bbox 2015 2088 3608 2162; baseline 0.004 -21"><span class='ocrx_word' id='word_1_585' title='bbox 2015 2097 2151 2143; x_wconf 87' lang='lat' dir='ltr'><strong>nent.</strong></span> <span class='ocrx_word' id='word_1_586' title='bbox 2183 2088 2313 2146; x_wconf 64' lang='lat' dir='ltr'><strong>ﬂare</strong></span> <span class='ocrx_word' id='word_1_587' title='bbox 2339 2091 2590 2162; x_wconf 83' lang='lat' dir='ltr'><strong>cogitatio</strong></span> <span class='ocrx_word' id='word_1_588' title='bbox 2623 2102 2805 2148; x_wconf 83' lang='lat' dir='ltr'><strong>sancta</strong></span> <span class='ocrx_word' id='word_1_589' title='bbox 2834 2102 3013 2148; x_wconf 71' lang='lat' dir='ltr'><strong>servat</strong></span> <span class='ocrx_word' id='word_1_590' title='bbox 3051 2093 3188 2148; x_wconf 78' lang='lat' dir='ltr'><strong>illius</strong></span> <span class='ocrx_word' id='word_1_591' title='bbox 3217 2094 3489 2150; x_wconf 87' lang='lat' dir='ltr'><strong>hominum</strong></span> <span class='ocrx_word' id='word_1_592' title='bbox 3510 2137 3525 2161; x_wconf 94' lang='lat'><strong>,</strong></span> <span class='ocrx_word' id='word_1_593' title='bbox 3556 2094 3608 2149; x_wconf 86' lang='lat' dir='ltr'><strong>in</strong></span> 
     </span>
    </p>
   </div>
   <div class='ocr_carea' id='block_1_80' title="bbox 2016 2183 3609 2256">
    <p class='ocr_par' dir='ltr' id='par_1_80' title="bbox 2016 2183 3609 2256">
     <span class='ocr_line' id='line_1_80' title="bbox 2016 2183 3609 2256; baseline 0.003 -20"><span class='ocrx_word' id='word_1_594' title='bbox 2016 2183 2346 2251; x_wconf 88' lang='lat' dir='ltr'><strong>protectione</strong></span> <span class='ocrx_word' id='word_1_595' title='bbox 2371 2183 2578 2240; x_wconf 88' lang='lat' dir='ltr'><strong>alarum</strong></span> <span class='ocrx_word' id='word_1_596' title='bbox 2619 2184 2714 2241; x_wconf 90' lang='lat' dir='ltr'><strong>Dei</strong></span> <span class='ocrx_word' id='word_1_597' title='bbox 2749 2199 3048 2256; x_wconf 74' lang='lat' dir='ltr'><strong>sperantes,</strong></span> <span class='ocrx_word' id='word_1_598' title='bbox 3083 2194 3142 2241; x_wconf 91' lang='lat' dir='ltr'><strong>ut</strong></span> <span class='ocrx_word' id='word_1_599' title='bbox 3175 2187 3510 2244; x_wconf 88' lang='lat' dir='ltr'><strong>inebricntur</strong></span> <span class='ocrx_word' id='word_1_600' title='bbox 3541 2189 3609 2242; x_wconf 89' lang='lat' dir='ltr'><strong>ah</strong></span> 
     </span>
    </p>
   </div>
   <div class='ocr_carea' id='block_1_81' title="bbox 2017 2273 3607 2351">
    <p class='ocr_par' dir='ltr' id='par_1_81' title="bbox 2017 2273 3607 2351">
     <span class='ocr_line' id='line_1_81' title="bbox 2017 2273 3607 2351; baseline 0.003 -22"><span class='ocrx_word' id='word_1_601' title='bbox 2017 2273 2258 2331; x_wconf 89' lang='lat' dir='ltr'><strong>ubertate</strong></span> <span class='ocrx_word' id='word_1_602' title='bbox 2285 2274 2476 2331; x_wconf 91' lang='lat' dir='ltr'><strong>domus</strong></span> <span class='ocrx_word' id='word_1_603' title='bbox 2496 2276 2634 2348; x_wconf 84' lang='lat' dir='ltr'><strong>ejus,</strong></span> <span class='ocrx_word' id='word_1_604' title='bbox 2677 2285 2733 2333; x_wconf 89' lang='lat' dir='ltr'><strong>et</strong></span> <span class='ocrx_word' id='word_1_605' title='bbox 2760 2284 2999 2337; x_wconf 84' lang='lat' dir='ltr'><strong>torrente</strong></span> <span class='ocrx_word' id='word_1_606' title='bbox 3035 2278 3321 2350; x_wconf 85' lang='lat' dir='ltr'><strong>voluptatis</strong></span> <span class='ocrx_word' id='word_1_607' title='bbox 3348 2280 3465 2351; x_wconf 92' lang='lat' dir='ltr'><strong>ejus</strong></span> <span class='ocrx_word' id='word_1_608' title='bbox 3504 2296 3607 2350; x_wconf 78' lang='lat' dir='ltr'><strong>pu-</strong></span> 
     </span>
    </p>
   </div>
   <div class='ocr_carea' id='block_1_82' title="bbox 2016 2368 3611 2443">
    <p class='ocr_par' dir='ltr' id='par_1_82' title="bbox 2016 2368 3611 2443">
     <span class='ocr_line' id='line_1_82' title="bbox 2016 2368 3611 2443; baseline 0.003 -21"><span class='ocrx_word' id='word_1_609' title='bbox 2016 2374 2196 2424; x_wconf 90' lang='lat' dir='ltr'><strong>tentur</strong></span> <span class='ocrx_word' id='word_1_610' title='bbox 2215 2368 2239 2402; x_wconf 83' lang='lat'><strong>&#39;</strong></span> <span class='ocrx_word' id='word_1_611' title='bbox 2266 2385 2281 2423; x_wconf 92' lang='lat'><strong>:</strong></span> <span class='ocrx_word' id='word_1_612' title='bbox 2310 2369 2559 2440; x_wconf 88' lang='lat' dir='ltr'><strong>quoniam</strong></span> <span class='ocrx_word' id='word_1_613' title='bbox 2585 2370 2728 2442; x_wconf 91' lang='lat' dir='ltr'><strong>apud</strong></span> <span class='ocrx_word' id='word_1_614' title='bbox 2751 2371 2921 2443; x_wconf 88' lang='lat' dir='ltr'><strong>ipsum</strong></span> <span class='ocrx_word' id='word_1_615' title='bbox 2948 2381 3032 2429; x_wconf 79' lang='lat' dir='ltr'><strong>est</strong></span> <span class='ocrx_word' id='word_1_616' title='bbox 3059 2370 3178 2427; x_wconf 85' lang='lat' dir='ltr'><strong>fons</strong></span> <span class='ocrx_word' id='word_1_617' title='bbox 3207 2372 3348 2439; x_wconf 63' lang='lat' dir='ltr'><strong>vitae,</strong></span> <span class='ocrx_word' id='word_1_618' title='bbox 3376 2381 3430 2428; x_wconf 89' lang='lat' dir='ltr'><strong>et</strong></span> <span class='ocrx_word' id='word_1_619' title='bbox 3454 2371 3508 2427; x_wconf 91' lang='lat' dir='ltr'><strong>in</strong></span> <span class='ocrx_word' id='word_1_620' title='bbox 3529 2371 3611 2426; x_wconf 83' lang='lat' dir='ltr'><strong>lu-</strong></span> 
     </span>
    </p>
   </div>
   <div class='ocr_carea' id='block_1_83' title="bbox 2015 2459 3611 2536">
    <p class='ocr_par' dir='ltr' id='par_1_83' title="bbox 2015 2459 3611 2536">
     <span class='ocr_line' id='line_1_83' title="bbox 2015 2459 3611 2536; baseline 0.003 -22"><span class='ocrx_word' id='word_1_621' title='bbox 2015 2459 2160 2517; x_wconf 89' lang='lat' dir='ltr'><strong>mine</strong></span> <span class='ocrx_word' id='word_1_622' title='bbox 2186 2460 2303 2533; x_wconf 90' lang='lat' dir='ltr'><strong>ejus</strong></span> <span class='ocrx_word' id='word_1_623' title='bbox 2345 2461 2646 2519; x_wconf 87' lang='lat' dir='ltr'><strong>videbimus</strong></span> <span class='ocrx_word' id='word_1_624' title='bbox 2688 2463 2905 2532; x_wconf 87' lang='lat' dir='ltr'><strong>lumen;</strong></span> <span class='ocrx_word' id='word_1_625' title='bbox 2935 2464 3023 2536; x_wconf 89' lang='lat' dir='ltr'><strong>qui</strong></span> <span class='ocrx_word' id='word_1_626' title='bbox 3070 2464 3357 2535; x_wconf 67' lang='lat' dir='ltr'><strong>praetendit</strong></span> <span class='ocrx_word' id='word_1_627' title='bbox 3398 2465 3611 2520; x_wconf 58' lang='lat' dir='ltr'><strong>miseris</strong></span> 
     </span>
    </p>
   </div>
   <div class='ocr_carea' id='block_1_84' title="bbox 2013 2551 3612 2629">
    <p class='ocr_par' dir='ltr' id='par_1_84' title="bbox 2013 2551 3612 2629">
     <span class='ocr_line' id='line_1_84' title="bbox 2013 2551 3612 2629; baseline 0.003 -22"><span class='ocrx_word' id='word_1_628' title='bbox 2013 2551 2252 2608; x_wconf 89' lang='lat' dir='ltr'><strong>cordiam</strong></span> <span class='ocrx_word' id='word_1_629' title='bbox 2277 2568 2427 2610; x_wconf 89' lang='lat' dir='ltr'><strong>suam</strong></span> <span class='ocrx_word' id='word_1_630' title='bbox 2454 2554 2751 2614; x_wconf 83' lang='lat' dir='ltr'><strong>scientibus</strong></span> <span class='ocrx_word' id='word_1_631' title='bbox 2778 2572 2902 2613; x_wconf 89' lang='lat' dir='ltr'><strong>cum</strong></span> <span class='ocrx_word' id='word_1_632' title='bbox 2923 2598 2941 2626; x_wconf 89' lang='lat'><strong>,</strong></span> <span class='ocrx_word' id='word_1_633' title='bbox 2967 2566 3024 2615; x_wconf 89' lang='lat' dir='ltr'><strong>et</strong></span> <span class='ocrx_word' id='word_1_634' title='bbox 3058 2558 3320 2629; x_wconf 87' lang='lat' dir='ltr'><strong>justitiam</strong></span> <span class='ocrx_word' id='word_1_635' title='bbox 3363 2571 3514 2614; x_wconf 87' lang='lat' dir='ltr'><strong>suam</strong></span> <span class='ocrx_word' id='word_1_636' title='bbox 3546 2558 3612 2612; x_wconf 85' lang='lat' dir='ltr'><strong>iis</strong></span> 
     </span>
    </p>
   </div>
   <div class='ocr_carea' id='block_1_85' title="bbox 2014 2643 3608 2723">
    <p class='ocr_par' dir='ltr' id='par_1_85' title="bbox 2014 2643 3608 2723">
     <span class='ocr_line' id='line_1_85' title="bbox 2014 2643 3608 2723; baseline 0.004 -24"><span class='ocrx_word' id='word_1_637' title='bbox 2014 2643 2106 2716; x_wconf 91' lang='lat' dir='ltr'><strong>qui</strong></span> <span class='ocrx_word' id='word_1_638' title='bbox 2151 2653 2301 2702; x_wconf 85' lang='lat' dir='ltr'><strong>recto</strong></span> <span class='ocrx_word' id='word_1_639' title='bbox 2343 2655 2468 2704; x_wconf 89' lang='lat' dir='ltr'><strong>sunt</strong></span> <span class='ocrx_word' id='word_1_640' title='bbox 2504 2647 2689 2706; x_wconf 88' lang='lat' dir='ltr'><strong>corde.</strong></span> <span class='ocrx_word' id='word_1_641' title='bbox 2728 2648 2915 2723; x_wconf 84' lang='lat' dir='ltr'><strong>Neque</strong></span> <span class='ocrx_word' id='word_1_642' title='bbox 2943 2650 3089 2707; x_wconf 87' lang='lat' dir='ltr'><strong>enim</strong></span> <span class='ocrx_word' id='word_1_643' title='bbox 3116 2650 3239 2722; x_wconf 86' lang='lat' dir='ltr'><strong>quia</strong></span> <span class='ocrx_word' id='word_1_644' title='bbox 3268 2650 3482 2720; x_wconf 79' lang='lat' dir='ltr'><strong>sciunt,</strong></span> <span class='ocrx_word' id='word_1_645' title='bbox 3512 2650 3608 2706; x_wconf 88' lang='lat' dir='ltr'><strong>sed</strong></span> 
     </span>
    </p>
   </div>
   <div class='ocr_carea' id='block_1_86' title="bbox 2014 2737 3609 2814">
    <p class='ocr_par' dir='ltr' id='par_1_86' title="bbox 2014 2737 3609 2814">
     <span class='ocr_line' id='line_1_86' title="bbox 2014 2737 3609 2814; baseline 0.003 -20"><span class='ocrx_word' id='word_1_646' title='bbox 2014 2737 2178 2794; x_wconf 84' lang='lat' dir='ltr'><strong>etiam</strong></span> <span class='ocrx_word' id='word_1_647' title='bbox 2208 2747 2266 2795; x_wconf 89' lang='lat' dir='ltr'><strong>ut</strong></span> <span class='ocrx_word' id='word_1_648' title='bbox 2293 2739 2466 2796; x_wconf 86' lang='lat' dir='ltr'><strong>sciant</strong></span> <span class='ocrx_word' id='word_1_649' title='bbox 2493 2755 2641 2810; x_wconf 88' lang='lat' dir='ltr'><strong>eum,</strong></span> <span class='ocrx_word' id='word_1_650' title='bbox 2666 2742 2949 2814; x_wconf 72' lang='lat' dir='ltr'><strong>praetendit</strong></span> <span class='ocrx_word' id='word_1_651' title='bbox 2974 2741 3395 2800; x_wconf 81' lang='lat' dir='ltr'><strong>misericordiam</strong></span> <span class='ocrx_word' id='word_1_652' title='bbox 3425 2759 3609 2799; x_wconf 89' lang='lat' dir='ltr'><strong>suam:</strong></span> 
     </span>
    </p>
   </div>
   <div class='ocr_carea' id='block_1_87' title="bbox 2017 2831 3614 2903">
    <p class='ocr_par' dir='ltr' id='par_1_87' title="bbox 2017 2831 3614 2903">
     <span class='ocr_line' id='line_1_87' title="bbox 2017 2831 3614 2903; baseline 0.007 -20"><span class='ocrx_word' id='word_1_653' title='bbox 2017 2843 2117 2884; x_wconf 88' lang='lat' dir='ltr'><strong>nec</strong></span> <span class='ocrx_word' id='word_1_654' title='bbox 2143 2831 2268 2902; x_wconf 90' lang='lat' dir='ltr'><strong>quia</strong></span> <span class='ocrx_word' id='word_1_655' title='bbox 2297 2832 2432 2889; x_wconf 89' lang='lat' dir='ltr'><strong>recti</strong></span> <span class='ocrx_word' id='word_1_656' title='bbox 2469 2843 2595 2889; x_wconf 90' lang='lat' dir='ltr'><strong>sunt</strong></span> <span class='ocrx_word' id='word_1_657' title='bbox 2640 2835 2841 2903; x_wconf 88' lang='lat' dir='ltr'><strong>corde,</strong></span> <span class='ocrx_word' id='word_1_658' title='bbox 2892 2835 2987 2893; x_wconf 87' lang='lat' dir='ltr'><strong>sed</strong></span> <span class='ocrx_word' id='word_1_659' title='bbox 3028 2836 3189 2893; x_wconf 85' lang='lat' dir='ltr'><strong>etiam</strong></span> <span class='ocrx_word' id='word_1_660' title='bbox 3235 2844 3293 2893; x_wconf 92' lang='lat' dir='ltr'><strong>ut</strong></span> <span class='ocrx_word' id='word_1_661' title='bbox 3330 2839 3464 2894; x_wconf 83' lang='lat' dir='ltr'><strong>recti</strong></span> <span class='ocrx_word' id='word_1_662' title='bbox 3504 2839 3614 2894; x_wconf 86' lang='lat' dir='ltr'><strong>sint</strong></span> 
     </span>
    </p>
   </div>
   <div class='ocr_carea' id='block_1_88' title="bbox 2015 2921 3616 3001">
    <p class='ocr_par' dir='ltr' id='par_1_88' title="bbox 2015 2921 3616 3001">
     <span class='ocr_line' id='line_1_88' title="bbox 2015 2921 3616 3001; baseline 0.006 -26"><span class='ocrx_word' id='word_1_663' title='bbox 2015 2921 2210 2989; x_wconf 89' lang='lat' dir='ltr'><strong>corde,</strong></span> <span class='ocrx_word' id='word_1_664' title='bbox 2242 2924 2524 2993; x_wconf 81' lang='lat' dir='ltr'><strong>praetendit</strong></span> <span class='ocrx_word' id='word_1_665' title='bbox 2562 2924 2819 2997; x_wconf 85' lang='lat' dir='ltr'><strong>justitiam</strong></span> <span class='ocrx_word' id='word_1_666' title='bbox 2862 2942 3045 2997; x_wconf 87' lang='lat' dir='ltr'><strong>suam,</strong></span> <span class='ocrx_word' id='word_1_667' title='bbox 3083 2943 3186 3001; x_wconf 90' lang='lat' dir='ltr'><strong>qua</strong></span> <span class='ocrx_word' id='word_1_668' title='bbox 3227 2927 3487 3000; x_wconf 86' lang='lat' dir='ltr'><strong>juslilicat</strong></span> <span class='ocrx_word' id='word_1_669' title='bbox 3513 2927 3616 2984; x_wconf 49' lang='lat' dir='ltr'><strong>im‘</strong></span> 
     </span>
    </p>
   </div>
   <div class='ocr_carea' id='block_1_89' title="bbox 2016 3014 3611 3093">
    <p class='ocr_par' dir='ltr' id='par_1_89' title="bbox 2016 3014 3611 3093">
     <span class='ocr_line' id='line_1_89' title="bbox 2016 3014 3611 3093; baseline 0.007 -25"><span class='ocrx_word' id='word_1_670' title='bbox 2016 3014 2162 3085; x_wconf 91' lang='lat' dir='ltr'><strong>pium</strong></span> <span class='ocrx_word' id='word_1_671' title='bbox 2193 3014 2305 3089; x_wconf 88' lang='lat' dir='ltr'><strong>(Id.</strong></span> <span class='ocrx_word' id='word_1_672' title='bbox 2338 3032 2408 3083; x_wconf 81' lang='lat' dir='ltr'><strong>tv,</strong></span> <span class='ocrx_word' id='word_1_673' title='bbox 2440 3015 2519 3090; x_wconf 84' lang='lat'><strong>5).</strong></span> <span class='ocrx_word' id='word_1_674' title='bbox 2546 3017 2674 3075; x_wconf 71' lang='lat' dir='ltr'><strong>llaec</strong></span> <span class='ocrx_word' id='word_1_675' title='bbox 2714 3020 2965 3091; x_wconf 84' lang='lat' dir='ltr'><strong>cogitatio</strong></span> <span class='ocrx_word' id='word_1_676' title='bbox 2993 3035 3101 3077; x_wconf 93' lang='lat' dir='ltr'><strong>non</strong></span> <span class='ocrx_word' id='word_1_677' title='bbox 3140 3020 3297 3078; x_wconf 77' lang='lat' dir='ltr'><strong>effert</strong></span> <span class='ocrx_word' id='word_1_678' title='bbox 3336 3021 3392 3077; x_wconf 87' lang='lat' dir='ltr'><strong>in</strong></span> <span class='ocrx_word' id='word_1_679' title='bbox 3420 3037 3611 3093; x_wconf 86' lang='lat' dir='ltr'><strong>super-</strong></span> 
     </span>
    </p>
   </div>
   <div class='ocr_carea' id='block_1_90' title="bbox 2017 3106 3613 3188">
    <p class='ocr_par' dir='ltr' id='par_1_90' title="bbox 2017 3106 3613 3188">
     <span class='ocr_line' id='line_1_90' title="bbox 2017 3106 3613 3188; baseline 0.005 -27"><span class='ocrx_word' id='word_1_680' title='bbox 2017 3106 2234 3175; x_wconf 85' lang='lat' dir='ltr'><strong>biam‘;</strong></span> <span class='ocrx_word' id='word_1_681' title='bbox 2261 3108 2406 3180; x_wconf 90' lang='lat' dir='ltr'><strong>quod</strong></span> <span class='ocrx_word' id='word_1_682' title='bbox 2445 3110 2631 3166; x_wconf 85' lang='lat' dir='ltr'><strong>vitium</strong></span> <span class='ocrx_word' id='word_1_683' title='bbox 2657 3111 2856 3178; x_wconf 89' lang='lat' dir='ltr'><strong>oritur,</strong></span> <span class='ocrx_word' id='word_1_684' title='bbox 2888 3129 3010 3168; x_wconf 87' lang='lat' dir='ltr'><strong>eum</strong></span> <span class='ocrx_word' id='word_1_685' title='bbox 3040 3113 3141 3170; x_wconf 88' lang='lat' dir='ltr'><strong>sibi</strong></span> <span class='ocrx_word' id='word_1_686' title='bbox 3168 3115 3397 3188; x_wconf 88' lang='lat' dir='ltr'><strong>quisque</strong></span> <span class='ocrx_word' id='word_1_687' title='bbox 3435 3119 3613 3188; x_wconf 79' lang='lat' dir='ltr'><strong>praeli-</strong></span> 
     </span>
    </p>
   </div>
   <div class='ocr_carea' id='block_1_91' title="bbox 2018 3199 3610 3279">
    <p class='ocr_par' dir='ltr' id='par_1_91' title="bbox 2018 3199 3610 3279">
     <span class='ocr_line' id='line_1_91' title="bbox 2018 3199 3610 3279; baseline 0.006 -26"><span class='ocrx_word' id='word_1_688' title='bbox 2018 3199 2114 3264; x_wconf 87' lang='lat' dir='ltr'><strong>dit.</strong></span> <span class='ocrx_word' id='word_1_689' title='bbox 2142 3215 2309 3273; x_wconf 88' lang='lat' dir='ltr'><strong>seque</strong></span> <span class='ocrx_word' id='word_1_690' title='bbox 2340 3202 2442 3258; x_wconf 84' lang='lat' dir='ltr'><strong>sibi</strong></span> <span class='ocrx_word' id='word_1_691' title='bbox 2479 3202 2545 3259; x_wconf 88' lang='lat' dir='ltr'><strong>ad</strong></span> <span class='ocrx_word' id='word_1_692' title='bbox 2576 3204 2863 3261; x_wconf 86' lang='lat' dir='ltr'><strong>vivendum</strong></span> <span class='ocrx_word' id='word_1_693' title='bbox 2903 3218 3062 3278; x_wconf 85' lang='lat' dir='ltr'><strong>caput</strong></span> <span class='ocrx_word' id='word_1_694' title='bbox 3110 3207 3255 3264; x_wconf 88' lang='lat' dir='ltr'><strong>facit.</strong></span> <span class='ocrx_word' id='word_1_695' title='bbox 3294 3208 3412 3279; x_wconf 88' lang='lat' dir='ltr'><strong>Quo</strong></span> <span class='ocrx_word' id='word_1_696' title='bbox 3464 3218 3610 3265; x_wconf 82' lang='lat' dir='ltr'><strong>metu</strong></span> 
     </span>
    </p>
   </div>
   <div class='ocr_carea' id='block_1_92' title="bbox 2019 3293 3612 3372">
    <p class='ocr_par' dir='ltr' id='par_1_92' title="bbox 2019 3293 3612 3372">
     <span class='ocr_line' id='line_1_92' title="bbox 2019 3293 3612 3372; baseline 0.006 -25"><span class='ocrx_word' id='word_1_697' title='bbox 2019 3294 2290 3349; x_wconf 88' lang='lat' dir='ltr'><strong>receditur</strong></span> <span class='ocrx_word' id='word_1_698' title='bbox 2315 3293 2385 3348; x_wconf 90' lang='lat' dir='ltr'><strong>ah</strong></span> <span class='ocrx_word' id='word_1_699' title='bbox 2410 3294 2503 3350; x_wconf 91' lang='lat' dir='ltr'><strong>illo</strong></span> <span class='ocrx_word' id='word_1_700' title='bbox 2529 3295 2674 3351; x_wconf 89' lang='lat' dir='ltr'><strong>fonte</strong></span> <span class='ocrx_word' id='word_1_701' title='bbox 2700 3298 2843 3366; x_wconf 69' lang='lat' dir='ltr'><strong>vitze,</strong></span> <span class='ocrx_word' id='word_1_702' title='bbox 2870 3299 3023 3371; x_wconf 87' lang='lat' dir='ltr'><strong>cujus</strong></span> <span class='ocrx_word' id='word_1_703' title='bbox 3049 3299 3214 3356; x_wconf 88' lang='lat' dir='ltr'><strong>solius</strong></span> <span class='ocrx_word' id='word_1_704' title='bbox 3244 3300 3436 3357; x_wconf 76' lang='lat' dir='ltr'><strong>haustu</strong></span> <span class='ocrx_word' id='word_1_705' title='bbox 3456 3302 3612 3372; x_wconf 86' lang='lat' dir='ltr'><strong>justi-</strong></span> 
     </span>
    </p>
   </div>
   <div class='ocr_carea' id='block_1_93' title="bbox 2019 3383 3616 3457">
    <p class='ocr_par' dir='ltr' id='par_1_93' title="bbox 2019 3383 3616 3457">
     <span class='ocr_line' id='line_1_93' title="bbox 2019 3383 3616 3457; baseline 0.004 -17"><span class='ocrx_word' id='word_1_706' title='bbox 2019 3385 2091 3440; x_wconf 87' lang='lat' dir='ltr'><strong>tia</strong></span> <span class='ocrx_word' id='word_1_707' title='bbox 2122 3383 2342 3455; x_wconf 89' lang='lat' dir='ltr'><strong>bibitur,</strong></span> <span class='ocrx_word' id='word_1_708' title='bbox 2378 3386 2519 3442; x_wconf 89' lang='lat' dir='ltr'><strong>bona</strong></span> <span class='ocrx_word' id='word_1_709' title='bbox 2560 3388 2765 3444; x_wconf 87' lang='lat' dir='ltr'><strong>scilicet</strong></span> <span class='ocrx_word' id='word_1_710' title='bbox 2794 3387 2934 3457; x_wconf 82' lang='lat' dir='ltr'><strong>vita;</strong></span> <span class='ocrx_word' id='word_1_711' title='bbox 2966 3400 3020 3447; x_wconf 92' lang='lat' dir='ltr'><strong>et</strong></span> <span class='ocrx_word' id='word_1_712' title='bbox 3047 3390 3115 3446; x_wconf 90' lang='lat' dir='ltr'><strong>ab</strong></span> <span class='ocrx_word' id='word_1_713' title='bbox 3145 3391 3235 3447; x_wconf 90' lang='lat' dir='ltr'><strong>illo</strong></span> <span class='ocrx_word' id='word_1_714' title='bbox 3260 3392 3616 3449; x_wconf 79' lang='lat' dir='ltr'><strong>iuconnnuta-</strong></span> 
     </span>
    </p>
   </div>
   <div class='ocr_carea' id='block_1_94' title="bbox 2021 3475 3617 3556">
    <p class='ocr_par' dir='ltr' id='par_1_94' title="bbox 2021 3475 3617 3556">
     <span class='ocr_line' id='line_1_94' title="bbox 2021 3475 3617 3556; baseline 0.002 -25"><span class='ocrx_word' id='word_1_715' title='bbox 2021 3475 2112 3531; x_wconf 73' lang='lat' dir='ltr'><strong>bili</strong></span> <span class='ocrx_word' id='word_1_716' title='bbox 2134 3476 2356 3547; x_wconf 87' lang='lat' dir='ltr'><strong>lumine,</strong></span> <span class='ocrx_word' id='word_1_717' title='bbox 2374 3478 2527 3550; x_wconf 89' lang='lat' dir='ltr'><strong>cujus</strong></span> <span class='ocrx_word' id='word_1_718' title='bbox 2548 3480 2953 3553; x_wconf 88' lang='lat' dir='ltr'><strong>participatione</strong></span> <span class='ocrx_word' id='word_1_719' title='bbox 2979 3483 3156 3539; x_wconf 87' lang='lat' dir='ltr'><strong>anima</strong></span> <span class='ocrx_word' id='word_1_720' title='bbox 3186 3483 3463 3540; x_wconf 80' lang='lat' dir='ltr'><strong>rationalis</strong></span> <span class='ocrx_word' id='word_1_721' title='bbox 3482 3500 3617 3556; x_wconf 74' lang='lat' dir='ltr'><strong>quo-</strong></span> 
     </span>
    </p>
   </div>
   <div class='ocr_carea' id='block_1_95' title="bbox 2020 3566 3614 3646">
    <p class='ocr_par' dir='ltr' id='par_1_95' title="bbox 2020 3566 3614 3646">
     <span class='ocr_line' id='line_1_95' title="bbox 2020 3566 3614 3646; baseline 0.004 -22"><span class='ocrx_word' id='word_1_722' title='bbox 2020 3566 2144 3624; x_wconf 88' lang='lat' dir='ltr'><strong>dam</strong></span> <span class='ocrx_word' id='word_1_723' title='bbox 2201 3570 2361 3625; x_wconf 91' lang='lat' dir='ltr'><strong>modo</strong></span> <span class='ocrx_word' id='word_1_724' title='bbox 2413 3573 2724 3628; x_wconf 86' lang='lat' dir='ltr'><strong>accenditur</strong></span> <span class='ocrx_word' id='word_1_725' title='bbox 2788 3582 2845 3629; x_wconf 89' lang='lat' dir='ltr'><strong>ut</strong></span> <span class='ocrx_word' id='word_1_726' title='bbox 2895 3575 2967 3629; x_wconf 88' lang='lat' dir='ltr'><strong>sit</strong></span> <span class='ocrx_word' id='word_1_727' title='bbox 3022 3575 3183 3631; x_wconf 84' lang='lat' dir='ltr'><strong>etiam</strong></span> <span class='ocrx_word' id='word_1_728' title='bbox 3239 3575 3353 3646; x_wconf 87' lang='lat' dir='ltr'><strong>ipsa</strong></span> <span class='ocrx_word' id='word_1_729' title='bbox 3418 3576 3614 3633; x_wconf 82' lang='lat' dir='ltr'><strong>iactum</strong></span> 
     </span>
    </p>
   </div>
   <div class='ocr_carea' id='block_1_96' title="bbox 2021 3663 3617 3734">
    <p class='ocr_par' dir='ltr' id='par_1_96' title="bbox 2021 3663 3617 3734">
     <span class='ocr_line' id='line_1_96' title="bbox 2021 3663 3617 3734; baseline 0.003 -17"><span class='ocrx_word' id='word_1_730' title='bbox 2021 3671 2367 3734; x_wconf 88' lang='lat' dir='ltr'><strong>creatumque</strong></span> <span class='ocrx_word' id='word_1_731' title='bbox 2395 3663 2573 3720; x_wconf 87' lang='lat' dir='ltr'><strong>lumen</strong></span> <span class='ocrx_word' id='word_1_732' title='bbox 2599 3682 2612 3718; x_wconf 90' lang='lat'><strong>:</strong></span> <span class='ocrx_word' id='word_1_733' title='bbox 2641 3665 2778 3720; x_wconf 90' lang='lat' dir='ltr'><strong>sicut</strong></span> <span class='ocrx_word' id='word_1_734' title='bbox 2802 3676 2913 3721; x_wconf 88' lang='lat' dir='ltr'><strong>erat</strong></span> <span class='ocrx_word' id='word_1_735' title='bbox 2941 3664 3174 3722; x_wconf 76' lang='lat' dir='ltr'><strong>Joannes</strong></span> <span class='ocrx_word' id='word_1_736' title='bbox 3201 3664 3409 3721; x_wconf 89' lang='lat' dir='ltr'><strong>lucerna</strong></span> <span class='ocrx_word' id='word_1_737' title='bbox 3431 3666 3617 3723; x_wconf 82' lang='lat' dir='ltr'><strong>ardens</strong></span> 
     </span>
    </p>
   </div>
   <div class='ocr_carea' id='block_1_97' title="bbox 2021 3754 3619 3831">
    <p class='ocr_par' dir='ltr' id='par_1_97' title="bbox 2021 3754 3619 3831">
     <span class='ocr_line' id='line_1_97' title="bbox 2021 3754 3619 3831; baseline 0.005 -24"><span class='ocrx_word' id='word_1_738' title='bbox 2021 3763 2069 3807; x_wconf 88' lang='lat' dir='ltr'><strong>et</strong></span> <span class='ocrx_word' id='word_1_739' title='bbox 2095 3754 2266 3809; x_wconf 83' lang='lat' dir='ltr'><strong>lucens</strong></span> <span class='ocrx_word' id='word_1_740' title='bbox 2293 3754 2474 3828; x_wconf 81' lang='lat' dir='ltr'><strong>(Joan.</strong></span> <span class='ocrx_word' id='word_1_741' title='bbox 2508 3772 2564 3822; x_wconf 76' lang='grc' dir='ltr'><strong>ν,</strong></span> <span class='ocrx_word' id='word_1_742' title='bbox 2598 3757 2835 3831; x_wconf 80' lang='lat' dir='ltr'><strong>55);qui</strong></span> <span class='ocrx_word' id='word_1_743' title='bbox 2869 3765 3047 3815; x_wconf 85' lang='lat' dir='ltr'><strong>tamen</strong></span> <span class='ocrx_word' id='word_1_744' title='bbox 3074 3757 3215 3814; x_wconf 85' lang='lat' dir='ltr'><strong>unde</strong></span> <span class='ocrx_word' id='word_1_745' title='bbox 3233 3759 3436 3815; x_wconf 89' lang='lat' dir='ltr'><strong>luceret</strong></span> <span class='ocrx_word' id='word_1_746' title='bbox 3454 3774 3619 3831; x_wconf 88' lang='lat' dir='ltr'><strong>agno-</strong></span> 
     </span>
    </p>
   </div>
   <div class='ocr_carea' id='block_1_98' title="bbox 2022 3832 3618 3924">
    <p class='ocr_par' dir='ltr' id='par_1_98' title="bbox 2022 3832 3618 3924">
     <span class='ocr_line' id='line_1_98' title="bbox 2022 3832 3618 3924; baseline 0.004 -22"><span class='ocrx_word' id='word_1_747' title='bbox 2022 3861 2200 3915; x_wconf 83' lang='lat' dir='ltr'><strong>secus,</strong></span> <span class='ocrx_word' id='word_1_748' title='bbox 2220 3846 2353 3917; x_wconf 81' lang='lat' dir='ltr'><strong>Nos,</strong></span> <span class='ocrx_word' id='word_1_749' title='bbox 2374 3846 2564 3922; x_wconf 78' lang='lat' dir='ltr'><strong>inquit,</strong></span> <span class='ocrx_word' id='word_1_750' title='bbox 2582 3851 2644 3904; x_wconf 87' lang='lat' dir='ltr'><strong>de</strong></span> <span class='ocrx_word' id='word_1_751' title='bbox 2663 3832 3394 3924; x_wconf 74' lang='lat' dir='ltr'><strong>plenitudineejnsaccepimus</strong></span> <span class='ocrx_word' id='word_1_752' title='bbox 3409 3867 3429 3906; x_wconf 84' lang='lat'><strong>.&#39;</strong></span> <span class='ocrx_word' id='word_1_753' title='bbox 3444 3850 3618 3924; x_wconf 82' lang='lat' dir='ltr'><strong>cujus,</strong></span> 
     </span>
    </p>
   </div>
   <div class='ocr_carea' id='block_1_99' title="bbox 2024 3941 3619 4014">
    <p class='ocr_par' dir='ltr' id='par_1_99' title="bbox 2024 3941 3619 4014">
     <span class='ocr_line' id='line_1_99' title="bbox 2024 3941 3619 4014; baseline 0 -14"><span class='ocrx_word' id='word_1_754' title='bbox 2024 3944 2128 4001; x_wconf 90' lang='lat' dir='ltr'><strong>nisi</strong></span> <span class='ocrx_word' id='word_1_755' title='bbox 2157 3943 2300 3999; x_wconf 90' lang='lat' dir='ltr'><strong>illius</strong></span> <span class='ocrx_word' id='word_1_756' title='bbox 2327 3942 2507 4014; x_wconf 87' lang='lat' dir='ltr'><strong>utique</strong></span> <span class='ocrx_word' id='word_1_757' title='bbox 2544 3942 2598 3998; x_wconf 92' lang='lat' dir='ltr'><strong>in</strong></span> <span class='ocrx_word' id='word_1_758' title='bbox 2642 3941 2796 4014; x_wconf 91' lang='lat' dir='ltr'><strong>cujus</strong></span> <span class='ocrx_word' id='word_1_759' title='bbox 2819 3942 3219 4014; x_wconf 87' lang='lat' dir='ltr'><strong>comparatione</strong></span> <span class='ocrx_word' id='word_1_760' title='bbox 3246 3941 3483 4000; x_wconf 76' lang='lat' dir='ltr'><strong>Joannes</strong></span> <span class='ocrx_word' id='word_1_761' title='bbox 3511 3960 3619 4000; x_wconf 86' lang='lat' dir='ltr'><strong>non</strong></span> 
     </span>
    </p>
   </div>
   <div class='ocr_carea' id='block_1_100' title="bbox 2025 4033 3621 4109">
    <p class='ocr_par' dir='ltr' id='par_1_100' title="bbox 2025 4033 3621 4109">
     <span class='ocr_line' id='line_1_100' title="bbox 2025 4033 3621 4109; baseline -0.001 -17"><span class='ocrx_word' id='word_1_762' title='bbox 2025 4045 2143 4093; x_wconf 85' lang='lat' dir='ltr'><strong>erat</strong></span> <span class='ocrx_word' id='word_1_763' title='bbox 2158 4034 2378 4092; x_wconf 88' lang='lat' dir='ltr'><strong>lumen?</strong></span> <span class='ocrx_word' id='word_1_764' title='bbox 2398 4033 2534 4091; x_wconf 86' lang='lat' dir='ltr'><strong>Illud</strong></span> <span class='ocrx_word' id='word_1_765' title='bbox 2554 4034 2696 4092; x_wconf 88' lang='lat' dir='ltr'><strong>enim</strong></span> <span class='ocrx_word' id='word_1_766' title='bbox 2712 4044 2819 4091; x_wconf 88' lang='lat' dir='ltr'><strong>erat</strong></span> <span class='ocrx_word' id='word_1_767' title='bbox 2839 4052 3011 4091; x_wconf 79' lang='lat' dir='ltr'><strong>verunt</strong></span> <span class='ocrx_word' id='word_1_768' title='bbox 3027 4035 3198 4092; x_wconf 87' lang='lat' dir='ltr'><strong>lumen</strong></span> <span class='ocrx_word' id='word_1_769' title='bbox 3215 4035 3353 4109; x_wconf 84' lang='lat' dir='ltr'><strong>quod</strong></span> <span class='ocrx_word' id='word_1_770' title='bbox 3365 4036 3621 4092; x_wconf 86' lang='lat' dir='ltr'><strong>illuminat</strong></span> 
     </span>
    </p>
   </div>
   <div class='ocr_carea' id='block_1_101' title="bbox 2026 4129 3619 4204">
    <p class='ocr_par' dir='ltr' id='par_1_101' title="bbox 2026 4129 3619 4204">
     <span class='ocr_line' id='line_1_101' title="bbox 2026 4129 3619 4204; baseline 0.003 -20"><span class='ocrx_word' id='word_1_771' title='bbox 2026 4147 2224 4186; x_wconf 83' lang='lat' dir='ltr'><strong>onmem</strong></span> <span class='ocrx_word' id='word_1_772' title='bbox 2253 4130 2507 4185; x_wconf 87' lang='lat' dir='ltr'><strong>hominem</strong></span> <span class='ocrx_word' id='word_1_773' title='bbox 2533 4131 2805 4185; x_wconf 86' lang='lat' dir='ltr'><strong>venientem</strong></span> <span class='ocrx_word' id='word_1_774' title='bbox 2830 4130 2884 4186; x_wconf 89' lang='lat' dir='ltr'><strong>in</strong></span> <span class='ocrx_word' id='word_1_775' title='bbox 2904 4129 3039 4185; x_wconf 88' lang='lat' dir='ltr'><strong>hunc</strong></span> <span class='ocrx_word' id='word_1_776' title='bbox 3059 4131 3308 4185; x_wconf 87' lang='lat' dir='ltr'><strong>mundum</strong></span> <span class='ocrx_word' id='word_1_777' title='bbox 3334 4129 3442 4204; x_wconf 85' lang='lat' dir='ltr'><strong>(Id.</strong></span> <span class='ocrx_word' id='word_1_778' title='bbox 3468 4148 3505 4199; x_wconf 84' lang='grc' dir='ltr'>ι,</span> <span class='ocrx_word' id='word_1_779' title='bbox 3531 4131 3619 4195; x_wconf 79' lang='lat' dir='ltr'><strong>l6.</strong></span> 
     </span>
    </p>
   </div>
   <div class='ocr_carea' id='block_1_102' title="bbox 2008 4211 3622 4294">
    <p class='ocr_par' dir='ltr' id='par_1_102' title="bbox 2008 4211 3622 4294">
     <span class='ocr_line' id='line_1_102' title="bbox 2008 4211 3622 4294; baseline -0.001 -16"><span class='ocrx_word' id='word_1_780' title='bbox 2008 4211 2105 4294; x_wconf 59' lang='grc' dir='ltr'><strong>Ὃ).</strong></span> <span class='ocrx_word' id='word_1_781' title='bbox 2126 4220 2360 4279; x_wconf 88' lang='lat' dir='ltr'><strong>Proinde</strong></span> <span class='ocrx_word' id='word_1_782' title='bbox 2384 4236 2507 4278; x_wconf 89' lang='lat' dir='ltr'><strong>cum</strong></span> <span class='ocrx_word' id='word_1_783' title='bbox 2537 4220 2767 4279; x_wconf 86' lang='lat' dir='ltr'><strong>dixisset</strong></span> <span class='ocrx_word' id='word_1_784' title='bbox 2793 4221 2845 4277; x_wconf 89' lang='lat' dir='ltr'><strong>in</strong></span> <span class='ocrx_word' id='word_1_785' title='bbox 2871 4221 3060 4278; x_wconf 89' lang='lat' dir='ltr'><strong>eodem</strong></span> <span class='ocrx_word' id='word_1_786' title='bbox 3092 4222 3321 4293; x_wconf 87' lang='lat' dir='ltr'><strong>psalmo,</strong></span> <span class='ocrx_word' id='word_1_787' title='bbox 3351 4222 3622 4280; x_wconf 79' lang='lat' dir='ltr'><strong>Prtetende</strong></span> 
     </span>
    </p>
   </div>
   <div class='ocr_carea' id='block_1_103' title="bbox 2027 4312 3621 4387">
    <p class='ocr_par' dir='ltr' id='par_1_103' title="bbox 2027 4312 3621 4387">
     <span class='ocr_line' id='line_1_103' title="bbox 2027 4312 3621 4387; baseline 0.001 -19"><span class='ocrx_word' id='word_1_788' title='bbox 2027 4312 2425 4369; x_wconf 80' lang='lat' dir='ltr'><strong>misericordiam</strong></span> <span class='ocrx_word' id='word_1_789' title='bbox 2454 4323 2592 4368; x_wconf 90' lang='lat' dir='ltr'><strong>tuam</strong></span> <span class='ocrx_word' id='word_1_790' title='bbox 2630 4313 2901 4369; x_wconf 86' lang='lat' dir='ltr'><strong>scientibus</strong></span> <span class='ocrx_word' id='word_1_791' title='bbox 2926 4322 2994 4383; x_wconf 83' lang='lat' dir='ltr'><strong>te,</strong></span> <span class='ocrx_word' id='word_1_792' title='bbox 3018 4324 3064 4370; x_wconf 87' lang='lat' dir='ltr'><strong>et</strong></span> <span class='ocrx_word' id='word_1_793' title='bbox 3089 4315 3348 4387; x_wconf 87' lang='lat' dir='ltr'><strong>justitiam</strong></span> <span class='ocrx_word' id='word_1_794' title='bbox 3379 4326 3519 4372; x_wconf 89' lang='lat' dir='ltr'><strong>tuam</strong></span> <span class='ocrx_word' id='word_1_795' title='bbox 3542 4320 3621 4372; x_wconf 78' lang='lat' dir='ltr'><strong>his</strong></span> 
     </span>
    </p>
   </div>
   <div class='ocr_carea' id='block_1_104' title="bbox 2026 4403 3621 4482">
    <p class='ocr_par' dir='ltr' id='par_1_104' title="bbox 2026 4403 3621 4482">
     <span class='ocr_line' id='line_1_104' title="bbox 2026 4403 3621 4482; baseline 0.004 -23"><span class='ocrx_word' id='word_1_796' title='bbox 2026 4405 2113 4478; x_wconf 84' lang='lat' dir='ltr'><strong>qui</strong></span> <span class='ocrx_word' id='word_1_797' title='bbox 2140 4413 2275 4460; x_wconf 88' lang='lat' dir='ltr'><strong>recto</strong></span> <span class='ocrx_word' id='word_1_798' title='bbox 2299 4412 2415 4459; x_wconf 88' lang='lat' dir='ltr'><strong>sunt</strong></span> <span class='ocrx_word' id='word_1_799' title='bbox 2447 4404 2637 4460; x_wconf 88' lang='lat' dir='ltr'><strong>corde:</strong></span> <span class='ocrx_word' id='word_1_800' title='bbox 2665 4403 2785 4460; x_wconf 80' lang='lat' dir='ltr'><strong>Non</strong></span> <span class='ocrx_word' id='word_1_801' title='bbox 2814 4407 3009 4476; x_wconf 87' lang='lat' dir='ltr'><strong>veniat,</strong></span> <span class='ocrx_word' id='word_1_802' title='bbox 3046 4406 3235 4479; x_wconf 85' lang='lat' dir='ltr'><strong>inquit,</strong></span> <span class='ocrx_word' id='word_1_803' title='bbox 3270 4408 3394 4463; x_wconf 81' lang='lat' dir='ltr'><strong>mihi</strong></span> <span class='ocrx_word' id='word_1_804' title='bbox 3423 4426 3510 4482; x_wconf 84' lang='lat' dir='ltr'><strong>pes</strong></span> <span class='ocrx_word' id='word_1_805' title='bbox 3532 4427 3621 4465; x_wconf 87' lang='lat' dir='ltr'><strong>su-</strong></span> 
     </span>
    </p>
   </div>
   <div class='ocr_carea' id='block_1_105' title="bbox 2028 4497 3623 4570">
    <p class='ocr_par' dir='ltr' id='par_1_105' title="bbox 2028 4497 3623 4570">
     <span class='ocr_line' id='line_1_105' title="bbox 2028 4497 3623 4570; baseline 0.004 -20"><span class='ocrx_word' id='word_1_806' title='bbox 2028 4497 2234 4570; x_wconf 67' lang='lat' dir='ltr'><strong>perbiaa,</strong></span> <span class='ocrx_word' id='word_1_807' title='bbox 2280 4505 2328 4551; x_wconf 80' lang='lat' dir='ltr'><strong>et</strong></span> <span class='ocrx_word' id='word_1_808' title='bbox 2352 4514 2536 4552; x_wconf 85' lang='lat' dir='ltr'><strong>manus</strong></span> <span class='ocrx_word' id='word_1_809' title='bbox 2560 4507 2883 4570; x_wconf 81' lang='lat' dir='ltr'><strong>peccatorum</strong></span> <span class='ocrx_word' id='word_1_810' title='bbox 2914 4515 3015 4554; x_wconf 90' lang='lat' dir='ltr'><strong>non</strong></span> <span class='ocrx_word' id='word_1_811' title='bbox 3041 4510 3234 4556; x_wconf 80' lang='lat' dir='ltr'><strong>moveat</strong></span> <span class='ocrx_word' id='word_1_812' title='bbox 3259 4501 3279 4533; x_wconf 90' lang='grc'><strong>⁷</strong></span> <span class='ocrx_word' id='word_1_813' title='bbox 3297 4518 3376 4558; x_wconf 89' lang='lat' dir='ltr'><strong>me</strong></span> <span class='ocrx_word' id='word_1_814' title='bbox 3401 4518 3416 4556; x_wconf 89' lang='lat'><strong>:</strong></span> <span class='ocrx_word' id='word_1_815' title='bbox 3441 4503 3515 4558; x_wconf 89' lang='lat' dir='ltr'><strong>ibi</strong></span> <span class='ocrx_word' id='word_1_816' title='bbox 3538 4520 3623 4557; x_wconf 52' lang='lat' dir='ltr'><strong>ce.</strong></span> 
     </span>
    </p>
   </div>
   <div class='ocr_carea' id='block_1_106' title="bbox 2027 4590 3617 4665">
    <p class='ocr_par' dir='ltr' id='par_1_106' title="bbox 2027 4590 3617 4665">
     <span class='ocr_line' id='line_1_106' title="bbox 2027 4590 3617 4665; baseline 0.003 -22"><span class='ocrx_word' id='word_1_817' title='bbox 2027 4590 2255 4643; x_wconf 82' lang='lat' dir='ltr'><strong>cidcrunt</strong></span> <span class='ocrx_word' id='word_1_818' title='bbox 2274 4606 2446 4645; x_wconf 84' lang='lat' dir='ltr'><strong>autnes</strong></span> <span class='ocrx_word' id='word_1_819' title='bbox 2465 4592 2554 4662; x_wconf 87' lang='lat' dir='ltr'><strong>qui</strong></span> <span class='ocrx_word' id='word_1_820' title='bbox 2582 4601 2859 4662; x_wconf 85' lang='lat' dir='ltr'><strong>operantur</strong></span> <span class='ocrx_word' id='word_1_821' title='bbox 2877 4592 3227 4664; x_wconf 81' lang='lat' dir='ltr'><strong>iniquitatem;</strong></span> <span class='ocrx_word' id='word_1_822' title='bbox 3254 4599 3456 4665; x_wconf 75' lang='lat' dir='ltr'><strong>expulsi</strong></span> <span class='ocrx_word' id='word_1_823' title='bbox 3477 4610 3617 4661; x_wconf 86' lang='lat' dir='ltr'><strong>sunt,</strong></span> 
     </span>
    </p>
   </div>
   <div class='ocr_carea' id='block_1_107' title="bbox 2028 4682 3620 4758">
    <p class='ocr_par' dir='ltr' id='par_1_107' title="bbox 2028 4682 3620 4758">
     <span class='ocr_line' id='line_1_107' title="bbox 2028 4682 3620 4758; baseline 0.003 -23"><span class='ocrx_word' id='word_1_824' title='bbox 2028 4696 2120 4735; x_wconf 87' lang='lat' dir='ltr'><strong>nec</strong></span> <span class='ocrx_word' id='word_1_825' title='bbox 2167 4690 2437 4753; x_wconf 87' lang='lat' dir='ltr'><strong>potuerunt</strong></span> <span class='ocrx_word' id='word_1_826' title='bbox 2473 4693 2609 4739; x_wconf 88' lang='lat' dir='ltr'><strong>stare</strong></span> <span class='ocrx_word' id='word_1_827' title='bbox 2652 4682 2827 4753; x_wconf 87' lang='lat' dir='ltr'><strong>(Psal.</strong></span> <span class='ocrx_word' id='word_1_828' title='bbox 2858 4699 3034 4753; x_wconf 81' lang='lat' dir='ltr'><strong>xxxv,</strong></span> <span class='ocrx_word' id='word_1_829' title='bbox 3062 4683 3239 4757; x_wconf 67' lang='lat'><strong>8-15).</strong></span> <span class='ocrx_word' id='word_1_830' title='bbox 3288 4685 3395 4741; x_wconf 86' lang='lat' dir='ltr'><strong>llac</strong></span> <span class='ocrx_word' id='word_1_831' title='bbox 3422 4685 3620 4758; x_wconf 73' lang='lat' dir='ltr'><strong>quipp:</strong></span> 
     </span>
    </p>
   </div>
   <div class='ocr_carea' id='block_1_108' title="bbox 2030 4773 3617 4851">
    <p class='ocr_par' dir='ltr' id='par_1_108' title="bbox 2030 4773 3617 4851">
     <span class='ocr_line' id='line_1_108' title="bbox 2030 4773 3617 4851; baseline 0.002 -23"><span class='ocrx_word' id='word_1_832' title='bbox 2030 4773 2324 4844; x_wconf 88' lang='lat' dir='ltr'><strong>impietate,</strong></span> <span class='ocrx_word' id='word_1_833' title='bbox 2348 4790 2452 4845; x_wconf 88' lang='lat' dir='ltr'><strong>qua</strong></span> <span class='ocrx_word' id='word_1_834' title='bbox 2481 4775 2661 4832; x_wconf 75' lang='lat' dir='ltr'><strong>tribuit</strong></span> <span class='ocrx_word' id='word_1_835' title='bbox 2683 4776 2784 4832; x_wconf 88' lang='lat' dir='ltr'><strong>sibi</strong></span> <span class='ocrx_word' id='word_1_836' title='bbox 2814 4777 3040 4850; x_wconf 84' lang='lat' dir='ltr'><strong>quisque</strong></span> <span class='ocrx_word' id='word_1_837' title='bbox 3064 4776 3209 4851; x_wconf 92' lang='lat' dir='ltr'><strong>quod</strong></span> <span class='ocrx_word' id='word_1_838' title='bbox 3234 4777 3328 4835; x_wconf 89' lang='lat' dir='ltr'><strong>Dei</strong></span> <span class='ocrx_word' id='word_1_839' title='bbox 3355 4786 3460 4847; x_wconf 80' lang='lat' dir='ltr'><strong>est,</strong></span> <span class='ocrx_word' id='word_1_840' title='bbox 3500 4779 3617 4849; x_wconf 78' lang='lat' dir='ltr'><strong>pel-</strong></span> 
     </span>
    </p>
   </div>
   <div class='ocr_carea' id='block_1_109' title="bbox 2028 4867 3614 4945">
    <p class='ocr_par' dir='ltr' id='par_1_109' title="bbox 2028 4867 3614 4945">
     <span class='ocr_line' id='line_1_109' title="bbox 2028 4867 3614 4945; baseline 0.006 -24"><span class='ocrx_word' id='word_1_841' title='bbox 2028 4868 2156 4923; x_wconf 88' lang='lat' dir='ltr'><strong>litur</strong></span> <span class='ocrx_word' id='word_1_842' title='bbox 2174 4867 2227 4922; x_wconf 89' lang='lat' dir='ltr'><strong>in</strong></span> <span class='ocrx_word' id='word_1_843' title='bbox 2249 4869 2495 4925; x_wconf 85' lang='lat' dir='ltr'><strong>tenebras</strong></span> <span class='ocrx_word' id='word_1_844' title='bbox 2513 4883 2658 4932; x_wconf 81' lang='lat' dir='ltr'><strong>suas,</strong></span> <span class='ocrx_word' id='word_1_845' title='bbox 2680 4884 2801 4943; x_wconf 73' lang='lat' dir='ltr'><strong>quae</strong></span> <span class='ocrx_word' id='word_1_846' title='bbox 2823 4879 2947 4926; x_wconf 86' lang='lat' dir='ltr'><strong>sunt</strong></span> <span class='ocrx_word' id='word_1_847' title='bbox 2963 4886 3125 4942; x_wconf 89' lang='lat' dir='ltr'><strong>opera</strong></span> <span class='ocrx_word' id='word_1_848' title='bbox 3152 4871 3463 4945; x_wconf 85' lang='lat' dir='ltr'><strong>iniquitatis.</strong></span> <span class='ocrx_word' id='word_1_849' title='bbox 3486 4874 3614 4933; x_wconf 72' lang='lat' dir='ltr'><strong>ﬂare</strong></span> 
     </span>
    </p>
   </div>
   <div class='ocr_carea' id='block_1_110' title="bbox 2030 4959 3614 5036">
    <p class='ocr_par' dir='ltr' id='par_1_110' title="bbox 2030 4959 3614 5036">
     <span class='ocr_line' id='line_1_110' title="bbox 2030 4959 3614 5036; baseline 0.006 -21"><span class='ocrx_word' id='word_1_850' title='bbox 2030 4960 2173 5016; x_wconf 88' lang='lat' dir='ltr'><strong>enim</strong></span> <span class='ocrx_word' id='word_1_851' title='bbox 2202 4960 2356 5032; x_wconf 89' lang='lat' dir='ltr'><strong>plane</strong></span> <span class='ocrx_word' id='word_1_852' title='bbox 2397 4960 2510 5032; x_wconf 89' lang='lat' dir='ltr'><strong>ipse</strong></span> <span class='ocrx_word' id='word_1_853' title='bbox 2534 4959 2663 5017; x_wconf 66' lang='lat' dir='ltr'><strong>facit</strong></span> <span class='ocrx_word' id='word_1_854' title='bbox 2685 5001 2701 5031; x_wconf 89' lang='lat'><strong>,</strong></span> <span class='ocrx_word' id='word_1_855' title='bbox 2731 4972 2787 5017; x_wconf 89' lang='lat' dir='ltr'><strong>et</strong></span> <span class='ocrx_word' id='word_1_856' title='bbox 2816 4960 2885 5018; x_wconf 85' lang='lat' dir='ltr'><strong>ad</strong></span> <span class='ocrx_word' id='word_1_857' title='bbox 2914 4962 3030 5020; x_wconf 80' lang='lat' dir='ltr'><strong>haec</strong></span> <span class='ocrx_word' id='word_1_858' title='bbox 3049 4965 3072 4997; x_wconf 79' lang='grc'><strong>³</strong></span> <span class='ocrx_word' id='word_1_859' title='bbox 3096 4964 3368 5036; x_wconf 86' lang='lat' dir='ltr'><strong>implenda</strong></span> <span class='ocrx_word' id='word_1_860' title='bbox 3398 4967 3500 5026; x_wconf 89' lang='lat' dir='ltr'><strong>sibi</strong></span> <span class='ocrx_word' id='word_1_861' title='bbox 3531 4979 3614 5024; x_wconf 79' lang='lat' dir='ltr'><strong>est</strong></span> 
     </span>
    </p>
   </div>
   <div class='ocr_carea' id='block_1_111' title="bbox 2091 5145 3623 5215">
    <p class='ocr_par' dir='ltr' id='par_1_111' title="bbox 2091 5145 3623 5215">
     <span class='ocr_line' id='line_1_111' title="bbox 2091 5145 3623 5215; baseline 0.001 -15"><span class='ocrx_word' id='word_1_862' title='bbox 2091 5150 2107 5181; x_wconf 82' lang='grc'>¹</span> <span class='ocrx_word' id='word_1_863' title='bbox 2132 5147 2287 5215; x_wconf 84' lang='lat' dir='ltr'><strong>Edi_l_i,</strong></span> <span class='ocrx_word' id='word_1_864' title='bbox 2322 5145 2470 5215; x_wconf 80' lang='lat' dir='ltr'><strong>simul</strong></span> <span class='ocrx_word' id='word_1_865' title='bbox 2500 5154 2563 5199; x_wconf 91' lang='lat' dir='ltr'><strong>et.</strong></span> <span class='ocrx_word' id='word_1_866' title='bbox 2594 5150 2661 5199; x_wconf 83' lang='lat' dir='ltr'><strong>At</strong></span> <span class='ocrx_word' id='word_1_867' title='bbox 2690 5147 3030 5215; x_wconf 87' lang='lat' dir='ltr'><strong>manuscripti,</strong></span> <span class='ocrx_word' id='word_1_868' title='bbox 3060 5149 3149 5201; x_wconf 83' lang='lat' dir='ltr'><strong>sed</strong></span> <span class='ocrx_word' id='word_1_869' title='bbox 3190 5155 3235 5202; x_wconf 87' lang='lat' dir='ltr'><strong>et</strong></span> <span class='ocrx_word' id='word_1_870' title='bbox 3274 5165 3291 5203; x_wconf 84' lang='lat'><strong>.&#39;</strong></span> <span class='ocrx_word' id='word_1_871' title='bbox 3315 5151 3458 5211; x_wconf 84' lang='lat' dir='ltr'><strong>juxta</strong></span> <span class='ocrx_word' id='word_1_872' title='bbox 3493 5164 3623 5215; x_wconf 66' lang='lat' dir='ltr'><strong>grae-</strong></span> 
     </span>
    </p>
   </div>
   <div class='ocr_carea' id='block_1_112' title="bbox 2027 5210 3203 5283">
    <p class='ocr_par' dir='ltr' id='par_1_112' title="bbox 2027 5210 3203 5283">
     <span class='ocr_line' id='line_1_112' title="bbox 2027 5210 3203 5283; baseline 0.001 -21"><span class='ocrx_word' id='word_1_873' title='bbox 2027 5223 2160 5283; x_wconf 76' lang='lat' dir='ltr'><strong>cum,</strong></span> <span class='ocrx_word' id='word_1_874' title='bbox 2181 5211 2282 5283; x_wconf 77' lang='lat' dir='ltr'><strong>alla</strong></span> <span class='ocrx_word' id='word_1_875' title='bbox 2311 5210 2439 5283; x_wconf 34' lang='lat' dir='ltr'><strong>cuia</strong></span> <span class='ocrx_word' id='word_1_876' title='bbox 2715 5280 2723 5283; x_wconf 24' lang='grc' dir='ltr'><em>Α</em></span> <span class='ocrx_word' id='word_1_877' title='bbox 2939 5210 2956 5215; x_wconf 67' lang='grc'>⁷</span> <span class='ocrx_word' id='word_1_878' title='bbox 3174 5274 3203 5283; x_wconf 22' lang='grc' dir='ltr'><strong>Α,</strong></span> 
     </span>
    </p>
   </div>
   <div class='ocr_carea' id='block_1_113' title="bbox 2090 5275 3222 5340">
    <p class='ocr_par' dir='ltr' id='par_1_113' title="bbox 2090 5275 3222 5340">
     <span class='ocr_line' id='line_1_113' title="bbox 2090 5275 3222 5340; baseline -0.002 -13"><span class='ocrx_word' id='word_1_879' title='bbox 2090 5278 2109 5340; x_wconf 54' lang='grc' dir='ltr'><strong>ξ</strong></span> <span class='ocrx_word' id='word_1_880' title='bbox 2144 5279 2195 5340; x_wconf 78' lang='lat' dir='ltr'><strong>tu</strong></span> <span class='ocrx_word' id='word_1_881' title='bbox 2226 5275 2364 5340; x_wconf 60' lang='grc' dir='ltr'>δίει,</span> <span class='ocrx_word' id='word_1_882' title='bbox 2387 5280 2440 5340; x_wconf 84' lang='lat' dir='ltr'><strong>ut</strong></span> <span class='ocrx_word' id='word_1_883' title='bbox 2467 5280 2788 5340; x_wconf 63' lang='lat' dir='ltr'><strong>uacuaretur</strong></span> <span class='ocrx_word' id='word_1_884' title='bbox 2815 5287 2997 5340; x_wconf 80' lang='lat' dir='ltr'><strong>corpus</strong></span> 
     </span>
    </p>
   </div>
   <div class='ocr_carea' id='block_1_114' title="bbox 2090 5336 3310 5405">
    <p class='ocr_par' dir='ltr' id='par_1_114' title="bbox 2090 5336 3310 5405">
     <span class='ocr_line' id='line_1_114' title="bbox 2090 5336 3310 5405; baseline 0.002 -19"><span class='ocrx_word' id='word_1_885' title='bbox 2090 5339 2110 5405; x_wconf 51' lang='grc' dir='ltr'><strong><em>ἓ</em></strong></span> <span class='ocrx_word' id='word_1_886' title='bbox 2139 5338 2373 5405; x_wconf 63' lang='lat' dir='ltr'><strong>[lerique</strong></span> <span class='ocrx_word' id='word_1_887' title='bbox 2398 5339 2532 5405; x_wconf 61' lang='lat' dir='ltr'><strong>Mss.</strong></span> <span class='ocrx_word' id='word_1_888' title='bbox 2556 5338 2687 5405; x_wconf 64' lang='lat' dir='ltr'><strong>ultra</strong></span> <span class='ocrx_word' id='word_1_889' title='bbox 2700 5339 2810 5405; x_wconf 87' lang='lat' dir='ltr'><strong>jmn</strong></span> <span class='ocrx_word' id='word_1_890' title='bbox 2832 5336 2929 5405; x_wconf 77' lang='lat' dir='ltr'><strong>non</strong></span> <span class='ocrx_word' id='word_1_891' title='bbox 2956 5336 3310 5405; x_wconf 79' lang='lat' dir='ltr'><strong>dominabitur.</strong></span> 
     </span>
    </p>
   </div>
   <div class='ocr_carea' id='block_1_115' title="bbox 2066 5397 3622 5472">
    <p class='ocr_par' dir='ltr' id='par_1_115' title="bbox 2066 5397 3622 5472">
     <span class='ocr_line' id='line_1_115' title="bbox 2066 5397 3622 5472; baseline -0.002 -21"><span class='ocrx_word' id='word_1_892' title='bbox 2066 5404 2108 5472; x_wconf 43' lang='grc' dir='ltr'><strong>,δ</strong></span> <span class='ocrx_word' id='word_1_893' title='bbox 2139 5397 2370 5467; x_wconf 79' lang='lat' dir='ltr'><strong>Belgicus</strong></span> <span class='ocrx_word' id='word_1_894' title='bbox 2397 5404 2555 5451; x_wconf 85' lang='lat' dir='ltr'><strong>codex</strong></span> <span class='ocrx_word' id='word_1_895' title='bbox 2587 5401 2642 5450; x_wconf 79' lang='lat'><strong>8.</strong></span> <span class='ocrx_word' id='word_1_896' title='bbox 2673 5397 2880 5453; x_wconf 67' lang='lat' dir='ltr'><strong>A&#39;mandi</strong></span> <span class='ocrx_word' id='word_1_897' title='bbox 2912 5402 3153 5465; x_wconf 68' lang='lat' dir='ltr'><strong>praeterit,</strong></span> <span class='ocrx_word' id='word_1_898' title='bbox 3185 5414 3272 5464; x_wconf 90' lang='lat' dir='ltr'><strong>per</strong></span> <span class='ocrx_word' id='word_1_899' title='bbox 3300 5397 3513 5451; x_wconf 87' lang='lat' dir='ltr'><strong>litteram</strong></span> <span class='ocrx_word' id='word_1_900' title='bbox 3550 5399 3622 5449; x_wconf 39' lang='lat' dir='ltr'><strong>les</strong></span> 
     </span>
    </p>
   </div>
   <div class='ocr_carea' id='block_1_116' title="bbox 2024 5478 3621 5641">
    <p class='ocr_par' dir='ltr' id='par_1_116' title="bbox 2024 5478 3621 5641">
     <span class='ocr_line' id='line_1_116' title="bbox 2024 5478 3621 5641; baseline 0.003 -78"><span class='ocrx_word' id='word_1_901' title='bbox 2024 5478 2058 5641; x_wconf 61' lang='grc' dir='ltr'><strong><em>ἴ</em></strong></span> <span class='ocrx_word' id='word_1_902' title='bbox 2140 5524 2379 5578; x_wconf 72' lang='lat' dir='ltr'><strong>Gallicani</strong></span> <span class='ocrx_word' id='word_1_903' title='bbox 2402 5533 2456 5576; x_wconf 91' lang='lat' dir='ltr'><strong>et</strong></span> <span class='ocrx_word' id='word_1_904' title='bbox 2481 5525 2701 5577; x_wconf 79' lang='lat' dir='ltr'><strong>Vaticani</strong></span> <span class='ocrx_word' id='word_1_905' title='bbox 2726 5526 2863 5590; x_wconf 60' lang='lat'><strong>3155.,</strong></span> <span class='ocrx_word' id='word_1_906' title='bbox 2894 5530 2943 5577; x_wconf 84' lang='lat' dir='ltr'><strong>et</strong></span> <span class='ocrx_word' id='word_1_907' title='bbox 2967 5530 3233 5580; x_wconf 82' lang='lat' dir='ltr'><strong>torrentem</strong></span> <span class='ocrx_word' id='word_1_908' title='bbox 3252 5521 3509 5592; x_wconf 79' lang='lat' dir='ltr'><strong>voluptatis</strong></span> <span class='ocrx_word' id='word_1_909' title='bbox 3531 5536 3621 5586; x_wconf 54' lang='lat' dir='ltr'><strong>po.</strong></span> 
     </span>
     <span class='ocr_line' id='line_1_117' title="bbox 2042 5605 2139 5641; baseline -0.062 1"><span class='ocrx_word' id='word_1_910' title='bbox 2042 5605 2099 5641; x_wconf 89' lang='lat' dir='ltr'><strong>en</strong></span> <span class='ocrx_word' id='word_1_911' title='bbox 2130 5627 2139 5636; x_wconf 92' lang='lat'><strong>.</strong></span> 
     </span>
    </p>
   </div>
   <div class='ocr_carea' id='block_1_117' title="bbox 2042 5605 2139 5642">
    <p class='ocr_par' dir='ltr' id='par_1_117' title="bbox 2042 5605 2139 5642">
     <span class='ocr_line' id='line_1_118' title="bbox 2042 5605 2139 5642; baseline -0.062 0"><span class='ocrx_word' id='word_1_912' title='bbox 2042 5605 2139 5642; x_wconf 69' lang='grc' dir='ltr'><strong>(ειη.</strong></span> 
     </span>
    </p>
   </div>
   <div class='ocr_carea' id='block_1_118' title="bbox 2086 5648 3621 5716">
    <p class='ocr_par' dir='ltr' id='par_1_118' title="bbox 2086 5648 3621 5716">
     <span class='ocr_line' id='line_1_119' title="bbox 2086 5648 3621 5716; baseline -0.006 -13"><span class='ocrx_word' id='word_1_913' title='bbox 2086 5656 2107 5685; x_wconf 76' lang='grc'>⁸</span> <span class='ocrx_word' id='word_1_914' title='bbox 2133 5652 2215 5703; x_wconf 81' lang='lat' dir='ltr'><strong>Sic</strong></span> <span class='ocrx_word' id='word_1_915' title='bbox 2250 5654 2481 5716; x_wconf 84' lang='lat' dir='ltr'><strong>plerique</strong></span> <span class='ocrx_word' id='word_1_916' title='bbox 2521 5653 2633 5701; x_wconf 70' lang='lat' dir='ltr'><strong>Mss.</strong></span> <span class='ocrx_word' id='word_1_917' title='bbox 2666 5650 2761 5716; x_wconf 78' lang='lat' dir='ltr'><strong>Alii</strong></span> <span class='ocrx_word' id='word_1_918' title='bbox 2788 5658 2891 5702; x_wconf 82' lang='lat' dir='ltr'><strong>tres</strong></span> <span class='ocrx_word' id='word_1_919' title='bbox 2921 5649 3057 5716; x_wconf 53' lang='lat' dir='ltr'><strong>Mss&quot;</strong></span> <span class='ocrx_word' id='word_1_920' title='bbox 3079 5667 3176 5705; x_wconf 85' lang='lat' dir='ltr'><strong>non</strong></span> <span class='ocrx_word' id='word_1_921' title='bbox 3196 5652 3353 5716; x_wconf 65' lang='lat' dir='ltr'><strong>aufert</strong></span> <span class='ocrx_word' id='word_1_922' title='bbox 3373 5648 3424 5699; x_wconf 87' lang='lat' dir='ltr'><strong>in</strong></span> <span class='ocrx_word' id='word_1_923' title='bbox 3447 5660 3621 5709; x_wconf 70' lang='lat' dir='ltr'><strong>supcr-</strong></span> 
     </span>
    </p>
   </div>
   <div class='ocr_carea' id='block_1_119' title="bbox 2023 5714 3119 5781">
    <p class='ocr_par' dir='ltr' id='par_1_119' title="bbox 2023 5714 3119 5781">
     <span class='ocr_line' id='line_1_120' title="bbox 2023 5714 3119 5781; baseline -0.003 -14"><span class='ocrx_word' id='word_1_924' title='bbox 2023 5718 2169 5781; x_wconf 63' lang='lat' dir='ltr'><strong>biam_</strong></span> <span class='ocrx_word' id='word_1_925' title='bbox 2196 5714 2328 5781; x_wconf 68' lang='lat' dir='ltr'><strong>Editi</strong></span> <span class='ocrx_word' id='word_1_926' title='bbox 2355 5725 2494 5778; x_wconf 74' lang='lat' dir='ltr'><strong>Vero,</strong></span> <span class='ocrx_word' id='word_1_927' title='bbox 2529 5729 2623 5768; x_wconf 89' lang='lat' dir='ltr'><strong>non</strong></span> <span class='ocrx_word' id='word_1_928' title='bbox 2650 5714 2792 5781; x_wconf 70' lang='lat' dir='ltr'><strong>aﬂ‘ert</strong></span> <span class='ocrx_word' id='word_1_929' title='bbox 2822 5714 3119 5779; x_wconf 82' lang='lat' dir='ltr'><strong>superbiam.</strong></span> 
     </span>
    </p>
   </div>
   <div class='ocr_carea' id='block_1_120' title="bbox 2086 5771 3620 5839">
    <p class='ocr_par' dir='ltr' id='par_1_120' title="bbox 2086 5771 3620 5839">
     <span class='ocr_line' id='line_1_121' title="bbox 2086 5771 3620 5839; baseline -0.005 -12"><span class='ocrx_word' id='word_1_930' title='bbox 2086 5783 2103 5811; x_wconf 88' lang='lat'><strong><em>&quot;</em></strong></span> <span class='ocrx_word' id='word_1_931' title='bbox 2132 5778 2286 5832; x_wconf 66' lang='lat' dir='ltr'><strong>Etliti.</strong></span> <span class='ocrx_word' id='word_1_932' title='bbox 2320 5771 2556 5828; x_wconf 75' lang='lat' dir='ltr'><strong>moveant.</strong></span> <span class='ocrx_word' id='word_1_933' title='bbox 2604 5771 2847 5839; x_wconf 76' lang='lat' dir='ltr'><strong>At&quot;Mss.,</strong></span> <span class='ocrx_word' id='word_1_934' title='bbox 2882 5771 3188 5839; x_wconf 68' lang='lat' dir='ltr'><strong>&#39;morrat:et</strong></span> <span class='ocrx_word' id='word_1_935' title='bbox 3238 5789 3300 5825; x_wconf 81' lang='lat' dir='ltr'><strong>ex</strong></span> <span class='ocrx_word' id='word_1_936' title='bbox 3341 5775 3418 5824; x_wconf 88' lang='lat' dir='ltr'><strong>his</strong></span> <span class='ocrx_word' id='word_1_937' title='bbox 3442 5771 3620 5834; x_wconf 74' lang='lat' dir='ltr'><strong>p‘uru</strong></span> 
     </span>
    </p>
   </div>
   <div class='ocr_carea' id='block_1_121' title="bbox 2026 5838 3059 5903">
    <p class='ocr_par' dir='ltr' id='par_1_121' title="bbox 2026 5838 3059 5903">
     <span class='ocr_line' id='line_1_122' title="bbox 2026 5838 3059 5903; baseline 0.001 -15"><span class='ocrx_word' id='word_1_938' title='bbox 2026 5844 2151 5902; x_wconf 75' lang='lat' dir='ltr'><strong>loro,</strong></span> <span class='ocrx_word' id='word_1_939' title='bbox 2182 5849 2513 5903; x_wconf 72' lang='lat' dir='ltr'><strong>pem&#39;nloruttt,</strong></span> <span class='ocrx_word' id='word_1_940' title='bbox 2538 5842 2739 5900; x_wconf 78' lang='lat' dir='ltr'><strong>habent,</strong></span> <span class='ocrx_word' id='word_1_941' title='bbox 2774 5838 3059 5903; x_wconf 77' lang='lat' dir='ltr'><strong>peccatoris.</strong></span> 
     </span>
    </p>
   </div>
   <div class='ocr_carea' id='block_1_122' title="bbox 2085 5895 3348 5968">
    <p class='ocr_par' dir='ltr' id='par_1_122' title="bbox 2085 5895 3348 5968">
     <span class='ocr_line' id='line_1_123' title="bbox 2085 5895 3348 5968; baseline -0.004 -15"><span class='ocrx_word' id='word_1_942' title='bbox 2085 5910 2105 5933; x_wconf 64' lang='grc' dir='ltr'><strong>ἰ</strong></span> <span class='ocrx_word' id='word_1_943' title='bbox 2129 5895 2207 5953; x_wconf 59' lang='lat' dir='ltr'><strong>Si}:</strong></span> <span class='ocrx_word' id='word_1_944' title='bbox 2234 5906 2345 5955; x_wconf 71' lang='lat' dir='ltr'><strong>Mss.</strong></span> <span class='ocrx_word' id='word_1_945' title='bbox 2381 5895 2510 5956; x_wconf 81' lang='lat' dir='ltr'><strong>Editi</strong></span> <span class='ocrx_word' id='word_1_946' title='bbox 2545 5895 2736 5963; x_wconf 75' lang='lat' dir='ltr'><strong>autem,</strong></span> <span class='ocrx_word' id='word_1_947' title='bbox 2760 5895 2876 5967; x_wconf 75' lang='lat' dir='ltr'><strong>facit</strong></span> <span class='ocrx_word' id='word_1_948' title='bbox 2912 5901 3014 5968; x_wconf 72' lang='lat' dir='ltr'><strong>ipse</strong></span> <span class='ocrx_word' id='word_1_949' title='bbox 3035 5895 3118 5966; x_wconf 85' lang='lat' dir='ltr'><strong>qni</strong></span> <span class='ocrx_word' id='word_1_950' title='bbox 3140 5898 3205 5949; x_wconf 89' lang='lat' dir='ltr'><strong>ad</strong></span> <span class='ocrx_word' id='word_1_951' title='bbox 3227 5898 3348 5949; x_wconf 62' lang='lat' dir='ltr'><strong>hinc.</strong></span> 
     </span>
    </p>
   </div>
  </div>
