  <div class='ocr_page' id='page_1' title='image "/cluster/home/n/w/nwhite01/storage/ocr_20150623/44-45/uc1.31175026792435/111.png"; bbox 0 0 4164 6512; ppageno 0'>
   <div class='ocr_carea' id='block_1_1' title="bbox 573 347 674 402">
    <p class='ocr_par' dir='ltr' id='par_1_1' title="bbox 573 347 674 402">
     <span class='ocr_line' id='line_1_1' title="bbox 573 347 674 402; baseline -0.01 0"><span class='ocrx_word' id='word_1_1' title='bbox 573 347 674 402; x_wconf 74' lang='grc' dir='ltr'><strong>2οἿ</strong></span> 
     </span>
    </p>
   </div>
   <div class='ocr_carea' id='block_1_2' title="bbox 577 461 2164 537">
    <p class='ocr_par' dir='ltr' id='par_1_2' title="bbox 577 461 2164 537">
     <span class='ocr_line' id='line_1_2' title="bbox 577 461 2164 537; baseline -0.008 -15"><span class='ocrx_word' id='word_1_2' title='bbox 577 469 820 524; x_wconf 83' lang='lat' dir='ltr'><strong>idoneus.</strong></span> <span class='ocrx_word' id='word_1_3' title='bbox 850 465 1024 537; x_wconf 77' lang='lat' dir='ltr'><strong>Opera</strong></span> <span class='ocrx_word' id='word_1_4' title='bbox 1062 481 1188 522; x_wconf 83' lang='lat' dir='ltr'><strong>vero</strong></span> <span class='ocrx_word' id='word_1_5' title='bbox 1213 463 1430 537; x_wconf 71' lang='lat' dir='ltr'><strong>justiti-.1:</strong></span> <span class='ocrx_word' id='word_1_6' title='bbox 1459 479 1562 517; x_wconf 85' lang='lat' dir='ltr'><strong>non</strong></span> <span class='ocrx_word' id='word_1_7' title='bbox 1592 462 1747 528; x_wconf 79' lang='lat' dir='ltr'><strong>facit,</strong></span> <span class='ocrx_word' id='word_1_8' title='bbox 1778 461 1880 515; x_wconf 86' lang='lat' dir='ltr'><strong>nisi</strong></span> <span class='ocrx_word' id='word_1_9' title='bbox 1911 466 2164 529; x_wconf 89' lang='lat' dir='ltr'><strong>quantum</strong></span> 
     </span>
    </p>
   </div>
   <div class='ocr_carea' id='block_1_3' title="bbox 579 550 2166 628">
    <p class='ocr_par' dir='ltr' id='par_1_3' title="bbox 579 550 2166 628">
     <span class='ocr_line' id='line_1_3' title="bbox 579 550 2166 628; baseline -0.007 -14"><span class='ocrx_word' id='word_1_10' title='bbox 579 577 645 614; x_wconf 83' lang='lat' dir='ltr'><strong>ex</strong></span> <span class='ocrx_word' id='word_1_11' title='bbox 675 559 768 614; x_wconf 91' lang='lat' dir='ltr'><strong>illo</strong></span> <span class='ocrx_word' id='word_1_12' title='bbox 789 560 934 614; x_wconf 78' lang='lat' dir='ltr'><strong>fonte</strong></span> <span class='ocrx_word' id='word_1_13' title='bbox 963 566 1124 628; x_wconf 78' lang='lat' dir='ltr'><strong>atque</strong></span> <span class='ocrx_word' id='word_1_14' title='bbox 1148 572 1213 612; x_wconf 79' lang='lat' dir='ltr'><strong>ex</strong></span> <span class='ocrx_word' id='word_1_15' title='bbox 1243 556 1335 610; x_wconf 84' lang='lat' dir='ltr'><strong>illo</strong></span> <span class='ocrx_word' id='word_1_16' title='bbox 1369 554 1565 610; x_wconf 81' lang='lat' dir='ltr'><strong>lumine</strong></span> <span class='ocrx_word' id='word_1_17' title='bbox 1593 553 1837 624; x_wconf 75' lang='lat' dir='ltr'><strong>percipit,</strong></span> <span class='ocrx_word' id='word_1_18' title='bbox 1857 551 1943 606; x_wconf 89' lang='lat' dir='ltr'><strong>ubi</strong></span> <span class='ocrx_word' id='word_1_19' title='bbox 1970 550 2166 605; x_wconf 84' lang='lat' dir='ltr'><strong>nullius</strong></span> 
     </span>
    </p>
   </div>
   <div class='ocr_carea' id='block_1_4' title="bbox 577 645 2166 723">
    <p class='ocr_par' dir='ltr' id='par_1_4' title="bbox 577 645 2166 723">
     <span class='ocr_line' id='line_1_4' title="bbox 577 645 2166 723; baseline -0.008 -15"><span class='ocrx_word' id='word_1_20' title='bbox 577 653 822 723; x_wconf 80' lang='lat' dir='ltr'><strong>indigens</strong></span> <span class='ocrx_word' id='word_1_21' title='bbox 854 651 960 706; x_wconf 83' lang='lat' dir='ltr'><strong>vita</strong></span> <span class='ocrx_word' id='word_1_22' title='bbox 990 659 1091 716; x_wconf 85' lang='lat' dir='ltr'><strong>est,</strong></span> <span class='ocrx_word' id='word_1_23' title='bbox 1141 658 1194 706; x_wconf 90' lang='lat' dir='ltr'><strong>et</strong></span> <span class='ocrx_word' id='word_1_24' title='bbox 1238 649 1326 704; x_wconf 92' lang='lat' dir='ltr'><strong>ubi</strong></span> <span class='ocrx_word' id='word_1_25' title='bbox 1373 665 1478 704; x_wconf 89' lang='lat' dir='ltr'><strong>non</strong></span> <span class='ocrx_word' id='word_1_26' title='bbox 1530 656 1612 702; x_wconf 89' lang='lat' dir='ltr'><strong>est</strong></span> <span class='ocrx_word' id='word_1_27' title='bbox 1660 645 2022 710; x_wconf 88' lang='lat' dir='ltr'><strong>commutatio,</strong></span> <span class='ocrx_word' id='word_1_28' title='bbox 2067 657 2166 697; x_wconf 81' lang='lat' dir='ltr'><strong>nec</strong></span> 
     </span>
    </p>
   </div>
   <div class='ocr_carea' id='block_1_5' title="bbox 581 737 1636 812">
    <p class='ocr_par' dir='ltr' id='par_1_5' title="bbox 581 737 1636 812">
     <span class='ocr_line' id='line_1_5' title="bbox 581 737 1636 812; baseline -0.006 -16"><span class='ocrx_word' id='word_1_29' title='bbox 581 743 841 797; x_wconf 68' lang='lat' dir='ltr'><strong>metuenti</strong></span> <span class='ocrx_word' id='word_1_30' title='bbox 859 739 1194 796; x_wconf 74' lang='lat' dir='ltr'><strong>obumbratis</strong></span> <span class='ocrx_word' id='word_1_31' title='bbox 1223 737 1428 812; x_wconf 85' lang='lat' dir='ltr'><strong>(Jacobi</strong></span> <span class='ocrx_word' id='word_1_32' title='bbox 1457 755 1494 805; x_wconf 85' lang='grc' dir='ltr'>ι,</span> <span class='ocrx_word' id='word_1_33' title='bbox 1527 737 1636 808; x_wconf 84' lang='grc'><strong>17).</strong></span> 
     </span>
    </p>
   </div>
   <div class='ocr_carea' id='block_1_6' title="bbox 655 823 2164 902">
    <p class='ocr_par' dir='ltr' id='par_1_6' title="bbox 655 823 2164 902">
     <span class='ocr_line' id='line_1_6' title="bbox 655 823 2164 902; baseline -0.008 -14"><span class='ocrx_word' id='word_1_34' title='bbox 655 835 742 888; x_wconf 71' lang='grc'><strong>12.</strong></span> <span class='ocrx_word' id='word_1_35' title='bbox 785 834 910 888; x_wconf 89' lang='lat' dir='ltr'><strong>Ideo</strong></span> <span class='ocrx_word' id='word_1_36' title='bbox 939 833 1132 888; x_wconf 80' lang='lat' dir='ltr'><strong>Paulus</strong></span> <span class='ocrx_word' id='word_1_37' title='bbox 1159 830 1480 902; x_wconf 79' lang='lat' dir='ltr'><strong>Apostolus,</strong></span> <span class='ocrx_word' id='word_1_38' title='bbox 1513 829 1603 899; x_wconf 89' lang='lat' dir='ltr'><strong>qui</strong></span> <span class='ocrx_word' id='word_1_39' title='bbox 1650 843 1770 884; x_wconf 91' lang='lat' dir='ltr'><strong>cum</strong></span> <span class='ocrx_word' id='word_1_40' title='bbox 1797 825 1989 880; x_wconf 87' lang='lat' dir='ltr'><strong>Saulus</strong></span> <span class='ocrx_word' id='word_1_41' title='bbox 2019 823 2164 895; x_wconf 91' lang='lat' dir='ltr'><strong>prius</strong></span> 
     </span>
    </p>
   </div>
   <div class='ocr_carea' id='block_1_7' title="bbox 583 914 2166 1001">
    <p class='ocr_par' dir='ltr' id='par_1_7' title="bbox 583 914 2166 1001">
     <span class='ocr_line' id='line_1_7' title="bbox 583 914 2166 1001; baseline -0.009 -19"><span class='ocrx_word' id='word_1_42' title='bbox 583 937 866 983; x_wconf 87' lang='lat' dir='ltr'><strong>vocaretur</strong></span> <span class='ocrx_word' id='word_1_43' title='bbox 900 926 1035 1001; x_wconf 82' lang='lat' dir='ltr'><strong>(Aci.</strong></span> <span class='ocrx_word' id='word_1_44' title='bbox 1062 941 1176 992; x_wconf 63' lang='lat' dir='ltr'><strong>siti,</strong></span> <span class='ocrx_word' id='word_1_45' title='bbox 1208 923 1288 996; x_wconf 89' lang='lat'><strong>9),</strong></span> <span class='ocrx_word' id='word_1_46' title='bbox 1319 938 1429 979; x_wconf 89' lang='lat' dir='ltr'><strong>non</strong></span> <span class='ocrx_word' id='word_1_47' title='bbox 1456 921 1524 978; x_wconf 94' lang='lat' dir='ltr'><strong>ob</strong></span> <span class='ocrx_word' id='word_1_48' title='bbox 1553 920 1726 988; x_wconf 87' lang='lat' dir='ltr'><strong>aliud,</strong></span> <span class='ocrx_word' id='word_1_49' title='bbox 1755 927 2008 990; x_wconf 89' lang='lat' dir='ltr'><strong>quantum</strong></span> <span class='ocrx_word' id='word_1_50' title='bbox 2037 914 2166 970; x_wconf 85' lang='lat' dir='ltr'><strong>mihi</strong></span> 
     </span>
    </p>
   </div>
   <div class='ocr_carea' id='block_1_8' title="bbox 581 1008 2168 1086">
    <p class='ocr_par' dir='ltr' id='par_1_8' title="bbox 581 1008 2168 1086">
     <span class='ocr_line' id='line_1_8' title="bbox 581 1008 2168 1086; baseline -0.008 -14"><span class='ocrx_word' id='word_1_51' title='bbox 581 1009 810 1085; x_wconf 73' lang='lat' dir='ltr'><strong>videtur,</strong></span> <span class='ocrx_word' id='word_1_52' title='bbox 843 1018 946 1073; x_wconf 80' lang='lat' dir='ltr'><strong>hoc</strong></span> <span class='ocrx_word' id='word_1_53' title='bbox 977 1032 1170 1072; x_wconf 85' lang='lat' dir='ltr'><strong>nomen</strong></span> <span class='ocrx_word' id='word_1_54' title='bbox 1200 1014 1380 1086; x_wconf 88' lang='lat' dir='ltr'><strong>elegit,</strong></span> <span class='ocrx_word' id='word_1_55' title='bbox 1413 1013 1514 1068; x_wconf 90' lang='lat' dir='ltr'><strong>nisi</strong></span> <span class='ocrx_word' id='word_1_56' title='bbox 1542 1021 1600 1066; x_wconf 93' lang='lat' dir='ltr'><strong>ut</strong></span> <span class='ocrx_word' id='word_1_57' title='bbox 1627 1027 1685 1066; x_wconf 90' lang='lat' dir='ltr'><strong>se</strong></span> <span class='ocrx_word' id='word_1_58' title='bbox 1709 1008 2014 1065; x_wconf 75' lang='lat' dir='ltr'><strong>ostenderet</strong></span> <span class='ocrx_word' id='word_1_59' title='bbox 2045 1021 2168 1076; x_wconf 82' lang='lat' dir='ltr'><strong>par-</strong></span> 
     </span>
    </p>
   </div>
   <div class='ocr_carea' id='block_1_9' title="bbox 581 1099 2167 1182">
    <p class='ocr_par' dir='ltr' id='par_1_9' title="bbox 581 1099 2167 1182">
     <span class='ocr_line' id='line_1_9' title="bbox 581 1099 2167 1182; baseline -0.008 -17"><span class='ocrx_word' id='word_1_60' title='bbox 581 1129 723 1180; x_wconf 84' lang='lat' dir='ltr'><strong>vum,</strong></span> <span class='ocrx_word' id='word_1_61' title='bbox 779 1120 1030 1182; x_wconf 70' lang='lat' dir='ltr'><strong>tanquam</strong></span> <span class='ocrx_word' id='word_1_62' title='bbox 1080 1109 1359 1164; x_wconf 91' lang='lat' dir='ltr'><strong>minimum</strong></span> <span class='ocrx_word' id='word_1_63' title='bbox 1403 1108 1422 1140; x_wconf 72' lang='grc' dir='ltr'>ί</span> <span class='ocrx_word' id='word_1_64' title='bbox 1466 1104 1880 1181; x_wconf 83' lang='lat' dir='ltr'><strong>Apostolorum;</strong></span> <span class='ocrx_word' id='word_1_65' title='bbox 1940 1099 2167 1154; x_wconf 89' lang='lat' dir='ltr'><strong>multum</strong></span> 
     </span>
    </p>
   </div>
   <div class='ocr_carea' id='block_1_10' title="bbox 580 1190 2169 1272">
    <p class='ocr_par' dir='ltr' id='par_1_10' title="bbox 580 1190 2169 1272">
     <span class='ocr_line' id='line_1_10' title="bbox 580 1190 2169 1272; baseline -0.009 -14"><span class='ocrx_word' id='word_1_66' title='bbox 580 1211 768 1258; x_wconf 90' lang='lat' dir='ltr'><strong>contra</strong></span> <span class='ocrx_word' id='word_1_67' title='bbox 815 1200 1075 1272; x_wconf 80' lang='lat' dir='ltr'><strong>superbos</strong></span> <span class='ocrx_word' id='word_1_68' title='bbox 1113 1206 1168 1256; x_wconf 89' lang='lat' dir='ltr'><strong>et</strong></span> <span class='ocrx_word' id='word_1_69' title='bbox 1208 1206 1542 1268; x_wconf 76' lang='lat' dir='ltr'><strong>arrogantes,</strong></span> <span class='ocrx_word' id='word_1_70' title='bbox 1587 1202 1641 1250; x_wconf 89' lang='lat' dir='ltr'><strong>et</strong></span> <span class='ocrx_word' id='word_1_71' title='bbox 1668 1193 1736 1250; x_wconf 88' lang='lat' dir='ltr'><strong>de</strong></span> <span class='ocrx_word' id='word_1_72' title='bbox 1779 1193 1888 1248; x_wconf 86' lang='lat' dir='ltr'><strong>suis</strong></span> <span class='ocrx_word' id='word_1_73' title='bbox 1917 1190 2169 1262; x_wconf 83' lang='lat' dir='ltr'><strong>operibus</strong></span> 
     </span>
    </p>
   </div>
   <div class='ocr_carea' id='block_1_11' title="bbox 583 1282 2168 1365">
    <p class='ocr_par' dir='ltr' id='par_1_11' title="bbox 583 1282 2168 1365">
     <span class='ocr_line' id='line_1_11' title="bbox 583 1282 2168 1365; baseline -0.005 -21"><span class='ocrx_word' id='word_1_74' title='bbox 583 1300 989 1365; x_wconf 71' lang='lat' dir='ltr'><strong>prmsumentes,</strong></span> <span class='ocrx_word' id='word_1_75' title='bbox 1049 1309 1146 1363; x_wconf 88' lang='lat' dir='ltr'><strong>pro</strong></span> <span class='ocrx_word' id='word_1_76' title='bbox 1207 1287 1630 1346; x_wconf 86' lang='lat' dir='ltr'><strong>commendanda</strong></span> <span class='ocrx_word' id='word_1_77' title='bbox 1677 1286 1776 1342; x_wconf 92' lang='lat' dir='ltr'><strong>ista</strong></span> <span class='ocrx_word' id='word_1_78' title='bbox 1822 1282 1922 1340; x_wconf 87' lang='lat' dir='ltr'><strong>Dei</strong></span> <span class='ocrx_word' id='word_1_79' title='bbox 1974 1282 2168 1354; x_wconf 90' lang='lat' dir='ltr'><strong>gratia,</strong></span> 
     </span>
    </p>
   </div>
   <div class='ocr_carea' id='block_1_12' title="bbox 581 1374 2170 1456">
    <p class='ocr_par' dir='ltr' id='par_1_12' title="bbox 581 1374 2170 1456">
     <span class='ocr_line' id='line_1_12' title="bbox 581 1374 2170 1456; baseline -0.007 -18"><span class='ocrx_word' id='word_1_80' title='bbox 581 1387 793 1440; x_wconf 76' lang='lat' dir='ltr'><strong>fortiter</strong></span> <span class='ocrx_word' id='word_1_81' title='bbox 831 1395 991 1456; x_wconf 87' lang='lat' dir='ltr'><strong>atque</strong></span> <span class='ocrx_word' id='word_1_82' title='bbox 1029 1385 1223 1439; x_wconf 86' lang='lat' dir='ltr'><strong>acriter</strong></span> <span class='ocrx_word' id='word_1_83' title='bbox 1264 1381 1522 1438; x_wconf 85' lang='lat' dir='ltr'><strong>dimicans</strong></span> <span class='ocrx_word' id='word_1_84' title='bbox 1551 1397 1564 1433; x_wconf 88' lang='lat'><strong>:</strong></span> <span class='ocrx_word' id='word_1_85' title='bbox 1593 1379 1715 1450; x_wconf 85' lang='lat' dir='ltr'><strong>quia</strong></span> <span class='ocrx_word' id='word_1_86' title='bbox 1753 1391 1936 1432; x_wconf 77' lang='lat' dir='ltr'><strong>revera</strong></span> <span class='ocrx_word' id='word_1_87' title='bbox 1979 1375 2034 1430; x_wconf 92' lang='lat' dir='ltr'><strong>in</strong></span> <span class='ocrx_word' id='word_1_88' title='bbox 2075 1374 2170 1428; x_wconf 86' lang='lat' dir='ltr'><strong>illo</strong></span> 
     </span>
    </p>
   </div>
   <div class='ocr_carea' id='block_1_13' title="bbox 581 1467 2166 1544">
    <p class='ocr_par' dir='ltr' id='par_1_13' title="bbox 581 1467 2166 1544">
     <span class='ocr_line' id='line_1_13' title="bbox 581 1467 2166 1544; baseline -0.007 -12"><span class='ocrx_word' id='word_1_89' title='bbox 581 1476 880 1533; x_wconf 77' lang='lat' dir='ltr'><strong>evidentior</strong></span> <span class='ocrx_word' id='word_1_90' title='bbox 909 1485 960 1531; x_wconf 86' lang='lat' dir='ltr'><strong>et</strong></span> <span class='ocrx_word' id='word_1_91' title='bbox 988 1475 1180 1531; x_wconf 88' lang='lat' dir='ltr'><strong>clarior</strong></span> <span class='ocrx_word' id='word_1_92' title='bbox 1209 1473 1473 1544; x_wconf 74' lang='lat' dir='ltr'><strong>apparuit,</strong></span> <span class='ocrx_word' id='word_1_93' title='bbox 1495 1471 1583 1543; x_wconf 86' lang='lat' dir='ltr'><strong>qui</strong></span> <span class='ocrx_word' id='word_1_94' title='bbox 1610 1485 1729 1526; x_wconf 90' lang='lat' dir='ltr'><strong>cum</strong></span> <span class='ocrx_word' id='word_1_95' title='bbox 1763 1467 1882 1522; x_wconf 89' lang='lat' dir='ltr'><strong>talia</strong></span> <span class='ocrx_word' id='word_1_96' title='bbox 1913 1480 2166 1538; x_wconf 84' lang='lat' dir='ltr'><strong>operare-</strong></span> 
     </span>
    </p>
   </div>
   <div class='ocr_carea' id='block_1_14' title="bbox 580 1557 2168 1632">
    <p class='ocr_par' dir='ltr' id='par_1_14' title="bbox 580 1557 2168 1632">
     <span class='ocr_line' id='line_1_14' title="bbox 580 1557 2168 1632; baseline -0.008 -10"><span class='ocrx_word' id='word_1_97' title='bbox 580 1577 668 1622; x_wconf 89' lang='lat' dir='ltr'><strong>tur</strong></span> <span class='ocrx_word' id='word_1_98' title='bbox 691 1567 1038 1623; x_wconf 78' lang='lat' dir='ltr'><strong>veliementer</strong></span> <span class='ocrx_word' id='word_1_99' title='bbox 1072 1565 1364 1620; x_wconf 69' lang='lat' dir='ltr'><strong>Ecclesium</strong></span> <span class='ocrx_word' id='word_1_100' title='bbox 1395 1562 1485 1618; x_wconf 91' lang='lat' dir='ltr'><strong>[)ei</strong></span> <span class='ocrx_word' id='word_1_101' title='bbox 1531 1574 1892 1632; x_wconf 89' lang='lat' dir='ltr'><strong>persequens,</strong></span> <span class='ocrx_word' id='word_1_102' title='bbox 1925 1573 2024 1628; x_wconf 90' lang='lat' dir='ltr'><strong>pro</strong></span> <span class='ocrx_word' id='word_1_103' title='bbox 2050 1557 2168 1628; x_wconf 79' lang='lat' dir='ltr'><strong>qui-</strong></span> 
     </span>
    </p>
   </div>
   <div class='ocr_carea' id='block_1_15' title="bbox 582 1649 2171 1728">
    <p class='ocr_par' dir='ltr' id='par_1_15' title="bbox 582 1649 2171 1728">
     <span class='ocr_line' id='line_1_15' title="bbox 582 1649 2171 1728; baseline -0.006 -14"><span class='ocrx_word' id='word_1_104' title='bbox 582 1660 682 1714; x_wconf 87' lang='lat' dir='ltr'><strong>bus</strong></span> <span class='ocrx_word' id='word_1_105' title='bbox 705 1674 917 1714; x_wconf 91' lang='lat' dir='ltr'><strong>summo</strong></span> <span class='ocrx_word' id='word_1_106' title='bbox 957 1656 1217 1728; x_wconf 87' lang='lat' dir='ltr'><strong>supplicio</strong></span> <span class='ocrx_word' id='word_1_107' title='bbox 1245 1655 1434 1726; x_wconf 90' lang='lat' dir='ltr'><strong>dignus</strong></span> <span class='ocrx_word' id='word_1_108' title='bbox 1459 1653 1588 1720; x_wconf 84' lang='lat' dir='ltr'><strong>fuit,</strong></span> <span class='ocrx_word' id='word_1_109' title='bbox 1619 1649 2043 1706; x_wconf 86' lang='lat' dir='ltr'><strong>misericordiam</strong></span> <span class='ocrx_word' id='word_1_110' title='bbox 2076 1663 2171 1720; x_wconf 88' lang='lat' dir='ltr'><strong>pro</strong></span> 
     </span>
    </p>
   </div>
   <div class='ocr_carea' id='block_1_16' title="bbox 581 1748 2174 1818">
    <p class='ocr_par' dir='ltr' id='par_1_16' title="bbox 581 1748 2174 1818">
     <span class='ocr_line' id='line_1_16' title="bbox 581 1748 2174 1818; baseline -0.008 -13"><span class='ocrx_word' id='word_1_111' title='bbox 581 1751 924 1806; x_wconf 87' lang='lat' dir='ltr'><strong>damnatione</strong></span> <span class='ocrx_word' id='word_1_112' title='bbox 971 1748 1224 1818; x_wconf 89' lang='lat' dir='ltr'><strong>suscepit,</strong></span> <span class='ocrx_word' id='word_1_113' title='bbox 1276 1757 1330 1801; x_wconf 88' lang='lat' dir='ltr'><strong>et</strong></span> <span class='ocrx_word' id='word_1_114' title='bbox 1375 1761 1471 1817; x_wconf 88' lang='lat' dir='ltr'><strong>pro</strong></span> <span class='ocrx_word' id='word_1_115' title='bbox 1516 1759 1674 1816; x_wconf 68' lang='lat' dir='ltr'><strong>pinna</strong></span> <span class='ocrx_word' id='word_1_116' title='bbox 1719 1751 2039 1798; x_wconf 88' lang='lat' dir='ltr'><strong>consecutus</strong></span> <span class='ocrx_word' id='word_1_117' title='bbox 2091 1749 2174 1794; x_wconf 89' lang='lat' dir='ltr'><strong>est</strong></span> 
     </span>
    </p>
   </div>
   <div class='ocr_carea' id='block_1_17' title="bbox 579 1835 2171 1915">
    <p class='ocr_par' dir='ltr' id='par_1_17' title="bbox 579 1835 2171 1915">
     <span class='ocr_line' id='line_1_17' title="bbox 579 1835 2171 1915; baseline -0.007 -18"><span class='ocrx_word' id='word_1_118' title='bbox 579 1844 826 1915; x_wconf 79' lang='lat' dir='ltr'><strong>gratiam,</strong></span> <span class='ocrx_word' id='word_1_119' title='bbox 859 1843 1050 1898; x_wconf 87' lang='lat' dir='ltr'><strong>merito</strong></span> <span class='ocrx_word' id='word_1_120' title='bbox 1093 1853 1190 1912; x_wconf 89' lang='lat' dir='ltr'><strong>pro</strong></span> <span class='ocrx_word' id='word_1_121' title='bbox 1231 1839 1348 1910; x_wconf 90' lang='lat' dir='ltr'><strong>ejus</strong></span> <span class='ocrx_word' id='word_1_122' title='bbox 1391 1837 1702 1892; x_wconf 81' lang='lat' dir='ltr'><strong>defensione</strong></span> <span class='ocrx_word' id='word_1_123' title='bbox 1727 1837 1748 1867; x_wconf 82' lang='grc'>²</span> <span class='ocrx_word' id='word_1_124' title='bbox 1774 1835 1968 1890; x_wconf 88' lang='lat' dir='ltr'><strong>clamat</strong></span> <span class='ocrx_word' id='word_1_125' title='bbox 2013 1840 2171 1902; x_wconf 81' lang='lat' dir='ltr'><strong>atque</strong></span> 
     </span>
    </p>
   </div>
   <div class='ocr_carea' id='block_1_18' title="bbox 580 1924 2168 2001">
    <p class='ocr_par' dir='ltr' id='par_1_18' title="bbox 580 1924 2168 2001">
     <span class='ocr_line' id='line_1_18' title="bbox 580 1924 2168 2001; baseline -0.007 -13"><span class='ocrx_word' id='word_1_126' title='bbox 580 1941 874 2000; x_wconf 90' lang='lat' dir='ltr'><strong>coucertat,</strong></span> <span class='ocrx_word' id='word_1_127' title='bbox 907 1947 1010 1986; x_wconf 82' lang='lat' dir='ltr'><strong>nec</strong></span> <span class='ocrx_word' id='word_1_128' title='bbox 1056 1933 1107 1986; x_wconf 93' lang='lat' dir='ltr'><strong>in</strong></span> <span class='ocrx_word' id='word_1_129' title='bbox 1158 1946 1216 1986; x_wconf 92' lang='lat' dir='ltr'><strong>re</strong></span> <span class='ocrx_word' id='word_1_130' title='bbox 1261 1928 1522 2001; x_wconf 80' lang='lat' dir='ltr'><strong>profunda</strong></span> <span class='ocrx_word' id='word_1_131' title='bbox 1570 1936 1624 1982; x_wconf 89' lang='lat' dir='ltr'><strong>et</strong></span> <span class='ocrx_word' id='word_1_132' title='bbox 1673 1927 1830 1981; x_wconf 92' lang='lat' dir='ltr'><strong>nimis</strong></span> <span class='ocrx_word' id='word_1_133' title='bbox 1857 1924 2035 1980; x_wconf 85' lang='lat' dir='ltr'><strong>abdita</strong></span> <span class='ocrx_word' id='word_1_134' title='bbox 2065 1940 2168 1978; x_wconf 89' lang='lat' dir='ltr'><strong>non</strong></span> 
     </span>
    </p>
   </div>
   <div class='ocr_carea' id='block_1_19' title="bbox 577 2018 2169 2096">
    <p class='ocr_par' dir='ltr' id='par_1_19' title="bbox 577 2018 2169 2096">
     <span class='ocr_line' id='line_1_19' title="bbox 577 2018 2169 2096; baseline -0.008 -16"><span class='ocrx_word' id='word_1_135' title='bbox 577 2025 1012 2096; x_wconf 89' lang='lat' dir='ltr'><strong>intelligentium,</strong></span> <span class='ocrx_word' id='word_1_136' title='bbox 1043 2031 1098 2078; x_wconf 89' lang='lat' dir='ltr'><strong>et</strong></span> <span class='ocrx_word' id='word_1_137' title='bbox 1125 2021 1286 2078; x_wconf 89' lang='lat' dir='ltr'><strong>verba</strong></span> <span class='ocrx_word' id='word_1_138' title='bbox 1315 2034 1410 2076; x_wconf 80' lang='lat' dir='ltr'><strong>Sua</strong></span> <span class='ocrx_word' id='word_1_139' title='bbox 1449 2033 1582 2076; x_wconf 88' lang='lat' dir='ltr'><strong>sana</strong></span> <span class='ocrx_word' id='word_1_140' title='bbox 1620 2018 1671 2073; x_wconf 90' lang='lat' dir='ltr'><strong>in</strong></span> <span class='ocrx_word' id='word_1_141' title='bbox 1706 2032 2012 2089; x_wconf 85' lang='lat' dir='ltr'><strong>perversum</strong></span> <span class='ocrx_word' id='word_1_142' title='bbox 2041 2030 2169 2070; x_wconf 89' lang='lat' dir='ltr'><strong>scu-</strong></span> 
     </span>
    </p>
   </div>
   <div class='ocr_carea' id='block_1_20' title="bbox 578 2108 2169 2187">
    <p class='ocr_par' dir='ltr' id='par_1_20' title="bbox 578 2108 2169 2187">
     <span class='ocr_line' id='line_1_20' title="bbox 578 2108 2169 2187; baseline -0.007 -15"><span class='ocrx_word' id='word_1_143' title='bbox 578 2133 697 2172; x_wconf 90' lang='lat' dir='ltr'><strong>sum</strong></span> <span class='ocrx_word' id='word_1_144' title='bbox 729 2116 1156 2187; x_wconf 89' lang='lat' dir='ltr'><strong>dctorqueutium</strong></span> <span class='ocrx_word' id='word_1_145' title='bbox 1186 2121 1336 2170; x_wconf 88' lang='lat' dir='ltr'><strong>curat</strong></span> <span class='ocrx_word' id='word_1_146' title='bbox 1375 2111 1664 2178; x_wconf 73' lang='lat' dir='ltr'><strong>invidiam;</strong></span> <span class='ocrx_word' id='word_1_147' title='bbox 1709 2110 1834 2166; x_wconf 87' lang='lat' dir='ltr'><strong>dum</strong></span> <span class='ocrx_word' id='word_1_148' title='bbox 1880 2119 2054 2164; x_wconf 76' lang='lat' dir='ltr'><strong>tamen</strong></span> <span class='ocrx_word' id='word_1_149' title='bbox 2087 2108 2169 2162; x_wconf 85' lang='lat' dir='ltr'><strong>in-</strong></span> 
     </span>
    </p>
   </div>
   <div class='ocr_carea' id='block_1_21' title="bbox 583 2200 2171 2278">
    <p class='ocr_par' dir='ltr' id='par_1_21' title="bbox 583 2200 2171 2278">
     <span class='ocr_line' id='line_1_21' title="bbox 583 2200 2171 2278; baseline -0.005 -14"><span class='ocrx_word' id='word_1_150' title='bbox 583 2217 898 2264; x_wconf 84' lang='lat' dir='ltr'><strong>cunctanter</strong></span> <span class='ocrx_word' id='word_1_151' title='bbox 926 2206 1184 2278; x_wconf 74' lang='lat' dir='ltr'><strong>prtedicet</strong></span> <span class='ocrx_word' id='word_1_152' title='bbox 1210 2205 1407 2260; x_wconf 84' lang='lat' dir='ltr'><strong>donum</strong></span> <span class='ocrx_word' id='word_1_153' title='bbox 1437 2204 1551 2268; x_wconf 87' lang='lat' dir='ltr'><strong>Dei,</strong></span> <span class='ocrx_word' id='word_1_154' title='bbox 1583 2219 1689 2274; x_wconf 91' lang='lat' dir='ltr'><strong>quo</strong></span> <span class='ocrx_word' id='word_1_155' title='bbox 1729 2213 1838 2257; x_wconf 78' lang='lat' dir='ltr'><strong>tino</strong></span> <span class='ocrx_word' id='word_1_156' title='bbox 1865 2201 1998 2256; x_wconf 81' lang='lat' dir='ltr'><strong>Salvi</strong></span> <span class='ocrx_word' id='word_1_157' title='bbox 2039 2200 2171 2256; x_wconf 89' lang='lat' dir='ltr'><strong>liunt</strong></span> 
     </span>
    </p>
   </div>
   <div class='ocr_carea' id='block_1_22' title="bbox 578 2291 2172 2370">
    <p class='ocr_par' dir='ltr' id='par_1_22' title="bbox 578 2291 2172 2370">
     <span class='ocr_line' id='line_1_22' title="bbox 578 2291 2172 2370; baseline -0.004 -16"><span class='ocrx_word' id='word_1_158' title='bbox 578 2300 671 2354; x_wconf 84' lang='lat' dir='ltr'><strong>lilii</strong></span> <span class='ocrx_word' id='word_1_159' title='bbox 700 2299 1070 2370; x_wconf 84' lang='lat' dir='ltr'><strong>promissionis</strong></span> <span class='ocrx_word' id='word_1_160' title='bbox 1089 2339 1104 2364; x_wconf 93' lang='lat'><strong>,</strong></span> <span class='ocrx_word' id='word_1_161' title='bbox 1134 2298 1224 2352; x_wconf 82' lang='lat' dir='ltr'><strong>ﬁlii</strong></span> <span class='ocrx_word' id='word_1_162' title='bbox 1263 2295 1508 2352; x_wconf 74' lang='lat' dir='ltr'><strong>beneficii</strong></span> <span class='ocrx_word' id='word_1_163' title='bbox 1537 2295 1740 2362; x_wconf 88' lang='lat' dir='ltr'><strong>divini,</strong></span> <span class='ocrx_word' id='word_1_164' title='bbox 1773 2294 1864 2348; x_wconf 91' lang='lat' dir='ltr'><strong>lilii</strong></span> <span class='ocrx_word' id='word_1_165' title='bbox 1905 2291 2087 2362; x_wconf 64' lang='lat' dir='ltr'><strong>gratiae</strong></span> <span class='ocrx_word' id='word_1_166' title='bbox 2117 2300 2172 2348; x_wconf 83' lang='lat' dir='ltr'><strong>et</strong></span> 
     </span>
    </p>
   </div>
   <div class='ocr_carea' id='block_1_23' title="bbox 577 2381 2168 2456">
    <p class='ocr_par' dir='ltr' id='par_1_23' title="bbox 577 2381 2168 2456">
     <span class='ocr_line' id='line_1_23' title="bbox 577 2381 2168 2456; baseline -0.005 -10"><span class='ocrx_word' id='word_1_167' title='bbox 577 2391 995 2456; x_wconf 63' lang='lat' dir='ltr'><strong>misericordiae,</strong></span> <span class='ocrx_word' id='word_1_168' title='bbox 1034 2391 1123 2445; x_wconf 90' lang='lat' dir='ltr'><strong>lilii</strong></span> <span class='ocrx_word' id='word_1_169' title='bbox 1149 2389 1479 2444; x_wconf 86' lang='lat' dir='ltr'><strong>Testamcntl</strong></span> <span class='ocrx_word' id='word_1_170' title='bbox 1532 2387 1686 2442; x_wconf 80' lang='lat' dir='ltr'><strong>Novi.</strong></span> <span class='ocrx_word' id='word_1_171' title='bbox 1738 2387 1996 2451; x_wconf 87' lang='lat' dir='ltr'><strong>Primum,</strong></span> <span class='ocrx_word' id='word_1_172' title='bbox 2027 2381 2168 2454; x_wconf 91' lang='lat' dir='ltr'><strong>quod</strong></span> 
     </span>
    </p>
   </div>
   <div class='ocr_carea' id='block_1_24' title="bbox 577 2475 2172 2555">
    <p class='ocr_par' dir='ltr' id='par_1_24' title="bbox 577 2475 2172 2555">
     <span class='ocr_line' id='line_1_24' title="bbox 577 2475 2172 2555; baseline -0.008 -14"><span class='ocrx_word' id='word_1_173' title='bbox 577 2487 753 2541; x_wconf 88' lang='lat' dir='ltr'><strong>omnis</strong></span> <span class='ocrx_word' id='word_1_174' title='bbox 784 2485 900 2555; x_wconf 90' lang='lat' dir='ltr'><strong>ejus</strong></span> <span class='ocrx_word' id='word_1_175' title='bbox 926 2483 1174 2540; x_wconf 86' lang='lat' dir='ltr'><strong>salutatio</strong></span> <span class='ocrx_word' id='word_1_176' title='bbox 1203 2481 1282 2536; x_wconf 89' lang='lat' dir='ltr'><strong>sic</strong></span> <span class='ocrx_word' id='word_1_177' title='bbox 1310 2496 1368 2536; x_wconf 90' lang='lat' dir='ltr'><strong>se</strong></span> <span class='ocrx_word' id='word_1_178' title='bbox 1395 2479 1551 2535; x_wconf 78' lang='lat' dir='ltr'><strong>liabet</strong></span> <span class='ocrx_word' id='word_1_179' title='bbox 1582 2497 1596 2533; x_wconf 89' lang='lat'>:</span> <span class='ocrx_word' id='word_1_180' title='bbox 1626 2475 1804 2532; x_wconf 83' lang='lat' dir='ltr'><strong>Gratia</strong></span> <span class='ocrx_word' id='word_1_181' title='bbox 1832 2475 1967 2531; x_wconf 73' lang='lat' dir='ltr'><strong>vobis</strong></span> <span class='ocrx_word' id='word_1_182' title='bbox 1997 2485 2043 2528; x_wconf 89' lang='lat' dir='ltr'><strong>et</strong></span> <span class='ocrx_word' id='word_1_183' title='bbox 2069 2491 2172 2546; x_wconf 73' lang='lat' dir='ltr'><strong>pax</strong></span> 
     </span>
    </p>
   </div>
   <div class='ocr_carea' id='block_1_25' title="bbox 575 2565 2169 2640">
    <p class='ocr_par' dir='ltr' id='par_1_25' title="bbox 575 2565 2169 2640">
     <span class='ocr_line' id='line_1_25' title="bbox 575 2565 2169 2640; baseline -0.009 -8"><span class='ocrx_word' id='word_1_184' title='bbox 575 2595 608 2632; x_wconf 91' lang='lat' dir='ltr'><strong>a</strong></span> <span class='ocrx_word' id='word_1_185' title='bbox 638 2577 745 2630; x_wconf 88' lang='lat' dir='ltr'><strong>Deo</strong></span> <span class='ocrx_word' id='word_1_186' title='bbox 777 2575 932 2630; x_wconf 89' lang='lat' dir='ltr'><strong>Patre</strong></span> <span class='ocrx_word' id='word_1_187' title='bbox 961 2582 1008 2630; x_wconf 82' lang='lat' dir='ltr'><strong>et</strong></span> <span class='ocrx_word' id='word_1_188' title='bbox 1041 2573 1257 2629; x_wconf 82' lang='lat' dir='ltr'><strong>Domino</strong></span> <span class='ocrx_word' id='word_1_189' title='bbox 1285 2572 1411 2626; x_wconf 86' lang='lat' dir='ltr'><strong>Jesu</strong></span> <span class='ocrx_word' id='word_1_190' title='bbox 1438 2569 1640 2626; x_wconf 77' lang='lat' dir='ltr'><strong>Christo</strong></span> <span class='ocrx_word' id='word_1_191' title='bbox 1671 2569 1690 2640; x_wconf 96' lang='lat'><strong>(</strong></span> <span class='ocrx_word' id='word_1_192' title='bbox 1716 2567 1874 2622; x_wconf 88' lang='lat' dir='ltr'><strong>Initio</strong></span> <span class='ocrx_word' id='word_1_193' title='bbox 1913 2565 2169 2636; x_wconf 75' lang='lat' dir='ltr'><strong>Epistola-</strong></span> 
     </span>
    </p>
   </div>
   <div class='ocr_carea' id='block_1_26' title="bbox 576 2655 2169 2739">
    <p class='ocr_par' dir='ltr' id='par_1_26' title="bbox 576 2655 2169 2739">
     <span class='ocr_line' id='line_1_26' title="bbox 576 2655 2169 2739; baseline -0.009 -15"><span class='ocrx_word' id='word_1_194' title='bbox 576 2669 734 2739; x_wconf 86' lang='lat' dir='ltr'><strong>rum).</strong></span> <span class='ocrx_word' id='word_1_195' title='bbox 769 2667 1008 2733; x_wconf 89' lang='lat' dir='ltr'><strong>Deinde,</strong></span> <span class='ocrx_word' id='word_1_196' title='bbox 1051 2665 1117 2720; x_wconf 89' lang='lat' dir='ltr'><strong>ad</strong></span> <span class='ocrx_word' id='word_1_197' title='bbox 1152 2665 1426 2720; x_wconf 80' lang='lat' dir='ltr'><strong>Romanos</strong></span> <span class='ocrx_word' id='word_1_198' title='bbox 1455 2676 1592 2732; x_wconf 88' lang='lat' dir='ltr'><strong>pene</strong></span> <span class='ocrx_word' id='word_1_199' title='bbox 1635 2659 1750 2731; x_wconf 89' lang='lat' dir='ltr'><strong>ipsa</strong></span> <span class='ocrx_word' id='word_1_200' title='bbox 1791 2657 2014 2730; x_wconf 73' lang='lat' dir='ltr'><strong>qumstlo</strong></span> <span class='ocrx_word' id='word_1_201' title='bbox 2057 2655 2169 2728; x_wconf 86' lang='lat' dir='ltr'><strong>sola</strong></span> 
     </span>
    </p>
   </div>
   <div class='ocr_carea' id='block_1_27' title="bbox 576 2747 2170 2828">
    <p class='ocr_par' dir='ltr' id='par_1_27' title="bbox 576 2747 2170 2828">
     <span class='ocr_line' id='line_1_27' title="bbox 576 2747 2170 2828; baseline -0.009 -12"><span class='ocrx_word' id='word_1_202' title='bbox 576 2768 842 2826; x_wconf 90' lang='lat' dir='ltr'><strong>versatur,</strong></span> <span class='ocrx_word' id='word_1_203' title='bbox 887 2768 991 2813; x_wconf 88' lang='lat' dir='ltr'><strong>tam</strong></span> <span class='ocrx_word' id='word_1_204' title='bbox 1019 2757 1350 2828; x_wconf 83' lang='lat' dir='ltr'><strong>pugnaciter,</strong></span> <span class='ocrx_word' id='word_1_205' title='bbox 1385 2763 1491 2808; x_wconf 90' lang='lat' dir='ltr'><strong>tam</strong></span> <span class='ocrx_word' id='word_1_206' title='bbox 1529 2750 1914 2822; x_wconf 81' lang='lat' dir='ltr'><strong>multipliciter,</strong></span> <span class='ocrx_word' id='word_1_207' title='bbox 1956 2756 2019 2803; x_wconf 89' lang='lat' dir='ltr'><strong>ut</strong></span> <span class='ocrx_word' id='word_1_208' title='bbox 2047 2747 2170 2802; x_wconf 83' lang='lat' dir='ltr'><strong>fati-</strong></span> 
     </span>
    </p>
   </div>
   <div class='ocr_carea' id='block_1_28' title="bbox 576 2839 2168 2923">
    <p class='ocr_par' dir='ltr' id='par_1_28' title="bbox 576 2839 2168 2923">
     <span class='ocr_line' id='line_1_28' title="bbox 576 2839 2168 2923; baseline -0.01 -16"><span class='ocrx_word' id='word_1_209' title='bbox 576 2861 668 2923; x_wconf 87' lang='lat' dir='ltr'><strong>get</strong></span> <span class='ocrx_word' id='word_1_210' title='bbox 693 2849 907 2923; x_wconf 90' lang='lat' dir='ltr'><strong>quidem</strong></span> <span class='ocrx_word' id='word_1_211' title='bbox 947 2847 1170 2920; x_wconf 86' lang='lat' dir='ltr'><strong>legentis</strong></span> <span class='ocrx_word' id='word_1_212' title='bbox 1213 2847 1595 2910; x_wconf 90' lang='lat' dir='ltr'><strong>intentionem,</strong></span> <span class='ocrx_word' id='word_1_213' title='bbox 1627 2843 1722 2900; x_wconf 89' lang='lat' dir='ltr'><strong>sed</strong></span> <span class='ocrx_word' id='word_1_214' title='bbox 1761 2851 1936 2897; x_wconf 88' lang='lat' dir='ltr'><strong>tamen</strong></span> <span class='ocrx_word' id='word_1_215' title='bbox 1980 2839 2168 2910; x_wconf 85' lang='lat' dir='ltr'><strong>fatiga-</strong></span> 
     </span>
    </p>
   </div>
   <div class='ocr_carea' id='block_1_29' title="bbox 580 2932 2172 3010">
    <p class='ocr_par' dir='ltr' id='par_1_29' title="bbox 580 2932 2172 3010">
     <span class='ocr_line' id='line_1_29' title="bbox 580 2932 2172 3010; baseline -0.006 -13"><span class='ocrx_word' id='word_1_216' title='bbox 580 2943 728 2998; x_wconf 88' lang='lat' dir='ltr'><strong>tione</strong></span> <span class='ocrx_word' id='word_1_217' title='bbox 771 2941 886 3010; x_wconf 83' lang='lat' dir='ltr'><strong>utili</strong></span> <span class='ocrx_word' id='word_1_218' title='bbox 915 2956 977 2996; x_wconf 91' lang='lat' dir='ltr'><strong>ac</strong></span> <span class='ocrx_word' id='word_1_219' title='bbox 1015 2939 1216 2995; x_wconf 87' lang='lat' dir='ltr'><strong>salubri</strong></span> <span class='ocrx_word' id='word_1_220' title='bbox 1265 2955 1279 2994; x_wconf 90' lang='lat'><strong>:</strong></span> <span class='ocrx_word' id='word_1_221' title='bbox 1325 2945 1384 2992; x_wconf 91' lang='lat' dir='ltr'><strong>ut</strong></span> <span class='ocrx_word' id='word_1_222' title='bbox 1423 2935 1691 2991; x_wconf 88' lang='lat' dir='ltr'><strong>interioris</strong></span> <span class='ocrx_word' id='word_1_223' title='bbox 1732 2933 1962 2988; x_wconf 85' lang='lat' dir='ltr'><strong>hominis</strong></span> <span class='ocrx_word' id='word_1_224' title='bbox 2003 2932 2172 3002; x_wconf 70' lang='lat' dir='ltr'><strong>magis</strong></span> 
     </span>
    </p>
   </div>
   <div class='ocr_carea' id='block_1_30' title="bbox 580 3030 1983 3103">
    <p class='ocr_par' dir='ltr' id='par_1_30' title="bbox 580 3030 1983 3103">
     <span class='ocr_line' id='line_1_30' title="bbox 580 3030 1983 3103; baseline -0.008 -13"><span class='ocrx_word' id='word_1_225' title='bbox 580 3042 831 3091; x_wconf 81' lang='lat' dir='ltr'><strong>exerceat</strong></span> <span class='ocrx_word' id='word_1_226' title='bbox 858 3033 1116 3099; x_wconf 90' lang='lat' dir='ltr'><strong>membra,</strong></span> <span class='ocrx_word' id='word_1_227' title='bbox 1151 3047 1308 3103; x_wconf 90' lang='lat' dir='ltr'><strong>quam</strong></span> <span class='ocrx_word' id='word_1_228' title='bbox 1339 3030 1564 3100; x_wconf 78' lang='lat' dir='ltr'><strong>frangat.</strong></span> <span class='ocrx_word' id='word_1_229' title='bbox 1977 3061 1983 3067; x_wconf 82' lang='lat'><strong><em>-</em></strong></span> 
     </span>
    </p>
   </div>
   <div class='ocr_carea' id='block_1_31' title="bbox 647 3117 2168 3190">
    <p class='ocr_par' dir='ltr' id='par_1_31' title="bbox 647 3117 2168 3190">
     <span class='ocr_line' id='line_1_31' title="bbox 647 3117 2168 3190; baseline -0.007 -9"><span class='ocrx_word' id='word_1_230' title='bbox 647 3125 875 3182; x_wconf 82' lang='lat' dir='ltr'><strong>CAPUT</strong></span> <span class='ocrx_word' id='word_1_231' title='bbox 914 3124 1052 3180; x_wconf 88' lang='lat' dir='ltr'><strong>Vlll.</strong></span> <span class='ocrx_word' id='word_1_232' title='bbox 1079 3153 1150 3166; x_wconf 83' lang='lat'><strong>-—</strong></span> <span class='ocrx_word' id='word_1_233' title='bbox 1190 3124 1274 3179; x_wconf 80' lang='lat' dir='ltr'><strong>l5.</strong></span> <span class='ocrx_word' id='word_1_234' title='bbox 1325 3121 1618 3176; x_wconf 82' lang='lat' dir='ltr'><strong>Observatio</strong></span> <span class='ocrx_word' id='word_1_235' title='bbox 1669 3120 1816 3190; x_wconf 82' lang='lat' dir='ltr'><strong>legis.</strong></span> <span class='ocrx_word' id='word_1_236' title='bbox 1867 3117 2168 3173; x_wconf 77' lang='lat' dir='ltr'><strong>Judworum</strong></span> 
     </span>
    </p>
   </div>
   <div class='ocr_carea' id='block_1_32' title="bbox 579 3213 2167 3292">
    <p class='ocr_par' dir='ltr' id='par_1_32' title="bbox 579 3213 2167 3292">
     <span class='ocr_line' id='line_1_32' title="bbox 579 3213 2167 3292; baseline -0.006 -16"><span class='ocrx_word' id='word_1_237' title='bbox 579 3221 818 3292; x_wconf 62' lang='lat' dir='ltr'><strong>gloriatio</strong></span> <span class='ocrx_word' id='word_1_238' title='bbox 875 3219 1072 3290; x_wconf 72' lang='lat' dir='ltr'><strong>qualis.</strong></span> <span class='ocrx_word' id='word_1_239' title='bbox 1129 3216 1306 3273; x_wconf 80' lang='lat' dir='ltr'><strong>Timor</strong></span> <span class='ocrx_word' id='word_1_240' title='bbox 1349 3231 1528 3289; x_wconf 74' lang='lat' dir='ltr'><strong>pwnce.</strong></span> <span class='ocrx_word' id='word_1_241' title='bbox 1593 3213 1920 3270; x_wconf 85' lang='lat' dir='ltr'><strong>Circumcisio</strong></span> <span class='ocrx_word' id='word_1_242' title='bbox 1981 3214 2167 3268; x_wconf 81' lang='lat' dir='ltr'><strong>cordis.</strong></span> 
     </span>
    </p>
   </div>
   <div class='ocr_carea' id='block_1_33' title="bbox 581 3309 2170 3386">
    <p class='ocr_par' dir='ltr' id='par_1_33' title="bbox 581 3309 2170 3386">
     <span class='ocr_line' id='line_1_33' title="bbox 581 3309 2170 3386; baseline -0.004 -17"><span class='ocrx_word' id='word_1_243' title='bbox 581 3313 856 3386; x_wconf 80' lang='lat' dir='ltr'><strong>Pelagiani</strong></span> <span class='ocrx_word' id='word_1_244' title='bbox 889 3313 942 3367; x_wconf 84' lang='lat' dir='ltr'><strong>in</strong></span> <span class='ocrx_word' id='word_1_245' title='bbox 969 3329 1068 3384; x_wconf 87' lang='lat' dir='ltr'><strong>quo</strong></span> <span class='ocrx_word' id='word_1_246' title='bbox 1118 3310 1282 3366; x_wconf 87' lang='lat' dir='ltr'><strong>Deum</strong></span> <span class='ocrx_word' id='word_1_247' title='bbox 1323 3319 1510 3366; x_wconf 74' lang='lat' dir='ltr'><strong>nostra:</strong></span> <span class='ocrx_word' id='word_1_248' title='bbox 1543 3309 1923 3382; x_wconf 82' lang='lat' dir='ltr'><strong>justiﬁcationis</strong></span> <span class='ocrx_word' id='word_1_249' title='bbox 1993 3316 2170 3362; x_wconf 87' lang='lat' dir='ltr'><strong>aucto-</strong></span> 
     </span>
    </p>
   </div>
   <div class='ocr_carea' id='block_1_34' title="bbox 579 3387 2172 3476">
    <p class='ocr_par' dir='ltr' id='par_1_34' title="bbox 579 3387 2172 3476">
     <span class='ocr_line' id='line_1_34' title="bbox 579 3387 2172 3476; baseline -0.004 -16"><span class='ocrx_word' id='word_1_250' title='bbox 579 3422 680 3460; x_wconf 86' lang='lat' dir='ltr'><strong>rem</strong></span> <span class='ocrx_word' id='word_1_251' title='bbox 732 3412 1034 3476; x_wconf 83' lang='lat' dir='ltr'><strong>agnoscunt.</strong></span> <span class='ocrx_word' id='word_1_252' title='bbox 1109 3401 1237 3458; x_wconf 86' lang='lat' dir='ltr'><strong>Inde</strong></span> <span class='ocrx_word' id='word_1_253' title='bbox 1305 3409 1430 3457; x_wconf 87' lang='lat' dir='ltr'><strong>sunt</strong></span> <span class='ocrx_word' id='word_1_254' title='bbox 1470 3417 1588 3472; x_wconf 71' lang='lat' dir='ltr'><strong>qua:</strong></span> <span class='ocrx_word' id='word_1_255' title='bbox 1633 3416 1792 3471; x_wconf 88' lang='lat' dir='ltr'><strong>supra</strong></span> <span class='ocrx_word' id='word_1_256' title='bbox 1845 3387 2172 3455; x_wconf 77' lang='lat' dir='ltr'><strong>commento-</strong></span> 
     </span>
    </p>
   </div>
   <div class='ocr_carea' id='block_1_35' title="bbox 578 3491 2173 3566">
    <p class='ocr_par' dir='ltr' id='par_1_35' title="bbox 578 3491 2173 3566">
     <span class='ocr_line' id='line_1_35' title="bbox 578 3491 2173 3566; baseline -0.003 -15"><span class='ocrx_word' id='word_1_257' title='bbox 578 3498 712 3551; x_wconf 88' lang='lat' dir='ltr'><strong>ravi.</strong></span> <span class='ocrx_word' id='word_1_258' title='bbox 761 3496 885 3552; x_wconf 89' lang='lat' dir='ltr'><strong>Inde</strong></span> <span class='ocrx_word' id='word_1_259' title='bbox 933 3494 1187 3566; x_wconf 89' lang='lat' dir='ltr'><strong>estquod</strong></span> <span class='ocrx_word' id='word_1_260' title='bbox 1237 3493 1478 3550; x_wconf 71' lang='lat' dir='ltr'><strong>Judmum</strong></span> <span class='ocrx_word' id='word_1_261' title='bbox 1532 3491 1996 3565; x_wconf 86' lang='lat' dir='ltr'><strong>arguit,eumquc</strong></span> <span class='ocrx_word' id='word_1_262' title='bbox 2043 3491 2173 3546; x_wconf 71' lang='lat' dir='ltr'><strong>dit-it</strong></span> 
     </span>
    </p>
   </div>
   <div class='ocr_carea' id='block_1_36' title="bbox 577 3581 2170 3658">
    <p class='ocr_par' dir='ltr' id='par_1_36' title="bbox 577 3581 2170 3658">
     <span class='ocr_line' id='line_1_36' title="bbox 577 3581 2170 3658; baseline -0.003 -15"><span class='ocrx_word' id='word_1_263' title='bbox 577 3587 816 3643; x_wconf 63' lang='lat' dir='ltr'><strong>Judmum</strong></span> <span class='ocrx_word' id='word_1_264' title='bbox 889 3585 1298 3658; x_wconf 71' lang='lat' dir='ltr'><strong>cognominati,</strong></span> <span class='ocrx_word' id='word_1_265' title='bbox 1385 3593 1440 3640; x_wconf 87' lang='lat' dir='ltr'><strong>et</strong></span> <span class='ocrx_word' id='word_1_266' title='bbox 1479 3597 1834 3655; x_wconf 85' lang='lat' dir='ltr'><strong>nequaquam</strong></span> <span class='ocrx_word' id='word_1_267' title='bbox 1905 3583 1954 3637; x_wconf 87' lang='lat' dir='ltr'><strong>id</strong></span> <span class='ocrx_word' id='word_1_268' title='bbox 2027 3581 2170 3652; x_wconf 88' lang='lat' dir='ltr'><strong>quod</strong></span> 
     </span>
    </p>
   </div>
   <div class='ocr_carea' id='block_1_37' title="bbox 579 3671 2172 3748">
    <p class='ocr_par' dir='ltr' id='par_1_37' title="bbox 579 3671 2172 3748">
     <span class='ocr_line' id='line_1_37' title="bbox 579 3671 2172 3748; baseline -0.003 -16"><span class='ocrx_word' id='word_1_269' title='bbox 579 3679 858 3748; x_wconf 87' lang='lat' dir='ltr'><strong>proﬁtetur</strong></span> <span class='ocrx_word' id='word_1_270' title='bbox 911 3677 1154 3748; x_wconf 84' lang='lat' dir='ltr'><strong>implere.</strong></span> <span class='ocrx_word' id='word_1_271' title='bbox 1214 3675 1466 3730; x_wconf 81' lang='lat' dir='ltr'><strong>Siontem</strong></span> <span class='ocrx_word' id='word_1_272' title='bbox 1511 3684 1608 3743; x_wconf 89' lang='lat' dir='ltr'><strong>tu,</strong></span> <span class='ocrx_word' id='word_1_273' title='bbox 1661 3674 1875 3745; x_wconf 90' lang='lat' dir='ltr'><strong>inquit,</strong></span> <span class='ocrx_word' id='word_1_274' title='bbox 1953 3671 2172 3728; x_wconf 66' lang='lat' dir='ltr'><strong>Iudaeus</strong></span> 
     </span>
    </p>
   </div>
   <div class='ocr_carea' id='block_1_38' title="bbox 578 3764 2166 3840">
    <p class='ocr_par' dir='ltr' id='par_1_38' title="bbox 578 3764 2166 3840">
     <span class='ocr_line' id='line_1_38' title="bbox 578 3764 2166 3840; baseline -0.002 -18"><span class='ocrx_word' id='word_1_275' title='bbox 578 3768 970 3840; x_wconf 84' lang='lat' dir='ltr'><strong>cognominaris,</strong></span> <span class='ocrx_word' id='word_1_276' title='bbox 1003 3777 1048 3822; x_wconf 86' lang='lat' dir='ltr'><strong>et</strong></span> <span class='ocrx_word' id='word_1_277' title='bbox 1073 3767 1338 3838; x_wconf 84' lang='lat' dir='ltr'><strong>requiescis</strong></span> <span class='ocrx_word' id='word_1_278' title='bbox 1367 3767 1421 3820; x_wconf 81' lang='lat' dir='ltr'><strong>in</strong></span> <span class='ocrx_word' id='word_1_279' title='bbox 1451 3766 1578 3838; x_wconf 84' lang='lat' dir='ltr'><strong>lege,</strong></span> <span class='ocrx_word' id='word_1_280' title='bbox 1610 3777 1656 3820; x_wconf 89' lang='lat' dir='ltr'><strong>et</strong></span> <span class='ocrx_word' id='word_1_281' title='bbox 1692 3767 1928 3836; x_wconf 84' lang='lat' dir='ltr'><strong>gloriaris</strong></span> <span class='ocrx_word' id='word_1_282' title='bbox 1962 3766 2013 3819; x_wconf 87' lang='lat' dir='ltr'><strong>in</strong></span> <span class='ocrx_word' id='word_1_283' title='bbox 2033 3764 2166 3833; x_wconf 86' lang='lat' dir='ltr'><strong>Deo,</strong></span> 
     </span>
    </p>
   </div>
   <div class='ocr_carea' id='block_1_39' title="bbox 579 3856 2172 3930">
    <p class='ocr_par' dir='ltr' id='par_1_39' title="bbox 579 3856 2172 3930">
     <span class='ocr_line' id='line_1_39' title="bbox 579 3856 2172 3930; baseline -0.001 -16"><span class='ocrx_word' id='word_1_284' title='bbox 579 3869 625 3914; x_wconf 89' lang='lat' dir='ltr'><strong>et</strong></span> <span class='ocrx_word' id='word_1_285' title='bbox 653 3858 784 3912; x_wconf 86' lang='lat' dir='ltr'><strong>nosti</strong></span> <span class='ocrx_word' id='word_1_286' title='bbox 813 3857 1115 3912; x_wconf 77' lang='lat' dir='ltr'><strong>voluntatem</strong></span> <span class='ocrx_word' id='word_1_287' title='bbox 1142 3858 1186 3924; x_wconf 87' lang='grc'>³,</span> <span class='ocrx_word' id='word_1_288' title='bbox 1214 3867 1260 3910; x_wconf 83' lang='lat' dir='ltr'><strong>et</strong></span> <span class='ocrx_word' id='word_1_289' title='bbox 1291 3857 1475 3928; x_wconf 91' lang='lat' dir='ltr'><strong>probas</strong></span> <span class='ocrx_word' id='word_1_290' title='bbox 1503 3857 1745 3912; x_wconf 81' lang='lat' dir='ltr'><strong>distantia</strong></span> <span class='ocrx_word' id='word_1_291' title='bbox 1773 3856 1870 3930; x_wconf 90' lang='lat' dir='ltr'><strong>(a).</strong></span> <span class='ocrx_word' id='word_1_292' title='bbox 1899 3858 2172 3913; x_wconf 78' lang='lat' dir='ltr'><strong>instructus</strong></span> 
     </span>
    </p>
   </div>
   <div class='ocr_carea' id='block_1_40' title="bbox 579 3947 2172 4021">
    <p class='ocr_par' dir='ltr' id='par_1_40' title="bbox 579 3947 2172 4021">
     <span class='ocr_line' id='line_1_40' title="bbox 579 3947 2172 4021; baseline 0 -19"><span class='ocrx_word' id='word_1_293' title='bbox 579 3966 643 4005; x_wconf 79' lang='lat' dir='ltr'><strong>ea:</strong></span> <span class='ocrx_word' id='word_1_294' title='bbox 673 3949 799 4021; x_wconf 82' lang='lat' dir='ltr'><strong>lege,</strong></span> <span class='ocrx_word' id='word_1_295' title='bbox 831 3948 1048 4017; x_wconf 81' lang='lat' dir='ltr'><strong>conﬁdis</strong></span> <span class='ocrx_word' id='word_1_296' title='bbox 1077 3957 1126 4002; x_wconf 88' lang='lat' dir='ltr'><strong>te</strong></span> <span class='ocrx_word' id='word_1_297' title='bbox 1162 3949 1325 4018; x_wconf 87' lang='lat' dir='ltr'><strong>ipsum</strong></span> <span class='ocrx_word' id='word_1_298' title='bbox 1352 3947 1532 4001; x_wconf 88' lang='lat' dir='ltr'><strong>ducem</strong></span> <span class='ocrx_word' id='word_1_299' title='bbox 1557 3963 1662 4001; x_wconf 86' lang='lat' dir='ltr'><strong>esse</strong></span> <span class='ocrx_word' id='word_1_300' title='bbox 1697 3963 1944 4002; x_wconf 80' lang='lat' dir='ltr'><strong>ca&#39;corum</strong></span> <span class='ocrx_word' id='word_1_301' title='bbox 1964 3989 1976 4012; x_wconf 94' lang='lat'><strong>,</strong></span> <span class='ocrx_word' id='word_1_302' title='bbox 2005 3947 2172 4002; x_wconf 76' lang='lat' dir='ltr'><strong>lunten</strong></span> 
     </span>
    </p>
   </div>
   <div class='ocr_carea' id='block_1_41' title="bbox 581 4038 2172 4112">
    <p class='ocr_par' dir='ltr' id='par_1_41' title="bbox 581 4038 2172 4112">
     <span class='ocr_line' id='line_1_41' title="bbox 581 4038 2172 4112; baseline -0.001 -16"><span class='ocrx_word' id='word_1_303' title='bbox 581 4057 754 4096; x_wconf 72' lang='lat' dir='ltr'><strong>eorum</strong></span> <span class='ocrx_word' id='word_1_304' title='bbox 781 4041 870 4110; x_wconf 87' lang='lat' dir='ltr'><strong>qui</strong></span> <span class='ocrx_word' id='word_1_305' title='bbox 905 4039 958 4093; x_wconf 86' lang='lat' dir='ltr'><strong>in</strong></span> <span class='ocrx_word' id='word_1_306' title='bbox 990 4039 1240 4104; x_wconf 81' lang='lat' dir='ltr'><strong>tenebris,</strong></span> <span class='ocrx_word' id='word_1_307' title='bbox 1285 4038 1587 4094; x_wconf 83' lang='lat' dir='ltr'><strong>eruditorem</strong></span> <span class='ocrx_word' id='word_1_308' title='bbox 1615 4039 1976 4111; x_wconf 85' lang='lat' dir='ltr'><strong>insipientium,</strong></span> <span class='ocrx_word' id='word_1_309' title='bbox 2011 4041 2172 4112; x_wconf 79' lang='lat' dir='ltr'><strong>magi-</strong></span> 
     </span>
    </p>
   </div>
   <div class='ocr_carea' id='block_1_42' title="bbox 579 4131 2172 4204">
    <p class='ocr_par' dir='ltr' id='par_1_42' title="bbox 579 4131 2172 4204">
     <span class='ocr_line' id='line_1_42' title="bbox 579 4131 2172 4204; baseline -0.001 -16"><span class='ocrx_word' id='word_1_310' title='bbox 579 4145 741 4190; x_wconf 75' lang='lat' dir='ltr'><strong>etrm:</strong></span> <span class='ocrx_word' id='word_1_311' title='bbox 763 4134 1057 4204; x_wconf 75' lang='lat' dir='ltr'><strong>infantium,</strong></span> <span class='ocrx_word' id='word_1_312' title='bbox 1085 4131 1345 4186; x_wconf 84' lang='lat' dir='ltr'><strong>habentem</strong></span> <span class='ocrx_word' id='word_1_313' title='bbox 1376 4134 1595 4204; x_wconf 74' lang='lat' dir='ltr'><strong>formam</strong></span> <span class='ocrx_word' id='word_1_314' title='bbox 1617 4132 1840 4186; x_wconf 68' lang='lat' dir='ltr'><strong>scientiis</strong></span> <span class='ocrx_word' id='word_1_315' title='bbox 1877 4141 1926 4186; x_wconf 89' lang='lat' dir='ltr'><strong>et</strong></span> <span class='ocrx_word' id='word_1_316' title='bbox 1950 4133 2172 4186; x_wconf 83' lang='lat' dir='ltr'><strong>veritatis</strong></span> 
     </span>
    </p>
   </div>
   <div class='ocr_carea' id='block_1_43' title="bbox 580 4223 2173 4297">
    <p class='ocr_par' dir='ltr' id='par_1_43' title="bbox 580 4223 2173 4297">
     <span class='ocr_line' id='line_1_43' title="bbox 580 4223 2173 4297; baseline 0 -17"><span class='ocrx_word' id='word_1_317' title='bbox 580 4227 634 4281; x_wconf 90' lang='lat' dir='ltr'><strong>in</strong></span> <span class='ocrx_word' id='word_1_318' title='bbox 661 4241 790 4297; x_wconf 68' lang='lat' dir='ltr'><strong>tege.</strong></span> <span class='ocrx_word' id='word_1_319' title='bbox 833 4224 937 4290; x_wconf 83' lang='lat' dir='ltr'><strong>Qui</strong></span> <span class='ocrx_word' id='word_1_320' title='bbox 977 4241 1095 4296; x_wconf 85' lang='lat' dir='ltr'><strong>ergo</strong></span> <span class='ocrx_word' id='word_1_321' title='bbox 1139 4224 1294 4278; x_wconf 78' lang='lat' dir='ltr'><strong>aliaat</strong></span> <span class='ocrx_word' id='word_1_322' title='bbox 1339 4223 1519 4290; x_wconf 88' lang='lat' dir='ltr'><strong>doces,</strong></span> <span class='ocrx_word' id='word_1_323' title='bbox 1552 4233 1598 4278; x_wconf 87' lang='lat' dir='ltr'><strong>te</strong></span> <span class='ocrx_word' id='word_1_324' title='bbox 1638 4225 1806 4295; x_wconf 82' lang='lat' dir='ltr'><strong>ipsum</strong></span> <span class='ocrx_word' id='word_1_325' title='bbox 1850 4241 1950 4279; x_wconf 88' lang='lat' dir='ltr'><strong>non</strong></span> <span class='ocrx_word' id='word_1_326' title='bbox 1980 4224 2173 4280; x_wconf 86' lang='lat' dir='ltr'><strong>doces?</strong></span> 
     </span>
    </p>
   </div>
   <div class='ocr_carea' id='block_1_44' title="bbox 579 4316 2172 4390">
    <p class='ocr_par' dir='ltr' id='par_1_44' title="bbox 579 4316 2172 4390">
     <span class='ocr_line' id='line_1_44' title="bbox 579 4316 2172 4390; baseline 0.001 -20"><span class='ocrx_word' id='word_1_327' title='bbox 579 4321 668 4374; x_wconf 66' lang='lat' dir='ltr'><strong>nti</strong></span> <span class='ocrx_word' id='word_1_328' title='bbox 709 4318 955 4390; x_wconf 78' lang='lat' dir='ltr'><strong>prcedicas</strong></span> <span class='ocrx_word' id='word_1_329' title='bbox 999 4334 1100 4372; x_wconf 88' lang='lat' dir='ltr'><strong>non</strong></span> <span class='ocrx_word' id='word_1_330' title='bbox 1143 4316 1440 4388; x_wconf 83' lang='lat' dir='ltr'><strong>furandum,</strong></span> <span class='ocrx_word' id='word_1_331' title='bbox 1488 4316 1723 4388; x_wconf 72' lang='lat' dir='ltr'><strong>furoris?</strong></span> <span class='ocrx_word' id='word_1_332' title='bbox 1769 4317 1855 4388; x_wconf 85' lang='lat' dir='ltr'><strong>qui</strong></span> <span class='ocrx_word' id='word_1_333' title='bbox 1899 4317 2024 4373; x_wconf 88' lang='lat' dir='ltr'><strong>dicis</strong></span> <span class='ocrx_word' id='word_1_334' title='bbox 2071 4333 2172 4372; x_wconf 86' lang='lat' dir='ltr'><strong>non</strong></span> 
     </span>
    </p>
   </div>
   <div class='ocr_carea' id='block_1_45' title="bbox 580 4407 2176 4478">
    <p class='ocr_par' dir='ltr' id='par_1_45' title="bbox 580 4407 2176 4478">
     <span class='ocr_line' id='line_1_45' title="bbox 580 4407 2176 4478; baseline -0.002 -11"><span class='ocrx_word' id='word_1_335' title='bbox 580 4410 992 4476; x_wconf 83' lang='lat' dir='ltr'><strong>adulterandum,</strong></span> <span class='ocrx_word' id='word_1_336' title='bbox 1023 4409 1326 4464; x_wconf 70' lang='lat' dir='ltr'><strong>adulteras!</strong></span> <span class='ocrx_word' id='word_1_337' title='bbox 1352 4409 1440 4478; x_wconf 87' lang='lat' dir='ltr'><strong>qui</strong></span> <span class='ocrx_word' id='word_1_338' title='bbox 1469 4407 1774 4463; x_wconf 88' lang='lat' dir='ltr'><strong>abominaris</strong></span> <span class='ocrx_word' id='word_1_339' title='bbox 1808 4408 1974 4477; x_wconf 86' lang='lat' dir='ltr'><strong>idola,</strong></span> <span class='ocrx_word' id='word_1_340' title='bbox 2015 4411 2176 4464; x_wconf 83' lang='lat' dir='ltr'><strong>sacri-</strong></span> 
     </span>
    </p>
   </div>
   <div class='ocr_carea' id='block_1_46' title="bbox 581 4502 2174 4580">
    <p class='ocr_par' dir='ltr' id='par_1_46' title="bbox 581 4502 2174 4580">
     <span class='ocr_line' id='line_1_46' title="bbox 581 4502 2174 4580; baseline -0.003 -18"><span class='ocrx_word' id='word_1_341' title='bbox 581 4507 767 4580; x_wconf 82' lang='lat' dir='ltr'><strong>legium</strong></span> <span class='ocrx_word' id='word_1_342' title='bbox 791 4505 964 4576; x_wconf 81' lang='lat' dir='ltr'><strong>facis?</strong></span> <span class='ocrx_word' id='word_1_343' title='bbox 987 4504 1074 4577; x_wconf 87' lang='lat' dir='ltr'><strong>qui</strong></span> <span class='ocrx_word' id='word_1_344' title='bbox 1097 4504 1151 4558; x_wconf 89' lang='lat' dir='ltr'><strong>in</strong></span> <span class='ocrx_word' id='word_1_345' title='bbox 1177 4505 1284 4576; x_wconf 82' lang='lat' dir='ltr'><strong>lege</strong></span> <span class='ocrx_word' id='word_1_346' title='bbox 1310 4502 1565 4575; x_wconf 89' lang='lat' dir='ltr'><strong>gloriaris,</strong></span> <span class='ocrx_word' id='word_1_347' title='bbox 1595 4519 1684 4574; x_wconf 90' lang='lat' dir='ltr'><strong>per</strong></span> <span class='ocrx_word' id='word_1_348' title='bbox 1710 4503 2174 4574; x_wconf 70' lang='lat' dir='ltr'><strong>prmaricationem</strong></span> 
     </span>
    </p>
   </div>
   <div class='ocr_carea' id='block_1_47' title="bbox 579 4591 2174 4672">
    <p class='ocr_par' dir='ltr' id='par_1_47' title="bbox 579 4591 2174 4672">
     <span class='ocr_line' id='line_1_47' title="bbox 579 4591 2174 4672; baseline -0.003 -18"><span class='ocrx_word' id='word_1_349' title='bbox 579 4601 708 4672; x_wconf 89' lang='lat' dir='ltr'><strong>legis</strong></span> <span class='ocrx_word' id='word_1_350' title='bbox 730 4596 897 4654; x_wconf 85' lang='lat' dir='ltr'><strong>Deum</strong></span> <span class='ocrx_word' id='word_1_351' title='bbox 925 4596 1203 4651; x_wconf 78' lang='lat' dir='ltr'><strong>inhonorus</strong></span> <span class='ocrx_word' id='word_1_352' title='bbox 1223 4595 1250 4649; x_wconf 80' lang='lat'><strong><em>?</em></strong></span> <span class='ocrx_word' id='word_1_353' title='bbox 1286 4593 1488 4650; x_wconf 87' lang='lat' dir='ltr'><strong>Nomen</strong></span> <span class='ocrx_word' id='word_1_354' title='bbox 1521 4593 1654 4649; x_wconf 83' lang='lat' dir='ltr'><strong>enim</strong></span> <span class='ocrx_word' id='word_1_355' title='bbox 1680 4591 1779 4649; x_wconf 87' lang='lat' dir='ltr'><strong>Dei</strong></span> <span class='ocrx_word' id='word_1_356' title='bbox 1816 4610 1908 4666; x_wconf 89' lang='lat' dir='ltr'><strong>per</strong></span> <span class='ocrx_word' id='word_1_357' title='bbox 1941 4609 2028 4649; x_wconf 81' lang='lat' dir='ltr'><strong>vos</strong></span> <span class='ocrx_word' id='word_1_358' title='bbox 2065 4593 2174 4650; x_wconf 90' lang='lat' dir='ltr'><strong>bla-</strong></span> 
     </span>
    </p>
   </div>
   <div class='ocr_carea' id='block_1_48' title="bbox 579 4683 2174 4764">
    <p class='ocr_par' dir='ltr' id='par_1_48' title="bbox 579 4683 2174 4764">
     <span class='ocr_line' id='line_1_48' title="bbox 579 4683 2174 4764; baseline -0.004 -18"><span class='ocrx_word' id='word_1_359' title='bbox 579 4692 874 4764; x_wconf 82' lang='lat' dir='ltr'><strong>sphcmatttr</strong></span> <span class='ocrx_word' id='word_1_360' title='bbox 897 4690 950 4744; x_wconf 89' lang='lat' dir='ltr'><strong>in</strong></span> <span class='ocrx_word' id='word_1_361' title='bbox 986 4685 1248 4752; x_wconf 81' lang='lat' dir='ltr'><strong>Gentibus,</strong></span> <span class='ocrx_word' id='word_1_362' title='bbox 1282 4685 1409 4740; x_wconf 84' lang='lat' dir='ltr'><strong>sicut</strong></span> <span class='ocrx_word' id='word_1_363' title='bbox 1437 4685 1680 4754; x_wconf 82' lang='lat' dir='ltr'><strong>scriptum</strong></span> <span class='ocrx_word' id='word_1_364' title='bbox 1708 4693 1800 4740; x_wconf 86' lang='lat' dir='ltr'><strong>est.</strong></span> <span class='ocrx_word' id='word_1_365' title='bbox 1847 4683 2174 4741; x_wconf 82' lang='lat' dir='ltr'><strong>Circumcisio</strong></span> 
     </span>
    </p>
   </div>
   <div class='ocr_carea' id='block_1_49' title="bbox 579 4775 2174 4855">
    <p class='ocr_par' dir='ltr' id='par_1_49' title="bbox 579 4775 2174 4855">
     <span class='ocr_line' id='line_1_49' title="bbox 579 4775 2174 4855; baseline -0.006 -16"><span class='ocrx_word' id='word_1_366' title='bbox 579 4783 781 4855; x_wconf 79' lang='lat' dir='ltr'><strong>quidem</strong></span> <span class='ocrx_word' id='word_1_367' title='bbox 807 4781 1046 4854; x_wconf 87' lang='lat' dir='ltr'><strong>prodest,</strong></span> <span class='ocrx_word' id='word_1_368' title='bbox 1077 4777 1122 4835; x_wconf 85' lang='lat' dir='ltr'><strong>si</strong></span> <span class='ocrx_word' id='word_1_369' title='bbox 1151 4779 1310 4851; x_wconf 86' lang='lat' dir='ltr'><strong>legem</strong></span> <span class='ocrx_word' id='word_1_370' title='bbox 1338 4776 1596 4832; x_wconf 85' lang='lat' dir='ltr'><strong>custodias</strong></span> <span class='ocrx_word' id='word_1_371' title='bbox 1619 4790 1639 4832; x_wconf 91' lang='lat'><strong><em>:</em></strong></span> <span class='ocrx_word' id='word_1_372' title='bbox 1667 4775 1714 4830; x_wconf 89' lang='lat' dir='ltr'><strong>si</strong></span> <span class='ocrx_word' id='word_1_373' title='bbox 1739 4784 1906 4830; x_wconf 86' lang='lat' dir='ltr'><strong>autem</strong></span> <span class='ocrx_word' id='word_1_374' title='bbox 1932 4777 2174 4848; x_wconf 79' lang='lat' dir='ltr'><strong>prtcvari-</strong></span> 
     </span>
    </p>
   </div>
   <div class='ocr_carea' id='block_1_50' title="bbox 583 4868 2172 4947">
    <p class='ocr_par' dir='ltr' id='par_1_50' title="bbox 583 4868 2172 4947">
     <span class='ocr_line' id='line_1_50' title="bbox 583 4868 2172 4947; baseline -0.005 -17"><span class='ocrx_word' id='word_1_375' title='bbox 583 4885 723 4931; x_wconf 83' lang='lat' dir='ltr'><strong>calor</strong></span> <span class='ocrx_word' id='word_1_376' title='bbox 766 4875 888 4947; x_wconf 83' lang='lat' dir='ltr'><strong>legis</strong></span> <span class='ocrx_word' id='word_1_377' title='bbox 925 4875 1015 4937; x_wconf 86' lang='lat' dir='ltr'><strong>sis,</strong></span> <span class='ocrx_word' id='word_1_378' title='bbox 1057 4871 1373 4927; x_wconf 86' lang='lat' dir='ltr'><strong>circumcisio</strong></span> <span class='ocrx_word' id='word_1_379' title='bbox 1415 4877 1503 4923; x_wconf 91' lang='lat' dir='ltr'><strong>tua</strong></span> <span class='ocrx_word' id='word_1_380' title='bbox 1552 4868 1856 4941; x_wconf 81' lang='lat' dir='ltr'><strong>prteputium</strong></span> <span class='ocrx_word' id='word_1_381' title='bbox 1897 4868 2035 4938; x_wconf 74' lang='lat' dir='ltr'><strong>facta</strong></span> <span class='ocrx_word' id='word_1_382' title='bbox 2080 4877 2172 4922; x_wconf 86' lang='lat' dir='ltr'><strong>est.</strong></span> 
     </span>
    </p>
   </div>
   <div class='ocr_carea' id='block_1_51' title="bbox 585 4961 2178 5040">
    <p class='ocr_par' dir='ltr' id='par_1_51' title="bbox 585 4961 2178 5040">
     <span class='ocr_line' id='line_1_51' title="bbox 585 4961 2178 5040; baseline -0.008 -15"><span class='ocrx_word' id='word_1_383' title='bbox 585 4970 648 5025; x_wconf 88' lang='lat' dir='ltr'><strong>Si</strong></span> <span class='ocrx_word' id='word_1_384' title='bbox 689 4969 844 5040; x_wconf 87' lang='lat' dir='ltr'><strong>igitur</strong></span> <span class='ocrx_word' id='word_1_385' title='bbox 889 4966 1192 5038; x_wconf 64' lang='lat' dir='ltr'><strong>praeputium</strong></span> <span class='ocrx_word' id='word_1_386' title='bbox 1231 4964 1464 5036; x_wconf 84' lang='lat' dir='ltr'><strong>justitias</strong></span> <span class='ocrx_word' id='word_1_387' title='bbox 1509 4961 1636 5034; x_wconf 86' lang='lat' dir='ltr'><strong>legis</strong></span> <span class='ocrx_word' id='word_1_388' title='bbox 1685 4961 1961 5029; x_wconf 85' lang='lat' dir='ltr'><strong>custodiat,</strong></span> <span class='ocrx_word' id='word_1_389' title='bbox 2010 4977 2178 5014; x_wconf 86' lang='lat' dir='ltr'><strong>nonne</strong></span> 
     </span>
    </p>
   </div>
   <div class='ocr_carea' id='block_1_52' title="bbox 585 5051 2180 5133">
    <p class='ocr_par' dir='ltr' id='par_1_52' title="bbox 585 5051 2180 5133">
     <span class='ocr_line' id='line_1_52' title="bbox 585 5051 2180 5133; baseline -0.008 -16"><span class='ocrx_word' id='word_1_390' title='bbox 585 5060 893 5133; x_wconf 79' lang='lat' dir='ltr'><strong>prteputium</strong></span> <span class='ocrx_word' id='word_1_391' title='bbox 917 5059 1026 5128; x_wconf 89' lang='lat' dir='ltr'><strong>ejus</strong></span> <span class='ocrx_word' id='word_1_392' title='bbox 1056 5059 1107 5111; x_wconf 90' lang='lat' dir='ltr'><strong>in</strong></span> <span class='ocrx_word' id='word_1_393' title='bbox 1136 5055 1565 5111; x_wconf 86' lang='lat' dir='ltr'><strong>circumcisionem</strong></span> <span class='ocrx_word' id='word_1_394' title='bbox 1591 5053 1925 5124; x_wconf 85' lang='lat' dir='ltr'><strong>reputabitur,</strong></span> <span class='ocrx_word' id='word_1_395' title='bbox 1955 5061 2002 5106; x_wconf 92' lang='lat' dir='ltr'><strong>et</strong></span> <span class='ocrx_word' id='word_1_396' title='bbox 2031 5051 2180 5123; x_wconf 87' lang='lat' dir='ltr'><strong>judi-</strong></span> 
     </span>
    </p>
   </div>
   <div class='ocr_carea' id='block_1_53' title="bbox 586 5143 2175 5223">
    <p class='ocr_par' dir='ltr' id='par_1_53' title="bbox 586 5143 2175 5223">
     <span class='ocr_line' id='line_1_53' title="bbox 586 5143 2175 5223; baseline -0.006 -15"><span class='ocrx_word' id='word_1_397' title='bbox 586 5155 717 5208; x_wconf 89' lang='lat' dir='ltr'><strong>cabit</strong></span> <span class='ocrx_word' id='word_1_398' title='bbox 745 5149 882 5223; x_wconf 86' lang='lat' dir='ltr'><strong>quod</strong></span> <span class='ocrx_word' id='word_1_399' title='bbox 909 5165 971 5204; x_wconf 79' lang='lat' dir='ltr'><strong>ea:</strong></span> <span class='ocrx_word' id='word_1_400' title='bbox 995 5157 1181 5203; x_wconf 89' lang='lat' dir='ltr'><strong>natura</strong></span> <span class='ocrx_word' id='word_1_401' title='bbox 1209 5157 1282 5202; x_wconf 87' lang='lat' dir='ltr'><strong>est</strong></span> <span class='ocrx_word' id='word_1_402' title='bbox 1307 5147 1614 5219; x_wconf 65' lang='lat' dir='ltr'><strong>praeputium</strong></span> <span class='ocrx_word' id='word_1_403' title='bbox 1641 5145 1800 5216; x_wconf 86' lang='lat' dir='ltr'><strong>legem</strong></span> <span class='ocrx_word' id='word_1_404' title='bbox 1839 5145 2106 5216; x_wconf 83' lang='lat' dir='ltr'><strong>perﬁciens</strong></span> <span class='ocrx_word' id='word_1_405' title='bbox 2131 5143 2175 5211; x_wconf 70' lang='grc'>⁸,</span> 
     </span>
    </p>
   </div>
   <div class='ocr_carea' id='block_1_54' title="bbox 588 5237 2176 5318">
    <p class='ocr_par' dir='ltr' id='par_1_54' title="bbox 588 5237 2176 5318">
     <span class='ocr_line' id='line_1_54' title="bbox 588 5237 2176 5318; baseline -0.006 -16"><span class='ocrx_word' id='word_1_406' title='bbox 588 5258 635 5301; x_wconf 81' lang='lat' dir='ltr'><strong>te</strong></span> <span class='ocrx_word' id='word_1_407' title='bbox 659 5247 742 5318; x_wconf 88' lang='lat' dir='ltr'><strong>qui</strong></span> <span class='ocrx_word' id='word_1_408' title='bbox 771 5259 859 5316; x_wconf 86' lang='lat' dir='ltr'><strong>per</strong></span> <span class='ocrx_word' id='word_1_409' title='bbox 885 5241 1102 5297; x_wconf 85' lang='lat' dir='ltr'><strong>litteram</strong></span> <span class='ocrx_word' id='word_1_410' title='bbox 1127 5249 1174 5295; x_wconf 89' lang='lat' dir='ltr'><strong>et</strong></span> <span class='ocrx_word' id='word_1_411' title='bbox 1201 5239 2017 5309; x_wconf 73' lang='lat' dir='ltr'><strong>circuawisionem-prmvaricator</strong></span> <span class='ocrx_word' id='word_1_412' title='bbox 2053 5237 2176 5310; x_wconf 87' lang='lat' dir='ltr'><strong>legis</strong></span> 
     </span>
    </p>
   </div>
   <div class='ocr_carea' id='block_1_55' title="bbox 587 5328 2182 5406">
    <p class='ocr_par' dir='ltr' id='par_1_55' title="bbox 587 5328 2182 5406">
     <span class='ocr_line' id='line_1_55' title="bbox 587 5328 2182 5406; baseline -0.008 -12"><span class='ocrx_word' id='word_1_413' title='bbox 587 5355 640 5394; x_wconf 90' lang='lat' dir='ltr'><strong>es</strong></span> <span class='ocrx_word' id='word_1_414' title='bbox 658 5338 684 5392; x_wconf 85' lang='lat'><strong><em>?</em></strong></span> <span class='ocrx_word' id='word_1_415' title='bbox 712 5335 835 5390; x_wconf 88' lang='lat' dir='ltr'><strong>Non</strong></span> <span class='ocrx_word' id='word_1_416' title='bbox 857 5333 992 5389; x_wconf 88' lang='lat' dir='ltr'><strong>enim</strong></span> <span class='ocrx_word' id='word_1_417' title='bbox 1019 5332 1105 5406; x_wconf 88' lang='lat' dir='ltr'><strong>qui</strong></span> <span class='ocrx_word' id='word_1_418' title='bbox 1131 5331 1185 5385; x_wconf 88' lang='lat' dir='ltr'><strong>in</strong></span> <span class='ocrx_word' id='word_1_419' title='bbox 1211 5329 1477 5402; x_wconf 76' lang='lat' dir='ltr'><strong>manifesto</strong></span> <span class='ocrx_word' id='word_1_420' title='bbox 1500 5328 1716 5386; x_wconf 81' lang='lat' dir='ltr'><strong>Judceus</strong></span> <span class='ocrx_word' id='word_1_421' title='bbox 1740 5339 1813 5384; x_wconf 85' lang='lat' dir='ltr'><strong>est</strong></span> <span class='ocrx_word' id='word_1_422' title='bbox 1833 5371 1848 5399; x_wconf 94' lang='lat'><strong>,</strong></span> <span class='ocrx_word' id='word_1_423' title='bbox 1881 5345 2040 5400; x_wconf 86' lang='lat' dir='ltr'><strong>neque</strong></span> <span class='ocrx_word' id='word_1_424' title='bbox 2067 5345 2182 5401; x_wconf 59' lang='lat' dir='ltr'><strong>quae</strong></span> 
     </span>
    </p>
   </div>
   <div class='ocr_carea' id='block_1_56' title="bbox 653 5481 1686 5550">
    <p class='ocr_par' dir='ltr' id='par_1_56' title="bbox 653 5481 1686 5550">
     <span class='ocr_line' id='line_1_56' title="bbox 653 5481 1686 5550; baseline -0.002 -10"><span class='ocrx_word' id='word_1_425' title='bbox 653 5494 672 5527; x_wconf 77' lang='grc' dir='ltr'><strong>ι</strong></span> <span class='ocrx_word' id='word_1_426' title='bbox 701 5500 750 5542; x_wconf 81' lang='grc' dir='ltr'><strong>ιιι</strong></span> <span class='ocrx_word' id='word_1_427' title='bbox 770 5499 876 5540; x_wconf 75' lang='lat' dir='ltr'><strong>Mss.</strong></span> <span class='ocrx_word' id='word_1_428' title='bbox 900 5485 1169 5550; x_wconf 65' lang='lat' dir='ltr'><strong>plerisque,</strong></span> <span class='ocrx_word' id='word_1_429' title='bbox 1193 5489 1421 5550; x_wconf 79' lang='lat' dir='ltr'><strong>tanquam</strong></span> <span class='ocrx_word' id='word_1_430' title='bbox 1440 5481 1686 5533; x_wconf 79' lang='lat' dir='ltr'><strong>minimus.</strong></span> 
     </span>
    </p>
   </div>
   <div class='ocr_carea' id='block_1_57' title="bbox 654 5543 2149 5616">
    <p class='ocr_par' dir='ltr' id='par_1_57' title="bbox 654 5543 2149 5616">
     <span class='ocr_line' id='line_1_57' title="bbox 654 5543 2149 5616; baseline -0.027 -12"><span class='ocrx_word' id='word_1_431' title='bbox 654 5557 675 5588; x_wconf 75' lang='grc'>⁸</span> <span class='ocrx_word' id='word_1_432' title='bbox 699 5555 784 5603; x_wconf 85' lang='lat' dir='ltr'><strong>Hic</strong></span> <span class='ocrx_word' id='word_1_433' title='bbox 806 5543 1464 5616; x_wconf 41' lang='lat' dir='ltr'><strong>editi_adduht,’prtecipue._</strong></span> <span class='ocrx_word' id='word_1_434' title='bbox 1553 5603 1565 5616; x_wconf 44' lang='lat'><em>.</em></span> <span class='ocrx_word' id='word_1_435' title='bbox 1947 5607 1958 5616; x_wconf 40' lang='lat'><em>.</em></span> <span class='ocrx_word' id='word_1_436' title='bbox 2000 5609 2029 5616; x_wconf 19' lang='grc' dir='ltr'><strong>Α.</strong></span> <span class='ocrx_word' id='word_1_437' title='bbox 2119 5561 2149 5616; x_wconf 19' lang='grc' dir='ltr'><strong>Α.</strong></span> 
     </span>
    </p>
   </div>
   <div class='ocr_carea' id='block_1_58' title="bbox 654 5607 2181 5674">
    <p class='ocr_par' dir='ltr' id='par_1_58' title="bbox 654 5607 2181 5674">
     <span class='ocr_line' id='line_1_58' title="bbox 654 5607 2181 5674; baseline -0.007 -8"><span class='ocrx_word' id='word_1_438' title='bbox 654 5617 675 5649; x_wconf 88' lang='grc'>³</span> <span class='ocrx_word' id='word_1_439' title='bbox 697 5615 836 5674; x_wconf 69' lang='lat' dir='ltr'><strong>aditi,</strong></span> <span class='ocrx_word' id='word_1_440' title='bbox 869 5610 1153 5674; x_wconf 74' lang='lat' dir='ltr'><strong>voluntatem</strong></span> <span class='ocrx_word' id='word_1_441' title='bbox 1173 5607 1298 5671; x_wconf 80' lang='lat' dir='ltr'><strong>ejus.</strong></span> <span class='ocrx_word' id='word_1_442' title='bbox 1325 5607 1490 5666; x_wconf 63' lang='lat' dir='ltr'><strong>Abest,</strong></span> <span class='ocrx_word' id='word_1_443' title='bbox 1517 5607 1641 5668; x_wconf 84' lang='lat' dir='ltr'><strong>ejus,</strong></span> <span class='ocrx_word' id='word_1_444' title='bbox 1660 5617 1693 5656; x_wconf 69' lang='grc' dir='ltr'><strong>ι</strong></span> <span class='ocrx_word' id='word_1_445' title='bbox 1722 5607 2058 5670; x_wconf 80' lang='lat' dir='ltr'><strong>manuscriptis</strong></span> <span class='ocrx_word' id='word_1_446' title='bbox 2083 5614 2133 5656; x_wconf 86' lang='lat' dir='ltr'><strong>et</strong></span> <span class='ocrx_word' id='word_1_447' title='bbox 2155 5621 2181 5655; x_wconf 87' lang='lat' dir='ltr'><strong>a</strong></span> 
     </span>
    </p>
   </div>
   <div class='ocr_carea' id='block_1_59' title="bbox 591 5669 1894 5742">
    <p class='ocr_par' dir='ltr' id='par_1_59' title="bbox 591 5669 1894 5742">
     <span class='ocr_line' id='line_1_59' title="bbox 591 5669 1894 5742; baseline 0 0"><span class='ocrx_word' id='word_1_448' title='bbox 591 5669 922 5742; x_wconf 61' lang='lat' dir='ltr'><strong>srmcote&#39;xlu</strong></span> <span class='ocrx_word' id='word_1_449' title='bbox 945 5669 1228 5742; x_wconf 55' lang='grc' dir='ltr'><strong>Ανοδιοιίί.</strong></span> <span class='ocrx_word' id='word_1_450' title='bbox 1269 5731 1300 5742; x_wconf 85' lang='grc'><em>,.</em></span> <span class='ocrx_word' id='word_1_451' title='bbox 1358 5736 1396 5742; x_wconf 74' lang='lat'><strong>--</strong></span> <span class='ocrx_word' id='word_1_452' title='bbox 1589 5709 1608 5742; x_wconf 94' lang='lat'><strong>-.</strong></span> <span class='ocrx_word' id='word_1_453' title='bbox 1648 5741 1665 5742; x_wconf 47' lang='grc' dir='ltr'><em>η</em></span> <span class='ocrx_word' id='word_1_454' title='bbox 1721 5721 1737 5742; x_wconf 28' lang='grc' dir='ltr'><strong>ον</strong></span> <span class='ocrx_word' id='word_1_455' title='bbox 1887 5684 1894 5690; x_wconf 88' lang='grc'>·</span> 
     </span>
    </p>
   </div>
   <div class='ocr_carea' id='block_1_60' title="bbox 658 5727 2110 5795">
    <p class='ocr_par' dir='ltr' id='par_1_60' title="bbox 658 5727 2110 5795">
     <span class='ocr_line' id='line_1_60' title="bbox 658 5727 2110 5795; baseline -0.006 -9"><span class='ocrx_word' id='word_1_456' title='bbox 658 5741 679 5770; x_wconf 65' lang='grc' dir='ltr'>δ</span> <span class='ocrx_word' id='word_1_457' title='bbox 702 5740 776 5789; x_wconf 75' lang='lat' dir='ltr'><strong>sic</strong></span> <span class='ocrx_word' id='word_1_458' title='bbox 795 5727 1322 5795; x_wconf 73' lang='lat' dir='ltr'><strong>omnes&#39;manuscripti.</strong></span> <span class='ocrx_word' id='word_1_459' title='bbox 1347 5736 1402 5780; x_wconf 79' lang='lat' dir='ltr'><strong>At</strong></span> <span class='ocrx_word' id='word_1_460' title='bbox 1428 5729 1566 5791; x_wconf 91' lang='lat' dir='ltr'><strong>editi,</strong></span> <span class='ocrx_word' id='word_1_461' title='bbox 1592 5727 1745 5795; x_wconf 81' lang='lat' dir='ltr'><strong>legem</strong></span> <span class='ocrx_word' id='word_1_462' title='bbox 1761 5742 2110 5780; x_wconf 72' lang='lat' dir='ltr'><strong>comanmums.</strong></span> 
     </span>
    </p>
   </div>
   <div class='ocr_carea' id='block_1_61' title="bbox 655 5793 1374 5864">
    <p class='ocr_par' dir='ltr' id='par_1_61' title="bbox 655 5793 1374 5864">
     <span class='ocr_line' id='line_1_61' title="bbox 655 5793 1374 5864; baseline -0.013 -13"><span class='ocrx_word' id='word_1_463' title='bbox 655 5801 730 5864; x_wconf 77' lang='grc' dir='ltr'><strong>(α)</strong></span> <span class='ocrx_word' id='word_1_464' title='bbox 760 5808 943 5861; x_wconf 67' lang='lat' dir='ltr'><strong>mace,</strong></span> <span class='ocrx_word' id='word_1_465' title='bbox 965 5794 1018 5849; x_wconf 73' lang='lat' dir='ltr'><strong>tit</strong></span> <span class='ocrx_word' id='word_1_466' title='bbox 1040 5793 1374 5859; x_wconf 78' lang='lat' dir='ltr'><strong>diaphéroma.</strong></span> 
     </span>
    </p>
   </div>
   <div class='ocr_carea' id='block_1_62' title="bbox 1516 336 2912 426">
    <p class='ocr_par' dir='ltr' id='par_1_62' title="bbox 1516 336 2912 426">
     <span class='ocr_line' id='line_1_62' title="bbox 1516 336 2912 426; baseline 0.003 -28"><span class='ocrx_word' id='word_1_467' title='bbox 1516 343 1603 399; x_wconf 84' lang='lat' dir='ltr'><strong>DE</strong></span> <span class='ocrx_word' id='word_1_468' title='bbox 1643 341 1909 400; x_wconf 77' lang='lat' dir='ltr'><strong>SPllllTU</strong></span> <span class='ocrx_word' id='word_1_469' title='bbox 1953 341 2041 398; x_wconf 84' lang='lat' dir='ltr'><strong>ET</strong></span> <span class='ocrx_word' id='word_1_470' title='bbox 2081 336 2406 426; x_wconf 63' lang='lat' dir='ltr'><strong>LITTERA,</strong></span> <span class='ocrx_word' id='word_1_471' title='bbox 2442 345 2498 400; x_wconf 91' lang='lat' dir='ltr'><strong>S.</strong></span> <span class='ocrx_word' id='word_1_472' title='bbox 2539 343 2912 404; x_wconf 76' lang='lat' dir='ltr'><strong>AUGUSTINI</strong></span> 
     </span>
    </p>
   </div>
   <div class='ocr_carea' id='block_1_63' title="bbox 2272 459 3873 540">
    <p class='ocr_par' dir='ltr' id='par_1_63' title="bbox 2272 459 3873 540">
     <span class='ocr_line' id='line_1_63' title="bbox 2272 459 3873 540; baseline 0.009 -30"><span class='ocrx_word' id='word_1_473' title='bbox 2272 459 2323 512; x_wconf 84' lang='lat' dir='ltr'><strong>iu</strong></span> <span class='ocrx_word' id='word_1_474' title='bbox 2356 461 2623 534; x_wconf 80' lang='lat' dir='ltr'><strong>manifesto</strong></span> <span class='ocrx_word' id='word_1_475' title='bbox 2665 464 2717 517; x_wconf 88' lang='lat' dir='ltr'><strong>in</strong></span> <span class='ocrx_word' id='word_1_476' title='bbox 2747 481 2896 518; x_wconf 83' lang='lat' dir='ltr'><strong>carne</strong></span> <span class='ocrx_word' id='word_1_477' title='bbox 2922 477 2990 519; x_wconf 85' lang='lat' dir='ltr'><strong>cst</strong></span> <span class='ocrx_word' id='word_1_478' title='bbox 3028 465 3378 532; x_wconf 81' lang='lat' dir='ltr'><strong>circumcisio;</strong></span> <span class='ocrx_word' id='word_1_479' title='bbox 3408 467 3499 522; x_wconf 85' lang='lat' dir='ltr'><strong>sed</strong></span> <span class='ocrx_word' id='word_1_480' title='bbox 3539 466 3628 540; x_wconf 89' lang='lat' dir='ltr'><strong>qui</strong></span> <span class='ocrx_word' id='word_1_481' title='bbox 3665 468 3719 523; x_wconf 86' lang='lat' dir='ltr'><strong>in</strong></span> <span class='ocrx_word' id='word_1_482' title='bbox 3748 471 3873 525; x_wconf 82' lang='lat' dir='ltr'><strong>abs-</strong></span> 
     </span>
    </p>
   </div>
   <div class='ocr_carea' id='block_1_64' title="bbox 2273 553 3872 630">
    <p class='ocr_par' dir='ltr' id='par_1_64' title="bbox 2273 553 3872 630">
     <span class='ocr_line' id='line_1_64' title="bbox 2273 553 3872 630; baseline 0.007 -27"><span class='ocrx_word' id='word_1_483' title='bbox 2273 553 2474 606; x_wconf 85' lang='lat' dir='ltr'><strong>condito</strong></span> <span class='ocrx_word' id='word_1_484' title='bbox 2513 555 2730 609; x_wconf 70' lang='lat' dir='ltr'><strong>Juda&#39;us</strong></span> <span class='ocrx_word' id='word_1_485' title='bbox 2771 566 2873 620; x_wconf 89' lang='lat' dir='ltr'><strong>est,</strong></span> <span class='ocrx_word' id='word_1_486' title='bbox 2915 567 2957 610; x_wconf 89' lang='lat' dir='ltr'><strong>et</strong></span> <span class='ocrx_word' id='word_1_487' title='bbox 2997 558 3309 612; x_wconf 87' lang='lat' dir='ltr'><strong>circumcisio</strong></span> <span class='ocrx_word' id='word_1_488' title='bbox 3335 558 3504 612; x_wconf 85' lang='lat' dir='ltr'><strong>cordis</strong></span> <span class='ocrx_word' id='word_1_489' title='bbox 3530 560 3583 613; x_wconf 88' lang='lat' dir='ltr'><strong>in</strong></span> <span class='ocrx_word' id='word_1_490' title='bbox 3611 560 3797 630; x_wconf 85' lang='lat' dir='ltr'><strong>spiritu</strong></span> <span class='ocrx_word' id='word_1_491' title='bbox 3825 561 3872 628; x_wconf 73' lang='grc' dir='ltr'><strong>ί,</strong></span> 
     </span>
    </p>
   </div>
   <div class='ocr_carea' id='block_1_65' title="bbox 2273 645 3874 718">
    <p class='ocr_par' dir='ltr' id='par_1_65' title="bbox 2273 645 3874 718">
     <span class='ocr_line' id='line_1_65' title="bbox 2273 645 3874 718; baseline 0.006 -21"><span class='ocrx_word' id='word_1_492' title='bbox 2273 661 2372 698; x_wconf 84' lang='grc' dir='ltr'><strong>ηοη</strong></span> <span class='ocrx_word' id='word_1_493' title='bbox 2411 645 2598 711; x_wconf 87' lang='lat' dir='ltr'><strong>littera,</strong></span> <span class='ocrx_word' id='word_1_494' title='bbox 2638 650 2784 717; x_wconf 88' lang='lat' dir='ltr'><strong>cujus</strong></span> <span class='ocrx_word' id='word_1_495' title='bbox 2811 649 2921 702; x_wconf 88' lang='lat' dir='ltr'><strong>laus</strong></span> <span class='ocrx_word' id='word_1_496' title='bbox 2961 666 3060 702; x_wconf 87' lang='lat' dir='ltr'><strong>non</strong></span> <span class='ocrx_word' id='word_1_497' title='bbox 3100 667 3163 704; x_wconf 79' lang='lat' dir='ltr'><strong>ea:</strong></span> <span class='ocrx_word' id='word_1_498' title='bbox 3198 649 3514 718; x_wconf 77' lang='lat' dir='ltr'><strong>hominibus,</strong></span> <span class='ocrx_word' id='word_1_499' title='bbox 3546 651 3638 706; x_wconf 86' lang='lat' dir='ltr'><strong>sed</strong></span> <span class='ocrx_word' id='word_1_500' title='bbox 3667 668 3730 706; x_wconf 72' lang='lat' dir='ltr'><strong>ex</strong></span> <span class='ocrx_word' id='word_1_501' title='bbox 3758 651 3874 706; x_wconf 78' lang='lat' dir='ltr'><strong>Deo</strong></span> 
     </span>
    </p>
   </div>
   <div class='ocr_carea' id='block_1_66' title="bbox 2273 736 3872 813">
    <p class='ocr_par' dir='ltr' id='par_1_66' title="bbox 2273 736 3872 813">
     <span class='ocr_line' id='line_1_66' title="bbox 2273 736 3872 813; baseline 0.006 -25"><span class='ocrx_word' id='word_1_502' title='bbox 2273 745 2343 790; x_wconf 89' lang='lat' dir='ltr'><strong>est</strong></span> <span class='ocrx_word' id='word_1_503' title='bbox 2366 736 2541 808; x_wconf 79' lang='lat' dir='ltr'><strong>(Rom.</strong></span> <span class='ocrx_word' id='word_1_504' title='bbox 2569 753 2628 804; x_wconf 82' lang='grc' dir='ltr'>ιι,</span> <span class='ocrx_word' id='word_1_505' title='bbox 2657 737 2874 810; x_wconf 69' lang='grc'><strong>17-29).</strong></span> <span class='ocrx_word' id='word_1_506' title='bbox 2906 740 3001 795; x_wconf 90' lang='lat' dir='ltr'><strong>llic</strong></span> <span class='ocrx_word' id='word_1_507' title='bbox 3027 740 3385 796; x_wconf 82' lang='lat' dir='ltr'><strong>manileSIavit</strong></span> <span class='ocrx_word' id='word_1_508' title='bbox 3411 741 3872 813; x_wconf 86' lang='lat' dir='ltr'><strong>quemadmodum</strong></span> 
     </span>
    </p>
   </div>
   <div class='ocr_carea' id='block_1_67' title="bbox 2272 828 3874 906">
    <p class='ocr_par' dir='ltr' id='par_1_67' title="bbox 2272 828 3874 906">
     <span class='ocr_line' id='line_1_67' title="bbox 2272 828 3874 906; baseline 0.005 -22"><span class='ocrx_word' id='word_1_509' title='bbox 2272 828 2494 898; x_wconf 82' lang='lat' dir='ltr'><strong>dixerit,</strong></span> <span class='ocrx_word' id='word_1_510' title='bbox 2529 833 2775 902; x_wconf 72' lang='lat' dir='ltr'><strong>gloriaris&quot;</strong></span> <span class='ocrx_word' id='word_1_511' title='bbox 2802 833 2855 887; x_wconf 87' lang='lat' dir='ltr'><strong>in</strong></span> <span class='ocrx_word' id='word_1_512' title='bbox 2890 833 3014 888; x_wconf 85' lang='lat' dir='ltr'><strong>Deo.</strong></span> <span class='ocrx_word' id='word_1_513' title='bbox 3065 833 3196 891; x_wconf 88' lang='lat' dir='ltr'><strong>Nam</strong></span> <span class='ocrx_word' id='word_1_514' title='bbox 3245 835 3431 906; x_wconf 84' lang='lat' dir='ltr'><strong>utique</strong></span> <span class='ocrx_word' id='word_1_515' title='bbox 3477 836 3524 892; x_wconf 85' lang='lat' dir='ltr'><strong>si</strong></span> <span class='ocrx_word' id='word_1_516' title='bbox 3573 851 3702 892; x_wconf 86' lang='lat' dir='ltr'><strong>vere</strong></span> <span class='ocrx_word' id='word_1_517' title='bbox 3748 836 3874 892; x_wconf 83' lang='lat' dir='ltr'><strong>talis</strong></span> 
     </span>
    </p>
   </div>
   <div class='ocr_carea' id='block_1_68' title="bbox 2272 919 3966 998">
    <p class='ocr_par' dir='ltr' id='par_1_68' title="bbox 2272 919 3966 998">
     <span class='ocr_line' id='line_1_68' title="bbox 2272 919 3966 998; baseline 0.006 -25"><span class='ocrx_word' id='word_1_518' title='bbox 2272 919 2488 975; x_wconf 80' lang='lat' dir='ltr'><strong>Judacus</strong></span> <span class='ocrx_word' id='word_1_519' title='bbox 2531 921 2850 992; x_wconf 82' lang='lat' dir='ltr'><strong>gloriaretur</strong></span> <span class='ocrx_word' id='word_1_520' title='bbox 2897 926 2949 978; x_wconf 92' lang='lat' dir='ltr'><strong>in</strong></span> <span class='ocrx_word' id='word_1_521' title='bbox 2987 925 3118 993; x_wconf 87' lang='lat' dir='ltr'><strong>Deo,</strong></span> <span class='ocrx_word' id='word_1_522' title='bbox 3166 941 3232 982; x_wconf 89' lang='lat' dir='ltr'><strong>eo</strong></span> <span class='ocrx_word' id='word_1_523' title='bbox 3276 926 3438 982; x_wconf 91' lang='lat' dir='ltr'><strong>modo</strong></span> <span class='ocrx_word' id='word_1_524' title='bbox 3483 943 3592 998; x_wconf 92' lang='lat' dir='ltr'><strong>quo</strong></span> <span class='ocrx_word' id='word_1_525' title='bbox 3636 929 3876 998; x_wconf 86' lang='lat' dir='ltr'><strong>postulat</strong></span> <span class='ocrx_word' id='word_1_526' title='bbox 3963 962 3966 965; x_wconf 98' lang='lat'><strong><em>-</em></strong></span> 
     </span>
    </p>
   </div>
   <div class='ocr_carea' id='block_1_69' title="bbox 2271 1015 3872 1090">
    <p class='ocr_par' dir='ltr' id='par_1_69' title="bbox 2271 1015 3872 1090">
     <span class='ocr_line' id='line_1_69' title="bbox 2271 1015 3872 1090; baseline 0.005 -24"><span class='ocrx_word' id='word_1_527' title='bbox 2271 1015 2460 1083; x_wconf 88' lang='lat' dir='ltr'><strong>gratia,</strong></span> <span class='ocrx_word' id='word_1_528' title='bbox 2489 1030 2608 1086; x_wconf 76' lang='lat' dir='ltr'><strong>qua:</strong></span> <span class='ocrx_word' id='word_1_529' title='bbox 2635 1031 2742 1070; x_wconf 89' lang='lat' dir='ltr'><strong>non</strong></span> <span class='ocrx_word' id='word_1_530' title='bbox 2769 1033 2989 1087; x_wconf 90' lang='lat' dir='ltr'><strong>operum</strong></span> <span class='ocrx_word' id='word_1_531' title='bbox 3020 1019 3246 1090; x_wconf 83' lang='lat' dir='ltr'><strong>meritis,</strong></span> <span class='ocrx_word' id='word_1_532' title='bbox 3272 1019 3369 1074; x_wconf 89' lang='lat' dir='ltr'><strong>sed</strong></span> <span class='ocrx_word' id='word_1_533' title='bbox 3393 1021 3622 1090; x_wconf 86' lang='lat' dir='ltr'><strong>gratuito</strong></span> <span class='ocrx_word' id='word_1_534' title='bbox 3639 1021 3661 1052; x_wconf 73' lang='grc'>⁸</span> <span class='ocrx_word' id='word_1_535' title='bbox 3687 1021 3872 1084; x_wconf 88' lang='lat' dir='ltr'><strong>datur,</strong></span> 
     </span>
    </p>
   </div>
   <div class='ocr_carea' id='block_1_70' title="bbox 2273 1105 3873 1180">
    <p class='ocr_par' dir='ltr' id='par_1_70' title="bbox 2273 1105 3873 1180">
     <span class='ocr_line' id='line_1_70' title="bbox 2273 1105 3873 1180; baseline 0.004 -22"><span class='ocrx_word' id='word_1_536' title='bbox 2273 1119 2340 1158; x_wconf 77' lang='lat' dir='ltr'><strong>ex</strong></span> <span class='ocrx_word' id='word_1_537' title='bbox 2372 1105 2480 1159; x_wconf 89' lang='lat' dir='ltr'><strong>Deo</strong></span> <span class='ocrx_word' id='word_1_538' title='bbox 2504 1115 2649 1162; x_wconf 89' lang='lat' dir='ltr'><strong>esset</strong></span> <span class='ocrx_word' id='word_1_539' title='bbox 2691 1107 2808 1164; x_wconf 87' lang='lat' dir='ltr'><strong>laus</strong></span> <span class='ocrx_word' id='word_1_540' title='bbox 2852 1109 2988 1180; x_wconf 83' lang='lat' dir='ltr'><strong>ejus,</strong></span> <span class='ocrx_word' id='word_1_541' title='bbox 3035 1125 3141 1166; x_wconf 90' lang='lat' dir='ltr'><strong>non</strong></span> <span class='ocrx_word' id='word_1_542' title='bbox 3177 1126 3242 1166; x_wconf 80' lang='lat' dir='ltr'><strong>ex</strong></span> <span class='ocrx_word' id='word_1_543' title='bbox 3271 1110 3600 1166; x_wconf 86' lang='lat' dir='ltr'><strong>hominibus.</strong></span> <span class='ocrx_word' id='word_1_544' title='bbox 3651 1111 3759 1167; x_wconf 86' lang='lat' dir='ltr'><strong>Sed</strong></span> <span class='ocrx_word' id='word_1_545' title='bbox 3801 1113 3873 1166; x_wconf 73' lang='lat' dir='ltr'><strong>ita</strong></span> 
     </span>
    </p>
   </div>
   <div class='ocr_carea' id='block_1_71' title="bbox 2274 1195 3876 1276">
    <p class='ocr_par' dir='ltr' id='par_1_71' title="bbox 2274 1195 3876 1276">
     <span class='ocr_line' id='line_1_71' title="bbox 2274 1195 3876 1276; baseline 0.007 -27"><span class='ocrx_word' id='word_1_546' title='bbox 2274 1195 2637 1265; x_wconf 84' lang='lat' dir='ltr'><strong>gloriabantur</strong></span> <span class='ocrx_word' id='word_1_547' title='bbox 2665 1198 2716 1255; x_wconf 91' lang='lat' dir='ltr'><strong>in</strong></span> <span class='ocrx_word' id='word_1_548' title='bbox 2748 1201 2878 1266; x_wconf 87' lang='lat' dir='ltr'><strong>Deo,</strong></span> <span class='ocrx_word' id='word_1_549' title='bbox 2915 1203 3056 1256; x_wconf 88' lang='lat' dir='ltr'><strong>velut</strong></span> <span class='ocrx_word' id='word_1_550' title='bbox 3083 1203 3174 1273; x_wconf 87' lang='lat' dir='ltr'><strong>qui</strong></span> <span class='ocrx_word' id='word_1_551' title='bbox 3207 1204 3307 1258; x_wconf 86' lang='lat' dir='ltr'><strong>soli</strong></span> <span class='ocrx_word' id='word_1_552' title='bbox 3334 1206 3658 1261; x_wconf 80' lang='lat' dir='ltr'><strong>meruissent</strong></span> <span class='ocrx_word' id='word_1_553' title='bbox 3698 1206 3876 1276; x_wconf 76' lang='lat' dir='ltr'><strong>legem</strong></span> 
     </span>
    </p>
   </div>
   <div class='ocr_carea' id='block_1_72' title="bbox 2275 1286 3874 1366">
    <p class='ocr_par' dir='ltr' id='par_1_72' title="bbox 2275 1286 3874 1366">
     <span class='ocr_line' id='line_1_72' title="bbox 2275 1286 3874 1366; baseline 0.004 -26"><span class='ocrx_word' id='word_1_554' title='bbox 2275 1286 2389 1356; x_wconf 86' lang='lat' dir='ltr'><strong>ejus</strong></span> <span class='ocrx_word' id='word_1_555' title='bbox 2421 1291 2696 1360; x_wconf 83' lang='lat' dir='ltr'><strong>accipere,</strong></span> <span class='ocrx_word' id='word_1_556' title='bbox 2739 1291 3031 1346; x_wconf 89' lang='lat' dir='ltr'><strong>secundum</strong></span> <span class='ocrx_word' id='word_1_557' title='bbox 3076 1293 3218 1346; x_wconf 89' lang='lat' dir='ltr'><strong>illam</strong></span> <span class='ocrx_word' id='word_1_558' title='bbox 3265 1309 3450 1350; x_wconf 91' lang='lat' dir='ltr'><strong>vocem</strong></span> <span class='ocrx_word' id='word_1_559' title='bbox 3487 1294 3724 1362; x_wconf 85' lang='lat' dir='ltr'><strong>Psalmi,</strong></span> <span class='ocrx_word' id='word_1_560' title='bbox 3766 1312 3874 1366; x_wconf 76' lang='lat' dir='ltr'><strong>qua</strong></span> 
     </span>
    </p>
   </div>
   <div class='ocr_carea' id='block_1_73' title="bbox 2275 1381 3874 1460">
    <p class='ocr_par' dir='ltr' id='par_1_73' title="bbox 2275 1381 3874 1460">
     <span class='ocr_line' id='line_1_73' title="bbox 2275 1381 3874 1460; baseline 0.004 -24"><span class='ocrx_word' id='word_1_561' title='bbox 2275 1381 2474 1437; x_wconf 81' lang='lat' dir='ltr'><strong>dictum</strong></span> <span class='ocrx_word' id='word_1_562' title='bbox 2502 1393 2604 1448; x_wconf 88' lang='lat' dir='ltr'><strong>est,</strong></span> <span class='ocrx_word' id='word_1_563' title='bbox 2637 1383 2756 1460; x_wconf 84' lang='lat' dir='ltr'><strong>Non</strong></span> <span class='ocrx_word' id='word_1_564' title='bbox 2787 1387 2905 1454; x_wconf 78' lang='lat' dir='ltr'><strong>fecit</strong></span> <span class='ocrx_word' id='word_1_565' title='bbox 2929 1387 3000 1439; x_wconf 89' lang='lat' dir='ltr'><strong>sic</strong></span> <span class='ocrx_word' id='word_1_566' title='bbox 3027 1385 3122 1440; x_wconf 89' lang='lat' dir='ltr'><strong>ulli</strong></span> <span class='ocrx_word' id='word_1_567' title='bbox 3151 1388 3310 1458; x_wconf 86' lang='lat' dir='ltr'><strong>genti,</strong></span> <span class='ocrx_word' id='word_1_568' title='bbox 3343 1397 3390 1441; x_wconf 89' lang='lat' dir='ltr'><strong>et</strong></span> <span class='ocrx_word' id='word_1_569' title='bbox 3408 1388 3617 1459; x_wconf 86' lang='lat' dir='ltr'><strong>judicia</strong></span> <span class='ocrx_word' id='word_1_570' title='bbox 3643 1405 3740 1442; x_wconf 87' lang='lat' dir='ltr'><strong>sua</strong></span> <span class='ocrx_word' id='word_1_571' title='bbox 3769 1407 3874 1444; x_wconf 80' lang='lat' dir='ltr'><strong>non</strong></span> 
     </span>
    </p>
   </div>
   <div class='ocr_carea' id='block_1_74' title="bbox 2277 1476 3874 1552">
    <p class='ocr_par' dir='ltr' id='par_1_74' title="bbox 2277 1476 3874 1552">
     <span class='ocr_line' id='line_1_74' title="bbox 2277 1476 3874 1552; baseline 0.003 -24"><span class='ocrx_word' id='word_1_572' title='bbox 2277 1476 2614 1546; x_wconf 75' lang='lat' dir='ltr'><strong>mqnifestavit</strong></span> <span class='ocrx_word' id='word_1_573' title='bbox 2653 1478 2722 1533; x_wconf 87' lang='lat' dir='ltr'><strong>eis</strong></span> <span class='ocrx_word' id='word_1_574' title='bbox 2751 1477 2920 1548; x_wconf 83' lang='lat' dir='ltr'><strong>(l’sal.</strong></span> <span class='ocrx_word' id='word_1_575' title='bbox 2948 1493 3123 1547; x_wconf 58' lang='lat' dir='ltr'><strong>cxpvu</strong></span> <span class='ocrx_word' id='word_1_576' title='bbox 3145 1521 3158 1544; x_wconf 91' lang='lat'><strong>,</strong></span> <span class='ocrx_word' id='word_1_577' title='bbox 3186 1476 3313 1552; x_wconf 76' lang='lat'><strong>9.0).</strong></span> <span class='ocrx_word' id='word_1_578' title='bbox 3359 1479 3530 1547; x_wconf 84' lang='lat' dir='ltr'><strong>Quam</strong></span> <span class='ocrx_word' id='word_1_579' title='bbox 3570 1488 3750 1534; x_wconf 83' lang='lat' dir='ltr'><strong>tamen</strong></span> <span class='ocrx_word' id='word_1_580' title='bbox 3781 1479 3874 1533; x_wconf 86' lang='lat' dir='ltr'><strong>Dei</strong></span> 
     </span>
    </p>
   </div>
   <div class='ocr_carea' id='block_1_75' title="bbox 2277 1567 3875 1643">
    <p class='ocr_par' dir='ltr' id='par_1_75' title="bbox 2277 1567 3875 1643">
     <span class='ocr_line' id='line_1_75' title="bbox 2277 1567 3875 1643; baseline 0.001 -21"><span class='ocrx_word' id='word_1_581' title='bbox 2277 1567 2448 1638; x_wconf 82' lang='lat' dir='ltr'><strong>legem</strong></span> <span class='ocrx_word' id='word_1_582' title='bbox 2475 1581 2570 1622; x_wconf 89' lang='lat' dir='ltr'><strong>sua</strong></span> <span class='ocrx_word' id='word_1_583' title='bbox 2592 1568 2800 1638; x_wconf 88' lang='lat' dir='ltr'><strong>justitia</strong></span> <span class='ocrx_word' id='word_1_584' title='bbox 2826 1585 2884 1624; x_wconf 89' lang='lat' dir='ltr'><strong>se</strong></span> <span class='ocrx_word' id='word_1_585' title='bbox 2914 1570 3308 1625; x_wconf 87' lang='lat' dir='ltr'><strong>arbitrabantur</strong></span> <span class='ocrx_word' id='word_1_586' title='bbox 3335 1571 3580 1643; x_wconf 85' lang='lat' dir='ltr'><strong>implere,</strong></span> <span class='ocrx_word' id='word_1_587' title='bbox 3601 1586 3728 1626; x_wconf 88' lang='lat' dir='ltr'><strong>cum</strong></span> <span class='ocrx_word' id='word_1_588' title='bbox 3757 1585 3875 1624; x_wconf 88' lang='lat' dir='ltr'><strong>ma-</strong></span> 
     </span>
    </p>
   </div>
   <div class='ocr_carea' id='block_1_76' title="bbox 2275 1659 3876 1732">
    <p class='ocr_par' dir='ltr' id='par_1_76' title="bbox 2275 1659 3876 1732">
     <span class='ocr_line' id='line_1_76' title="bbox 2275 1659 3876 1732; baseline 0.002 -20"><span class='ocrx_word' id='word_1_589' title='bbox 2275 1659 2357 1730; x_wconf 90' lang='lat' dir='ltr'><strong>gis</strong></span> <span class='ocrx_word' id='word_1_590' title='bbox 2386 1659 2505 1731; x_wconf 89' lang='lat' dir='ltr'><strong>ejus</strong></span> <span class='ocrx_word' id='word_1_591' title='bbox 2537 1662 2977 1732; x_wconf 73' lang='lat' dir='ltr'><strong>prcevaricatores</strong></span> <span class='ocrx_word' id='word_1_592' title='bbox 3005 1672 3208 1718; x_wconf 87' lang='lat' dir='ltr'><strong>essent.</strong></span> <span class='ocrx_word' id='word_1_593' title='bbox 3243 1661 3396 1718; x_wconf 88' lang='lat' dir='ltr'><strong>Unde</strong></span> <span class='ocrx_word' id='word_1_594' title='bbox 3426 1661 3535 1717; x_wconf 89' lang='lat' dir='ltr'><strong>illis</strong></span> <span class='ocrx_word' id='word_1_595' title='bbox 3576 1663 3712 1716; x_wconf 88' lang='lat' dir='ltr'><strong>iram</strong></span> <span class='ocrx_word' id='word_1_596' title='bbox 3740 1677 3876 1730; x_wconf 36' lang='lat' dir='ltr'><strong>apes</strong></span> 
     </span>
    </p>
   </div>
   <div class='ocr_carea' id='block_1_77' title="bbox 2277 1751 3878 1825">
    <p class='ocr_par' dir='ltr' id='par_1_77' title="bbox 2277 1751 3878 1825">
     <span class='ocr_line' id='line_1_77' title="bbox 2277 1751 3878 1825; baseline 0.002 -21"><span class='ocrx_word' id='word_1_597' title='bbox 2277 1751 2495 1806; x_wconf 89' lang='lat' dir='ltr'><strong>rabatur</strong></span> <span class='ocrx_word' id='word_1_598' title='bbox 2536 1751 2711 1825; x_wconf 84' lang='lat' dir='ltr'><strong>(Rom.</strong></span> <span class='ocrx_word' id='word_1_599' title='bbox 2737 1768 2824 1820; x_wconf 82' lang='lat' dir='ltr'><strong>tv,</strong></span> <span class='ocrx_word' id='word_1_600' title='bbox 2867 1753 2970 1822; x_wconf 80' lang='lat' dir='ltr'><strong>l5),</strong></span> <span class='ocrx_word' id='word_1_601' title='bbox 3013 1753 3319 1819; x_wconf 77' lang='lat' dir='ltr'><strong>abundante</strong></span> <span class='ocrx_word' id='word_1_602' title='bbox 3349 1762 3606 1823; x_wconf 90' lang='lat' dir='ltr'><strong>peccato,</strong></span> <span class='ocrx_word' id='word_1_603' title='bbox 3637 1752 3780 1823; x_wconf 91' lang='lat' dir='ltr'><strong>quod</strong></span> <span class='ocrx_word' id='word_1_604' title='bbox 3806 1751 3878 1808; x_wconf 86' lang='lat' dir='ltr'><strong>ab</strong></span> 
     </span>
    </p>
   </div>
   <div class='ocr_carea' id='block_1_78' title="bbox 2277 1841 3880 1914">
    <p class='ocr_par' dir='ltr' id='par_1_78' title="bbox 2277 1841 3880 1914">
     <span class='ocr_line' id='line_1_78' title="bbox 2277 1841 3880 1914; baseline 0.001 -18"><span class='ocrx_word' id='word_1_605' title='bbox 2277 1841 2570 1898; x_wconf 89' lang='lat' dir='ltr'><strong>scientibus</strong></span> <span class='ocrx_word' id='word_1_606' title='bbox 2605 1843 3034 1914; x_wconf 87' lang='lat' dir='ltr'><strong>perpetrabatur.</strong></span> <span class='ocrx_word' id='word_1_607' title='bbox 3087 1844 3222 1911; x_wconf 85' lang='lat' dir='ltr'><strong>Quia</strong></span> <span class='ocrx_word' id='word_1_608' title='bbox 3265 1851 3321 1899; x_wconf 94' lang='lat' dir='ltr'><strong>et</strong></span> <span class='ocrx_word' id='word_1_609' title='bbox 3353 1845 3678 1914; x_wconf 87' lang='lat' dir='ltr'><strong>quicumque</strong></span> <span class='ocrx_word' id='word_1_610' title='bbox 3713 1842 3880 1898; x_wconf 79' lang='lat' dir='ltr'><strong>facie-</strong></span> 
     </span>
    </p>
   </div>
   <div class='ocr_carea' id='block_1_79' title="bbox 2275 1935 3868 2008">
    <p class='ocr_par' dir='ltr' id='par_1_79' title="bbox 2275 1935 3868 2008">
     <span class='ocr_line' id='line_1_79' title="bbox 2275 1935 3868 2008; baseline 0 -17"><span class='ocrx_word' id='word_1_611' title='bbox 2275 1937 2404 1991; x_wconf 87' lang='lat' dir='ltr'><strong>bant</strong></span> <span class='ocrx_word' id='word_1_612' title='bbox 2432 1935 2573 2008; x_wconf 89' lang='lat' dir='ltr'><strong>quod</strong></span> <span class='ocrx_word' id='word_1_613' title='bbox 2598 1937 2680 1992; x_wconf 86' lang='lat' dir='ltr'><strong>lex</strong></span> <span class='ocrx_word' id='word_1_614' title='bbox 2711 1937 2925 2006; x_wconf 81' lang='lat' dir='ltr'><strong>iubebat</strong></span> <span class='ocrx_word' id='word_1_615' title='bbox 2951 1979 2966 2005; x_wconf 92' lang='lat'><strong>,</strong></span> <span class='ocrx_word' id='word_1_616' title='bbox 2998 1952 3104 1993; x_wconf 89' lang='lat' dir='ltr'><strong>non</strong></span> <span class='ocrx_word' id='word_1_617' title='bbox 3129 1937 3416 2008; x_wconf 87' lang='lat' dir='ltr'><strong>adjuvante</strong></span> <span class='ocrx_word' id='word_1_618' title='bbox 3435 1938 3627 2007; x_wconf 88' lang='lat' dir='ltr'><strong>spiritu</strong></span> <span class='ocrx_word' id='word_1_619' title='bbox 3655 1937 3868 2007; x_wconf 67' lang='lat' dir='ltr'><strong>gratim,</strong></span> 
     </span>
    </p>
   </div>
   <div class='ocr_carea' id='block_1_80' title="bbox 2279 2025 3878 2098">
    <p class='ocr_par' dir='ltr' id='par_1_80' title="bbox 2279 2025 3878 2098">
     <span class='ocr_line' id='line_1_80' title="bbox 2279 2025 3878 2098; baseline 0.001 -17"><span class='ocrx_word' id='word_1_620' title='bbox 2279 2027 2467 2083; x_wconf 87' lang='lat' dir='ltr'><strong>timore</strong></span> <span class='ocrx_word' id='word_1_621' title='bbox 2495 2043 2668 2098; x_wconf 68' lang='lat' dir='ltr'><strong>pinna:</strong></span> <span class='ocrx_word' id='word_1_622' title='bbox 2697 2025 2996 2093; x_wconf 86' lang='lat' dir='ltr'><strong>faciebant,</strong></span> <span class='ocrx_word' id='word_1_623' title='bbox 3022 2043 3130 2084; x_wconf 89' lang='lat' dir='ltr'><strong>non</strong></span> <span class='ocrx_word' id='word_1_624' title='bbox 3173 2043 3358 2084; x_wconf 89' lang='lat' dir='ltr'><strong>amore</strong></span> <span class='ocrx_word' id='word_1_625' title='bbox 3387 2027 3612 2098; x_wconf 77' lang='lat' dir='ltr'><strong>justitia:</strong></span> <span class='ocrx_word' id='word_1_626' title='bbox 3638 2045 3652 2081; x_wconf 88' lang='lat'><strong>:</strong></span> <span class='ocrx_word' id='word_1_627' title='bbox 3685 2042 3750 2082; x_wconf 93' lang='lat' dir='ltr'><strong>ac</strong></span> <span class='ocrx_word' id='word_1_628' title='bbox 3779 2043 3878 2096; x_wconf 75' lang='lat' dir='ltr'><strong>per</strong></span> 
     </span>
    </p>
   </div>
   <div class='ocr_carea' id='block_1_81' title="bbox 2276 2117 3874 2190">
    <p class='ocr_par' dir='ltr' id='par_1_81' title="bbox 2276 2117 3874 2190">
     <span class='ocr_line' id='line_1_81' title="bbox 2276 2117 3874 2190; baseline -0.001 -17"><span class='ocrx_word' id='word_1_629' title='bbox 2276 2117 2378 2175; x_wconf 85' lang='lat' dir='ltr'><strong>hoc</strong></span> <span class='ocrx_word' id='word_1_630' title='bbox 2403 2135 2582 2176; x_wconf 90' lang='lat' dir='ltr'><strong>coram</strong></span> <span class='ocrx_word' id='word_1_631' title='bbox 2615 2121 2725 2176; x_wconf 87' lang='lat' dir='ltr'><strong>Deo</strong></span> <span class='ocrx_word' id='word_1_632' title='bbox 2765 2135 2870 2175; x_wconf 91' lang='lat' dir='ltr'><strong>non</strong></span> <span class='ocrx_word' id='word_1_633' title='bbox 2920 2129 3036 2176; x_wconf 88' lang='lat' dir='ltr'><strong>erat</strong></span> <span class='ocrx_word' id='word_1_634' title='bbox 3081 2121 3132 2174; x_wconf 90' lang='lat' dir='ltr'><strong>in</strong></span> <span class='ocrx_word' id='word_1_635' title='bbox 3180 2121 3473 2188; x_wconf 90' lang='lat' dir='ltr'><strong>voluntate,</strong></span> <span class='ocrx_word' id='word_1_636' title='bbox 3501 2118 3646 2190; x_wconf 88' lang='lat' dir='ltr'><strong>quod</strong></span> <span class='ocrx_word' id='word_1_637' title='bbox 3689 2135 3874 2173; x_wconf 87' lang='lat' dir='ltr'><strong>coram</strong></span> 
     </span>
    </p>
   </div>
   <div class='ocr_carea' id='block_1_82' title="bbox 2276 2209 3875 2284">
    <p class='ocr_par' dir='ltr' id='par_1_82' title="bbox 2276 2209 3875 2284">
     <span class='ocr_line' id='line_1_82' title="bbox 2276 2209 3875 2284; baseline -0.001 -18"><span class='ocrx_word' id='word_1_638' title='bbox 2276 2211 2580 2268; x_wconf 87' lang='lat' dir='ltr'><strong>hominibus</strong></span> <span class='ocrx_word' id='word_1_639' title='bbox 2608 2213 2898 2284; x_wconf 87' lang='lat' dir='ltr'><strong>apparebat</strong></span> <span class='ocrx_word' id='word_1_640' title='bbox 2931 2213 2982 2266; x_wconf 89' lang='lat' dir='ltr'><strong>in</strong></span> <span class='ocrx_word' id='word_1_641' title='bbox 3010 2227 3173 2282; x_wconf 89' lang='lat' dir='ltr'><strong>opere</strong></span> <span class='ocrx_word' id='word_1_642' title='bbox 3207 2229 3220 2266; x_wconf 89' lang='lat'><strong>:</strong></span> <span class='ocrx_word' id='word_1_643' title='bbox 3254 2211 3539 2282; x_wconf 88' lang='lat' dir='ltr'><strong>potiusque</strong></span> <span class='ocrx_word' id='word_1_644' title='bbox 3563 2227 3630 2266; x_wconf 82' lang='lat' dir='ltr'><strong>ex</strong></span> <span class='ocrx_word' id='word_1_645' title='bbox 3670 2211 3763 2265; x_wconf 82' lang='lat' dir='ltr'><strong>illo</strong></span> <span class='ocrx_word' id='word_1_646' title='bbox 3793 2209 3875 2264; x_wconf 89' lang='lat' dir='ltr'><strong>rei</strong></span> 
     </span>
    </p>
   </div>
   <div class='ocr_carea' id='block_1_83' title="bbox 2278 2300 3874 2376">
    <p class='ocr_par' dir='ltr' id='par_1_83' title="bbox 2278 2300 3874 2376">
     <span class='ocr_line' id='line_1_83' title="bbox 2278 2300 3874 2376; baseline -0.003 -15"><span class='ocrx_word' id='word_1_647' title='bbox 2278 2305 2614 2368; x_wconf 89' lang='lat' dir='ltr'><strong>tenebantur,</strong></span> <span class='ocrx_word' id='word_1_648' title='bbox 2665 2303 2806 2376; x_wconf 88' lang='lat' dir='ltr'><strong>quod</strong></span> <span class='ocrx_word' id='word_1_649' title='bbox 2851 2321 2944 2359; x_wconf 84' lang='lat' dir='ltr'><strong>eos</strong></span> <span class='ocrx_word' id='word_1_650' title='bbox 2997 2313 3218 2359; x_wconf 88' lang='lat' dir='ltr'><strong>noverat</strong></span> <span class='ocrx_word' id='word_1_651' title='bbox 3249 2304 3392 2358; x_wconf 88' lang='lat' dir='ltr'><strong>Deus</strong></span> <span class='ocrx_word' id='word_1_652' title='bbox 3431 2302 3614 2368; x_wconf 89' lang='lat' dir='ltr'><strong>malle,</strong></span> <span class='ocrx_word' id='word_1_653' title='bbox 3662 2301 3706 2356; x_wconf 90' lang='lat' dir='ltr'><strong>si</strong></span> <span class='ocrx_word' id='word_1_654' title='bbox 3755 2300 3874 2356; x_wconf 84' lang='lat' dir='ltr'><strong>ﬁeri</strong></span> 
     </span>
    </p>
   </div>
   <div class='ocr_carea' id='block_1_84' title="bbox 2276 2396 3872 2468">
    <p class='ocr_par' dir='ltr' id='par_1_84' title="bbox 2276 2396 3872 2468">
     <span class='ocr_line' id='line_1_84' title="bbox 2276 2396 3872 2468; baseline 0 -20"><span class='ocrx_word' id='word_1_655' title='bbox 2276 2405 2457 2468; x_wconf 85' lang='lat' dir='ltr'><strong>posset</strong></span> <span class='ocrx_word' id='word_1_656' title='bbox 2501 2397 2733 2467; x_wconf 91' lang='lat' dir='ltr'><strong>impune,</strong></span> <span class='ocrx_word' id='word_1_657' title='bbox 2774 2397 3129 2452; x_wconf 87' lang='lat' dir='ltr'><strong>committere.</strong></span> <span class='ocrx_word' id='word_1_658' title='bbox 3175 2396 3650 2452; x_wconf 82' lang='lat' dir='ltr'><strong>Circumcisionem</strong></span> <span class='ocrx_word' id='word_1_659' title='bbox 3690 2406 3872 2448; x_wconf 79' lang='lat' dir='ltr'><strong>autem</strong></span> 
     </span>
    </p>
   </div>
   <div class='ocr_carea' id='block_1_85' title="bbox 2277 2488 3877 2558">
    <p class='ocr_par' dir='ltr' id='par_1_85' title="bbox 2277 2488 3877 2558">
     <span class='ocr_line' id='line_1_85' title="bbox 2277 2488 3877 2558; baseline -0.003 -14"><span class='ocrx_word' id='word_1_660' title='bbox 2277 2489 2455 2544; x_wconf 89' lang='lat' dir='ltr'><strong>cordis</strong></span> <span class='ocrx_word' id='word_1_661' title='bbox 2481 2488 2642 2555; x_wconf 87' lang='lat' dir='ltr'><strong>dicit,</strong></span> <span class='ocrx_word' id='word_1_662' title='bbox 2668 2504 2853 2558; x_wconf 90' lang='lat' dir='ltr'><strong>puram</strong></span> <span class='ocrx_word' id='word_1_663' title='bbox 2889 2489 3093 2544; x_wconf 83' lang='lat' dir='ltr'><strong>scilicet</strong></span> <span class='ocrx_word' id='word_1_664' title='bbox 3117 2489 3186 2544; x_wconf 87' lang='lat' dir='ltr'><strong>ab</strong></span> <span class='ocrx_word' id='word_1_665' title='bbox 3215 2488 3359 2543; x_wconf 88' lang='lat' dir='ltr'><strong>omni</strong></span> <span class='ocrx_word' id='word_1_666' title='bbox 3407 2488 3587 2542; x_wconf 89' lang='lat' dir='ltr'><strong>illicita</strong></span> <span class='ocrx_word' id='word_1_667' title='bbox 3615 2488 3877 2556; x_wconf 79' lang='lat' dir='ltr'><strong>Concupi-</strong></span> 
     </span>
    </p>
   </div>
   <div class='ocr_carea' id='block_1_86' title="bbox 2279 2578 3877 2665">
    <p class='ocr_par' dir='ltr' id='par_1_86' title="bbox 2279 2578 3877 2665">
     <span class='ocr_line' id='line_1_86' title="bbox 2279 2578 3877 2665; baseline -0.003 -30"><span class='ocrx_word' id='word_1_668' title='bbox 2279 2579 2482 2635; x_wconf 82' lang='lat' dir='ltr'><strong>chntia</strong></span> <span class='ocrx_word' id='word_1_669' title='bbox 2513 2579 2838 2636; x_wconf 85' lang='lat' dir='ltr'><strong>voluntatem</strong></span> <span class='ocrx_word' id='word_1_670' title='bbox 2878 2598 2890 2633; x_wconf 88' lang='lat'><strong>:</strong></span> <span class='ocrx_word' id='word_1_671' title='bbox 2923 2579 3067 2651; x_wconf 91' lang='lat' dir='ltr'><strong>quod</strong></span> <span class='ocrx_word' id='word_1_672' title='bbox 3094 2595 3200 2634; x_wconf 92' lang='lat' dir='ltr'><strong>non</strong></span> <span class='ocrx_word' id='word_1_673' title='bbox 3242 2582 3306 2665; x_wconf 56' lang='grc' dir='ltr'><strong>ιιι</strong></span> <span class='ocrx_word' id='word_1_674' title='bbox 3343 2579 3520 2635; x_wconf 87' lang='lat' dir='ltr'><strong>littera</strong></span> <span class='ocrx_word' id='word_1_675' title='bbox 3551 2578 3779 2633; x_wconf 89' lang='lat' dir='ltr'><strong>docente</strong></span> <span class='ocrx_word' id='word_1_676' title='bbox 3817 2586 3877 2631; x_wconf 89' lang='lat' dir='ltr'><strong>et</strong></span> 
     </span>
    </p>
   </div>
   <div class='ocr_carea' id='block_1_87' title="bbox 2276 2670 3875 2742">
    <p class='ocr_par' dir='ltr' id='par_1_87' title="bbox 2276 2670 3875 2742">
     <span class='ocr_line' id='line_1_87' title="bbox 2276 2670 3875 2742; baseline -0.001 -14"><span class='ocrx_word' id='word_1_677' title='bbox 2276 2673 2532 2738; x_wconf 74' lang='lat' dir='ltr'><strong>minante,</strong></span> <span class='ocrx_word' id='word_1_678' title='bbox 2563 2671 2656 2727; x_wconf 85' lang='lat' dir='ltr'><strong>sed</strong></span> <span class='ocrx_word' id='word_1_679' title='bbox 2697 2673 2888 2742; x_wconf 89' lang='lat' dir='ltr'><strong>spiritu</strong></span> <span class='ocrx_word' id='word_1_680' title='bbox 2927 2671 3212 2742; x_wconf 70' lang='lat' dir='ltr'><strong>adjuv&#39;an&#39;te</strong></span> <span class='ocrx_word' id='word_1_681' title='bbox 3253 2682 3413 2742; x_wconf 88' lang='lat' dir='ltr'><strong>atque</strong></span> <span class='ocrx_word' id='word_1_682' title='bbox 3452 2681 3699 2726; x_wconf 81' lang='lat' dir='ltr'><strong>sanante.</strong></span> <span class='ocrx_word' id='word_1_683' title='bbox 3746 2670 3875 2727; x_wconf 88' lang='lat' dir='ltr'><strong>Ideo</strong></span> 
     </span>
    </p>
   </div>
   <div class='ocr_carea' id='block_1_88' title="bbox 2277 2763 3873 2834">
    <p class='ocr_par' dir='ltr' id='par_1_88' title="bbox 2277 2763 3873 2834">
     <span class='ocr_line' id='line_1_88' title="bbox 2277 2763 3873 2834; baseline 0.001 -16"><span class='ocrx_word' id='word_1_684' title='bbox 2277 2765 2394 2819; x_wconf 91' lang='lat' dir='ltr'><strong>laus</strong></span> <span class='ocrx_word' id='word_1_685' title='bbox 2421 2763 2603 2820; x_wconf 89' lang='lat' dir='ltr'><strong>talium</strong></span> <span class='ocrx_word' id='word_1_686' title='bbox 2638 2779 2744 2818; x_wconf 92' lang='lat' dir='ltr'><strong>non</strong></span> <span class='ocrx_word' id='word_1_687' title='bbox 2776 2780 2842 2820; x_wconf 82' lang='lat' dir='ltr'><strong>ex</strong></span> <span class='ocrx_word' id='word_1_688' title='bbox 2884 2763 3190 2820; x_wconf 82' lang='lat' dir='ltr'><strong>hominibus</strong></span> <span class='ocrx_word' id='word_1_689' title='bbox 3213 2805 3229 2830; x_wconf 89' lang='lat'><strong>,</strong></span> <span class='ocrx_word' id='word_1_690' title='bbox 3272 2765 3366 2820; x_wconf 88' lang='lat' dir='ltr'><strong>sed</strong></span> <span class='ocrx_word' id='word_1_691' title='bbox 3399 2781 3462 2820; x_wconf 84' lang='lat' dir='ltr'><strong>ex</strong></span> <span class='ocrx_word' id='word_1_692' title='bbox 3495 2765 3606 2820; x_wconf 86' lang='lat' dir='ltr'><strong>Deo</strong></span> <span class='ocrx_word' id='word_1_693' title='bbox 3633 2773 3748 2828; x_wconf 90' lang='lat' dir='ltr'><strong>est,</strong></span> <span class='ocrx_word' id='word_1_694' title='bbox 3777 2763 3873 2834; x_wconf 88' lang='lat' dir='ltr'><strong>qui</strong></span> 
     </span>
    </p>
   </div>
   <div class='ocr_carea' id='block_1_89' title="bbox 2278 2855 3874 2927">
    <p class='ocr_par' dir='ltr' id='par_1_89' title="bbox 2278 2855 3874 2927">
     <span class='ocr_line' id='line_1_89' title="bbox 2278 2855 3874 2927; baseline -0.001 -16"><span class='ocrx_word' id='word_1_695' title='bbox 2278 2872 2372 2927; x_wconf 89' lang='lat' dir='ltr'><strong>per</strong></span> <span class='ocrx_word' id='word_1_696' title='bbox 2413 2870 2564 2911; x_wconf 90' lang='lat' dir='ltr'><strong>suam</strong></span> <span class='ocrx_word' id='word_1_697' title='bbox 2612 2856 2837 2927; x_wconf 88' lang='lat' dir='ltr'><strong>gratiam</strong></span> <span class='ocrx_word' id='word_1_698' title='bbox 2888 2865 3105 2926; x_wconf 65' lang='lat' dir='ltr'><strong>pra&#39;stat</strong></span> <span class='ocrx_word' id='word_1_699' title='bbox 3153 2855 3292 2911; x_wconf 91' lang='lat' dir='ltr'><strong>unde</strong></span> <span class='ocrx_word' id='word_1_700' title='bbox 3333 2855 3635 2921; x_wconf 86' lang='lat' dir='ltr'><strong>laudentur,</strong></span> <span class='ocrx_word' id='word_1_701' title='bbox 3667 2856 3874 2922; x_wconf 79' lang='lat' dir='ltr'><strong>dequo</strong></span> 
     </span>
    </p>
   </div>
   <div class='ocr_carea' id='block_1_90' title="bbox 2276 2946 3870 3020">
    <p class='ocr_par' dir='ltr' id='par_1_90' title="bbox 2276 2946 3870 3020">
     <span class='ocr_line' id='line_1_90' title="bbox 2276 2946 3870 3020; baseline -0.001 -17"><span class='ocrx_word' id='word_1_702' title='bbox 2276 2947 2509 3018; x_wconf 88' lang='lat' dir='ltr'><strong>dicitur,</strong></span> <span class='ocrx_word' id='word_1_703' title='bbox 2563 2947 2631 3002; x_wconf 85' lang='lat' dir='ltr'><strong>In</strong></span> <span class='ocrx_word' id='word_1_704' title='bbox 2680 2947 2900 3002; x_wconf 89' lang='lat' dir='ltr'><strong>Domino</strong></span> <span class='ocrx_word' id='word_1_705' title='bbox 2950 2946 3242 3002; x_wconf 83' lang='lat' dir='ltr'><strong>laudabitur</strong></span> <span class='ocrx_word' id='word_1_706' title='bbox 3286 2949 3460 3002; x_wconf 89' lang='lat' dir='ltr'><strong>anima</strong></span> <span class='ocrx_word' id='word_1_707' title='bbox 3507 2965 3621 3003; x_wconf 86' lang='lat' dir='ltr'><strong>mea</strong></span> <span class='ocrx_word' id='word_1_708' title='bbox 3675 2946 3870 3020; x_wconf 89' lang='lat' dir='ltr'><strong>(Psal.</strong></span> 
     </span>
    </p>
   </div>
   <div class='ocr_carea' id='block_1_91' title="bbox 2275 3039 3872 3113">
    <p class='ocr_par' dir='ltr' id='par_1_91' title="bbox 2275 3039 3872 3113">
     <span class='ocr_line' id='line_1_91' title="bbox 2275 3039 3872 3113; baseline -0.001 -17"><span class='ocrx_word' id='word_1_709' title='bbox 2275 3056 2484 3107; x_wconf 61' lang='grc' dir='ltr'>χχχιιι,</span> <span class='ocrx_word' id='word_1_710' title='bbox 2514 3041 2604 3111; x_wconf 79' lang='grc'><strong>5);</strong></span> <span class='ocrx_word' id='word_1_711' title='bbox 2639 3049 2689 3095; x_wconf 90' lang='lat' dir='ltr'><strong>et</strong></span> <span class='ocrx_word' id='word_1_712' title='bbox 2721 3039 2805 3094; x_wconf 92' lang='lat' dir='ltr'><strong>cui</strong></span> <span class='ocrx_word' id='word_1_713' title='bbox 2847 3039 3069 3106; x_wconf 84' lang='lat' dir='ltr'><strong>dicitur,</strong></span> <span class='ocrx_word' id='word_1_714' title='bbox 3103 3039 3258 3110; x_wconf 83' lang='lat' dir='ltr'><strong>Apud</strong></span> <span class='ocrx_word' id='word_1_715' title='bbox 3295 3048 3344 3093; x_wconf 91' lang='lat' dir='ltr'><strong>te</strong></span> <span class='ocrx_word' id='word_1_716' title='bbox 3385 3041 3496 3095; x_wconf 88' lang='lat' dir='ltr'><strong>laus</strong></span> <span class='ocrx_word' id='word_1_717' title='bbox 3534 3057 3648 3094; x_wconf 88' lang='lat' dir='ltr'><strong>mea</strong></span> <span class='ocrx_word' id='word_1_718' title='bbox 3685 3039 3872 3113; x_wconf 83' lang='lat' dir='ltr'><strong>(Psal.</strong></span> 
     </span>
    </p>
   </div>
   <div class='ocr_carea' id='block_1_92' title="bbox 2275 3130 3874 3202">
    <p class='ocr_par' dir='ltr' id='par_1_92' title="bbox 2275 3130 3874 3202">
     <span class='ocr_line' id='line_1_92' title="bbox 2275 3130 3874 3202; baseline 0.001 -16"><span class='ocrx_word' id='word_1_719' title='bbox 2275 3130 2512 3202; x_wconf 63' lang='lat'><strong>“1,26)</strong></span> <span class='ocrx_word' id='word_1_720' title='bbox 2556 3147 2568 3184; x_wconf 93' lang='lat'>:</span> <span class='ocrx_word' id='word_1_721' title='bbox 2613 3146 2719 3184; x_wconf 91' lang='lat' dir='ltr'><strong>non</strong></span> <span class='ocrx_word' id='word_1_722' title='bbox 2742 3131 2927 3201; x_wconf 89' lang='lat' dir='ltr'><strong>quales</strong></span> <span class='ocrx_word' id='word_1_723' title='bbox 2954 3131 3027 3184; x_wconf 91' lang='lat' dir='ltr'><strong>illi</strong></span> <span class='ocrx_word' id='word_1_724' title='bbox 3055 3131 3292 3200; x_wconf 86' lang='lat' dir='ltr'><strong>suntqui</strong></span> <span class='ocrx_word' id='word_1_725' title='bbox 3338 3131 3504 3186; x_wconf 88' lang='lat' dir='ltr'><strong>Deum</strong></span> <span class='ocrx_word' id='word_1_726' title='bbox 3523 3131 3730 3187; x_wconf 88' lang='lat' dir='ltr'><strong>laudari</strong></span> <span class='ocrx_word' id='word_1_727' title='bbox 3771 3147 3874 3187; x_wconf 80' lang='lat' dir='ltr'><strong>vo-</strong></span> 
     </span>
    </p>
   </div>
   <div class='ocr_carea' id='block_1_93' title="bbox 2277 3223 3841 3295">
    <p class='ocr_par' dir='ltr' id='par_1_93' title="bbox 2277 3223 3841 3295">
     <span class='ocr_line' id='line_1_93' title="bbox 2277 3223 3841 3295; baseline 0.001 -17"><span class='ocrx_word' id='word_1_728' title='bbox 2277 3224 2392 3278; x_wconf 91' lang='lat' dir='ltr'><strong>lunt</strong></span> <span class='ocrx_word' id='word_1_729' title='bbox 2413 3223 2551 3295; x_wconf 88' lang='lat' dir='ltr'><strong>quod</strong></span> <span class='ocrx_word' id='word_1_730' title='bbox 2574 3223 2817 3278; x_wconf 88' lang='lat' dir='ltr'><strong>homines</strong></span> <span class='ocrx_word' id='word_1_731' title='bbox 2849 3231 3012 3291; x_wconf 90' lang='lat' dir='ltr'><strong>sunt,</strong></span> <span class='ocrx_word' id='word_1_732' title='bbox 3051 3239 3110 3279; x_wconf 86' lang='lat' dir='ltr'><strong>se</strong></span> <span class='ocrx_word' id='word_1_733' title='bbox 3155 3232 3332 3279; x_wconf 88' lang='lat' dir='ltr'><strong>autem</strong></span> <span class='ocrx_word' id='word_1_734' title='bbox 3363 3223 3507 3295; x_wconf 91' lang='lat' dir='ltr'><strong>quod</strong></span> <span class='ocrx_word' id='word_1_735' title='bbox 3536 3224 3670 3294; x_wconf 89' lang='lat' dir='ltr'><strong>jus-ti</strong></span> <span class='ocrx_word' id='word_1_736' title='bbox 3697 3233 3841 3281; x_wconf 87' lang='lat' dir='ltr'><strong>sunt.</strong></span> 
     </span>
    </p>
   </div>
   <div class='ocr_carea' id='block_1_94' title="bbox 2349 3313 3873 3384">
    <p class='ocr_par' dir='ltr' id='par_1_94' title="bbox 2349 3313 3873 3384">
     <span class='ocr_line' id='line_1_94' title="bbox 2349 3313 3873 3384; baseline 0 -14"><span class='ocrx_word' id='word_1_737' title='bbox 2349 3314 2439 3370; x_wconf 69' lang='grc'><strong>14.</strong></span> <span class='ocrx_word' id='word_1_738' title='bbox 2473 3332 2493 3365; x_wconf 89' lang='grc'><em>‹</em></span> <span class='ocrx_word' id='word_1_739' title='bbox 2527 3313 2634 3369; x_wconf 91' lang='lat' dir='ltr'><strong>Sed</strong></span> <span class='ocrx_word' id='word_1_740' title='bbox 2665 3313 2963 3380; x_wconf 89' lang='lat' dir='ltr'><strong>laudamus,</strong></span> <span class='ocrx_word' id='word_1_741' title='bbox 2995 3333 3014 3366; x_wconf 78' lang='grc' dir='ltr'><strong>ι</strong></span> <span class='ocrx_word' id='word_1_742' title='bbox 3048 3313 3316 3384; x_wconf 84' lang='lat' dir='ltr'><strong>inquiunt,</strong></span> <span class='ocrx_word' id='word_1_743' title='bbox 3351 3333 3371 3367; x_wconf 83' lang='lat' dir='ltr'><strong>s</strong></span> <span class='ocrx_word' id='word_1_744' title='bbox 3403 3315 3640 3370; x_wconf 89' lang='lat' dir='ltr'><strong>etDeum</strong></span> <span class='ocrx_word' id='word_1_745' title='bbox 3674 3325 3873 3370; x_wconf 66' lang='lat' dir='ltr'><strong>nostras</strong></span> 
     </span>
    </p>
   </div>
   <div class='ocr_carea' id='block_1_95' title="bbox 2283 3406 3874 3478">
    <p class='ocr_par' dir='ltr' id='par_1_95' title="bbox 2283 3406 3874 3478">
     <span class='ocr_line' id='line_1_95' title="bbox 2283 3406 3874 3478; baseline 0.002 -19"><span class='ocrx_word' id='word_1_746' title='bbox 2283 3427 2301 3459; x_wconf 84' lang='lat' dir='ltr'><strong>s</strong></span> <span class='ocrx_word' id='word_1_747' title='bbox 2334 3406 2732 3478; x_wconf 81' lang='lat' dir='ltr'><strong>justilicationis</strong></span> <span class='ocrx_word' id='word_1_748' title='bbox 2769 3414 3066 3475; x_wconf 87' lang='lat' dir='ltr'><strong>auctorem,</strong></span> <span class='ocrx_word' id='word_1_749' title='bbox 3107 3407 3164 3464; x_wconf 87' lang='lat' dir='ltr'><strong>in</strong></span> <span class='ocrx_word' id='word_1_750' title='bbox 3207 3421 3274 3463; x_wconf 89' lang='lat' dir='ltr'><strong>eo</strong></span> <span class='ocrx_word' id='word_1_751' title='bbox 3306 3407 3448 3478; x_wconf 84' lang='lat' dir='ltr'><strong>quod</strong></span> <span class='ocrx_word' id='word_1_752' title='bbox 3489 3407 3660 3476; x_wconf 83' lang='lat' dir='ltr'><strong>legem</strong></span> <span class='ocrx_word' id='word_1_753' title='bbox 3697 3406 3874 3475; x_wconf 84' lang='lat' dir='ltr'><strong>dedit,</strong></span> 
     </span>
    </p>
   </div>
   <div class='ocr_carea' id='block_1_96' title="bbox 2282 3497 3870 3570">
    <p class='ocr_par' dir='ltr' id='par_1_96' title="bbox 2282 3497 3870 3570">
     <span class='ocr_line' id='line_1_96' title="bbox 2282 3497 3870 3570; baseline 0.001 -18"><span class='ocrx_word' id='word_1_754' title='bbox 2282 3517 2302 3552; x_wconf 86' lang='grc'><em>‹</em></span> <span class='ocrx_word' id='word_1_755' title='bbox 2339 3498 2492 3570; x_wconf 91' lang='lat' dir='ltr'><strong>cujus</strong></span> <span class='ocrx_word' id='word_1_756' title='bbox 2519 3499 2712 3553; x_wconf 90' lang='lat' dir='ltr'><strong>intuitu</strong></span> <span class='ocrx_word' id='word_1_757' title='bbox 2738 3498 3042 3553; x_wconf 86' lang='lat' dir='ltr'><strong>noverimus</strong></span> <span class='ocrx_word' id='word_1_758' title='bbox 3081 3497 3533 3568; x_wconf 89' lang='lat' dir='ltr'><strong>quemadmodum</strong></span> <span class='ocrx_word' id='word_1_759' title='bbox 3561 3499 3743 3554; x_wconf 84' lang='lat' dir='ltr'><strong>vivere</strong></span> <span class='ocrx_word' id='word_1_760' title='bbox 3767 3497 3870 3554; x_wconf 79' lang='lat' dir='ltr'><strong>de-</strong></span> 
     </span>
    </p>
   </div>
   <div class='ocr_carea' id='block_1_97' title="bbox 2281 3588 3873 3662">
    <p class='ocr_par' dir='ltr' id='par_1_97' title="bbox 2281 3588 3873 3662">
     <span class='ocr_line' id='line_1_97' title="bbox 2281 3588 3873 3662; baseline 0 -18"><span class='ocrx_word' id='word_1_761' title='bbox 2281 3609 2302 3644; x_wconf 86' lang='grc'><strong><em>‹</em></strong></span> <span class='ocrx_word' id='word_1_762' title='bbox 2335 3590 2576 3647; x_wconf 85' lang='lat' dir='ltr'><strong>beamus.</strong></span> <span class='ocrx_word' id='word_1_763' title='bbox 2602 3609 2622 3642; x_wconf 76' lang='grc' dir='ltr'><strong>ι</strong></span> <span class='ocrx_word' id='word_1_764' title='bbox 2655 3589 2766 3645; x_wconf 88' lang='lat' dir='ltr'><strong>Nec</strong></span> <span class='ocrx_word' id='word_1_765' title='bbox 2789 3589 3013 3644; x_wconf 87' lang='lat' dir='ltr'><strong>audiunt</strong></span> <span class='ocrx_word' id='word_1_766' title='bbox 3041 3589 3183 3660; x_wconf 92' lang='lat' dir='ltr'><strong>quod</strong></span> <span class='ocrx_word' id='word_1_767' title='bbox 3210 3589 3412 3660; x_wconf 88' lang='lat' dir='ltr'><strong>legunt,</strong></span> <span class='ocrx_word' id='word_1_768' title='bbox 3437 3588 3571 3656; x_wconf 83' lang='lat' dir='ltr'><strong>Quia</strong></span> <span class='ocrx_word' id='word_1_769' title='bbox 3595 3607 3696 3644; x_wconf 87' lang='lat' dir='ltr'><strong>non</strong></span> <span class='ocrx_word' id='word_1_770' title='bbox 3711 3591 3873 3662; x_wconf 82' lang='lat' dir='ltr'><strong>justi-</strong></span> 
     </span>
    </p>
   </div>
   <div class='ocr_carea' id='block_1_98' title="bbox 2276 3680 3868 3756">
    <p class='ocr_par' dir='ltr' id='par_1_98' title="bbox 2276 3680 3868 3756">
     <span class='ocr_line' id='line_1_98' title="bbox 2276 3680 3868 3756; baseline -0.001 -18"><span class='ocrx_word' id='word_1_771' title='bbox 2276 3685 2508 3755; x_wconf 83' lang='lat' dir='ltr'><strong>[icabitar</strong></span> <span class='ocrx_word' id='word_1_772' title='bbox 2533 3701 2596 3740; x_wconf 77' lang='lat' dir='ltr'><strong>ea:</strong></span> <span class='ocrx_word' id='word_1_773' title='bbox 2624 3683 2732 3756; x_wconf 87' lang='lat' dir='ltr'><strong>lege</strong></span> <span class='ocrx_word' id='word_1_774' title='bbox 2759 3683 2921 3739; x_wconf 88' lang='lat' dir='ltr'><strong>omnis</strong></span> <span class='ocrx_word' id='word_1_775' title='bbox 2960 3699 3078 3736; x_wconf 82' lang='lat' dir='ltr'><strong>caro</strong></span> <span class='ocrx_word' id='word_1_776' title='bbox 3117 3698 3289 3736; x_wconf 88' lang='lat' dir='ltr'><strong>coram</strong></span> <span class='ocrx_word' id='word_1_777' title='bbox 3319 3680 3446 3737; x_wconf 89' lang='lat' dir='ltr'><strong>Deo.</strong></span> <span class='ocrx_word' id='word_1_778' title='bbox 3494 3682 3679 3738; x_wconf 89' lang='lat' dir='ltr'><strong>Potest</strong></span> <span class='ocrx_word' id='word_1_779' title='bbox 3722 3683 3868 3736; x_wconf 87' lang='lat' dir='ltr'><strong>enim</strong></span> 
     </span>
    </p>
   </div>
   <div class='ocr_carea' id='block_1_99' title="bbox 2279 3774 3870 3845">
    <p class='ocr_par' dir='ltr' id='par_1_99' title="bbox 2279 3774 3870 3845">
     <span class='ocr_line' id='line_1_99' title="bbox 2279 3774 3870 3845; baseline 0.001 -16"><span class='ocrx_word' id='word_1_780' title='bbox 2279 3775 2396 3830; x_wconf 89' lang='lat' dir='ltr'><strong>lieri</strong></span> <span class='ocrx_word' id='word_1_781' title='bbox 2438 3790 2618 3830; x_wconf 88' lang='lat' dir='ltr'><strong>coram</strong></span> <span class='ocrx_word' id='word_1_782' title='bbox 2665 3774 2994 3842; x_wconf 88' lang='lat' dir='ltr'><strong>hominibus,</strong></span> <span class='ocrx_word' id='word_1_783' title='bbox 3043 3790 3151 3830; x_wconf 90' lang='lat' dir='ltr'><strong>non</strong></span> <span class='ocrx_word' id='word_1_784' title='bbox 3195 3783 3375 3830; x_wconf 89' lang='lat' dir='ltr'><strong>autem</strong></span> <span class='ocrx_word' id='word_1_785' title='bbox 3418 3787 3597 3830; x_wconf 88' lang='lat' dir='ltr'><strong>coram</strong></span> <span class='ocrx_word' id='word_1_786' title='bbox 3639 3775 3729 3828; x_wconf 93' lang='lat' dir='ltr'><strong>illo</strong></span> <span class='ocrx_word' id='word_1_787' title='bbox 3775 3775 3870 3845; x_wconf 91' lang='lat' dir='ltr'><strong>qui</strong></span> 
     </span>
    </p>
   </div>
   <div class='ocr_carea' id='block_1_100' title="bbox 2275 3866 3875 3939">
    <p class='ocr_par' dir='ltr' id='par_1_100' title="bbox 2275 3866 3875 3939">
     <span class='ocr_line' id='line_1_100' title="bbox 2275 3866 3875 3939; baseline 0.001 -17"><span class='ocrx_word' id='word_1_788' title='bbox 2275 3867 2454 3922; x_wconf 83' lang='lat' dir='ltr'><strong>cordis</strong></span> <span class='ocrx_word' id='word_1_789' title='bbox 2494 3866 2662 3938; x_wconf 91' lang='lat' dir='ltr'><strong>ipsius</strong></span> <span class='ocrx_word' id='word_1_790' title='bbox 2693 3876 2746 3922; x_wconf 90' lang='lat' dir='ltr'><strong>et</strong></span> <span class='ocrx_word' id='word_1_791' title='bbox 2787 3868 2987 3924; x_wconf 74' lang='lat' dir='ltr'><strong>intima:</strong></span> <span class='ocrx_word' id='word_1_792' title='bbox 3014 3867 3302 3923; x_wconf 84' lang='lat' dir='ltr'><strong>voluntatis</strong></span> <span class='ocrx_word' id='word_1_793' title='bbox 3341 3867 3610 3939; x_wconf 90' lang='lat' dir='ltr'><strong>inspector</strong></span> <span class='ocrx_word' id='word_1_794' title='bbox 3634 3877 3716 3924; x_wconf 88' lang='lat' dir='ltr'><strong>est</strong></span> <span class='ocrx_word' id='word_1_795' title='bbox 3737 3910 3750 3932; x_wconf 89' lang='lat'><strong>,</strong></span> <span class='ocrx_word' id='word_1_796' title='bbox 3776 3867 3875 3924; x_wconf 86' lang='lat' dir='ltr'><strong>ubi</strong></span> 
     </span>
    </p>
   </div>
   <div class='ocr_carea' id='block_1_101' title="bbox 2276 3957 3872 4030">
    <p class='ocr_par' dir='ltr' id='par_1_101' title="bbox 2276 3957 3872 4030">
     <span class='ocr_line' id='line_1_101' title="bbox 2276 3957 3872 4030; baseline 0.001 -18"><span class='ocrx_word' id='word_1_797' title='bbox 2276 3958 2454 4022; x_wconf 82' lang='lat' dir='ltr'><strong>videt,</strong></span> <span class='ocrx_word' id='word_1_798' title='bbox 2484 3957 2692 4013; x_wconf 85' lang='lat' dir='ltr'><strong>etiamsi</strong></span> <span class='ocrx_word' id='word_1_799' title='bbox 2723 3958 2865 4013; x_wconf 90' lang='lat' dir='ltr'><strong>aliud</strong></span> <span class='ocrx_word' id='word_1_800' title='bbox 2899 3957 3056 4014; x_wconf 83' lang='lat' dir='ltr'><strong>faciat</strong></span> <span class='ocrx_word' id='word_1_801' title='bbox 3084 3957 3176 4028; x_wconf 94' lang='lat' dir='ltr'><strong>qui</strong></span> <span class='ocrx_word' id='word_1_802' title='bbox 3214 3958 3384 4029; x_wconf 81' lang='lat' dir='ltr'><strong>legem</strong></span> <span class='ocrx_word' id='word_1_803' title='bbox 3419 3959 3600 4025; x_wconf 88' lang='lat' dir='ltr'><strong>timet,</strong></span> <span class='ocrx_word' id='word_1_804' title='bbox 3632 3958 3761 4030; x_wconf 88' lang='lat' dir='ltr'><strong>quid</strong></span> <span class='ocrx_word' id='word_1_805' title='bbox 3790 3967 3872 4013; x_wconf 88' lang='lat' dir='ltr'><strong>ta-</strong></span> 
     </span>
    </p>
   </div>
   <div class='ocr_carea' id='block_1_102' title="bbox 2279 4047 3874 4120">
    <p class='ocr_par' dir='ltr' id='par_1_102' title="bbox 2279 4047 3874 4120">
     <span class='ocr_line' id='line_1_102' title="bbox 2279 4047 3874 4120; baseline 0.001 -16"><span class='ocrx_word' id='word_1_806' title='bbox 2279 4064 2401 4104; x_wconf 89' lang='lat' dir='ltr'><strong>men</strong></span> <span class='ocrx_word' id='word_1_807' title='bbox 2429 4049 2608 4104; x_wconf 90' lang='lat' dir='ltr'><strong>mallet</strong></span> <span class='ocrx_word' id='word_1_808' title='bbox 2635 4047 2832 4115; x_wconf 82' lang='lat' dir='ltr'><strong>facere,</strong></span> <span class='ocrx_word' id='word_1_809' title='bbox 2856 4049 2900 4104; x_wconf 90' lang='lat' dir='ltr'><strong>si</strong></span> <span class='ocrx_word' id='word_1_810' title='bbox 2926 4049 3128 4105; x_wconf 87' lang='lat' dir='ltr'><strong>liceret.</strong></span> <span class='ocrx_word' id='word_1_811' title='bbox 3159 4050 3235 4104; x_wconf 78' lang='lat' dir='ltr'><strong>Ac</strong></span> <span class='ocrx_word' id='word_1_812' title='bbox 3257 4065 3322 4104; x_wconf 90' lang='lat' dir='ltr'><strong>ne</strong></span> <span class='ocrx_word' id='word_1_813' title='bbox 3349 4049 3628 4120; x_wconf 88' lang='lat' dir='ltr'><strong>quisquam</strong></span> <span class='ocrx_word' id='word_1_814' title='bbox 3657 4056 3874 4120; x_wconf 82' lang='lat' dir='ltr'><strong>putaret</strong></span> 
     </span>
    </p>
   </div>
   <div class='ocr_carea' id='block_1_103' title="bbox 2279 4139 3870 4212">
    <p class='ocr_par' dir='ltr' id='par_1_103' title="bbox 2279 4139 3870 4212">
     <span class='ocr_line' id='line_1_103' title="bbox 2279 4139 3870 4212; baseline 0 -18"><span class='ocrx_word' id='word_1_815' title='bbox 2279 4141 2367 4196; x_wconf 86' lang='lat' dir='ltr'><strong>hic</strong></span> <span class='ocrx_word' id='word_1_816' title='bbox 2391 4141 2708 4211; x_wconf 88' lang='lat' dir='ltr'><strong>Apostolum</strong></span> <span class='ocrx_word' id='word_1_817' title='bbox 2750 4156 2812 4195; x_wconf 89' lang='lat' dir='ltr'><strong>ea</strong></span> <span class='ocrx_word' id='word_1_818' title='bbox 2859 4141 2974 4212; x_wconf 84' lang='lat' dir='ltr'><strong>lege</strong></span> <span class='ocrx_word' id='word_1_819' title='bbox 3017 4140 3219 4196; x_wconf 78' lang='lat' dir='ltr'><strong>dixisse</strong></span> <span class='ocrx_word' id='word_1_820' title='bbox 3248 4139 3519 4199; x_wconf 88' lang='lat' dir='ltr'><strong>neminem</strong></span> <span class='ocrx_word' id='word_1_821' title='bbox 3557 4139 3870 4211; x_wconf 81' lang='lat' dir='ltr'><strong>justiﬁcari,</strong></span> 
     </span>
    </p>
   </div>
   <div class='ocr_carea' id='block_1_104' title="bbox 2279 4231 3873 4302">
    <p class='ocr_par' dir='ltr' id='par_1_104' title="bbox 2279 4231 3873 4302">
     <span class='ocr_line' id='line_1_104' title="bbox 2279 4231 3873 4302; baseline 0.001 -17"><span class='ocrx_word' id='word_1_822' title='bbox 2279 4245 2400 4302; x_wconf 68' lang='lat' dir='ltr'><strong>quas</strong></span> <span class='ocrx_word' id='word_1_823' title='bbox 2428 4232 2480 4286; x_wconf 92' lang='lat' dir='ltr'><strong>in</strong></span> <span class='ocrx_word' id='word_1_824' title='bbox 2511 4233 2863 4288; x_wconf 87' lang='lat' dir='ltr'><strong>sacramentis</strong></span> <span class='ocrx_word' id='word_1_825' title='bbox 2888 4232 3157 4288; x_wconf 86' lang='lat' dir='ltr'><strong>veteribus</strong></span> <span class='ocrx_word' id='word_1_826' title='bbox 3181 4232 3348 4286; x_wconf 90' lang='lat' dir='ltr'><strong>multa</strong></span> <span class='ocrx_word' id='word_1_827' title='bbox 3379 4232 3620 4286; x_wconf 88' lang='lat' dir='ltr'><strong>continet</strong></span> <span class='ocrx_word' id='word_1_828' title='bbox 3644 4231 3873 4302; x_wconf 84' lang='lat' dir='ltr'><strong>ﬁgurata</strong></span> 
     </span>
    </p>
   </div>
   <div class='ocr_carea' id='block_1_105' title="bbox 2279 4322 3872 4394">
    <p class='ocr_par' dir='ltr' id='par_1_105' title="bbox 2279 4322 3872 4394">
     <span class='ocr_line' id='line_1_105' title="bbox 2279 4322 3872 4394; baseline 0.001 -16"><span class='ocrx_word' id='word_1_829' title='bbox 2279 4332 2564 4394; x_wconf 74' lang='lat' dir='ltr'><strong>prmcepta,</strong></span> <span class='ocrx_word' id='word_1_830' title='bbox 2615 4322 2756 4379; x_wconf 90' lang='lat' dir='ltr'><strong>unde</strong></span> <span class='ocrx_word' id='word_1_831' title='bbox 2794 4324 2953 4379; x_wconf 89' lang='lat' dir='ltr'><strong>etiam</strong></span> <span class='ocrx_word' id='word_1_832' title='bbox 2997 4322 3111 4394; x_wconf 86' lang='lat' dir='ltr'><strong>ipsa</strong></span> <span class='ocrx_word' id='word_1_833' title='bbox 3155 4331 3238 4379; x_wconf 89' lang='lat' dir='ltr'><strong>est</strong></span> <span class='ocrx_word' id='word_1_834' title='bbox 3282 4323 3619 4380; x_wconf 91' lang='lat' dir='ltr'><strong>circumcisio</strong></span> <span class='ocrx_word' id='word_1_835' title='bbox 3664 4325 3872 4393; x_wconf 89' lang='lat' dir='ltr'><strong>carnis,</strong></span> 
     </span>
    </p>
   </div>
   <div class='ocr_carea' id='block_1_106' title="bbox 2276 4417 3869 4490">
    <p class='ocr_par' dir='ltr' id='par_1_106' title="bbox 2276 4417 3869 4490">
     <span class='ocr_line' id='line_1_106' title="bbox 2276 4417 3869 4490; baseline 0 -18"><span class='ocrx_word' id='word_1_836' title='bbox 2276 4433 2437 4488; x_wconf 90' lang='lat' dir='ltr'><strong>quam</strong></span> <span class='ocrx_word' id='word_1_837' title='bbox 2463 4417 2551 4473; x_wconf 89' lang='lat' dir='ltr'><strong>die</strong></span> <span class='ocrx_word' id='word_1_838' title='bbox 2591 4427 2786 4472; x_wconf 89' lang='lat' dir='ltr'><strong>octavo</strong></span> <span class='ocrx_word' id='word_1_839' title='bbox 2813 4419 3058 4490; x_wconf 89' lang='lat' dir='ltr'><strong>accipere</strong></span> <span class='ocrx_word' id='word_1_840' title='bbox 3087 4417 3294 4489; x_wconf 87' lang='lat' dir='ltr'><strong>parvuli</strong></span> <span class='ocrx_word' id='word_1_841' title='bbox 3328 4418 3464 4488; x_wconf 90' lang='lat' dir='ltr'><strong>jussi</strong></span> <span class='ocrx_word' id='word_1_842' title='bbox 3507 4428 3633 4474; x_wconf 88' lang='lat' dir='ltr'><strong>sunt</strong></span> <span class='ocrx_word' id='word_1_843' title='bbox 3663 4417 3869 4489; x_wconf 72' lang='lat' dir='ltr'><strong>(Leuit.</strong></span> 
     </span>
    </p>
   </div>
   <div class='ocr_carea' id='block_1_107' title="bbox 2280 4498 3877 4581">
    <p class='ocr_par' dir='ltr' id='par_1_107' title="bbox 2280 4498 3877 4581">
     <span class='ocr_line' id='line_1_107' title="bbox 2280 4498 3877 4581; baseline 0.001 -17"><span class='ocrx_word' id='word_1_844' title='bbox 2280 4524 2370 4572; x_wconf 85' lang='lat' dir='ltr'><strong>xu,</strong></span> <span class='ocrx_word' id='word_1_845' title='bbox 2404 4509 2504 4578; x_wconf 78' lang='lat'><strong>5);</strong></span> <span class='ocrx_word' id='word_1_846' title='bbox 2547 4498 2811 4564; x_wconf 27' lang='lat' dir='ltr'><strong>continuo.</strong></span> <span class='ocrx_word' id='word_1_847' title='bbox 2837 4509 3112 4580; x_wconf 71' lang='lat' dir='ltr'><strong>subjuusit</strong></span> <span class='ocrx_word' id='word_1_848' title='bbox 3148 4524 3306 4580; x_wconf 90' lang='lat' dir='ltr'><strong>quam</strong></span> <span class='ocrx_word' id='word_1_849' title='bbox 3346 4509 3518 4581; x_wconf 91' lang='lat' dir='ltr'><strong>legem</strong></span> <span class='ocrx_word' id='word_1_850' title='bbox 3553 4509 3785 4576; x_wconf 79' lang='lat' dir='ltr'><strong>dixerit,</strong></span> <span class='ocrx_word' id='word_1_851' title='bbox 3820 4521 3877 4565; x_wconf 90' lang='lat' dir='ltr'><strong>et</strong></span> 
     </span>
    </p>
   </div>
   <div class='ocr_carea' id='block_1_108' title="bbox 2278 4589 3874 4677">
    <p class='ocr_par' dir='ltr' id='par_1_108' title="bbox 2278 4589 3874 4677">
     <span class='ocr_line' id='line_1_108' title="bbox 2278 4589 3874 4677; baseline 0 -21"><span class='ocrx_word' id='word_1_852' title='bbox 2278 4602 2372 4667; x_wconf 90' lang='lat' dir='ltr'><strong>ait,</strong></span> <span class='ocrx_word' id='word_1_853' title='bbox 2406 4599 2510 4656; x_wconf 89' lang='lat' dir='ltr'><strong>Per</strong></span> <span class='ocrx_word' id='word_1_854' title='bbox 2537 4602 2692 4677; x_wconf 78' lang='lat' dir='ltr'><strong>legem</strong></span> <span class='ocrx_word' id='word_1_855' title='bbox 2735 4601 2869 4655; x_wconf 88' lang='lat' dir='ltr'><strong>enim</strong></span> <span class='ocrx_word' id='word_1_856' title='bbox 2912 4601 3134 4672; x_wconf 86' lang='lat' dir='ltr'><strong>cognitio</strong></span> <span class='ocrx_word' id='word_1_857' title='bbox 3173 4589 3385 4673; x_wconf 66' lang='lat' dir='ltr'><strong>pecca&#39;ti.</strong></span> <span class='ocrx_word' id='word_1_858' title='bbox 3438 4601 3536 4656; x_wconf 87' lang='lat' dir='ltr'><strong>llla</strong></span> <span class='ocrx_word' id='word_1_859' title='bbox 3579 4601 3744 4672; x_wconf 82' lang='lat' dir='ltr'><strong>igitur</strong></span> <span class='ocrx_word' id='word_1_860' title='bbox 3786 4601 3874 4656; x_wconf 78' lang='lat' dir='ltr'><strong>lex</strong></span> 
     </span>
    </p>
   </div>
   <div class='ocr_carea' id='block_1_109' title="bbox 2280 4689 3876 4762">
    <p class='ocr_par' dir='ltr' id='par_1_109' title="bbox 2280 4689 3876 4762">
     <span class='ocr_line' id='line_1_109' title="bbox 2280 4689 3876 4762; baseline 0 -16"><span class='ocrx_word' id='word_1_861' title='bbox 2280 4699 2362 4746; x_wconf 83' lang='lat' dir='ltr'><strong>est</strong></span> <span class='ocrx_word' id='word_1_862' title='bbox 2381 4729 2395 4756; x_wconf 84' lang='lat'><strong>,</strong></span> <span class='ocrx_word' id='word_1_863' title='bbox 2424 4690 2493 4746; x_wconf 88' lang='lat' dir='ltr'><strong>de</strong></span> <span class='ocrx_word' id='word_1_864' title='bbox 2517 4706 2622 4761; x_wconf 87' lang='lat' dir='ltr'><strong>qua</strong></span> <span class='ocrx_word' id='word_1_865' title='bbox 2652 4698 2836 4760; x_wconf 88' lang='lat' dir='ltr'><strong>postea</strong></span> <span class='ocrx_word' id='word_1_866' title='bbox 2866 4691 3024 4756; x_wconf 86' lang='lat' dir='ltr'><strong>dicit,</strong></span> <span class='ocrx_word' id='word_1_867' title='bbox 3056 4689 3332 4747; x_wconf 86' lang='lat' dir='ltr'><strong>Peccatum</strong></span> <span class='ocrx_word' id='word_1_868' title='bbox 3380 4708 3482 4746; x_wconf 90' lang='lat' dir='ltr'><strong>non</strong></span> <span class='ocrx_word' id='word_1_869' title='bbox 3521 4691 3733 4762; x_wconf 82' lang='lat' dir='ltr'><strong>cognovi</strong></span> <span class='ocrx_word' id='word_1_870' title='bbox 3776 4691 3876 4746; x_wconf 81' lang='lat' dir='ltr'><strong>nisi</strong></span> 
     </span>
    </p>
   </div>
   <div class='ocr_carea' id='block_1_110' title="bbox 2282 4781 3876 4853">
    <p class='ocr_par' dir='ltr' id='par_1_110' title="bbox 2282 4781 3876 4853">
     <span class='ocr_line' id='line_1_110' title="bbox 2282 4781 3876 4853; baseline -0.001 -17"><span class='ocrx_word' id='word_1_871' title='bbox 2282 4798 2371 4851; x_wconf 83' lang='lat' dir='ltr'><strong>per</strong></span> <span class='ocrx_word' id='word_1_872' title='bbox 2399 4781 2578 4853; x_wconf 86' lang='lat' dir='ltr'><strong>legem.</strong></span> <span class='ocrx_word' id='word_1_873' title='bbox 2625 4781 2764 4834; x_wconf 87' lang='lat' dir='ltr'><strong>Nam</strong></span> <span class='ocrx_word' id='word_1_874' title='bbox 2793 4781 3252 4850; x_wconf 87' lang='lat' dir='ltr'><strong>concupiscentiam</strong></span> <span class='ocrx_word' id='word_1_875' title='bbox 3285 4781 3604 4850; x_wconf 84' lang='lat' dir='ltr'><strong>nesciebam,</strong></span> <span class='ocrx_word' id='word_1_876' title='bbox 3647 4782 3746 4836; x_wconf 84' lang='lat' dir='ltr'><strong>nisi</strong></span> <span class='ocrx_word' id='word_1_877' title='bbox 3791 4781 3876 4836; x_wconf 79' lang='lat' dir='ltr'><strong>lea:</strong></span> 
     </span>
    </p>
   </div>
   <div class='ocr_carea' id='block_1_111' title="bbox 2281 4869 3876 4945">
    <p class='ocr_par' dir='ltr' id='par_1_111' title="bbox 2281 4869 3876 4945">
     <span class='ocr_line' id='line_1_111' title="bbox 2281 4869 3876 4945; baseline 0.002 -20"><span class='ocrx_word' id='word_1_878' title='bbox 2281 4873 2486 4936; x_wconf 89' lang='lat' dir='ltr'><strong>diceret,</strong></span> <span class='ocrx_word' id='word_1_879' title='bbox 2521 4870 2644 4926; x_wconf 88' lang='lat' dir='ltr'><strong>Non</strong></span> <span class='ocrx_word' id='word_1_880' title='bbox 2671 4873 2991 4942; x_wconf 84' lang='lat' dir='ltr'><strong>concupisces</strong></span> <span class='ocrx_word' id='word_1_881' title='bbox 3021 4871 3196 4944; x_wconf 83' lang='lat' dir='ltr'><strong>(Rom.</strong></span> <span class='ocrx_word' id='word_1_882' title='bbox 3223 4887 3318 4939; x_wconf 84' lang='lat' dir='ltr'><strong>vn,</strong></span> <span class='ocrx_word' id='word_1_883' title='bbox 3351 4869 3429 4945; x_wconf 82' lang='lat'><strong>7).</strong></span> <span class='ocrx_word' id='word_1_884' title='bbox 3475 4871 3609 4928; x_wconf 86' lang='lat' dir='ltr'><strong>Nam</strong></span> <span class='ocrx_word' id='word_1_885' title='bbox 3638 4871 3766 4944; x_wconf 86' lang='lat' dir='ltr'><strong>quid</strong></span> <span class='ocrx_word' id='word_1_886' title='bbox 3793 4882 3876 4928; x_wconf 86' lang='lat' dir='ltr'><strong>est</strong></span> 
     </span>
    </p>
   </div>
   <div class='ocr_carea' id='block_1_112' title="bbox 2283 4959 3448 5032">
    <p class='ocr_par' dir='ltr' id='par_1_112' title="bbox 2283 4959 3448 5032">
     <span class='ocr_line' id='line_1_112' title="bbox 2283 4959 3448 5032; baseline 0 -16"><span class='ocrx_word' id='word_1_887' title='bbox 2283 4961 2446 5027; x_wconf 81' lang='lat' dir='ltr'><strong>aliud,</strong></span> <span class='ocrx_word' id='word_1_888' title='bbox 2479 4959 2586 5015; x_wconf 88' lang='lat' dir='ltr'><strong>Per</strong></span> <span class='ocrx_word' id='word_1_889' title='bbox 2613 4962 2769 5032; x_wconf 86' lang='lat' dir='ltr'><strong>legem</strong></span> <span class='ocrx_word' id='word_1_890' title='bbox 2801 4961 2933 5016; x_wconf 86' lang='lat' dir='ltr'><strong>enim</strong></span> <span class='ocrx_word' id='word_1_891' title='bbox 2962 4962 3180 5032; x_wconf 85' lang='lat' dir='ltr'><strong>cognitio</strong></span> <span class='ocrx_word' id='word_1_892' title='bbox 3209 4962 3448 5032; x_wconf 83' lang='lat' dir='ltr'><strong>peccati?</strong></span> 
     </span>
    </p>
   </div>
   <div class='ocr_carea' id='block_1_113' title="bbox 2352 5051 3880 5125">
    <p class='ocr_par' dir='ltr' id='par_1_113' title="bbox 2352 5051 3880 5125">
     <span class='ocr_line' id='line_1_113' title="bbox 2352 5051 3880 5125; baseline -0.001 -15"><span class='ocrx_word' id='word_1_893' title='bbox 2352 5053 2580 5110; x_wconf 81' lang='lat' dir='ltr'><strong>CAPUT</strong></span> <span class='ocrx_word' id='word_1_894' title='bbox 2621 5052 2711 5108; x_wconf 81' lang='lat' dir='ltr'><strong>IX.</strong></span> <span class='ocrx_word' id='word_1_895' title='bbox 2761 5081 2834 5092; x_wconf 92' lang='lat'><strong>—-</strong></span> <span class='ocrx_word' id='word_1_896' title='bbox 2883 5053 2968 5108; x_wconf 84' lang='lat' dir='ltr'><strong>l5.</strong></span> <span class='ocrx_word' id='word_1_897' title='bbox 3014 5053 3224 5107; x_wconf 86' lang='lat' dir='ltr'><strong>Justitia</strong></span> <span class='ocrx_word' id='word_1_898' title='bbox 3269 5051 3366 5108; x_wconf 86' lang='lat' dir='ltr'><strong>Dei</strong></span> <span class='ocrx_word' id='word_1_899' title='bbox 3412 5053 3738 5125; x_wconf 78' lang='lat' dir='ltr'><strong>manifestata</strong></span> <span class='ocrx_word' id='word_1_900' title='bbox 3789 5071 3880 5124; x_wconf 80' lang='lat' dir='ltr'><strong>per</strong></span> 
     </span>
    </p>
   </div>
   <div class='ocr_carea' id='block_1_114' title="bbox 2285 5143 3882 5217">
    <p class='ocr_par' dir='ltr' id='par_1_114' title="bbox 2285 5143 3882 5217">
     <span class='ocr_line' id='line_1_114' title="bbox 2285 5143 3882 5217; baseline 0.001 -17"><span class='ocrx_word' id='word_1_901' title='bbox 2285 5144 2468 5217; x_wconf 83' lang='lat' dir='ltr'><strong>Legem</strong></span> <span class='ocrx_word' id='word_1_902' title='bbox 2497 5155 2544 5199; x_wconf 91' lang='lat' dir='ltr'><strong>et</strong></span> <span class='ocrx_word' id='word_1_903' title='bbox 2570 5144 2873 5216; x_wconf 79' lang='lat' dir='ltr'><strong>PrOphetas.</strong></span> <span class='ocrx_word' id='word_1_904' title='bbox 2906 5144 3004 5199; x_wconf 84' lang='lat' dir='ltr'><strong>Hic</strong></span> <span class='ocrx_word' id='word_1_905' title='bbox 3028 5143 3166 5200; x_wconf 82' lang='lat' dir='ltr'><strong>forte</strong></span> <span class='ocrx_word' id='word_1_906' title='bbox 3191 5145 3333 5200; x_wconf 91' lang='lat' dir='ltr'><strong>dicat</strong></span> <span class='ocrx_word' id='word_1_907' title='bbox 3360 5145 3449 5201; x_wconf 91' lang='lat' dir='ltr'><strong>illa</strong></span> <span class='ocrx_word' id='word_1_908' title='bbox 3476 5145 3707 5200; x_wconf 85' lang='lat' dir='ltr'><strong>humana</strong></span> <span class='ocrx_word' id='word_1_909' title='bbox 3739 5161 3882 5216; x_wconf 82' lang='lat' dir='ltr'><strong>prte-</strong></span> 
     </span>
    </p>
   </div>
   <div class='ocr_carea' id='block_1_115' title="bbox 2285 5237 3880 5310">
    <p class='ocr_par' dir='ltr' id='par_1_115' title="bbox 2285 5237 3880 5310">
     <span class='ocr_line' id='line_1_115' title="bbox 2285 5237 3880 5310; baseline -0.001 -16"><span class='ocrx_word' id='word_1_910' title='bbox 2285 5240 2539 5310; x_wconf 89' lang='lat' dir='ltr'><strong>sumptio,</strong></span> <span class='ocrx_word' id='word_1_911' title='bbox 2570 5238 2824 5310; x_wconf 83' lang='lat' dir='ltr'><strong>ignorans</strong></span> <span class='ocrx_word' id='word_1_912' title='bbox 2853 5238 2945 5292; x_wconf 85' lang='lat' dir='ltr'><strong>Dei</strong></span> <span class='ocrx_word' id='word_1_913' title='bbox 2971 5237 3257 5308; x_wconf 87' lang='lat' dir='ltr'><strong>justitiam,</strong></span> <span class='ocrx_word' id='word_1_914' title='bbox 3286 5247 3340 5294; x_wconf 91' lang='lat' dir='ltr'><strong>et</strong></span> <span class='ocrx_word' id='word_1_915' title='bbox 3365 5253 3515 5294; x_wconf 89' lang='lat' dir='ltr'><strong>suam</strong></span> <span class='ocrx_word' id='word_1_916' title='bbox 3535 5240 3723 5294; x_wconf 79' lang='lat' dir='ltr'><strong>volens</strong></span> <span class='ocrx_word' id='word_1_917' title='bbox 3750 5254 3880 5294; x_wconf 82' lang='lat' dir='ltr'><strong>cou-</strong></span> 
     </span>
    </p>
   </div>
   <div class='ocr_carea' id='block_1_116' title="bbox 2287 5328 3882 5400">
    <p class='ocr_par' dir='ltr' id='par_1_116' title="bbox 2287 5328 3882 5400">
     <span class='ocr_line' id='line_1_116' title="bbox 2287 5328 3882 5400; baseline 0 -16"><span class='ocrx_word' id='word_1_918' title='bbox 2287 5331 2536 5397; x_wconf 88' lang='lat' dir='ltr'><strong>stituere,</strong></span> <span class='ocrx_word' id='word_1_919' title='bbox 2585 5329 2776 5384; x_wconf 88' lang='lat' dir='ltr'><strong>merito</strong></span> <span class='ocrx_word' id='word_1_920' title='bbox 2825 5328 3024 5384; x_wconf 82' lang='lat' dir='ltr'><strong>dixisse</strong></span> <span class='ocrx_word' id='word_1_921' title='bbox 3070 5330 3426 5399; x_wconf 84' lang='lat' dir='ltr'><strong>Apostolum,</strong></span> <span class='ocrx_word' id='word_1_922' title='bbox 3481 5329 3615 5398; x_wconf 81' lang='lat' dir='ltr'><strong>Quia</strong></span> <span class='ocrx_word' id='word_1_923' title='bbox 3662 5347 3724 5384; x_wconf 80' lang='lat' dir='ltr'><strong>ea:</strong></span> <span class='ocrx_word' id='word_1_924' title='bbox 3773 5329 3882 5400; x_wconf 82' lang='lat' dir='ltr'><strong>lege</strong></span> 
     </span>
    </p>
   </div>
   <div class='ocr_carea' id='block_1_117' title="bbox 2287 5411 3882 5492">
    <p class='ocr_par' dir='ltr' id='par_1_117' title="bbox 2287 5411 3882 5492">
     <span class='ocr_line' id='line_1_117' title="bbox 2287 5411 3882 5492; baseline -0.001 -16"><span class='ocrx_word' id='word_1_925' title='bbox 2287 5439 2432 5476; x_wconf 88' lang='lat' dir='ltr'><strong>nemo</strong></span> <span class='ocrx_word' id='word_1_926' title='bbox 2468 5411 2880 5492; x_wconf 64' lang='lat' dir='ltr'><strong>justi/imbitur“:</strong></span> <span class='ocrx_word' id='word_1_927' title='bbox 2909 5419 3144 5476; x_wconf 90' lang='lat' dir='ltr'><strong>ostendit</strong></span> <span class='ocrx_word' id='word_1_928' title='bbox 3187 5420 3331 5476; x_wconf 88' lang='lat' dir='ltr'><strong>enim</strong></span> <span class='ocrx_word' id='word_1_929' title='bbox 3381 5419 3752 5476; x_wconf 88' lang='lat' dir='ltr'><strong>tantummodo</strong></span> <span class='ocrx_word' id='word_1_930' title='bbox 3793 5420 3882 5476; x_wconf 83' lang='lat' dir='ltr'><strong>lex</strong></span> 
     </span>
    </p>
   </div>
   <div class='ocr_carea' id='block_1_118' title="bbox 2289 5511 3882 5586">
    <p class='ocr_par' dir='ltr' id='par_1_118' title="bbox 2289 5511 3882 5586">
     <span class='ocr_line' id='line_1_118' title="bbox 2289 5511 3882 5586; baseline -0.001 -19"><span class='ocrx_word' id='word_1_931' title='bbox 2289 5515 2416 5586; x_wconf 90' lang='lat' dir='ltr'><strong>quid</strong></span> <span class='ocrx_word' id='word_1_932' title='bbox 2462 5513 2762 5569; x_wconf 80' lang='lat' dir='ltr'><strong>faciendum</strong></span> <span class='ocrx_word' id='word_1_933' title='bbox 2788 5555 2802 5580; x_wconf 90' lang='lat'><strong>,</strong></span> <span class='ocrx_word' id='word_1_934' title='bbox 2835 5513 3028 5584; x_wconf 87' lang='lat' dir='ltr'><strong>quidve</strong></span> <span class='ocrx_word' id='word_1_935' title='bbox 3052 5513 3350 5569; x_wconf 88' lang='lat' dir='ltr'><strong>cavendum</strong></span> <span class='ocrx_word' id='word_1_936' title='bbox 3379 5513 3484 5581; x_wconf 87' lang='lat' dir='ltr'><strong>sit,</strong></span> <span class='ocrx_word' id='word_1_937' title='bbox 3523 5522 3585 5567; x_wconf 87' lang='lat' dir='ltr'><strong>ut</strong></span> <span class='ocrx_word' id='word_1_938' title='bbox 3615 5511 3760 5583; x_wconf 89' lang='lat' dir='ltr'><strong>quod</strong></span> <span class='ocrx_word' id='word_1_939' title='bbox 3791 5511 3882 5566; x_wconf 87' lang='lat' dir='ltr'><strong>illa</strong></span> 
     </span>
    </p>
   </div>
   <div class='ocr_carea' id='block_1_119' title="bbox 2325 5663 3885 5737">
    <p class='ocr_par' dir='ltr' id='par_1_119' title="bbox 2325 5663 3885 5737">
     <span class='ocr_line' id='line_1_119' title="bbox 2325 5663 3885 5737; baseline 0.001 -20"><span class='ocrx_word' id='word_1_940' title='bbox 2325 5669 2369 5737; x_wconf 31' lang='grc' dir='ltr'><strong>..ί</strong></span> <span class='ocrx_word' id='word_1_941' title='bbox 2392 5667 2507 5717; x_wconf 69' lang='lat' dir='ltr'><strong>aditi</strong></span> <span class='ocrx_word' id='word_1_942' title='bbox 2529 5679 2639 5717; x_wconf 92' lang='lat' dir='ltr'><strong>cum</strong></span> <span class='ocrx_word' id='word_1_943' title='bbox 2661 5665 2949 5731; x_wconf 87' lang='lat' dir='ltr'><strong>quibusdam</strong></span> <span class='ocrx_word' id='word_1_944' title='bbox 2973 5675 3101 5732; x_wconf 59' lang='lat'><strong>5155.,</strong></span> <span class='ocrx_word' id='word_1_945' title='bbox 3123 5671 3172 5720; x_wconf 88' lang='lat' dir='ltr'><strong>et</strong></span> <span class='ocrx_word' id='word_1_946' title='bbox 3202 5665 3565 5719; x_wconf 80' lang='lat' dir='ltr'><strong>csrcumctslone</strong></span> <span class='ocrx_word' id='word_1_947' title='bbox 3588 5664 3753 5720; x_wconf 79' lang='lat' dir='ltr'><strong>cordis</strong></span> <span class='ocrx_word' id='word_1_948' title='bbox 3784 5663 3885 5730; x_wconf 72' lang='lat' dir='ltr'><strong>spi-</strong></span> 
     </span>
    </p>
   </div>
   <div class='ocr_carea' id='block_1_120' title="bbox 2289 5735 2912 5856">
    <p class='ocr_par' dir='ltr' id='par_1_120' title="bbox 2289 5735 2912 5856">
     <span class='ocr_line' id='line_1_120' title="bbox 2289 5735 2912 5856; baseline 0.005 -16"><span class='ocrx_word' id='word_1_949' title='bbox 2289 5735 2511 5842; x_wconf 31' lang='lat' dir='ltr'><strong>mgrfres</strong></span> <span class='ocrx_word' id='word_1_950' title='bbox 2535 5799 2662 5855; x_wconf 66' lang='lat'><strong>3155.,</strong></span> <span class='ocrx_word' id='word_1_951' title='bbox 2680 5789 2912 5856; x_wconf 78' lang='lat' dir='ltr'><strong>gratuita.</strong></span> 
     </span>
    </p>
   </div>
  </div>
