4202 6518
351 468 455 526 209

341 576 637 635 ostenderit
663 576 908 633 voluntas
937 575 1174 645 impleat,
1203 591 1265 631 ac
1288 576 1364 632 sic
1394 576 1555 632 homo
1581 576 1923 647 justiﬁcetur,

343 686 450 726 non
478 685 572 739 per
597 669 730 741 legis
756 670 1061 739 imperium,
1086 668 1179 724 sed
1212 684 1306 739 per
1331 668 1558 724 liberum
1586 667 1865 723 arbitrium
1888 668 1928 720 ¹.

342 762 471 828 Sed,
502 778 537 818 o
566 763 748 829 homo,
793 762 1009 819 attende
1047 761 1189 833 quod
1229 762 1471 833 sequitur
1503 779 1517 816 :
1552 761 1708 817 Nunc
1746 770 1929 823 autem,

1769 464 1971 521 LlBER
2016 464 2212 522 UNUS.

3526 471 3634 531 2ΐο

2044 585 2127 632 tur
2169 594 2355 633 verum
2397 588 2496 646 est,
2546 580 2730 637 Sciens
2773 582 2889 652 hoc,
2939 584 3058 654 quia
3093 582 3239 652 justo
3284 580 3367 639 lex
3412 600 3511 639 non
3559 594 3637 643 est

2041 669 2253 739 posita?
2302 670 2435 725 Nam
2467 672 2587 742 quis
2636 673 2873 744 legitime
2910 676 3079 730 utitur
3127 674 3243 746 lege
3274 674 3374 730 nisi
3413 672 3637 746 justus't

2041 762 2110 815 At
2137 762 2185 817 ei
2218 778 2324 817 non
2353 772 2434 818 est
2463 764 2655 834 posita,
2686 765 2779 821 sed
2826 766 3044 837 injusto.
3093 765 3174 822 An
3203 777 3255 822 et
3283 764 3534 837 injustus,
3579 778 3637 825 ut

346 856 533 926 inquit,
565 856 677 911 sine
704 856 811 928 lege
829 854 1035 925 justitia
1057 853 1157 909 Dei
1184 856 1511 925 manifestata
1538 865 1632 922 est,
1668 855 1937 925 testiﬁcata
2038 852 2378 924 jnstiﬁcetur,
2428 856 2480 911 id
2518 865 2618 922 est,
2663 866 2724 912 ut
2764 857 2940 929 justus
2972 854 3091 926 'ﬁat,
3130 859 3364 929 legitime
3403 859 3520 931 lege
3559 862 3632 916 uti

349 963 440 1019 per
475 946 660 1020 Legem
701 956 748 1002 et
791 945 1101 1018 Proghetas.
1148 946 1415 1002 Parumne
1466 948 1680 1003 insonat
1724 945 1939 1002 surdis?

345 1036 594 1103 Iustitia,
626 1037 833 1108 inquit,
859 1035 960 1093 Dei
998 1038 1322 1107 manifestata
1365 1049 1456 1094 cst.
1501 1038 1649 1094 llanc
1694 1037 1937 1109 ignorant

347 1130 440 1201 qui
488 1144 639 1185 suam
686 1130 873 1186 volunt
916 1131 1247 1186 constituere
1295 1148 1309 1185 :
1355 1130 1481 1187 huic
1526 1132 1548 1163 ¹
1592 1130 1778 1186 nolunt
1820 1143 1942 1185 esse

346 1222 574 1292 subjecti
607 1222 782 1297 (Rom.
812 1238 868 1287 ι,
900 1222 993 1294 3).
1019 1221 1250 1289 Iustitia,
1280 1222 1471 1293 inquit,
1510 1221 1602 1277 Dei
1618 1223 1942 1295 manifestata

346 1325 422 1370 est
446 1335 467 1370 .-
493 1330 600 1371 non
628 1314 796 1383 dixit,
826 1313 1037 1371 Iustitia
1066 1314 1322 1383 hominis,
1352 1315 1435 1369 vel
1474 1314 1678 1386 justitia
1709 1314 1941 1385 preprite

349 1407 673 1472 voluntatis;
718 1405 837 1472 sed,
882 1406 1083 1476 iustitia
1123 1405 1254 1472 Dei,
1291 1421 1395 1460 non
1436 1420 1540 1477 qua
1582 1405 1723 1461 Deus
1765 1405 1942 1476 justus

349 1512 454 1565 est,
482 1500 574 1557 sed
600 1512 703 1572 qua
731 1499 903 1555 induit
926 1499 1222 1567 hominem,
1253 1514 1375 1555 cum
1399 1499 1655 1571 justiﬁcat
1693 1498 1939 1571 impium.

356 1594 483 1651 llmc
539 1592 853 1650 testiﬁcatur
886 1607 1006 1663 per
1050 1591 1247 1663 Legem
1303 1601 1358 1648 et
1404 1591 1699 1663 Prophetas
1750 1609 1764 1647 :
1818 1590 1945 1647 huic

349 1687 544 1757 quippe
582 1684 944 1741 testimonium
975 1683 1387 1753 perhibentLex
1413 1692 1469 1740 et
1489 1682 1793 1754 Prophetas.
1825 1682 1939 1739 Lex

355 1780 593 1851 quidem,
622 1778 725 1833 hoc
752 1778 889 1848 ipso,
917 1777 1061 1847 quod
1100 1776 1339 1847 jnbendo
1367 1784 1421 1832 et
1460 1775 1716 1832 minando
1745 1782 1799 1830 et
1842 1790 1944 1830 ne-

354 1873 551 1928 minem
571 1870 914 1943 justiﬁcando
943 1870 1075 1925 satis
1106 1869 1326 1934 indicat,
1355 1868 1503 1925 dono
1529 1869 1624 1924 Dei
1659 1868 1944 1940 justiﬁcari

351 1964 623 2019 hominem
661 1978 755 2033 per
780 1961 1107 2034 adjutorium
1135 1961 1356 2032 spiritus
1386 1980 1400 2016 :
1431 1961 1715 2031 Prophetze
1740 1969 1942 2029 autem,

352 2057 477 2128 quia
503 2055 554 2111 id
584 2054 725 2126 quod
755 2071 849 2126 pra
868 2055 1139 2123 dixerunt,
1165 2053 1361 2111 Christi
1394 2054 1635 2125 implevit
1663 2054 1943 2110 adventus.

353 2147 487 2202 Nam
514 2147 638 2202 hinc
661 2146 906 2218 sequitur
929 2155 983 2202 ct
1011 2146 1270 2218 adjungit,
1300 2145 1505 2211 dicens,
1546 2143 1754 2201 Iustitia
1779 2153 1946 2202 autent

351 2236 450 2293 Dei
492 2255 582 2309 per
617 2238 771 2308 ﬁdem
794 2236 920 2292 Jesu
946 2236 1154 2305 Christi,
1206 2238 1310 2293 hoc
1350 2246 1454 2304 est,
1504 2252 1601 2307 per
1646 2238 1802 2293 ﬁdem
1842 2254 1944 2309 qua

354 2329 595 2386 creditur
617 2330 669 2385 in
695 2329 991 2386 Christum.
1036 2327 1186 2385 Sicut
1230 2338 1409 2384 autem
1445 2329 1547 2385 ista
1587 2328 1720 2384 ﬁdes
1745 2329 1945 2386 Christi

354 2423 498 2479 dicta
524 2432 606 2478 est
630 2439 735 2478 non
766 2438 869 2494 qua
895 2422 1064 2479 credit
1091 2422 1333 2479 Christus
1373 2440 1388 2476 :
1429 2424 1506 2478 sic
1531 2431 1586 2478 et
1619 2424 1707 2479 illa
1740 2424 1948 2494 justitia

359 2516 452 2571 Dei
495 2528 603 2570 non
642 2530 745 2585 qua
785 2514 962 2585 justus
1002 2523 1087 2571 est
1126 2514 1285 2569 Deus.
1328 2513 1626 2585 Utrumque
1664 2516 1807 2571 enim
1845 2531 1947 2572 no-

358 2616 530 2662 strum
556 2614 674 2672 est;
715 2606 811 2662 sed
842 2606 963 2661 ideo
991 2607 1082 2661 Dei
1109 2614 1165 2662 et
1187 2605 1384 2661 Christi
1414 2606 1626 2671 dicitur,
1650 2606 1791 2677 quod
1831 2607 1948 2678 ejus

359 2698 513 2754 nobis
545 2698 790 2768 largitate
820 2698 1067 2754 donatur.
1102 2698 1311 2754 iustitia
1343 2714 1471 2771 ergo
1498 2699 1588 2755 Dei
1618 2699 1639 2731 ³
1665 2700 1781 2756 sine
1808 2701 1946 2772 lege,

358 2805 466 2844 non
511 2790 628 2845 sine
663 2793 779 2861 lege
821 2790 1156 2846 manifestata
1200 2798 1302 2846 est.
1347 2790 1627 2859 Quomodo
1668 2790 1809 2845 enim
1854 2806 1952 2862 per

362 2881 533 2951 legem
565 2882 868 2948 testiﬁcata,
898 2881 941 2936 si
973 2882 1088 2936 sine
1117 2879 1234 2950 lege
1259 2879 1634 2936 manifestata?
1661 2880 1767 2937 Sed
1792 2882 1954 2952 justi-

361 2972 433 3026 tia
463 2972 556 3026 Dei
583 2972 700 3027 sine
727 2972 843 3042 lege
873 2981 977 3037 est,
1018 2988 1179 3043 quam
1211 2974 1350 3027 Deus
1377 2988 1473 3043 per
1500 2973 1743 3043 spiritum
1767 2976 1952 3045 gratia:

362 3064 599 3120 credenti
642 3064 853 3119 confert
898 3064 1016 3120 sine
1058 3065 1322 3134 adjutorio
1366 3065 1519 3136 legis,
1567 3065 1669 3121 hoc
1697 3073 1812 3132 c‘st,
1845 3081 1961 3121 non

363 3158 545 3228 adjuto
584 3173 614 3212 a
650 3158 770 3228 lege
792 3157 835 3213 ⁸.
879 3157 1320 3229 Quandoquidem
1366 3174 1465 3228 per
1506 3159 1676 3229 legem
1719 3160 1954 3215 ostendit

361 3250 563 3305 homini
589 3251 949 3307 inﬁrmitatem
977 3266 1127 3306 suam
1146 3293 1161 3318 ,
1202 3259 1260 3305 ut
1284 3249 1351 3305 ad
1381 3250 1500 3321 ejus
1529 3234 1952 3308 misericordiam

361 3358 459 3420 per
488 3342 647 3398 ﬁdem
675 3342 988 3413 confugiens
1013 3351 1294 3397 sanaretur
1318 3342 1362 3397 ⁵.
1392 3343 1472 3398 De
1503 3343 1761 3414 sapientia
1794 3344 1953 3415 quip-

361 3448 430 3503 pe
450 3434 565 3503 ejus
582 3433 783 3489 dictum
817 3442 920 3502 est,
944 3434 1088 3506 quod
1118 3435 1276 3506 legem
1298 3444 1346 3488 et
1368 3436 1765 3491 misericordiam
1782 3437 1835 3491 in
1855 3435 1955 3491 lin-

361 3541 465 3596 gua
492 3535 655 3596 portet
679 3525 700 3599 (
721 3525 873 3604 Prov.
898 3543 988 3593 Ill,
1027 3527 1124 3594 16,
1150 3543 1251 3582 sec.
1278 3527 1457 3597 LXX)
1482 3546 1497 3587 :
1530 3532 1699 3600 legem
1728 3530 1952 3598 scilicet,

364 3630 467 3685 qua
495 3631 615 3671 reos
661 3615 821 3671 faciat
862 3616 1164 3687 superbos;
1212 3618 1635 3674 misericordiam
1662 3635 1824 3689 vero,
1851 3637 1953 3692 qua

361 3706 612 3776 justiﬁcet
638 3708 963 3766 humiliatos.
996 3708 1211 3764 Justitia
1246 3725 1375 3782 ergo
1399 3710 1499 3766 Dei
1526 3726 1616 3782 per
1651 3714 1805 3783 ﬁdem
1827 3712 1954 3770 Iesu

363 3797 553 3855 Christi
584 3817 637 3854 tn
669 3818 842 3857 omnes
879 3803 966 3874 qui
1005 3803 1216 3858 credant
1238 3821 1258 3859 :
1287 3820 1388 3859 non
1413 3804 1547 3859 enim
1571 3813 1645 3860 est
1678 3805 1951 3861 distinctio.

369 3890 556 3947 Omnes
602 3893 734 3948 enim
775 3904 1144 3965 peccaverunt,
1190 3904 1236 3950 et
1276 3905 1420 3967 egent
1473 3896 1639 3967 gloria
1679 3896 1797 3964 Dei,
1848 3914 1955 3954 non

365 3984 534 4053 gloria
560 3999 675 4040 sua.
701 3985 841 4054 Quid
871 3988 1012 4042 enim
1040 3986 1262 4057 habent,
1294 3988 1435 4058 quod
1464 4003 1571 4045 non
1601 3991 1956 4061 acceperunt?

368 4075 429 4132 Si
469 4085 647 4132 autem
687 4086 1045 4149 acceperunt,
1095 4078 1221 4149 quid
1266 4079 1599 4150 gloriantur,
1648 4082 1799 4151 quasi
1848 4097 1954 4136 non

366 4170 711 4242 acceperiut(
732 4171 747 4224 l
777 4170 895 4227 Cor.
927 4188 998 4239 tv,
1027 4172 1135 4242 7)?
1188 4173 1359 4241 Egent
1408 4173 1588 4243 itaque
1634 4174 1800 4244 gloria
1836 4174 1952 4239 Dei,

367 4270 423 4316 et
448 4261 567 4316 vide
595 4262 724 4331 quid
764 4272 1059 4333 sequatur:
1087 4261 1373 4332 Justiﬁcati
1410 4264 1569 4335 gratis
1609 4281 1702 4333 per
1740 4266 1958 4336 gratiam

366 4353 529 4421 ipsius
571 4353 755 4425 (Rom.
785 4370 870 4420 ιιι,
900 4353 1134 4425 20-24).
1183 4354 1299 4410 Νοιι
1332 4356 1509 4426 itaque
1549 4355 1826 4425 jnstiﬁcati
1865 4372 1961 4427 per

368 4443 540 4515 legem
561 4486 577 4509 ,
610 4461 714 4500 non
738 4444 1011 4516 justilicati
1040 4460 1135 4515 per
1164 4447 1433 4516 prOpriam
1461 4447 1787 4502 voluntatem
1818 4463 1834 4502 :
1862 4447 1956 4503 sed

360 4536 632 4605 justi/ictui
680 4538 840 4609 gratis
878 4555 966 4609 per
1016 4539 1233 4608 gratiam
1268 4538 1471 4609 ipsius;
1510 4552 1616 4593 non
1661 4538 1803 4609 quod
1841 4539 1960 4595 sine

373 4629 646 4686 voluntate
674 4643 854 4686 nostra
882 4632 991 4699 liat,
1024 4631 1120 4687 sed
1161 4632 1407 4687 Voluntas
1440 4641 1620 4687 nostra
1662 4633 1962 4688 ostenditur

368 4721 579 4778 inﬁrma
622 4739 717 4794 per
760 4726 951 4797 legem,
1002 4736 1061 4780 ut
1102 4734 1257 4781 sanet
1295 4727 1464 4797 gratia
1507 4727 1861 4791 voluntatem,
1908 4738 1963 4783 et

370 4823 553 4868 sanata
580 4814 827 4871 voluntas
869 4818 1086 4887 impleat
1132 4816 1326 4888 legem,
1374 4831 1480 4873 non
1523 4818 1814 4875 constituta
1860 4820 1963 4875 sub

373 4905 508 4975 lege.
540 4922 640 4962 nec
665 4907 907 4978 indigens
932 4909 1068 4979 lege.

439 4998 666 5057 CAPUT
706 4999 776 5056 X.
801 5031 874 5042 --
911 5002 1001 5058 16.
1036 5000 1304 5070 Quomodo
1339 5003 1485 5073 justo
1529 5019 1632 5057 non
1676 5006 1845 5076 posita
1889 5014 1962 5060 cst

373 5092 474 5148 lex.
500 5092 744 5149 —-Justo
782 5096 925 5151 enim
974 5096 1057 5151 (ex
1109 5112 1211 5150 non
1257 5105 1330 5151 est
1374 5097 1539 5169 posita
1567 5112 1585 5151 :
1613 5113 1730 5169 qum
1784 5108 1962 5153 tamen

372 5185 504 5240 bona
532 5195 625 5254 est,
652 5189 698 5244 si
722 5188 833 5257 quis
869 5205 930 5244 ea
968 5188 1189 5260 legitime
1216 5198 1409 5244 utatur.
1443 5189 1567 5245 [huc
1593 5190 1702 5245 duo
1731 5191 1965 5260 Aposto-

373 5278 457 5333 lus
477 5279 620 5334 velut
644 5280 783 5335 inter
805 5294 864 5336 se
888 5281 1155 5336 contraria
1180 5291 1526 5347 connectens,
1551 5290 1733 5336 monet
1757 5291 1964 5338 movet-

370 5387 476 5442 quc
519 5372 774 5429 lectorem
819 5373 886 5429 ad
932 5374 1371 5445 perscrutandam
1417 5376 1771 5447 quaestionem
1802 5385 1965 5446 atque

371 5467 702 5521 solvendam.
735 5467 1015 5536 Quomodo
1045 5468 1187 5523 enim
1232 5468 1364 5523 bona
1406 5479 1475 5522 est
1516 5469 1619 5535 (ex,
1661 5470 1706 5523 si
1753 5470 1866 5541 quis
1906 5485 1966 5523 ea

375 5557 592 5628 legitime
617 5568 789 5613 utatur
817 5560 867 5633 (l
894 5555 1029 5614 Tim.
1059 5576 1094 5627 ι,
1128 5560 1182 5625 9,
1211 5559 1306 5631 8);
1342 5560 1385 5615 si
1416 5560 1577 5615 etiam
1611 5561 1752 5631 quod
1788 5561 1966 5629 sequi-

437 5671 453 5703 ⁸
480 5669 703 5742 Plerique
725 5672 1035 5743 manuscripti
1060 5672 1225 5743 verbis
1257 5673 1361 5741 istis
1382 5678 1567 5734 carent,
1605 5683 1698 5721 non
1736 5684 1823 5734 per
1848 5668 1966 5733 ivgis

371 5730 751 5826 θηξξξξξζηξτιξεά
763 5730 1087 5826 mgnum
1103 5732 1374 5785 arbitrium.

483 5795 575 5844 Soli
602 5795 737 5854 editi,
760 5794 808 5846 ἐι
827 5794 958 5846 huic.

437 5857 459 5889 ⁸
479 5864 573 5908 Hoc
594 5855 699 5908 loco
714 5860 1023 5919 manuscripti
1047 5861 1285 5913 omittunt.
1317 5858 1416 5908 Dei.

437 5919 457 5983 ξ
484 5928 579 5969 Am.
604 5927 676 5969 Er.
704 5918 1004 5983 etplerique
1033 5931 1155 5983 uss,
1181 5935 1271 5972 neu
1298 5922 1489 5983 adjutus
1526 5934 1553 5969 (ι
1578 5918 1698 5983 lege.

437 5980 457 6013 ⁸
482 5982 625 6032 t‘dttio
648 5980 790 6038 Lov.{
801 5980 1012 6035 sanetur.

2042 944 2221 1011 debet,
2268 963 2368 1016 qua
2417 955 2664 1019 tauquam
2711 948 2999 1021 predagogo
3044 950 3371 1020 perducatur
3412 950 3476 1013 ad
3519 967 3623 1021 grn-

2046 1037 2170 1092 tiam
2203 1036 2396 1113 (Colat.
2430 1056 2507 1106 tu,
2534 1039 2652 1111 Ἡ),
2680 1055 2962 1112 perquam
2994 1041 3166 1096 solam
3193 1041 3339 1113 quod
3368 1041 3453 1096 lex
3488 1043 3627 1111 jubet

2046 1130 2212 1199 possit
2257 1130 2523 1201 implere?
2560 1131 2665 1187 Per
2704 1133 2874 1202 ipsam
2914 1134 3113 1205 quippe
3147 1132 3472 1203 justiﬁeatur
3512 1149 3635 1205 gra.

2047 1219 2134 1282 tis,
2188 1219 2240 1275 id
2286 1229 2388 1288 est,
2443 1222 2605 1278 nullis
2650 1236 2868 1279 snorum
2926 1238 3151 1294 operum
3214 1225 3639 1294 praecedentibus

2047 1311 2290 1377 meritis;
2338 1313 2561 1384 alioquin
2600 1314 2764 1388 gratia
2809 1315 2925 1386 jam
2970 1331 3071 1371 non
3125 1324 3197 1370 est
3242 1318 3409 1387 gratia
3449 1314 3636 1386 (Rom.

2044 1418 2122 1471 It,
2153 1404 2209 1475 6)
2252 1422 2265 1457 :
2305 1406 2519 1477 quando
2560 1406 2776 1479 quidem
2817 1406 2938 1463 ideo
2972 1406 3153 1474 datur,
3197 1423 3303 1463 non
3343 1408 3465 1480 quia
3501 1408 3639 1463 bona

2047 1512 2209 1569 opera
2238 1496 2482 1567 fecimus,
2530 1499 2625 1555 sed
2665 1508 2723 1555 ut
2761 1515 2824 1556 ea
2871 1499 3048 1557 facere
3090 1500 3399 1568 valeamus;
3444 1500 3496 1556 id
3536 1511 3637 1567 est,

2048 1606 2151 1646 non
2197 1591 2319 1662 quia
2356 1592 2530 1662 legem
2572 1591 2931 1663 implevimus,
2962 1592 3058 1649 sed
3101 1602 3161 1647 ut
3200 1593 3370 1664 legem
3412 1593 3637 1663 implere

2048 1683 2336 1755 possimus.
2381 1683 2476 1740 llle
2514 1685 2659 1740 enim
2705 1683 2857 1748 dixit,
2906 1683 3029 1739 Non
3074 1685 3185 1739 veni
3224 1687 3415 1740 solvere
3454 1686 3636 1756 legem,

2047 1773 2138 1829 sed
2173 1774 2443 1848 implere
2469 1773 2654 1829 Matth.
2700 1792 2766 1843 v,
2808 1776 2916 1847 ΓΙ)
2961 1793 2973 1829 :
3017 1773 3085 1831 de
3125 1792 3245 1847 quo-
3286 1775 3486 1832 dictum
3537 1785 3637 1841 est,

2058 1862 2290 1920 Vidimus
2333 1864 2550 1937 gloriam
2590 1867 2733 1937 ejus,
2774 1866 2988 1937 gloriam
3031 1876 3273 1936 tanquam
3316 1865 3576 1938 Unigeniti
3611 1883 3644 1918 (ι

2052 1956 2227 2022 Patre,
2270 1958 2474 2028 plenum
2512 1959 2678 2030 gratia
2715 1968 2760 2013 et
2794 1960 3001 2014 veritate
3041 1957 3235 2029 (Ioan.
3278 1975 3315 2023 ι,
3346 1959 3471 2030 14).
3517 1958 3645 2013 Hme

2050 2056 2133 2104 est
2168 2049 2335 2120 gloria
2360 2049 2443 2107 ‘de
2481 2064 2589 2121 qua
2622 2049 2823 2105 dictum
2861 2059 2965 2116 est,
3011 2049 3200 2107 Omnes
3244 2053 3377 2106 enim
3406 2067 3644 2121 peccaue-

2048 2150 2187 2208 runt,
2232 2153 2279 2196 et
2318 2150 2460 2214 egent
2500 2143 2664 2214 gloria
2688 2142 2784 2196 Dei
2819 2159 2837 2197 :
2875 2152 2930 2197 et
2966 2141 3082 2197 haec
3117 2152 3199 2198 est
3225 2141 3394 2214 gratia
3432 2141 3500 2197 de
3539 2157 3642 2212 qua

2049 2233 2304 2287 continuo
2342 2232 2487 2299 dicit,
2529 2231 2806 2302 Justiﬁcati
2852 2232 3028 2305 gratis
3061 2249 3149 2303 per
3191 2232 3410 2304 gratiam
3454 2232 3638 2303 ipsius.

2051 2324 2283 2395 lnjnslus
2326 2340 2454 2394 ergo
2500 2325 2738 2395 legitime
2786 2324 2905 2395 lege
2954 2323 3143 2388 utitur,
3198 2331 3267 2377 ut
3298 2326 3476 2392 justus
3508 2323 3639 2383 lial;

2051 2416 2192 2488 quod
2217 2432 2335 2473 cum
2370 2416 2540 2473 factus
2579 2417 2753 2483 fuerit,
2785 2432 2849 2473 ea
2888 2416 2999 2488 jam
3038 2432 3144 2472 non
3174 2422 3354 2471 utatur
3393 2424 3642 2486 tanquam

2052 2509 2300 2565 vehiculo
2342 2525 2463 2565 cum
2492 2510 2813 2580 pervenerit,
2843 2510 2929 2565 vel
2972 2510 3168 2581 potius,
3211 2517 3269 2563 ut
3306 2524 3465 2579 supra
3506 2507 3645 2563 dicta

2054 2602 2398 2658 similitudine
2436 2602 2676 2672 Apostoli
2716 2610 2853 2669 utar,
2901 2609 3151 2672 tanquam
3199 2600 3486 2672 pazdagogo
3524 2615 3645 2654 cum

2054 2697 2297 2752 eruditus
2341 2695 2522 2751 fuerit.
2566 2695 2847 2764 Quomodo
2891 2695 3032 2751 enim
3080 2695 3227 2766 justo
3274 2695 3360 2750 lex
3414 2708 3518 2748 non
3563 2703 3643 2747 est

2056 2789 2245 2858 posita,
2275 2788 2317 2841 si
2350 2794 2403 2843 et
2423 2787 2570 2858 justo
2594 2795 2677 2844 est
2710 2788 3035 2854 necessaria,
3064 2802 3169 2841 non
3197 2802 3297 2856 qua
3325 2786 3555 2855 injustus
3580 2785 3648 2839 ad

2050 2881 2428 2952 justiﬁeantem
2470 2882 2695 2951 gratiam
2736 2880 3079 2950 perducatur,
3125 2877 3218 2933 sed
3263 2892 3368 2949 qua
3412 2877 3649 2947 legitime

2050 2973 2159 3043 jam
2186 2973 2361 3042 justus
2389 2972 2607 3027 utatur?
2633 2972 2713 3027 An
2744 2970 2902 3036 forte,
2933 2971 3041 3026 imo
3063 2985 3191 3025 vero
3219 2985 3323 3025 non
3368 2968 3522 3034 forte,
3554 2968 3648 3022 sed

2056 3073 2222 3131 certe,
2251 3066 2330 3121 sic
2360 3065 2595 3136 legitime
2634 3067 2799 3120 utitur
2824 3067 2841 3097 ¹
2874 3065 2991 3135 lege
3010 3064 3120 3134 jam
3157 3064 3355 3134 justus,
3385 3077 3505 3117 cum
3528 3077 3649 3116 eam

2060 3157 2323 3212 terrendis
2356 3156 2578 3228 imponit
2605 3156 2833 3227 injustis,
2864 3164 2918 3211 ut
2944 3172 3064 3211 cum
3095 3164 3148 3211 et
3177 3154 3230 3209 in
3261 3154 3390 3225 ipsis
3416 3154 3652 3223 coeperit

2062 3249 2265 3305 ittolitze
2303 3250 2749 3319 concupiscentia:
2795 3250 3013 3304 morbus
3045 3250 3314 3303 incentivo
3336 3247 3651 3319 prohibitio.

2059 3342 2143 3397 nis
2172 3351 2227 3398 et
2258 3342 2476 3398 cumulo
2503 3341 2955 3413 prmvaricationis
2985 3341 3188 3413 augeri,
3220 3340 3525 3410 confugiant
3551 3355 3649 3410 per

2060 3435 2218 3493 ﬁdem
2245 3436 2312 3492 ad
2350 3436 2728 3507 justiﬁcantem
2772 3435 3019 3506 gratiam,
3051 3442 3105 3490 et
3135 3449 3230 3503 per
3257 3433 3459 3489 donum
3487 3432 3652 3500 Spiri-

2062 3538 2145 3583 tus
2175 3529 2434 3584 suavitate
2459 3527 2679 3597 justitiae
2707 3526 2954 3581 delectati
2981 3540 3194 3595 pugnam
3225 3524 3418 3579 littera:
3444 3524 3651 3578 minan-

2062 3622 2129 3675 tis
2154 3618 2423 3676 evadant?
2470 3620 2542 3674 lta
2580 3634 2685 3673 non
2714 3627 2869 3674 erunt
2895 3616 3182 3683 contraria,
3216 3630 3392 3687 neque
3423 3615 3562 3671 inter
3590 3627 3651 3669 se

2061 3712 2167 3769 duo
2191 3714 2289 3768 ista
2317 3712 2645 3784 pugnabunt,
2681 3718 2741 3765 ut
2769 3711 2928 3766 etiam
2971 3710 3145 3779 justus
3190 3707 3329 3764 bona
3372 3707 3486 3777 lege
3517 3706 3654 3775 legio

2063 3810 2189 3864 time
2227 3817 2439 3875 utatur,
2471 3815 2526 3861 et
2571 3814 2749 3861 tamen
2775 3804 2922 3876 justo
2953 3803 3036 3858 lex
3064 3803 3235 3875 posita
3266 3816 3375 3856 non
3401 3802 3511 3856 sit:
3545 3815 3651 3854 non

2062 3902 2201 3956 enim
2246 3916 2310 3955 ex
2350 3915 2413 3956 ea
2453 3897 2777 3970 justiﬁeatus
2811 3903 2915 3964 est,
2960 3895 3055 3950 sed
3100 3910 3168 3950 ex
3209 3894 3323 3964 lege
3370 3892 3515 3959 ﬁdei,
3547 3907 3653 3963 qua

2062 3991 2290 4048 credidit
2317 3991 2463 4046 nullo
2489 3990 2648 4045 modo
2677 4003 2835 4060 posse
2862 4003 2975 4043 suae
3002 3985 3297 4041 inﬁrmitati
3328 3984 3392 4039 ad
3420 3984 3650 4054 implen-

2062 4084 2127 4139 da
2155 4099 2238 4149 ea,
2266 4098 2385 4153 quae
2422 4081 2505 4138 lex
2536 4081 2791 4136 factorum
2819 4081 2842 4113 ⁸
2865 4079 3077 4150 jubere!
3099 4120 3113 4144 ,
3146 4078 3263 4134 nisi.
3277 4076 3454 4132 divina
3484 4076 3651 4147 gratia

2064 4176 2333 4232 subveniri

2139 4270 2225 4325 l7.
2259 4269 2383 4325 ldeo
2412 4267 2559 4335 dicit,
2596 4267 2692 4323 Ubi
2719 4277 2791 4322 est
2836 4282 2955 4338 ergo
2995 4264 3233 4337 gloriatio
3273 4265 3401 4319 tua?
3431 4261 3656 4318 ΕπΙιιδα

2066 4373 2154 4415 est.
2196 4361 2298 4415 Per
2322 4377 2473 4433 quant
2502 4359 2708 4432 legem?
2748 4361 2999 4429 {actorum
3022 4358 3047 4411 ?
3074 4356 3194 4412 Non
3216 4400 3229 4424 ,
3259 4356 3348 4410 sed
3377 4373 3464 4425 per
3500 4356 3657 4427 legem

2066 4453 2185 4522 ﬁdei
2215 4453 2388 4525 (Ilout.
2418 4470 2495 4517 tu,
2528 4454 2641 4523 27).
2691 4452 2813 4508 Sive
2837 4452 3207 4523 gloriatiouem
3246 4449 3442 4505 dixerit
3468 4449 3657 4504 lauda-

2066 4546 2249 4612 bilem,
2274 4562 2391 4615 qum
2423 4546 2474 4601 in
2503 4545 2733 4600 Dmnino
2756 4554 2859 4611 est,
2890 4560 3113 4615 eamque
3144 4544 3440 4611 exclusam,
3469 4543 3521 4597 id
3552 4553 3655 4610 est,

2068 4654 2173 4693 non
2205 4647 2263 4692 ut
2286 4637 2597 4693 abscederet
2626 4637 2830 4707 pulsam
2854 4679 2867 4703 ,
2896 4636 2988 4692 sed
3034 4648 3089 4690 ut
3133 4636 3395 4690 emineret
3425 4648 3651 4703 expres-

2069 4747 2198 4785 sam.
2249 4729 2401 4786 Unde
2436 4741 2490 4785 et
2532 4730 2841 4785 exclusores
2883 4727 3133 4782 dicuntur
3174 4725 3388 4797 quidam
3420 4724 3657 4779 artiﬁces

2069 4823 2374 4892 argentarii.
2422 4822 2557 4876 llinc
2595 4829 2678 4876 est
2716 4829 2770 4876 et
2818 4819 2950 4875 illud
2994 4820 3044 4874 in
3091 4818 3338 4883 Psalmis,
3383 4815 3452 4872 Ut
3489 4817 3662 4871 excluo

2069 4915 2258 4968 duntur
2283 4915 2320 4967 ii
2346 4914 2432 4985 qui
2473 4913 2672 4982 probati
2708 4920 2824 4967 sunt
2860 4920 3069 4983 argento
3100 4908 3271 4982 (Psal.
3301 4924 3447 4963 van
3466 4951 3479 4972 ,
3507 4909 3571 4963 5|
3598 4907 3615 4979 )
3643 4927 3659 4964 :

2071 5009 2173 5063 hoc
2209 5017 2313 5071 est,
2357 5016 2414 5062 ut
2453 5007 2725 5062 emineant
2762 5005 2851 5077 qui
2897 5004 3102 5075 probati
3143 5014 3268 5058 sunt
3306 5003 3519 5076 eloquio
3556 5004 3659 5058 Dm

2071 5101 2222 5156 mini.
2262 5099 2395 5156 Nam
2424 5107 2478 5153 et
2519 5088 2643 5152 alibi
2676 5098 2874 5152 dicitur
2911 5114 2925 5152 :
2966 5095 3188 5166 Eloquia
3222 5095 3430 5150 Domini
3469 5096 3661 5163 eloquia

2071 5203 2229 5257 casta,
2271 5202 2536 5263 argentum
2573 5192 2688 5260 igne
2726 5189 3069 5244 examinatum
3110 5187 3283 5258 (l’sal.
3315 5203 3394 5255 XI,
3423 5188 3498 5259 7).
3542 5186 3669 5241 Sive

2072 5284 2440 5356 gloriationem
2480 5282 2727 5336 vitiosam
2767 5279 2834 5335 de
2875 5280 3124 5349 superbia
3163 5279 3470 5333 venientem
3515 5294 3656 5332 cum-

2073 5392 2373 5433 tnemorarc
2416 5375 2683 5439 voluerit,
2729 5387 2914 5427 eorum
2961 5373 3205 5438 scilicet,
3254 5371 3344 5441 qui
3394 5384 3514 5424 eum
3567 5367 3667 5422 sibi

2068 5472 2213 5540 justc
2237 5468 2486 5523 videntur
2515 5468 2714 5532 vivere,
2746 5465 2815 5519 ita
2856 5465 3169 5535 gloriantur,
3198 5463 3349 5532 quasi
3380 5477 3484 5513 non
3514 5474 3668 5514 acce-

2075 5562 2292 5633 perint:
2324 5574 2550 5631 eamquc
2589 5575 2696 5613 non
2737 5574 2830 5629 per
2863 5560 3030 5629 legem
3066 5554 3396 5618 factorum’,
3440 5552 3533 5609 sed
3571 5568 3664 5622 per

2077 5657 2249 5726 legem
2293 5654 2415 5709 ﬁdei
2456 5654 2586 5709 dicit
2626 5653 2921 5717 exclusam,
2971 5651 3021 5705 id
3063 5658 3163 5715 est,
3206 5652 3431 5717 ejectum
3476 5654 3531 5701 et
3567 5644 3666 5703 ab-

2142 5792 2155 5822 ι
2185 5796 2230 5836 In
2255 5793 2369 5838 ante
2396 5788 2606 5845 excusis,
2631 5792 2808 5836 utatur.

2141 5856 2159 5883 ³
2187 5860 2285 5899 nun
2304 5850 2479 5907 Βριξίςὶςί
2505 5857 2607 5897 Mss.
2636 5852 2881 5905 onuttunt,
2907 5848 3157 5908 factorum.

2144 5915 2162 5944 δ
2188 5913 2320 5969 t‘diti,
2340 5899 2477 5974 quasi
2500 5923 2591 5959 non
2624 5899 3036 5971 arrcpcrin't'emt
3065 5920 3081 5956 :
3107 5917 3251 5970 quant
3275 5916 3366 5953 non
3412 5914 3496 5963 per
3521 5899 3672 5965 legem

2082 5977 2328 6033 fat'lor'tmt.
2357 5982 2655 6036 Izasttgautur
2682 5987 2742 6021 ex
2774 5980 2875 6018 Vss.
