4202 6516
554 452 653 510 ΞΗ

550 568 789 638 iactam;
832 577 955 634 quia
993 575 1091 632 per
1127 560 1298 631 legem
1335 558 1455 614 ﬁdei
1498 560 1724 629 quis/pte
1759 558 2050 628 cognoscit,
2092 555 2135 608 si

553 655 680 728 quid
720 656 855 712 bene
893 653 1058 719 vivit,
1101 652 1193 708 Dei
1231 652 1396 723 gratia
1432 666 1490 706 se
1540 650 1774 716 habere,
1820 659 1874 704 et
1918 657 1976 703 ut
2019 663 2142 719 per-

555 748 764 804 ticiatur
802 747 854 802 in
891 744 1181 802 dilectione
1220 742 1462 815 justitim,
1505 759 1610 798 non
1655 758 1715 799 se
1759 739 1971 797 aliunde
2003 755 2135 797 con-

553 847 859 895 secuturum
867 875 881 890 .

622 926 848 986 CAPUT
879 926 969 982 Xl.
998 955 1071 969 --
1108 925 1196 982 18.
1228 924 1475 982 Pietatem
1512 941 1619 981 esse
1668 923 1988 995 sapientiam.
2032 919 2136 975 Ju—

552 1024 691 1078 stitia
722 1021 820 1078 Dei
843 1021 979 1077 dicta
1018 1036 1171 1092 quam
1199 1018 1337 1074 Deus
1366 1018 1511 1090 facit.
1559 1016 1690 1086 Qua:
1715 1015 1965 1087 cogitatio
1990 1014 2135 1084 pium

553 1115 699 1182 facit,
739 1113 861 1185 quia
897 1113 1067 1184 pietas
1103 1121 1188 1170 est
1228 1126 1354 1167 vera
1388 1111 1646 1182 sapientia
1676 1126 1692 1166 :
1730 1110 1980 1181 pietatem
2015 1108 2139 1164 dico

550 1223 711 1279 quam
741 1205 912 1265 Graeci
939 1212 1208 1261 Θιοσιοιωιν
1233 1212 1428 1260 vocant
1458 1220 1471 1257 :
1503 1202 1615 1273 ipsa
1641 1202 1839 1274 quippe
1864 1215 2140 1257 commen-

551 1299 676 1357 data
701 1306 805 1367 est,
847 1312 970 1354 cum
998 1296 1199 1354 dictum
1225 1307 1308 1352 est
1341 1294 1563 1360 homini,
1604 1292 1745 1365 quod
1787 1294 1838 1348 in
1869 1293 2007 1348 libro
2033 1292 2136 1348 Job

551 1390 764 1461 legitur,
792 1386 926 1444 Ecce
946 1388 1108 1459 pietas
1135 1395 1206 1443 est
1223 1386 1474 1458 sapientia
1504 1383 1623 1458 (Job
1659 1399 1826 1439 xxvut
1844 1424 1858 1448 ,
1879 1382 1993 1455 28).
2022 1391 2139 1438 Θω-

550 1491 708 1537 σιειια
746 1496 908 1552 porro
941 1481 987 1537 si
1032 1479 1102 1536 ad
1141 1480 1289 1537 verbi
1328 1479 1585 1549 originem
1627 1478 1791 1535 latine
1826 1492 2135 1548 expressam

549 1576 1025 1645 interpretaretur,
1061 1572 1159 1628 Dei
1185 1572 1357 1628 cultus
1397 1571 1501 1627 dici
1537 1577 1768 1642 poterat,
1815 1570 1904 1641 qui
1955 1569 2005 1623 in
2033 1566 2137 1624 hoc

550 1667 784 1722 maxime
808 1666 1128 1723 constitutus
1154 1674 1259 1731 est,
1297 1672 1354 1719 ut
1378 1662 1553 1718 anima
1582 1662 1630 1717 ei
1661 1677 1768 1717 non
1798 1661 1869 1716 sit
1904 1661 2132 1730 ingrata.

553 1757 707 1815 Unde
753 1766 808 1815 et
845 1759 897 1814 in
933 1758 1049 1831 ipso
1085 1756 1367 1813 verissimo
1408 1763 1463 1811 et
1501 1754 1759 1826 singulari
1790 1752 2087 1809 ‘sacriﬁeio
2117 1795 2133 1819 ,

547 1852 777 1908 Domino
803 1852 913 1907 Deo
938 1859 1123 1907 nostro
1161 1864 1324 1919 agere
1351 1849 1549 1921 gratias
1593 1847 1965 1903 admonemur.
2021 1845 2138 1901 Erit

547 1954 727 2001 autem
753 1944 979 2015 ingrata,
1005 1942 1050 2000 si
1076 1941 1219 2014 quod
1246 1942 1322 1997 illi
1350 1957 1416 1997 ex
1446 1941 1559 1997 Deo
1583 1948 1685 2007 est,
1727 1939 1828 1996 sibi
1868 1938 2134 2005 tribuerit,

546 2035 1223 2107 prtecipuequejustitiam,
1262 2033 1415 2105 cujus
1452 2033 1709 2105 operibus
1736 2033 1879 2087 velut
1903 2031 2137 2102 propriis

545 2140 598 2185 et
630 2129 771 2185 velut
806 2143 836 2182 ιι
879 2128 1166 2197 semetipsa
1204 2126 1420 2183 sibimet
1460 2124 1658 2195 partis,
1704 2138 1812 2179 non
1847 2123 2136 2194 vulgariter

547 2232 798 2290 tanquam
824 2234 890 2275 ex
917 2217 1117 2274 divitiis
1157 2227 1249 2272 aut
1286 2216 1651 2272 membrorum
1698 2213 1866 2271 forma
1898 2223 1989 2269 aut
2015 2214 2135 2269 elo-

544 2312 786 2381 quentia,
818 2311 1154 2382 ueterisque,
1186 2308 1299 2364 sive
1336 2308 1573 2363 externis
1597 2309 1710 2363 sive
1750 2307 1997 2373 internis,
2020 2306 2134 2361 sive

546 2403 789 2472 corporis
811 2402 925 2457 sive
948 2400 1113 2455 animi
1139 2399 1313 2465 bonis,
1331 2414 1451 2470 qua:
1476 2397 1676 2454 habere
1702 2399 1860 2454 etiam
1887 2395 2133 2453 scelerati

545 2496 738 2563 solent,
785 2493 882 2551 sed
918 2504 1166 2564 tanquam
1210 2493 1277 2549 de
1315 2491 1385 2549 iis
1409 2507 1529 2562 qua:
1565 2492 1781 2563 proprie
1822 2499 1949 2546 sunt
1994 2491 2132 2546 bona

544 2585 808 2641 bonorum
843 2585 995 2657 quasi
1028 2583 1299 2656 sapienter
1335 2582 1618 2638 ‘inﬂalur.
1649 2584 1765 2650 Quo
1786 2582 1913 2637 vitio
1934 2582 2132 2652 repulsi

544 2695 574 2730 a
601 2678 796 2733 divina:
824 2677 1116 2734 stabilitate
1152 2676 1485 2743 substanlim,
1514 2676 1675 2732 etiam
1701 2674 1878 2747 magni
1914 2674 2132 2745 quidam

543 2771 643 2827 viri
680 2770 748 2827 ad
788 2769 1100 2826 idololatria:
1126 2768 1361 2826 dedecus
1388 2767 1746 2824 deﬂuxerunt.
1795 2765 1952 2823 Unde
1986 2765 2128 2822 idem

543 2862 817 2933 apostolus
836 2862 887 2917 in
918 2862 1107 2919 eadem
1132 2860 1391 2933 Epistola,
1419 2861 1470 2916 in
1492 2875 1594 2931 qua
1624 2858 1914 2916 vehemens
1938 2857 2128 2915 delen-

544 2969 637 3009 sor
653 2962 737 3009 est
773 2953 974 3026 gratim,
1010 2968 1132 3009 cum
1157 2968 1218 3009 se
1260 2952 1484 3009 dixisset
1512 2967 1633 3009 esse
1677 2950 1879 3010 Grecis
1902 2966 1966 3006 ac
1994 2951 2127 3006 Bar-

544 3046 709 3111 haris,
740 3045 1068 3116 sapientibus
1100 3053 1157 3102 et
1183 3045 1554 3115 insipientibus
1580 3043 1903 3108 debitorem,
1930 3051 1985 3098 et
2009 3042 2132 3099 ideo

543 3136 685 3207 tlthd
710 3136 777 3193 ad
803 3136 976 3207 ipsum
1019 3138 1325 3207 pertineret.
1362 3145 1663 3207 promptum
1696 3149 1817 3192 esse
1844 3143 1900 3191 et
1929 3134 2013 3189 his
2037 3134 2127 3205 qui

542 3228 731 3284 Roma:
775 3238 957 3286 essent
1003 3228 1414 3300 evangelizare:
1469 3226 1592 3284 Non
1639 3228 1773 3285 enim
1813 3224 2125 3299 confundor,

543 3320 738 3391 inquit,
763 3321 827 3377 de
856 3320 1133 3393 Evangelia
1159 3335 1181 3386 ,°
1208 3320 1369 3376 uirtus
1393 3319 1527 3376 enim
1558 3319 1651 3376 Dei
1702 3328 1778 3376 est
1821 3320 1877 3375 in
1910 3319 2128 3376 salutem

543 3412 683 3466 omni
707 3412 950 3480 credenti,
976 3411 1163 3468 Judazo
1184 3412 1407 3484 primum
1432 3422 1477 3467 et
1507 3410 1707 3469 erco.
1751 3411 1965 3468 Iustitia
1993 3412 2128 3468 enim

542 3505 643 3559 Dei
665 3505 717 3560 in
737 3522 794 3560 eo
821 3504 1074 3561 reveletur
1100 3522 1164 3561 ea!
1184 3505 1288 3576 ﬁde
1307 3506 1361 3563 in
1388 3506 1563 3578 (idem,
1592 3508 1722 3562 sicut
1754 3507 2003 3577 scriptum
2025 3515 2123 3573 est,

542 3597 725 3652 Justus
748 3606 913 3652 autem
939 3612 1003 3653 ex
1030 3596 1132 3667 fide
1156 3597 1293 3651 vivit.
1354 3596 1480 3653 [1.cc
1504 3607 1587 3654 est
1610 3597 1815 3668 justitia
1845 3598 1937 3654 Dei
1963 3640 1977 3662 ,
2007 3613 2127 3669 quas

543 3688 599 3742 in
624 3687 965 3744 Testamento
995 3688 1172 3745 Veteri
1191 3689 1380 3753 velata,
1410 3690 1460 3744 in
1485 3688 1633 3745 Novo
1661 3690 1936 3746 revelatur
1965 3709 1980 3747 :
2006 3706 2128 3761 quas

541 3777 665 3833 ideo
685 3778 890 3848 justitia
920 3778 1016 3834 Dei
1035 3778 1246 3843 dicitur,
1269 3780 1409 3851 quod
1436 3780 1791 3852 impertiendo
1812 3796 1930 3836 eam
1953 3782 2127 3851 ju~tos

541 3869 705 3936 facit;
746 3871 885 3927 sicut
914 3869 1117 3927 Domini
1135 3883 1208 3928 est
1234 3874 1375 3928 salus
1398 3872 1570 3945 (Psal.
1598 3889 1679 3941 ιιι,
1711 3874 1786 3942 9),
1829 3880 1934 3946 qua
1955 3876 2131 3931 salvos

541 3962 688 4019 facit.
717 3965 785 4021 Et
812 3963 927 4020 lucc
950 3972 1034 4020 est
1054 3964 1206 4033 ﬁdes,
1235 3981 1299 4021 ex
1325 3981 1430 4038 qua
1450 3966 1583 4022 etin
1606 3982 1764 4038 quam
1793 3966 1816 3999 ³
1837 3960 2127 4035 revehitur,

544 4072 613 4111 ex
642 4055 746 4112 ﬁde
769 4056 973 4129 scilicet
994 4057 1442 4123 annuntiantium,
1467 4058 1520 4114 in
1544 4058 1701 4115 ﬁdem
1724 4058 2087 4116 obedientium
2112 4077 2127 4116 :

542 4164 647 4219 qua
674 4148 777 4204 ﬁde
816 4148 942 4204 Jesu
990 4147 1210 4215 Christi,
1256 4149 1310 4205 id
1358 4157 1461 4214 est.
1500 4165 1661 4221 quam
1703 4150 1859 4207 nobis
1903 4152 2131 4208 contulit

543 4240 811 4307 Christus,
857 4241 1126 4298 credimus
1167 4256 1235 4297 ex
1281 4240 1393 4298 Deo
1440 4242 1593 4300 nobis
1636 4257 1777 4307 esse,
1816 4242 2132 4314 pleniusque

542 4330 775 4387 futurum
801 4347 921 4387 esse
940 4332 1079 4403 quod
1098 4332 1241 4402 juste
1260 4332 1488 4388 vivimus
1514 4349 1529 4397 ;
1554 4332 1694 4388 unde
1721 4332 1794 4390 illi
1816 4348 1878 4389 ea
1910 4333 2128 4404 pietate,

541 4440 645 4495 qua
674 4425 821 4481 solus
842 4426 1097 4481 colendus
1122 4435 1227 4494 est,
1248 4426 1445 4497 gratias
1470 4425 1698 4497 agimus.

612 4516 839 4574 CAPUT
864 4516 980 4573 ΧΠ.
1006 4547 1079 4558 -
1100 4516 1186 4573 l9.
1214 4516 1446 4588 Cognitio
1476 4517 1570 4572 Dei
1597 4535 1688 4590 per
1711 4529 1989 4576 creaturas.
2017 4520 2126 4577 Lex

542 4609 650 4663 sine
667 4609 849 4681 gratia.
882 4608 991 4664 Nec
1011 4607 1277 4665 immerito
1296 4622 1356 4664 se
1377 4610 1662 4679 Apostolus
1682 4627 1746 4666 ex
1772 4611 1872 4667 hoc
1898 4613 2126 4670 articulo

541 4703 805 4758 convertit
842 4701 907 4757 ad
937 4716 1031 4757 cos
1064 4716 1185 4758 cum
1226 4700 1579 4759 detestatione
1607 4707 2129 4776 commemorandos,

541 4793 631 4875 qui
666 4793 795 4850 vitio
833 4792 946 4860 illo,
987 4792 1129 4864 quod
1156 4794 1401 4863 superius
1429 4796 1745 4865 memoravi,
1789 4797 1933 4855 leves
1961 4809 2017 4856 et
2042 4801 2127 4854 in-

543 4887 672 4950 nati,
695 4900 758 4942 ac
783 4902 877 4956 per
895 4900 956 4942 se
996 4886 1142 4957 ipsos
1164 4886 1311 4942 velut
1348 4901 1443 4957 per
1473 4888 1631 4944 inane
1654 4888 1870 4956 sublati,
1902 4892 1994 4948 ubi
2021 4910 2127 4949 non

539 4980 973 5046 requiescerent,
1017 4977 1111 5035 sed
1156 4978 1310 5036 fracti
1355 4980 1687 5051 dissilireut,
1733 4983 1787 5040 in
1832 4985 2082 5058 ﬁgmenta
2110 4986 2134 5020 ⁸

539 5070 804 5124 idolorum
838 5078 1085 5142 tanquam
1114 5072 1169 5128 in
1199 5071 1405 5144 lapides
1442 5074 1777 5133 deciderunt.
1819 5076 1954 5147 Quia
1984 5082 2127 5137 enim

536 5160 1010 5247 gemmendavcrat
1050 5164 1302 5235 pietatem
1352 5165 1514 5235 ﬁdei,
1555 5184 1659 5240 qua
1703 5170 1816 5228 Deo
1854 5172 2131 5245 justiﬁcati

536 5253 673 5319 grati
717 5267 841 5309 esse
884 5253 1174 5325 debemus,
1210 5258 1356 5314 velut
1392 5262 1720 5318 contrarium
1762 5265 1905 5334 quod
1944 5266 2130 5325 detes-

540 5357 776 5401 L'll'cll'llﬂ‘
795 5346 1128 5405 subinl'erens
1157 5367 1171 5404 :
1203 5348 1476 5407 Revelatur
1509 5355 1666 5421 enim,
1691 5356 1899 5428 ,inquit,
1928 5360 2007 5413 ira
2038 5360 2134 5416 Dei

539 5436 604 5489 tle
631 5436 756 5492 coelo
782 5453 935 5509 super
970 5454 1170 5497 omnem
1205 5443 1513 5513 impietatem
1544 5456 1593 5501 ct
1625 5448 1928 5518 injustitiam
1967 5451 2132 5507 Itami-

606 5683 624 5752 ξ
651 5681 789 5745 mliti,
809 5689 856 5734 et
876 5682 941 5752 in_
953 5680 1207 5752 singulari.
1251 5686 1424 5752 Abest,
1459 5686 1536 5748 in,
1562 5701 1588 5752 ξι
1624 5691 1979 5752 manuscriptis.

604 5747 626 5777 '
652 5752 753 5796 Duo
775 5739 823 5796 ’Θ
859 5739 1067 5811 Belgicis
1102 5739 1439 5811 manuscriptis
1482 5739 1737 5810 omittunt,
1759 5739 2128 5818 qttas'i‘sapicn-

566 5818 635 5856 ΒΓ.

544 5809 565 5863 1
811 5868 929 5922 etin
964 5885 1075 5946 qua.
1123 5873 1442 5946 [intendantur
1479 5888 1537 5921 ex
1587 5876 1938 5936 manuscrij'tis.

607 5932 628 5965 ⁵
648 5932 1012 5989 ωιῐὼιοοηριιδὶδ
1036 5943 1136 5987 διδ..
1159 5936 1442 5992 [νιισιιεεηιίι.

1488 442 1574 499 DE
1616 442 1883 499 Sf’llllTU
1925 441 2011 497 ΕΤ
2053 438 2375 513 ιιΤτΕιιᾼ,
2427 440 2483 497 S.
2525 442 2892 501 AUGUSTINI

2251 572 2370 609 num
2413 574 2583 611 eorum
2623 560 2713 629 qui
2746 560 2998 614 veritatem
3040 557 3093 614 in
3131 561 3380 634 irqustitia
3407 563 3629 620 detinent
3660 581 3678 620 :
3719 569 3848 635 quia

2245 654 2383 720 quod
2403 660 2575 704 notum
2600 661 2672 705 est
2699 648 2814 718 Dei,
2837 652 3158 723 ntanifestum
3184 663 3259 708 est
3285 654 3339 708 in
3364 655 3467 710 illis
3493 671 3511 722 ;
3544 653 3683 712 Deus
3705 660 3847 717 enim

2246 741 2348 794 illis
2372 741 2732 813 mam’festavit.
2761 740 3045 798 lnaisibilia
3061 744 3195 799 enim
3216 747 3347 816 ejus,
3372 763 3405 800 α
3427 758 3661 802 creatura
3687 766 3842 805 mun-

2245 832 2329 896 di,
2372 848 2461 903 per
2502 850 2560 889 ea
2602 850 2717 905 qua:
2742 835 2879 905 facta
2928 844 3079 903 sunt,
3116 836 3371 892 intellecta
3418 840 3842 908 conspiciuntur;

2244 927 2547 995 sempiterna
2585 942 2782 999 quoque
2823 929 2976 983 uirtus
3013 929 3124 998 ejus
3168 944 3231 983 ac
3273 929 3544 997 divinitas,
3583 942 3637 985 ut
3680 932 3698 964 ⁸
3735 931 3844 988 sint

2242 1015 2605 1072 inexcusabiles
2645 1033 2665 1072 :
2692 1018 2812 1089 quia
2847 1028 3200 1090 cognoscentes
3225 1018 3411 1088 Deum,
3455 1038 3557 1076 non
3588 1032 3642 1077 ut
3670 1021 3843 1079 Deum

2242 1110 2651 1180 gloriﬁcaverunt
2669 1151 2684 1175 ,
2716 1122 2801 1164 aut
2827 1112 3019 1181 gratias
3053 1121 3262 1183 egerunt
3286 1155 3302 1180 ,
3330 1114 3421 1169 sed
3445 1125 3758 1170 evanuerunt
3785 1117 3845 1172 in

2243 1201 2627 1272 cogitationibus
2680 1201 2816 1268 suis,
2864 1213 2910 1257 et
2953 1204 3280 1258 obscuratum
3331 1215 3405 1259 est
3456 1206 3703 1276 insipiens
3747 1222 3844 1263 cor

2243 1308 2415 1347 coruus
2439 1308 2460 1347 :
2490 1292 2709 1347 dicentes
2741 1310 2796 1348 se
2828 1310 2938 1349 esse
2970 1296 3255 1367 sapientes,
3280 1295 3422 1351 stulti
3464 1299 3589 1369 {acti
3619 1308 3760 1365 sunt,
3795 1308 3843 1354 et

2243 1395 2553 1442 mutaverunt
2578 1388 2795 1459 gloriam
2822 1388 3217 1459 incorruptibilis
3253 1388 3347 1444 Dei
3373 1391 3425 1444 in
3450 1391 3845 1448 similitudinem

2241 1478 2476 1549 imaginis
2506 1478 2844 1548 corruptibilis
2863 1479 3101 1546 hominis,
3131 1491 3177 1535 et
3206 1482 3485 1545 uoluerunt,
3528 1494 3573 1538 et
3601 1485 3839 1554 quadru-

2244 1570 2447 1639 pedum,
2474 1579 2520 1624 et
2545 1571 2851 1640 serpentium
2881 1570 3053 1645 (Rom.
3075 1588 3114 1639 1,
3149 1573 3362 1641 14-23).
3412 1574 3541 1630 Vide
3567 1575 3835 1645 quemad-

2242 1659 2457 1714 modum
2500 1675 2607 1716 non
2644 1676 2740 1717 eos
2785 1661 2978 1718 dixerit
3000 1665 3238 1719 veritatis
3280 1665 3515 1735 ignaros,
3555 1666 3649 1721 sed
3688 1667 3840 1737 quod

2242 1751 2516 1807 veritatem
2538 1753 2590 1807 in
2611 1752 2886 1824 iniquitate
2907 1754 3252 1812 detinuerint.
3286 1758 3419 1826 Quia
3447 1761 3608 1815 vero'
3634 1776 3836 1816 occur-

2241 1843 2395 1898 rebat
2437 1846 2635 1911 animo,
2667 1854 2726 1901 ut
2753 1857 3085 1917 qumreretur
3114 1848 3254 1904 unde
3282 1849 3390 1905 illis
3432 1865 3555 1907 esse
3598 1853 3840 1923 potuerit

2240 1936 2471 2006 cognitio
2510 1936 2769 2000 veritatis.
2794 1938 2989 2008 quibus
3035 1939 3175 1995 Deus
3218 1940 3394 2010 legem
3423 1957 3530 1998 non
3572 1942 3834 2010 dederat;

2241 2040 2415 2096 neque
2442 2024 2544 2082 hoc
2566 2027 2731 2085 tacuit
2757 2028 2901 2085 unde
2926 2028 3125 2086 habere
3148 2032 3460 2101 potuerint:
3489 2047 3584 2102 per
3603 2034 3838 2090 visibilia

2242 2133 2471 2189 namque
2495 2130 2756 2174 creatura:
2785 2121 3095 2191 pervenisse
3125 2138 3219 2177 eos
3256 2122 3392 2179 dixit
3421 2124 3488 2178 ad
3521 2126 3833 2197 intelligen-

2241 2210 2365 2265 tiam
2415 2211 2755 2266 invisibilium
2787 2211 3110 2269 Creatoris’.
3151 2214 3416 2283 Quoniam
3446 2232 3657 2282 revera,
3691 2220 3838 2274 sicut

2241 2322 2427 2375 magna
2472 2305 2719 2377 ‘ingenia
2767 2323 3010 2377 quaerere
3052 2312 3421 2380 perstiterunt,
3469 2311 3550 2367 sic
3591 2310 3838 2368 invenire

2241 2407 2546 2466 potuerunt.
2597 2398 2697 2454 Ubi
2743 2414 2874 2469 ergo
2916 2400 3201 2469 impietas?
3249 2400 3382 2467 Quia
3428 2401 3678 2459 videlicet
3714 2390 3835 2459 cum

2237 2493 2584 2562 cegnouissent
2616 2490 2811 2567 Deum,
2850 2510 2951 2547 non
3000 2494 3128 2548 sicut
3182 2492 3346 2551 Deum
3394 2496 3832 2567 gloriﬁcauerunt,

2236 2593 2324 2638 aut
2363 2584 2556 2655 gratias
2597 2594 2826 2655 egerunt,
2861 2584 2950 2639 sed
3000 2596 3310 2641 evanuerunt
3349 2587 3401 2641 in
3443 2587 3837 2658 cogitationibus

2237 2676 2361 2731 suis.
2384 2674 2583 2731 Eorum
2606 2676 2821 2747 proprie
2842 2678 3049 2734 vanitas
3073 2678 3295 2733 morbus
3315 2688 3419 2747 est,
3441 2680 3566 2750 quiII
3594 2695 3653 2736 se
3678 2681 3832 2750 ipsos

2235 2764 2521 2834 seducunt,
2551 2765 2679 2821 dum
2722 2766 2971 2823 videntur
3012 2767 3113 2823 sibi
3138 2769 3339 2840 aliquid
3377 2784 3498 2825 esse
3524 2784 3649 2825 cum
3693 2771 3832 2831 nihi.

2236 2859 2345 2916 sint
2373 2858 2571 2930 (Galat.
2611 2875 2689 2928 vs,
2733 2860 2810 2932 3).
2863 2861 3103 2932 Denique
3150 2860 3251 2917 hoc
3304 2870 3515 2919 tumore
3561 2862 3834 2933 superbire

2237 2965 2357 3007 sese
2406 2950 2809 3016 obumbrantcs,
2841 2951 2992 3022 cujus
3034 2951 3225 3022 pedem
3255 2952 3357 3007 sibi
3388 2968 3493 3008 non
3522 2954 3706 3010 venire
3736 2954 3825 3011 de-

2239 3052 2484 3113 precatur
2508 3052 2722 3099 sanctus
2747 3044 2835 3098 ille
2860 3056 3045 3099 cantor
3059 3045 3101 3110 ',
3120 3045 3209 3115 qui
3235 3044 3399 3112 dixit,
3428 3044 3494 3100 In
3519 3047 3712 3100 lumine
3738 3055 3828 3102 tua

2236 3134 2508 3191 videbimus
2537 3135 2707 3190 lumen
2738 3134 2919 3204 (Pcal.
2953 3151 3122 3201 xxxv,
3167 3136 3257 3204 12,
3291 3136 3416 3209 10);
3470 3137 3539 3193 ab
3580 3139 3697 3208 ipso
3743 3138 3832 3195 lu-

2235 3228 2381 3284 mine
2423 3226 2879 3284 incommutabilis
2907 3228 3147 3283 veritatis
3175 3228 3354 3285 aversi
3391 3237 3537 3296 sunt,
3567 3237 3615 3283 et
3642 3228 3830 3284 obscu-

2234 3330 2404 3376 ratum
2444 3328 2519 3375 sst
2563 3318 2806 3390 insipiens
2854 3335 2941 3374 cor
2990 3336 3184 3374 eorum.
3248 3319 3365 3375 Non
3411 3319 3553 3376 enim
3613 3321 3830 3391 sapiens

2234 3427 2349 3478 cor,
2374 3412 2618 3484 quamvis
2643 3412 3018 3483 cognovissent
3054 3412 3260 3479 Deum;
3293 3412 3388 3469 sed
3435 3413 3692 3483 insipiens
3734 3429 3831 3483 po-

2238 3505 2363 3572 tius,
2386 3504 2509 3575 quia
2539 3518 2646 3559 non
2674 3502 2815 3558 sicut
2842 3502 3008 3559 Deum
3035 3503 3485 3573 gloriﬁcaverunt,
3510 3513 3600 3558 aut
3626 3504 3825 3574 gratias

2236 3603 2479 3666 egerunt.
2510 3593 2658 3650 Dixit
2679 3594 2825 3650 enim
2856 3594 3071 3658 liontini,
3105 3593 3235 3648 Ecce
3260 3596 3420 3665 pictas
3440 3604 3512 3649 est
3535 3595 3790 3664 sapientia
3812 3635 3825 3650 .

2236 3702 2301 3743 ac
2328 3702 2424 3757 per
2447 3687 2551 3743 hoc
2592 3687 2810 3744 dicentes
2837 3704 2893 3742 se
2917 3704 3022 3743 esse
3046 3689 3321 3759 sapientes,
3354 3688 3495 3758 quod
3526 3705 3633 3743 non
3671 3688 3822 3743 alitet

2236 3780 2638 3851 intelligendum
2679 3788 2783 3846 est,
2826 3780 2952 3849 nisi,
2998 3780 3099 3837 hoc
3140 3782 3316 3853 ipsum
3360 3782 3465 3838 sibi
3509 3782 3829 3847 tribuentes,

2237 3874 2379 3928 stulti
2406 3874 2530 3945 [acti
2553 3882 2693 3929 sunt.

2307 3965 2399 4022 20.
2427 3966 2547 4023 Jam
2576 3981 2697 4037 qua:
2725 3975 3024 4037 sequuntur
3050 3966 3177 4037 quid
3199 3983 3333 4038 opus
3361 3976 3446 4024 est
3470 3967 3690 4025 dicere?
3723 3967 3832 4027 Per

2237 4059 2378 4115 banc
2413 4059 2614 4130 quippe
2654 4059 2983 4131 impietatem
3015 4060 3091 4116 illi
3136 4060 3403 4127 homines,
3444 4062 3541 4130 illi,
3584 4062 3831 4132 inquatn,

2236 4153 2485 4209 homines
2504 4152 2595 4224 qui
2628 4168 2722 4224 per
2740 4162 3037 4209 creaturam
3055 4153 3362 4212 Creatorem
3382 4170 3710 4225 cognoscere
3734 4170 3832 4225 po-

2239 4253 2474 4309 tuerunt,
2514 4259 2622 4314 quo
2672 4245 2929 4316 prolapsi,
2974 4260 3095 4301 cum
3148 4246 3291 4301 Deus
3334 4248 3580 4317 superbis
3628 4248 3835 4303 resistit

2238 4338 2444 4411 (Jacobi
2464 4354 2539 4406 tv,
2570 4337 2650 4410 6),
2674 4349 2834 4410 atque
2864 4339 2951 4393 ubi
2980 4338 3211 4395 demersi
3234 4341 3394 4406 sint',
3429 4340 3620 4396 melius
3662 4340 3833 4411 ipsius

2238 4431 2493 4503 Epistolis:
2521 4431 2902 4502 consequentia
2939 4430 3156 4498 docent,
3184 4446 3344 4502 quam
3387 4431 3474 4487 hic
3500 4447 3831 4488 commento.

2238 4524 2420 4579 ratur'
2455 4537 2486 4578 a
2513 4522 2687 4578 nobis.
2721 4522 2908 4593 Neque
2934 4521 3076 4578 enim
3108 4523 3211 4578 isto
3240 4538 3405 4594 opere
3444 4523 3583 4580 hanc
3613 4524 3832 4595 Episto—

2241 4617 2345 4670 Iam
2373 4613 2745 4686 exponendam
2777 4614 3134 4684 suscepimus,
3156 4615 3251 4671 sed
3278 4616 3397 4686 ejus
3426 4618 3658 4672 maxime
3686 4620 3835 4673 testi-

2238 4710 2420 4765 monio
2446 4708 2820 4764 demonstrare
2843 4716 3101 4779 quantum
3143 4723 3429 4779 possumus
3456 4711 3694 4775 nitimur,
3726 4730 3836 4768 non

2240 4803 2293 4858 in
2324 4816 2389 4858 eo
2417 4816 2518 4857 nos
2544 4800 2799 4857 divinitus
2826 4800 3066 4871 adjuvari
3104 4801 3171 4857 ad
3196 4802 3520 4872 operandam
3544 4803 3832 4874 justitiam,

2238 4893 2381 4965 quod
2408 4893 2579 4965 legem
2599 4892 2743 4949 Deus
2766 4891 2915 4949 dedit
2941 4893 3154 4963 plenam
3182 4893 3340 4949 bonis
3362 4895 3670 4967 sanctisque
3697 4912 3839 4967 prie-

2238 4986 2443 5056 ceptis;
2471 4983 2565 5040 sed
2593 4984 2737 5056 quod
2763 4984 2877 5055 ipsa
2902 4982 3154 5040 voluntas
3183 4992 3385 5053 nostra,
3416 4985 3535 5042 sine
3561 5001 3667 5058 qua
3700 5002 3833 5057 ope-

2239 5076 2349 5132 rari
2397 5076 2598 5132 bonum
2640 5090 2746 5132 non
2798 5089 3119 5147 possumus,
3169 5075 3452 5148 adjuvetur
3500 5086 3557 5134 et
3598 5080 3834 5150 erigatur

2240 5169 2512 5241 impertita
2537 5168 2733 5240 spiritu
2777 5169 2986 5240 gratim,
3015 5168 3135 5225 sine
3161 5186 3268 5241 quo
3297 5171 3563 5243 adiutorio
3589 5172 3833 5228 doctrina
3879 5208 3887 5223 .

2239 5261 2330 5319 illa
2367 5261 2542 5317 littera
2571 5268 2659 5318 est
2690 5259 2964 5328 occidens,
2990 5262 3120 5349 quia
3144 5277 3268 5319 reos
3296 5265 3474 5334 potius
3509 5266 3835 5338 praevarica-

2304 5446 2486 5513 deiti,
2506 5445 2668 5513 itaut.
2692 5446 2859 5513 Abest,
2877 5446 2967 5508 ita,
2990 5461 3018 5499 a
3039 5455 3148 5513 uss.
3176 5457 3228 5499 et
3249 5462 3277 5499 a
3300 5462 3477 5513 graeco.

2303 5506 2479 5574 fruiti,
2502 5506 2617 5574 quia
2638 5506 3134 5574 occurrebat,
3159 5506 3412 5574 larticbla,
3438 5525 3565 5565 vero.

2305 5571 2328 5604 ³
2344 5571 2451 5621 Sola
2474 5570 2621 5622 editio
2638 5577 2767 5630 bov.,
3050 5570 3305 5626 Creatoris.

2304 5632 2327 5664 ⁸
2348 5641 2399 5682 ιιι
2422 5641 2550 5692 Mss,
2574 5637 2645 5683 sic
2665 5646 2860 5697 magna.

2302 5697 2323 5762 ξ
2348 5702 2477 5754 Lov.,
2503 5707 2611 5759 quo.
2639 5703 2738 5743 Am.
2768 5704 2819 5746 et
2842 5704 2937 5756 Εν..
2963 5697 3076 5762 quia
3103 5712 3120 5751 :
3144 5701 3306 5751 minus
3327 5699 3478 5751 bene.

2302 5756 2323 5787 ⁸
2345 5756 2524 5807 Omnes
2545 5764 2674 5815 Mss,
2699 5765 2933 5807 cantator.

2303 5819 2501 5887 "_t\‘ostri
2526 5832 2700 5869 omnes
2724 5829 2850 5877 Sig-1.,
2895 5829 3034 5881 atque
3075 5823 3157 5875 ubi
3176 5824 3415 5885 demersi,
3464 5828 3654 5887 melius,
3700 5836 3830 5885 διας

2173 5900 2185 5917 ί
2241 5882 2434 5935 omisso,
2457 5879 2566 5927 sint.

2305 5943 2325 5975 ³
2350 5948 2398 5995 ω
2424 5948 2545 6003 3155.,
2575 5955 3019 5999 conruemoz‘antur.
