4202 6534
305 1482 336 1523 ‘t

376 473 485 529 2I3

379 590 542 647 tionis
568 597 734 653 tenet,
770 602 931 659 quam
966 584 1221 658 justiﬁcat
1260 581 1470 656 impios.
1514 580 1646 637 Nam
1686 579 1824 635 sicut
1861 575 1969 632 illis

378 698 475 755 per
541 690 844 740 creaturam
918 678 1296 750 cognitoribus.
1345 673 1617 731 Creatoris
1641 672 1657 704 ι
1722 686 1787 728 ea
1852 668 1966 737 ipsa

377 775 610 846 Cognitio
650 774 784 829 nihil
829 771 1029 843 profuit
1066 769 1135 826 ad
1174 768 1424 833 salutem,
1449 766 1569 836 quia
1610 769 1966 835 cognoscentes

378 865 562 931 Deum,
585 882 687 920 non
709 865 840 929 sicut
864 862 1031 918 Deum
1059 861 1489 935 gloriﬁcaverunt,
1517 864 1606 911 aut
1633 854 1825 928 gratius
1848 867 1969 923 ege-

379 966 520 1023 runt,
554 956 775 1011 dicentes
794 972 849 1011 se
872 971 977 1011 esse
1010 954 1259 1024 sapientes
1279 966 1299 1005 :
1323 951 1391 1006 ita
1413 963 1507 1005 eos
1522 947 1613 1019 qui
1635 961 1732 1018 per
1756 945 1926 1015 legem
1944 944 1966 975 ’

377 1045 1170 1119 cognoscuntquemadmodum
1187 1044 1258 1098 sit
1284 1041 1489 1098 homini
1513 1037 1822 1101 vivendum,
1856 1051 1959 1090 non

370 1140 747 1212 justiﬁeatipsa
762 1138 1015 1209 cognitio,
1036 1137 1158 1208 quia
1180 1135 1397 1190 uolentes
1417 1149 1561 1188 suam
1567 1130 1824 1201 justitiam
1840 1143 1968 1181 con-

374 1232 597 1297 stituere,
626 1231 840 1303 iustitia:
860 1229 957 1284 Dei
985 1245 1085 1283 non
1114 1236 1230 1283 sunt
1249 1226 1460 1297 subjecti
1486 1222 1662 1294 (Rom.
1691 1237 1747 1284 χ,
1775 1220 1851 1290 3).

448 1324 675 1382 CAPUT
724 1323 865 1381 XIII.
918 1351 991 1363 —
1043 1321 1135 1378 2L
1194 1318 1303 1376 Lex
1337 1334 1544 1391 operum
1593 1325 1640 1371 et
1690 1315 1774 1370 [ex
1822 1312 1965 1383 ﬁdei.

380 1422 487 1477 Lex
517 1435 647 1491 ergo
692 1418 976 1485 factorum,
1008 1416 1060 1474 id
1105 1423 1208 1478 est,
1252 1428 1500 1484 Operum,
1529 1425 1625 1482 per
1648 1422 1807 1479 quam
1858 1421 1963 1460 non

327 1497 353 1559 'r
376 1513 676 1569 excluditur
697 1512 782 1567 illa
810 1510 1079 1582 gloriatio,
1110 1516 1165 1565 et
1184 1508 1267 1563 lex
1304 1504 1450 1570 lldei,
1484 1517 1578 1575 per
1598 1515 1758 1573 quam
1783 1497 1964 1555 exclu-

374 1607 538 1673 ditur,
561 1598 836 1676 quo‘inter
862 1618 924 1660 se
952 1600 1219 1668 diﬁ‘erant,
1248 1613 1426 1668 opera:
1455 1596 1682 1667 pretium
1721 1601 1805 1648 est
1831 1606 1966 1647 con-

375 1695 715 1752 siderarezsi
739 1705 917 1751 tamen
955 1692 1193 1749 valemus
1235 1690 1518 1746 advertere
1555 1696 1718 1757 atque
1757 1683 1964 1740 discer-

376 1804 522 1845 nere.
545 1788 663 1845 Cito
682 1786 858 1844 enim'
878 1786 1103 1859 quisque
1121 1783 1315 1841 dixerit
1333 1782 1504 1854 legem
1526 1793 1748 1852 operum
1770 1775 1966 1832 essein

372 1881 669 1949 Jndaismo,
696 1881 866 1952 legem
909 1887 1088 1934 autem
1118 1874 1241 1932 ﬁdei
1281 1875 1335 1930 in
1373 1870 1807 1937 Christianismo,
1834 1881 1966 1938 pro-

377 1983 557 2045 pterea
586 1975 712 2045 quia
754 1970 1092 2029 circumcisio
1129 1977 1430 2038 cmteraque
1468 1977 1634 2036 opera
1665 1961 1791 2018 talia
1831 1959 1961 2029 legis

372 2076 518 2129 sunt,
550 2081 670 2136 qua:
700 2064 1000 2121 Christiana
1033 2062 1148 2134 jam
1171 2060 1453 2131 disciplina
1478 2071 1587 2114 non
1617 2061 1796 2112 servat
1823 2068 1839 2106 :
1871 2051 1968 2107 sed

372 2164 629 2227 quantum
649 2152 799 2211 fallat
813 2155 915 2212 ista
932 2153 1203 2219 discretio,
1214 2153 1326 2222 jam
1341 2149 1432 2207 diu
1449 2147 1665 2220 quidem
1683 2156 1769 2203 est
1787 2152 1846 2200 ut
1862 2158 1969 2199 mo-

374 2251 531 2306 limur
546 2249 850 2316 ostendere,
868 2258 923 2306 et
938 2247 1108 2303 acutis
1122 2246 1189 2301 ad
1205 2240 1649 2317 dignoscendum,
1664 2238 1862 2309 tibique
1875 2252 1969 2307 po-

376 2344 639 2401 Iissimum
668 2359 731 2399 ac
758 2343 953 2398 talibus
981 2340 1208 2397 fortasse
1226 2338 1337 2410 jam
1362 2334 1731 2393 ostendimus:
1755 2346 1969 2387 verum-

376 2445 552 2493 tamen
579 2436 829 2507 quoniam
861 2450 949 2490 res
979 2447 1167 2504 magna
1196 2438 1301 2498 est,
1329 2444 1435 2485 non
1466 2427 1883 2499 incongruenter
1913 2421 1966 2479 in

379 2543 442 2584 ea
474 2524 862 2583 manifestanda
888 2525 1127 2599 pluribus
1147 2523 1308 2579 etiam
1335 2528 1497 2592 atque
1532 2518 1697 2575 etiam
1723 2516 1968 2573 testimo-

377 2619 479 2674 niis
505 2619 868 2673 immoramur.
889 2615 1062 2688 Ipsam
1077 2615 1224 2672 enim
1238 2611 1369 2669 dicit
1389 2612 1565 2684 legem
1590 2625 1654 2666 ex
1680 2623 1784 2679 qua
1809 2621 1969 2664 nemo

372 2713 712 2783 justiﬁcatur,
743 2728 903 2785 quam
928 2711 1058 2769 dicit
1095 2710 1427 2766 subintrasse
1465 2715 1525 2763 ut
1547 2705 1847 2771 abundaret
1872 2704 1970 2763 de-

376 2806 561 2862 lictum
581 2804 756 2878 (Rom.
778 2822 833 2871 v,
850 2805 968 2875 20),
990 2819 1149 2876 quam
1177 2811 1355 2859 tamen
1380 2816 1449 2858 ne
1473 2801 1757 2874 quisquam
1778 2799 1848 2856 ob
1867 2798 1971 2856 hoc

378 2898 655 2969 imperitus
681 2905 926 2969 argueret
963 2902 1021 2952 et
1059 2894 1352 2965 sacrilegus
1388 2900 1699 2959 accusaret,
1731 2889 1971 2946 defendit

376 3005 532 3056 eam,
577 2988 797 3044 dicens:
827 3005 847 3042 ι
884 2987 1021 3057 Quid
1064 3003 1191 3058 ergo
1238 2984 1510 3042 dicemus?
1535 2985 1646 3041 Lex
1694 2992 1969 3055 peccatum

378 3080 498 3136 est?
523 3080 712 3136 Absit:
735 3079 829 3135 sed
857 3088 1135 3150 peceatum
1162 3092 1265 3135 non
1283 3077 1507 3149 cognovi
1526 3075 1627 3133 nisi
1647 3091 1741 3146 per
1758 3076 1966 3146 legem:

379 3190 500 3229 nam
520 3173 1006 3244 concupiscentiam
1029 3171 1332 3228 nesciebam
1361 3169 1462 3226 nisi
1493 3169 1580 3225 lex
1604 3168 1828 3234 diceret,
1850 3166 1968 3225 Non

377 3267 745 3337 concupisces.
769 3264 1063 3323 Occasione
1089 3265 1267 3335 itaque
1287 3270 1503 3334 accepta
1524 3305 1540 3331 ,
1576 3268 1850 3333 peceatum
1874 3276 1971 3332 per

378 3356 683 3413 mandatum
712 3365 989 3427 operatum
1011 3365 1094 3413 est
1124 3355 1177 3410 in
1205 3370 1292 3411 me
1331 3369 1545 3410 omnem
1584 3353 1970 3427 concupiscen-

376 3450 526 3505 tiam.
563 3466 583 3502 ι
618 3448 755 3505 Dicit
779 3449 970 3517 etiam,
1007 3465 1027 3501 ι
1075 3446 1189 3504 Lex
1232 3445 1448 3520 quidem
1481 3456 1697 3514 sancta,
1724 3455 1779 3503 et
1820 3463 1972 3503 man-

374 3542 558 3602 datum
588 3554 828 3608 sanctum
859 3550 913 3601 et
929 3542 1133 3616 justum
1154 3552 1208 3601 et
1235 3543 1468 3607 bonum;
1494 3541 1588 3598 sed
1615 3549 1889 3613 peccatum
1916 3550 1974 3598 ut

378 3650 629 3712 appareat
673 3649 983 3712 peccatum,
1010 3654 1108 3711 per
1149 3638 1351 3693 bonum
1395 3635 1524 3692 mihi
1567 3642 1849 3707 operatum
1890 3646 1973 3692 est

379 3744 606 3791 mortem
642 3753 663 3787 ι
693 3732 802 3807 (Id.
832 3749 905 3788 vn
925 3775 942 3802 ,
971 3731 1135 3803 7-13).
1169 3732 1286 3802 Ipsa
1314 3739 1399 3786 est
1439 3744 1570 3801 ergo
1609 3729 1787 3785 littera
1827 3731 1971 3785 oet-i—

378 3829 546 3889 dens,
575 3843 692 3898 qua:
734 3827 893 3893 dicit,
931 3845 952 3881 ι
989 3825 1104 3882 Non
1141 3824 1532 3897 concupisces:
1565 3841 1584 3875 ι
1614 3822 1685 3879 de
1709 3838 1813 3893 qua
1842 3823 1970 3880 item

381 3919 511 3977 dicit
554 3919 696 3992 quod
742 3919 899 3991 paulo
941 3926 1066 3975 ante
1109 3915 1560 3984 commemoravi,
1599 3934 1620 3969 ι
1658 3916 1760 3971 Per
1800 3915 1971 3986 legem

380 4013 523 4070 enim
552 4012 786 4084 cognitio
825 4010 1050 4082 peccati.
1082 4009 1232 4065 Nunc
1255 4016 1434 4064 autem
1464 4007 1582 4064 sine
1611 4006 1730 4077 lege
1768 4005 1973 4076 justitia

381 4104 475 4160 Dei
498 4103 827 4159 manifestata
856 4110 970 4171 est,
995 4100 1273 4158 testiﬁcata
1298 4115 1396 4172 per
1420 4098 1619 4170 Legem
1645 4108 1700 4154 et
1726 4098 1972 4169 Prophe-

380 4205 492 4260 tas,
519 4195 723 4266 justitia
746 4204 923 4251 autem
964 4194 1058 4249 Dei
1087 4209 1180 4264 per
1213 4192 1374 4249 ﬁdem
1400 4191 1528 4247 Jesu
1557 4190 1749 4246 Christi
1776 4190 1828 4246 in
1858 4205 1975 4245 om-

380 4306 478 4346 nes
522 4289 610 4362 qui
664 4287 890 4345 credunt
918 4305 932 4343 :
962 4301 1065 4342 non
1111 4285 1254 4342 enim
1299 4293 1383 4341 est
1425 4283 1718 4340 distinctio.
1775 4282 1973 4339 Omnes

379 4384 525 4439 enim
579 4390 963 4453 peccaverunt,
1010 4388 1065 4436 et
1113 4387 1272 4450 egent
1322 4377 1489 4449 gloria
1545 4375 1972 4445 Dei:justiﬁcati

379 4476 547 4547 gratis
571 4491 665 4546 per
686 4474 912 4546 gratiam
941 4473 1105 4545 ipsius
1124 4513 1140 4538 ,
1165 4486 1259 4541 per
1288 4469 1713 4539 redemptionem
1747 4484 1868 4538 quae
1889 4476 1972 4524 est

381 4568 439 4623 ln
460 4566 672 4622 Christo
692 4565 849 4630 Jesu;
868 4580 1026 4635 quem
1045 4561 1322 4634 proposuit
1339 4562 1478 4619 Deus
1500 4560 1927 4632 propitiatorium
1952 4560 1973 4592 ⁵

382 4676 479 4731 per
510 4657 666 4714 ﬁdem
694 4659 748 4713 in
767 4657 1027 4728 sanguine
1046 4655 1245 4724 ipsius,
1274 4654 1339 4709 ad
1362 4653 1724 4711 ostensioucm
1750 4654 1970 4723 justitim

380 4753 526 4824 ejus.
556 4760 774 4823 propter
800 4749 1132 4822 propositum
1180 4747 1596 4820 prmccdentium
1628 4744 1968 4817 peccztittrttttt

383 4846 438 4901 in
480 4844 570 4899 Dei
606 4844 891 4913 patientia,
914 4840 979 4897 ad
1006 4838 1392 4898 ostendendam
1418 4838 1680 4909 justitiam
1726 4840 1890 4909 ipsius
1921 4839 1973 4894 in

383 4938 487 4992 hoc
509 4944 784 5005 tempore,
815 4941 873 4988 ut
911 4933 981 4987 sit
1012 4933 1188 5003 justus
1211 4941 1266 4986 et
1303 4930 1596 5001 iustiﬁcans
1624 4947 1745 4987 cum
1788 4932 1877 5001 qui
1909 4948 1972 4988 cx

384 5030 489 5086 ﬁde
514 5038 598 5086 est
623 5028 770 5085 Jesu.
809 5044 829 5081 ι
861 5026 1062 5083 Deinde
1099 5023 1361 5083 subinl‘ert
1387 5024 1527 5079 unde
1555 5040 1698 5080 nunc
1722 5025 1930 5096 agimus
1954 5043 1969 5081 :

388 5139 410 5173 ι
445 5120 543 5177 Ubi
572 5126 656 5176 est
692 5133 820 5190 ergo
843 5117 1090 5189 gloriatio
1129 5115 1257 5172 tua?
1283 5116 1511 5172 Exclusa
1535 5124 1636 5171 est.
1681 5115 1785 5171 Per
1812 5131 1971 5187 quam

385 5210 592 5285 legem?
621 5209 919 5266 laetorum?
942 5208 1058 5265 Non
1076 5249 1090 5274 ,
1121 5206 1218 5264 sed
1242 5223 1334 5278 per
1353 5206 1527 5279 legem
1551 5205 1674 5263 ﬁdei
1703 5225 1722 5259 ι
1755 5205 1867 5277 (id.
1893 5223 1969 5271 ιιι,

384 5304 476 5370 20;
501 5301 615 5377 27).
644 5303 754 5360 Lex
783 5317 915 5374 ergo
945 5302 1044 5357 ista
1072 5299 1334 5357 factorum
1362 5300 1471 5370 ipsa
1521 5308 1604 5355 est
1647 5316 1766 5371 quae
1809 5299 1969 5367 dicit,

388 5395 508 5450 Non
533 5395 887 5466 concupisces:
911 5393 1034 5464 quia
1076 5407 1171 5462 per
1199 5391 1340 5446 illam
1381 5390 1616 5463 cognitio
1644 5394 1842 5462 peccati
1871 5400 1971 5447 est.

388 5475 520 5543 Volo
545 5486 705 5557 igitur
731 5486 903 5554 scire,
935 5485 980 5542 si
1005 5485 1128 5556 quis
1171 5483 1301 5539 mihi
1333 5482 1511 5539 dicere
1541 5484 1769 5550 amicat,
1796 5493 1972 5541 utrum

387 5580 469 5635 lex
501 5578 621 5634 ﬁdei
651 5595 754 5632 non
781 5578 951 5647 dicat,
977 5576 1099 5632 Non
1125 5577 1464 5647 concupisces.
1500 5575 1555 5630 Si
1587 5577 1728 5631 enim
1761 5591 1865 5630 non
1893 5575 1975 5630 di-

388 5670 460 5730 cit
479 5714 494 5734 .
525 5671 650 5743 quid
676 5687 851 5727 causre
876 5680 960 5726 est
982 5686 1080 5727 cur
1116 5684 1223 5725 non
1251 5669 1302 5723 in
1336 5685 1399 5726 ea
1430 5668 1585 5738 positi
1615 5668 1786 5723 securi
1814 5679 1972 5738 atque

449 5807 469 5841 ί
494 5806 644 5856 Nostri
660 5817 831 5853 omnes
848 5805 1152 5866 manuscripti
1175 5806 1419 5861 omittunt,
1441 5808 1608 5852 ("recto
1638 5801 1696 5851 is.

450 5868 473 5900 ⁸
494 5870 574 5918 Hic
589 5868 705 5917 editi
730 5868 925 5923 adduxti,
958 5874 1056 5917 Det.

454 5931 473 5996 τε
498 5939 603 5980 Iov.
631 5944 738 5979 cum
758 5928 999 5996 nonnullis
1022 5938 1162 5996 uss...
1178 5935 1307 5975 recte
1332 5928 1474 5977 enim.

453 5993 471 6025 "
492 6002 608 6043 tres
631 6010 658 6044 υ
680 6002 698 6037 ι
713 5995 823 6041 aiic.
840 6000 927 6041 \tss
950 6024 964 6051 ,
985 5993 1356 6054 pmpt'tt'uto-t'm.

1800 458 2005 518 LIBER
2047 455 2247 515 υιςυε.

3564 455 3673 513 ΞΗ»

2080 572 2299 644 impune
2339 569 2653 641 peccemus?
2673 568 2785 625 lloe
2806 568 2950 625 enim
2979 577 3033 627 ct
3064 569 3136 626 illi
3170 578 3490 642 putaverunt
3520 570 3670 642 Apo.

2078 662 2274 718 stolum
2301 660 2481 718 dicere
2502 703 2515 728 ,
2541 660 2612 718 de
2640 660 2830 733 quibus
2857 663 2929 717 ait
2954 681 2966 717 :
2993 658 3062 717 Et
3087 664 3214 716 sicut
3239 666 3416 717 dicunt
3436 677 3528 716 nos
3559 663 3670 732 qui-

2077 756 2196 809 dam
2224 754 2391 810 dicere
2412 796 2428 822 ,
2459 755 2707 826 faciamus
2742 756 2878 809 mala
2897 797 2911 822 ,
2939 764 2992 809 ut
3018 755 3220 810 ueniant
3258 756 3390 810 bona
3409 797 3424 820 ,
3452 771 3670 824 quorum

2066 846 2322 917 judicium
2333 847 2531 918 justum
2554 856 2625 900 est
2649 847 2664 878 ⁸
2683 846 2859 918 (Rom.
2884 862 2959 913 Ill,
2982 845 3060 919 8).
3087 846 3140 903 Si
3162 855 3340 902 autem
3365 846 3671 905 dicitctiam

2076 938 2226 1009 ipsa,
2259 935 2384 993 Non
2426 937 2780 1008 concupisces;
2817 938 2960 994 sicut
3008 948 3112 993 tam
3143 941 3164 970 ²
3197 936 3363 994 multa
3404 948 3669 1008 praecepta

2074 1030 2382 1102 evangelica
2425 1038 2479 1086 et
2524 1032 2818 1103 apostolica
2867 1030 3138 1088 testiﬁcari
3187 1040 3241 1087 et
3285 1032 3520 1089 clamare
3563 1048 3669 1090 non

2075 1131 2514 1193 cessantzquare
2569 1124 2658 1180 lex
2717 1115 2976 1179 factorum
3014 1123 3175 1180 etiam
3222 1123 3337 1197 ipsa
3382 1139 3489 1182 non
3537 1124 3671 1180 diri-

2077 1215 2200 1270 tur?
2228 1214 2411 1286 Neque
2446 1215 2591 1271 enim
2617 1215 2737 1287 quia
2775 1233 2878 1272 non
2909 1215 3072 1271 habet
3113 1231 3278 1285 opera
3320 1225 3559 1272 veterum
3587 1231 3672 1270 sa-

2074 1315 2471 1361 cramentorum
2499 1348 2514 1374 ,
2540 1306 2964 1363 circumcisionis
3011 1306 3258 1363 videlicet
3298 1316 3461 1378 atque
3506 1317 3668 1363 ca'tc-

2076 1412 2280 1463 rorum,
2310 1396 2433 1454 ideo
2463 1412 2570 1454 non
2600 1408 2725 1453 sunt
2750 1412 2913 1469 opera
2941 1414 3063 1469 qua:
3092 1398 3250 1454 habet
3275 1399 3328 1454 in
3360 1413 3669 1455 sacramen-

2078 1488 2146 1544 tis
2170 1490 2282 1546 suis
2302 1488 2428 1546 huic
2458 1472 2698 1561 tempori‘
2713 1490 2733 1522 ³
2757 1490 3037 1562 congruis;
3059 1500 3153 1547 aut
3176 1507 3303 1548 vero
3326 1491 3395 1548 de
3418 1492 3673 1563 operibus

2076 1590 2534 1639 sacramentorum
2564 1586 2792 1656 quaestio
2818 1581 2935 1652 fuit,
2966 1583 3181 1656 quando
3209 1584 3411 1640 mentio
3441 1584 3573 1656 legis
3600 1586 3671 1641 ob

2078 1671 2180 1728 hoe
2225 1672 2413 1740 ﬁebat,
2447 1673 2569 1746 quia
2598 1689 2695 1745 per
2745 1674 2915 1745 ipsam
2943 1675 3179 1747 cognitio
3220 1674 3428 1747 peccati
3471 1686 3585 1743 est,
3615 1686 3672 1734 et

2075 1763 2194 1821 ideo
2217 1779 2284 1820 ex
2312 1781 2377 1821 ea
2404 1781 2564 1822 nemo
2581 1766 2907 1838 justiﬁcatur
2935 1768 3115 1825 :unde
3140 1784 3247 1827 non
3280 1785 3375 1840 per
3401 1770 3543 1826 illam
3572 1785 3672 1826 ex-

2075 1856 2217 1911 clusa
2246 1865 2330 1913 est
2347 1856 2617 1929 gloriatio,
2647 1858 2740 1915 sed
2767 1874 2861 1930 per
2885 1858 3057 1932 legem
3083 1858 3241 1928 ﬁdei,
3270 1875 3334 1916 ex
3368 1876 3467 1931 qua
3493 1859 3672 1931 justus

2074 1948 2222 2004 vivit.
2250 1947 2359 2005 Sed
2385 1949 2641 2021 numquid
2666 1959 2721 2007 et
2746 1965 2844 2022 per
2872 1951 3027 2007 isram
3068 1965 3174 2007 non
3206 1951 3263 2031 tit
3285 1952 3519 2024 cognitio
3548 1966 3671 2024 pec-

2073 2042 2201 2111 cati,
2231 2057 2352 2099 cum
2385 2051 2443 2102 et
2466 2044 2582 2116 ipsa
2606 2044 2771 2113 dicat,
2801 2043 2926 2101 Non
2952 2046 3313 2119 concupisces?

2144 2133 2235 2189 32.
2262 2134 2399 2202 Quid
2422 2135 2579 2207 igitur
2603 2136 2846 2201 interest,
2875 2135 3109 2194 breviter
3136 2137 3329 2194 dicam.
3353 2137 3510 2207 Quod
3533 2152 3670 2210 opc~

2076 2241 2194 2281 rum
2236 2226 2319 2284 lex
2360 2227 2615 2284 minando
2657 2228 2918 2298 imperat,
2960 2227 3065 2285 hoc
3094 2227 3218 2286 ﬁdei
3273 2229 3359 2287 lex
3397 2229 3670 2287 credendo

2076 2318 2345 2391 impetrat.
2392 2319 2488 2376 Illa
2512 2320 2669 2388 dicit,
2697 2318 2819 2375 Non
2845 2321 3169 2392 concupisces
3198 2319 3394 2395 (Exod.
3418 2338 3511 2390 xx,
3539 2320 3666 2393 I'l);

2076 2412 2174 2469 ista
2200 2412 2360 2480 dicit,
2390 2411 2517 2468 Cum
2555 2414 2735 2468 scirem
2767 2415 2888 2485 quia
2912 2429 3058 2469 nemo
3085 2430 3195 2469 esse
3220 2422 3383 2485 potest
3411 2414 3671 2473 continens

2074 2502 2172 2558 nisi
2193 2500 2331 2559 Deus
2361 2504 2465 2571 det,
2496 2511 2542 2559 et
2579 2502 2675 2558 hoc
2710 2503 2881 2573 ipsum
2906 2512 3013 2558 erat
3041 2504 3304 2577 sapientia
3325 2543 3340 2570 ,
3366 2504 3496 2560 scire
3522 2505 3671 2576 cujus

2080 2602 2205 2649 esset
2252 2593 2349 2650 hoc
2388 2593 2617 2662 donum;
2646 2594 2754 2650 adii
2798 2594 3104 2663 Dominum,
3149 2604 3198 2652 et
3241 2595 3538 2669 deprecatus
3557 2612 3671 2652 sum

2076 2688 2234 2759 (Sap.
2264 2704 2381 2759 vui,
2409 2687 2527 2762 21).
2555 2687 2674 2761 Ipsa
2702 2698 2786 2746 est
2815 2689 2902 2746 illa
2926 2689 3186 2761 sapientia
3211 2704 3331 2762 quae
3357 2690 3528 2761 pietas
3566 2706 3668 2746 vo-

2076 2788 2246 2849 catur,
2266 2795 2369 2852 qua
2395 2780 2587 2838 colitur
2610 2780 2768 2837 Pater
2782 2781 3066 2849 luminum,
3094 2796 3125 2836 a
3150 2796 3257 2854 quo
3280 2789 3364 2839 est
3386 2796 3548 2838 omne
3575 2781 3672 2837 da-

2079 2877 2190 2927 tum
2213 2871 2505 2943 optimum,
2529 2879 2583 2929 et
2615 2886 2778 2929 omne
2813 2872 3012 2928 donum
3053 2871 3347 2945 perfectum
3389 2871 3593 2946 (Jacobi
3629 2891 3669 2938 ι,

2078 2963 2191 3036 l7).
2220 2961 2428 3021 Colitur
2453 2974 2631 3021 autem
2656 2964 2921 3022 sacriﬁcio
2946 2964 3120 3021 laudis
3138 2965 3475 3045 actionisque
3504 2963 3526 2996 ⁸
3550 2981 3671 3037 gra-

2077 3054 2291 3124 tiarum,
2323 3064 2379 3113 ut
2397 3056 2571 3112 cultor
2591 3055 2707 3127 ejus
2732 3071 2839 3113 non
2869 3056 2923 3112 in
2947 3070 3008 3113 se
3045 3056 3185 3128 ipso,
3212 3054 3312 3115 sed
3352 3055 3408 3116 in
3442 3055 3533 3116 illo
3552 3055 3672 3132 glo-

2077 3150 2242 3204 rietur
2272 3148 2339 3223 (ll
2359 3149 2476 3205 Cor.
2503 3165 2558 3219 x,
2583 3151 2694 3225 l7).
2738 3151 2818 3209 Ac
2846 3164 2942 3224 per
2988 3148 3092 3208 hoc
3129 3151 3248 3224 lege
3274 3166 3500 3223 operum
3544 3153 3672 3208 dicit

2076 3240 2385 3307 Deus,Fac
2412 3240 2552 3315 quod
2597 3243 2800 3315 jubeo:
2828 3244 2944 3315 lege
2999 3242 3122 3300 ﬁdei
3170 3243 3368 3301 dicitur
3416 3245 3547 3313 Deo,
3596 3246 3669 3301 lia

2074 3334 2217 3406 quod
2240 3334 2417 3407 jubes.
2452 3335 2575 3393 Ideo
2605 3336 2749 3393 enim
2775 3336 2927 3409 jubet
2955 3337 3066 3407 lex,
3116 3346 3175 3394 ut
3203 3336 3489 3396 admoneat
3528 3341 3673 3411 quod

2075 3426 2235 3484 faciat
2253 3427 2415 3495 ﬁdes;
2447 3428 2499 3484 id
2524 3437 2640 3494 est,
2672 3440 2730 3486 ut
2754 3430 2840 3485 cui
2862 3429 3102 3501 jubctur,
3134 3430 3180 3487 si
3203 3431 3441 3489 nondum
3465 3441 3663 3505 potest.

2078 3519 2211 3575 sciat
2227 3520 2355 3591 quid
2399 3528 2543 3592 petat
2573 3538 2587 3575 :
2617 3520 2663 3576 si
2692 3529 2871 3577 autem
2918 3522 3174 3578 continuo
3221 3530 3426 3594 potest,
3461 3533 3518 3580 et
3544 3524 3673 3580 obe—

2077 3612 2287 3670 dienter
2309 3612 2459 3682 facit,
2487 3614 2646 3673 debet
2673 3615 2831 3671 etiam
2882 3616 3021 3672 scire
3063 3631 3171 3688 quo
3200 3616 3437 3676 donante
3477 3620 3672 3691 possit.

2080 3703 2204 3760 Non
2238 3706 2372 3760 enim
2413 3706 2650 3778 spiritum
2689 3706 2845 3779 hujus
2871 3707 3048 3763 mundi
3089 3708 3401 3778 accepimus,
3426 3711 3502 3766 ait
3529 3711 3671 3767 idem

2078 3797 2193 3869 ipse
2222 3798 2685 3855 constantissimus
2709 3797 2897 3870 gratia:
2928 3797 3280 3869 praedicator;
3308 3800 3401 3857 sed
3436 3802 3675 3874 spiritum

2076 3891 2166 3962 qui
2188 3907 2253 3946 ea:
2276 3890 2387 3947 Deo
2413 3900 2507 3960 est,
2532 3900 2588 3946 ut
2612 3892 2832 3948 sciamus
2855 3906 2970 3961 quas
2993 3908 3026 3947 a
3051 3891 3163 3948 Deo
3203 3892 3396 3949 donata
3434 3905 3552 3952 sunt
3579 3911 3674 3950 no-

2078 3982 2154 4038 bis
2183 3981 2226 4057 (l
2253 3982 2370 4038 Cor.
2404 3998 2463 4047 ιι,
2496 3980 2608 4058 l2).
2635 3983 2768 4053 Quis
2796 3991 2879 4040 est
2905 3991 3083 4041 autem
3105 3985 3327 4056 spiritus
3354 3987 3538 4042 mundi
3580 3987 3676 4042 hu.

2075 4075 2181 4148 jus,
2213 4075 2319 4132 nisi
2345 4076 2612 4149 superbiae
2635 4076 2894 4148 spiritus?
2922 4076 3040 4147 Quo
3065 4093 3158 4134 cor
3184 4077 3445 4149 insipiens
3473 4080 3671 4136 obscu.

2080 4178 2257 4224 ratum
2282 4177 2365 4225 est
2390 4182 2608 4238 eorum,
2648 4169 2739 4241 qui
2766 4168 3037 4243 cognitum
3064 4170 3233 4227 Deum
3264 4186 3371 4228 non
3402 4180 3463 4227 ut
3505 4172 3675 4230 Deum

2079 4258 2277 4332 gratias
2296 4260 2504 4333 agendo
2530 4260 2967 4332 gloriﬁcaverunt
2996 4279 3009 4316 :
3034 4277 3135 4319 nec
3167 4262 3275 4318 alio
3303 4263 3498 4334 spiritu
3521 4264 3673 4322 deci-

2078 4351 2298 4426 piuntur
2322 4352 2484 4408 etiam
2524 4352 2637 4421 illi,
2690 4353 2783 4425 qui
2834 4353 3145 4426 ignorantes
3177 4355 3273 4411 Dei
3313 4355 3573 4427 justitiam
3622 4366 3678 4414 et

2079 4458 2230 4499 suam
2251 4443 2512 4514 justitiam
2542 4445 2782 4503 volentes
2808 4446 3157 4512 constituere,
3191 4447 3418 4518 justitiae
3447 4449 3543 4506 Dei
3569 4467 3676 4506 non

2079 4543 2206 4591 sunt
2245 4535 2491 4607 subjecti.
2534 4534 2692 4594 Unde
2741 4538 2872 4593 mihi
2923 4538 3136 4596 videtur
3178 4541 3350 4612 magis
3390 4556 3513 4611 esse
3554 4542 3676 4599 Iidci

2081 4629 2242 4696 ﬁlius,
2273 4631 2365 4702 qui
2409 4631 2557 4686 novit
2582 4646 2612 4685 a
2638 4646 2745 4702 quo
2785 4641 2966 4703 speret
3008 4632 3151 4704 quod
3198 4633 3436 4690 nondum
3478 4634 3674 4704 habet,

2079 4735 2237 4793 quam
2264 4721 2353 4791 qui
2378 4720 2482 4778 sibi
2507 4721 2690 4778 tribuit
2714 4720 2765 4777 id
2794 4721 2938 4794 quod
2962 4723 3152 4778 habet:
3179 4725 3425 4795 quamvis
3461 4727 3676 4797 utrique

2082 4812 2270 4868 horum
2300 4812 2660 4882 prtel'erendus
2687 4813 2792 4881 sit,
2831 4814 2921 4884 qui
2966 4822 3021 4870 et
3047 4814 3207 4871 habet
3234 4825 3291 4871 et
3329 4817 3479 4872 novit
3508 4833 3536 4871 a
3565 4835 3673 4888 quo

2082 4903 2273 4971 habet;
2302 4904 2348 4960 si
2380 4913 2558 4961 tamen
2601 4920 2707 4961 non
2738 4920 2800 4962 se
2833 4905 3019 4963 credat
3057 4921 3179 4964 esse
3200 4908 3222 4941 ⁸
3251 4910 3394 4980 quod
3440 4911 3677 4967 nondunt

2081 5005 2195 5063 est;
2224 5011 2293 5053 ne
2313 4997 2515 5054 incidat
2544 4998 2599 5055 in
2643 4998 2829 5055 vitium
2867 4998 3013 5056 illius
3053 5000 3330 5071 pltarisazi,
3376 5003 3468 5075 qui
3510 5021 3680 5076 quan-

2080 5103 2239 5162 quam
2270 5089 2379 5145 Deo
2402 5090 2601 5161 gratias
2629 5100 2813 5162 agent
2830 5107 2895 5147 ex
2929 5090 2993 5148 iis
3017 5107 3138 5165 qua;
3163 5093 3415 5165 habebat,
3440 5097 3569 5154 nihil
3594 5093 3678 5153 ta-

2080 5195 2205 5237 men
2232 5180 2445 5252 petebat
2486 5180 2603 5236 dari
2646 5182 2768 5250 sibi,
2803 5189 3053 5256 tanquam
3099 5185 3270 5242 nihilo
3306 5187 3570 5260 indigeret
3610 5189 3676 5243 ad

2080 5264 2376 5344 augendam
2409 5270 2850 5342 perﬁciendamve
2888 5275 3151 5346 justitiam
3193 5277 3350 5352 (Luc.
3382 5296 3536 5348 xvm,
3581 5266 3673 5349 H,

2086 5367 2194 5438 12).
2225 5367 2318 5422 llis
2358 5366 2518 5439 igitur
2543 5368 2896 5426 consideratis
2926 5373 3376 5445 pcrtractatisqne
3417 5390 3515 5445 pro
3544 5376 3676 5433 viri-

2081 5459 2181 5517 bus
2209 5475 2341 5533 quas
2384 5458 2641 5518 Dominus
2664 5460 2869 5518 donare
2909 5461 3180 5534 dignatur,
3225 5466 3523 5539 colligimus
3564 5481 3675 5524 non

2700 5564 2717 5587 ἱ

2145 5618 2162 5653 ι
2189 5616 2413 5682 Plerique
2437 5624 2563 5682 Mss,
2588 5630 2789 5682 quorum
2806 5617 3050 5669 damnatio
3061 5618 3199 5680 justo
3217 5623 3305 5682 est.

2106 5742 2118 5754 ο
2144 5682 2166 5713 ⁸
2190 5680 2487 5742 manuSeripti
2510 5680 2609 5730 non
2625 5680 2823 5743 habent,
2847 5688 2978 5743 tam;
2995 5692 3163 5744 neque
3183 5680 3233 5730 id
3256 5680 3403 5739 infra,
3426 5685 3474 5731 et
3495 5688 3685 5742 arm

2079 5740 2326 5865 ιωῗέάἱιῑ,
2352 5802 2583 5862 him?ij
2604 5802 2849 5868 tempori._
2873 5806 3035 5860 Abest,
3049 5801 3176 5863 jam,
3200 5816 3229 5851 a
3264 5803 3625 5852 manuscrintts.

2145 5867 2166 5898 ⁸
2190 5876 2367 5916 omnes
2390 5870 2497 5915 fere
2522 5873 2649 5921 Mss,
2676 5865 3044 5927 actionibusque.

2146 5933 2166 5963 ³
2194 5941 2309 5983 Item
2338 5934 2452 5980 editi
2499 5928 2741 5978 altlehant
2768 5942 2826 5977 co
2852 5925 2973 5989 loco,
3019 5926 3062 5976 si
3099 5930 3255 5976 tamen
3296 5939 3385 5976 non
3423 5938 3472 5973 se
3516 5925 3694 5975 credat

2066 5988 2174 6051 jam
2203 6010 2226 6036 τ’
2254 6009 2319 6045 sr.
