4202 6548
507 485 613 551 213

508 601 785 674 iustificari
834 600 1104 656 hominem
1166 600 1446 673 prmecptis
1498 601 1653 656 boum
1680 597 1951 654 vitae-nisi
2003 612 2096 667 per

511 693 669 749 ﬁdem
699 693 824 750 lese
853 691 1085 757 Christi,
1110 693 1212 748 hoc
1240 701 1323 749 est
1342 734 1356 757 ,
1390 707 1496 747 non
1539 692 1659 763 lege
1702 706 1921 761 operum
1941 730 1956 755 ,
2001 689 2095 744 sed

511 785 631 841 ﬁdet
658 802 672 850 ;
707 801 810 840 non
843 786 1017 841 littera
1039 829 1054 853 ,
1079 785 1172 840 sed
1197 785 1418 856 spiritu;
1444 799 1550 839 non
1579 783 1836 839 factorum
1865 781 2091 847 meritis,

512 876 605 933 sed
636 886 864 948 gratuita
893 876 1082 946 gratia.

581 968 808 1026 CAPUT
862 967 1000 1024 XIV.
1029 997 1096 1008 —
1144 967 1235 1022 25.
1289 965 1577 1038 Dccaiogus
1622 981 1819 1036 quoque
1886 962 2091 1030 occidit,

512 1062 613 1116 nisi
641 1062 772 1116 adsit
794 1063 978 1134 gratia.
1006 1061 1260 1130 Quamvis
1283 1062 1480 1132 itaque,
1509 1060 1629 1115 illos
1655 1059 1845 1130 quibus
1866 1058 2098 1114 circum.-

512 1153 645 1208 cisio
675 1154 1109 1223 persuadebatur,
1140 1155 1208 1208 ita
1236 1155 1508 1224 corripere
1537 1160 1697 1223 atque
1720 1151 1991 1221 corrigere
2016 1149 2099 1203 vi-

515 1245 705 1300 deatur
733 1246 1020 1316 Apostolus
1042 1289 1057 1313 ,
1086 1254 1142 1300 ut
1164 1246 1293 1317 legis
1337 1244 1555 1300 nomine
1584 1243 1825 1300 eamdem
1869 1241 2099 1297 circum-

513 1336 769 1391 cisionem
801 1338 1049 1408 appellet,
1079 1346 1411 1408 exterasque
1456 1335 1718 1406 ejusmodi
1750 1336 1882 1405 legis
1908 1333 2099 1389 obser-

513 1427 784 1493 vationes,
834 1443 966 1498 quas
1014 1438 1264 1499 tanquam
1319 1428 1536 1483 umbras
1589 1425 1755 1481 futuri
1792 1425 1903 1496 jam
1958 1441 2100 1480 nunc

514 1527 775 1589 respuunt
800 1519 1083 1574 Christiani
1110 1562 1125 1585 ,
1176 1520 1227 1576 id
1261 1528 1504 1576 tenentes
1530 1519 1672 1590 quod
1714 1534 1809 1589 per
1829 1518 1949 1573 illas
1975 1532 2097 1572 um-

514 1611 640 1667 bras
686 1613 904 1683 iigurate
949 1613 1397 1683 promittebatur:
1431 1598 1609 1667 tamen
1664 1611 1835 1682 legem
1888 1626 1953 1667 ex
2001 1625 2103 1682 qua

515 1703 784 1759 neminem
812 1703 938 1760 dicit
952 1704 1265 1773 justificari,
1295 1720 1399 1759 non
1444 1714 1648 1759 tantum
1694 1704 1745 1759 in
1787 1703 1891 1759 illis
1923 1717 2111 1758 sacra-'

517 1796 715 1850 mentis
760 1809 879 1866 qua:
927 1795 1227 1851 habuerunt
1275 1795 1624 1865 promissivas
1667 1793 1886 1866 figuras,
1919 1807 2105 1848 verum

517 1888 679 1942 etiam
707 1889 761 1943 in
782 1888 888 1944 illis
920 1889 1171 1959 operibus
1192 1889 1304 1944 vult
1330 1889 1576 1959 intelligi,
1603 1903 1721 1959 qum
1750 1887 1992 1956 quisquis
2026 1885 2103 1940 fe-

516 1981 832 2050 cerit,juste
868 1980 995 2035 vivit
1026 1998 1040 2036 :
1069 1980 1156 2036 ubi
1203 1988 1289 2037 est
1329 1988 1384 2037 et
1410 1979 1569 2048 illud,
1612 1978 1735 2034 Non
1763 1978 2103 2047 concupisces.

516 2074 693 2141 Atque
720 2080 775 2127 ut
803 2070 905 2128 hoc
931 2071 1069 2143 quod
1092 2071 1318 2127 dicimus
1341 2072 1432 2127 fiat
1465 2068 1673 2142 planius
1690 2111 1707 2136 ,
1736 2069 1908 2140 ipsum
1940 2068 2107 2124 Deca-

518 2167 698 2238 legum
733 2169 1026 2224 videamus.
1076 2168 1232 2225 Certe
1281 2170 1424 2225 enim
1473 2168 1645 2240 legem
1697 2167 1909 2239 Moyses
1954 2165 2110 2221 mini-

519 2262 791 2318 strandam
820 2262 1018 2334 pepulo
1047 2262 1257 2335 accepit
1277 2262 1330 2315 in
1357 2270 1568 2333 monte,
1590 2261 1842 2331 scriptam
1874 2249 1948 2314 in'
1969 2257 2106 2328 lapi-

519 2355 637 2409 deis
668 2354 860 2409 tabulis
901 2354 1068 2425 digito
1111 2354 1203 2409 Dei
1236 2353 1391 2409 :hme
1436 2353 1622 2409 decem
1658 2353 1940 2423 praeceptis
1978 2367 2110 2407 con-

519 2445 798 2515 stringitur
818 2444 1013 2514 (Exod.
1060 2461 1210 2514 χιιι,
1260 2446 1364 2512 18;
1409 2444 1564 2500 Deut.
1593 2461 1669 2510 Ix,
1713 2445 1800 2510 10,
1842 2453 1889 2499 et
1936 2438 2108 2499 Eiod.

518 2535 656 2607 xx),
681 2536 768 2591 ubi
799 2535 926 2591 nihil
958 2536 1024 2592 de
1048 2538 1454 2593 circumcisione
1481 2537 1789 2592 mandatum
1819 2545 1901 2592 est
1922 2579 1936 2604 ,
1968 2535 2101 2590 nihil

521 2625 591 2680 de
615 2626 843 2683 victimis
880 2642 1131 2697 pecorum
1157 2668 1172 2695 ,
1218 2644 1336 2699 qua:
1389 2642 1532 2683 nunc
1572 2642 1601 2681 a
1650 2626 1966 2683 Christianis
2003 2641 2109 2683 non

519 2720 885 2777 immolantur.
915 2720 973 2776 ln
1014 2721 1119 2776 illis
1145 2720 1305 2793 igitur
1330 2720 1517 2787 decem
1552 2720 1863 2790 praeceptis,
1887 2728 2109 2789 excepta

520 2813 728 2869 sabbati
780 2814 1171 2881 observatione,
1201 2812 1407 2868 dicatur
1436 2811 1710 2881 mihiquid
1741 2826 1845 2866 non
1898 2810 1970 2866 sit
2012 2796 2110 2865 ob-

520 2905 842 2962 servandum
867 2921 896 2960 a
925 2906 1235 2972 christiano,
1265 2904 1377 2960 sive
1412 2904 1477 2959 de
1517 2919 1621 2958 non
1647 2902 1902 2972 faciendis
1930 2901 2113 2958 colen-

523 2997 714 3067 disque
741 2997 900 3065 idolis
946 2998 1172 3068 aliisque
1202 2997 1323 3052 ullis
1363 2995 1464 3051 diis
1496 3005 1687 3066 printer
1728 3011 1890 3051 unum
1924 3010 2109 3051 verum

523 3089 711 3155 Deum,
737 3090 852 3145 sive
879 3089 945 3144 de
970 3104 1076 3144 non
1107 3088 1415 3158 accipiendo
1438 3088 1651 3143 nomine
1687 3088 1779 3143 Dei
1809 3087 1859 3141 in
1891 3102 2106 3151 vanum,

523 3181 638 3235 sive
674 3179 742 3236 de
785 3179 989 3236 honore
1034 3180 1338 3251 parentibus
1367 3178 1656 3247 deferendo
1681 3221 1696 3246 ,
1747 3179 1861 3233 sive
1902 3178 1969 3245 de
2015 3193 2109 3232 ca-

523 3274 715 3330 vendis
779 3273 1256 3343 fornicationibus,
1320 3272 1656 3341 homicidiis,
1702 3271 1894 3342 furtis,
1963 3270 2111 3325 falsis

524 3368 881 3437 testimoniis,
926 3368 1234 3438 adulteriis,
1279 3384 1339 3425 re
1384 3369 1559 3425 aliena
1616 3366 2107 3453 concupiscenda‘.

525 3462 660 3531 Quid
689 3462 878 3519 horum
899 3463 1176 3533 quisquam
1204 3462 1398 3519 dixerit
1418 3462 1763 3523 christianum
1786 3476 1894 3516 non
1912 3459 2111 3515 debere

525 3545 780 3610 servare?
807 3558 887 3610 An
913 3553 1050 3609 forte
1082 3570 1186 3625 non
1226 3556 1380 3609 istam
1411 3555 1578 3626 legem
1606 3569 1726 3624 quae
1758 3553 1810 3607 in
1844 3552 1946 3607 illis
1976 3551 2110 3605 dua-

524 3645 624 3700 bus
647 3646 838 3702 tabulis
876 3642 1070 3717 scripta
1098 3655 1216 3718 "est,
1252 3646 1481 3700 litteram
1525 3646 1855 3701 occidentem
1876 3643 2114 3713 [appellat

524 3740 848 3807 Apostolus,
882 3738 974 3794 sed
1008 3738 1150 3804 illam
1189 3738 1609 3794 circumcisionis
1657 3738 1989 3805 aliorumque
2018 3752 2112 3790 ve-

524 3839 698 3885 terum
717 3830 936 3899 jamque
961 3829 1278 3900 aboliturum
1307 3828 1805 3885 sacramentorum?
1833 3827 1935 3881 Sed
1981 3841 2115 3897 quo-

525 3921 687 3976 modo
725 3921 1047 3991 putabimus,
1098 3936 1217 3977 cum
1259 3920 1311 3975 in
1341 3936 1401 3977 ea
1428 3921 1516 3985 sit,
1573 3917 1696 3983 Non
1745 3912 2069 3988 concupisces
2093 3934 2112 3972 :

525 4028 616 4089 per
640 4010 781 4082 quod
808 4012 1119 4080 mandatum,
1146 4011 1389 4082 quamvis
1414 4021 1643 4065 sanctum
1665 4021 1710 4065 et
1726 4011 1924 4081 justum
1953 4019 1998 4063 et
2025 4009 2115 4063 bo.

525 4123 670 4173 nam,
702 4106 881 4179 fefellit
907 4124 1005 4173 uie,
1028 4106 1218 4177 inquit,
1246 4114 1525 4176 peccatum,
1549 4113 1597 4159 et
1618 4121 1711 4176 per
1744 4103 1876 4158 illud
1896 4102 2116 4157 occidit?

525 4198 661 4266 Quid
687 4198 829 4254 enim
861 4198 1000 4255 aliud
1029 4209 1133 4267 est,
1160 4197 1350 4253 Littera
1371 4197 1592 4253 occidit?

595 4292 685 4348 24.
713 4292 963 4360 Quamvis
989 4292 1286 4347 evidentius
1316 4307 1379 4346 eo
1409 4291 1525 4361 ipso
1546 4290 1665 4345 loco
1686 4290 1751 4343 ad
1777 4287 2104 4352 Corinthios,

525 4384 616 4449 ubi
646 4385 739 4452 ait,
784 4383 974 4438 Littera
1020 4384 1220 4447 occidit,
1259 4383 1466 4451 spiritus
1503 4390 1670 4434 autem
1712 4379 1967 4449 uiviﬁcat;
2008 4395 2112 4434 non

524 4474 684 4547 aliam
712 4473 840 4530 velit
865 4474 1085 4544 intelligi
1114 4473 1367 4541 litteram,
1391 4486 1550 4542 quam
1578 4471 1752 4541 ipsum
1787 4470 2107 4540 Decalognm

525 4566 580 4621 in
607 4566 710 4620 illis
736 4566 940 4637 duabus
970 4565 1163 4619 tabulis
1188 4563 1465 4633 scriptum.
1482 4561 1571 4619 Sic
1590 4562 1734 4617 enim
1748 4560 1877 4616 dicit
1900 4579 1943 4615 ε(
1968 4562 2115 4630 Quo-

526 4658 670 4728 niam
718 4659 847 4714 estis
890 4657 1113 4728 epistola
1140 4654 1333 4710 Christi
1366 4655 1667 4725 ministrata
1704 4668 1800 4724 per
1828 4668 1944 4720 nos,
1976 4655 2112 4709 scri-

523 4761 611 4821 pta
635 4767 739 4806 non
766 4759 1083 4822 atramento,
1103 4747 1195 4802 sed
1223 4747 1409 4818 spiritu
1442 4746 1532 4801 Dei
1551 4746 1685 4811 vivi;
1710 4759 1813 4799 non
1832 4746 1887 4800 in
1914 4746 2107 4801 tabulis

524 4843 765 4914 lapideis,
784 4842 878 4898 sed
900 4842 953 4896 in
979 4840 1168 4896 tabulis
1181 4838 1358 4894 cordis
1379 4837 1702 4894 carnalibus.
1720 4836 2109 4901 Confidentiatn

522 4946 700 4992 autem
730 4936 890 4991 talem
935 4933 1194 5005 habemus
1223 4947 1318 5001 per
1360 4929 1627 4997 Christum
1672 4928 1737 4984 ad
1782 4930 1974 4995 Deum,
2006 4944 2112 4984 non

525 5028 648 5098 quia
678 5026 855 5082 idonei
898 5025 1065 5079 simus
1107 5025 1343 5095 cogitare
1382 5022 1579 5093 aliquid
1618 5037 1646 5076 a
1689 5022 1843 5095 nobis
1869 5022 2016 5093 quasi
2049 5038 2113 5075 ex

524 5118 953 5194 nobismetipsis;
982 5119 1077 5175 sed
1106 5118 1426 5174 sufficientia
1454 5125 1637 5183 nostra
1667 5131 1729 5172 ex
1762 5117 1869 5172 Deo
1896 5126 1997 5184 est,
2024 5117 2113 5187 qni

526 5213 752 5279 idoneos
778 5226 878 5268 nos
908 5211 1031 5279 fecit
1051 5211 1324 5266 ministros
1353 5208 1484 5266 Novi
1502 5209 1828 5275 Testameuti
1852 5250 1865 5267 .
1896 5224 1999 5262 non
2030 5193 2118 5261 lit-

526 5312 679 5370 terae,
710 5302 806 5359 sed
836 5304 1056 5375 spiritus
1076 5305 1119 5357 '.
1147 5303 1348 5379 Littera
1372 5303 1515 5358 enim
1543 5298 1760 5364 occidit,
1793 5300 2010 5370 Spiritus
2030 5314 2117 5370 au-

526 5405 634 5452 tem
659 5394 909 5451 vivificat.
942 5395 996 5451 Si
1041 5405 1216 5450 autem
1258 5394 1579 5449 ministratio
1626 5391 1815 5446 mortis
1844 5392 1893 5444 in
1927 5390 2117 5444 litteris

531 5488 754 5559 figurata
784 5487 838 5542 in
866 5487 1131 5559 lapidibus
1155 5486 1253 5542 fuit
1280 5486 1517 5556 ingloria
1540 5526 1554 5549 ,
1583 5484 1654 5538 ita
1684 5494 1869 5538 utnon
1899 5490 2117 5551 possent

526 5579 806 5640 intendere
832 5580 923 5637 filii
946 5579 1107 5637 Israel
1141 5580 1194 5636 in
1217 5579 1403 5634 faciem
1429 5576 1618 5649 Moysi,
1647 5584 1861 5645 prepter
1891 5574 2113 5643 gloriam

528 5673 712 5728 vultus
738 5672 853 5745 ejus
893 5689 1013 5745 qua‘.
1056 5682 1375 5738 evacuatur;
1404 5685 1571 5741 quare
1598 5684 1702 5723 non
1748 5669 1916 5738 magis
1961 5666 2117 5720 mini-

591 5810 607 5849 ι
633 5814 753 5857 Tres
773 5806 979 5858 Vaticani
1002 5811 1128 5863 Mss,
1153 5817 1207 5854 re
1228 5802 1329 5853 alia
1348 5814 1441 5852 non
1458 5797 1855 5868 concupiscenda.
1888 5866 1914 5868 _

589 5873 609 5902 ⁹
631 5871 703 5919 Sic
724 5869 1036 5929 manuscripti
1060 5859 1287 5929 genitivo,
1303 5877 1432 5929 casu,
1466 5859 1618 5929 juxta
1638 5874 1866 5929 graecum.
1887 5859 2005 5907 Editi
2032 5870 2116 5929 au-

529 5940 627 5989 tem
653 5932 745 5983 hic.
786 5943 877 5980 non
914 5921 1089 5985 (idern:
1109 5929 1192 5977 sed
1218 5927 1425 5989 spiritu;
1447 5921 1530 5988 qui
1557 5921 1716 5973 tamen
1757 5922 1903 5989 intra.
1929 5933 2010 5968 nn.
2038 5921 2114 5970 50.

526 5988 601 6065 5T5,
629 6008 739 6063 eum
757 5994 964 6067 antiquis
987 5992 1229 6053 codicibus
1244 5986 1300 6039 ἐι
1327 6002 1434 6039 cum
1455 5986 1612 6058 grzeco
1639 5986 1961 6045 consentiunt.

1464 484 1551 540 DE
1589 482 1855 540 SPIBITU
1898 481 1983 538 ET
2022 481 2343 569 μιττεῐιλ,
2381 482 2437 539 S.
2471 482 2838 543 AUGUSTINI

3682 478 3788 543 {f6

2208 603 2394 652 Slrtttio
2436 599 2655 669 spiritus
2698 601 2799 655 erit
2824 601 2877 655 in
2918 600 3130 673 gloria?
3177 599 3233 658 Si
3273 599 3414 657 enim
3465 602 3789 659 ministratio

2202 687 2559 745 damnationis
2614 692 2778 761 gloria
2831 693 2998 759 est‘,
3056 693 3222 747 multo
3281 692 3447 762 magis
3498 693 3790 751 abundabit

2204 779 2556 834 ministerium
2599 781 2820 851 justitia:
2868 783 2920 836 iu
2968 783 3130 853 gloria
3162 803 3181 836 ι
3236 783 3299 857 (ll
3347 784 3464 839 Cor.
3514 801 3593 850 ut,
3642 785 3787 856 2-9).

2204 869 2316 925 Diei
2343 871 2411 927 de
2438 871 2521 926 his
2541 873 2719 928 verbis
2740 875 2900 928 multa
2930 878 3211 946 possunt’,
3242 876 3331 931 sed
3359 886 3541 947 postea
3565 879 3791 934 fortasse

2204 964 2571 1031 opportunius.
2590 964 2743 1021 Nunc
2768 977 2948 1021 autem
2970 967 3185 1024 adverte
3211 983 3369 1037 quam
3391 969 3531 1024 dicat
3558 970 3788 1025 litteram

2204 1070 2323 1125 qua:
2352 1057 2578 1125 occidit,
2606 1059 2691 1113 cui
2717 1060 2859 1116 velut
2878 1075 2908 1115 e
2935 1062 3205 1115 contrario
3245 1061 3597 1117 vivificantem
3636 1065 3793 1133 spiri-

2207 1157 2316 1203 tum
2346 1150 2556 1221 ingerit.
2585 1151 2656 1206 Ea
2679 1163 2824 1209 certe
2849 1160 2933 1209 est
2956 1154 3277 1209 ministratio
3309 1155 3496 1209 mortis
3518 1156 3570 1210 in
3599 1157 3793 1213 Ιίιιυιιῑε

2208 1242 2433 1314 figurata
2490 1242 2750 1314 lapideis,
2780 1256 2836 1301 et
2879 1232 3202 1304 ministratio
3250 1248 3640 1316 damnationis;
3672 1255 3791 1320 quia

2211 1334 2296 1390 lex
2323 1337 2672 1406 subintravit,
2695 1347 2754 1394 ut
2781 1340 3076 1397 abundaret
3121 1341 3396 1397 delictum.
3426 1343 3594 1399 Porro
3617 1354 3794 1399 autem

2211 1437 2481 1497 prmeepta
2504 1429 2615 1496 ipsa
2644 1438 2750 1485 tam
2781 1440 2906 1486 sunt
2931 1431 3077 1487 utilia
3102 1433 3315 1489 facienti
3347 1445 3506 1505 atque
3532 1436 3761 1491 salubria
3780 1478 3795 1500 ,

2209 1526 2271 1573 ut
2313 1520 2411 1575 nisi
2439 1521 2559 1590 quis
2587 1537 2649 1577 ea
2678 1521 2897 1590 fecerit,
2930 1525 3091 1579 vitam
3118 1524 3318 1581 habere
3360 1542 3464 1581 non
3494 1530 3684 1599 possit.
3715 1531 3796 1584 An

2210 1624 2339 1664 vero
2366 1621 2584 1681 propter
2615 1628 2777 1668 unum
2822 1626 3147 1686 praeceptum
3176 1617 3317 1687 quod
3359 1618 3430 1673 ibi
3463 1619 3530 1674 de
3576 1620 3799 1676 sabbato

2150 1754 2154 1759 .
2211 1710 2296 1757 est
2342 1705 2609 1772 positum,
2637 1704 2814 1762 dictus
2861 1717 2943 1763 est
2985 1709 3279 1781 Deealogus
3307 1710 3481 1766 littera
3513 1713 3797 1779 occidens,

2211 1796 2462 1866 quoniam
2484 1797 2881 1868 quisquisillum
2904 1800 3046 1855 diem
3075 1816 3214 1857 nunc
3229 1818 3397 1874 usque
3414 1804 3663 1859 observat
3690 1808 3801 1861 sic-

2213 1897 2270 1942 ut
2292 1888 2466 1945 littera
2494 1902 2677 1956 sonat,
2706 1892 2990 1949 carnaliter
3015 1895 3185 1965 sapit;
3236 1910 3425 1966 sapere
3447 1905 3625 1953 autem
3668 1898 3690 1930 ³
3709 1914 3798 1954 se-

2213 1981 2445 2036 cundum
2476 1997 2690 2039 carnem
2708 2001 2854 2042 mors
2879 1998 2959 2041 est
2979 1986 3151 2045 (Rom.
3170 2003 3283 2054 vru,
3308 1987 3385 2053 6);
3414 1998 3468 2043 et
3494 1990 3581 2043 illa
3608 2005 3800 2046 novem

2216 2086 2479 2146 prmcepta
2507 2094 2624 2147 qua:
2655 2079 2733 2135 sic
2771 2088 2917 2135 recte
2946 2080 3299 2136 observantur
3328 2089 3384 2137 ut
3412 2083 3608 2152 scripta
3637 2094 3761 2138 sunt
3783 2126 3798 2151 ,

2216 2186 2320 2225 non
2363 2169 2428 2225 ad
2457 2171 2629 2241 legem
2654 2189 2875 2243 operum
2908 2190 2971 2229 ex
2999 2190 3103 2245 qua
3146 2191 3305 2231 nemo
3330 2175 3673 2246 justiticatur,
3705 2178 3800 2232 sed

2215 2262 2279 2317 ad
2308 2263 2481 2334 legem
2511 2262 2631 2319 fidei
2662 2280 2728 2320 ex
2757 2281 2858 2335 qua
2884 2265 3060 2335 justus
3083 2266 3243 2330 vivit,
3278 2267 3544 2336 pertinere
3573 2267 3801 2338 putanda

2215 2353 2373 2408 sunt?
2398 2354 2526 2423 Quis
2558 2364 2665 2410 tam
2694 2355 2927 2412 absurde
2949 2357 3165 2424 sentiat,
3194 2358 3635 2414 ministrationem
3659 2375 3805 2414 mor-

2218 2445 2285 2499 tis
2312 2444 2364 2500 in
2390 2446 2581 2501 litteris
2613 2446 2889 2517 figuratam
2922 2448 3166 2518 lapideis,
3198 2464 3302 2505 nou
3325 2450 3430 2505 dici
3462 2466 3525 2504 ex
3554 2451 3803 2507 omnibus

2216 2535 2401 2591 decem
2431 2538 2731 2607 praeceptis,
2761 2538 2855 2594 sed
2886 2555 2949 2593 ex
2983 2555 3091 2595 uno
3116 2540 3232 2596 solo
3256 2542 3397 2612 quod
3426 2542 3492 2597 ad
3520 2543 3803 2599 sabbatum

2214 2627 2478 2701 pertinet?
2508 2629 2608 2685 Ubi
2648 2645 2777 2703 ergo
2808 2634 3085 2702 ponimus,
3111 2632 3219 2687 Lex
3253 2634 3381 2689 iram
3422 2648 3693 2708 aper-amr;
3717 2638 3809 2692 ubi

2216 2722 2349 2775 enim
2378 2738 2477 2775 non
2522 2731 2597 2776 cst
2648 2721 2729 2777 lea:
2750 2763 2764 2787 ,
2790 2741 2879 2778 nec
2931 2724 3279 2795 praevaricatio
3321 2724 3430 2797 (Id.
3460 2742 3531 2792 tv,
3561 2728 3652 2796 15)
3677 2746 3691 2782 :
3717 2736 3799 2792 et,

2221 2812 2390 2884 Usque
2414 2813 2481 2867 ad
2500 2814 2658 2885 legem
2681 2824 2939 2884 peccatum
2959 2816 3012 2870 in
3047 2815 3238 2871 mundo
3258 2816 3392 2888 fuit;
3422 2827 3684 2889 peccatum
3712 2835 3807 2873 au-

2217 2915 2314 2960 tem
2341 2922 2440 2959 non
2466 2904 2823 2976 deputabatur,
2853 2921 2966 2959 cum
2998 2905 3079 2961 lem
3116 2922 3219 2961 non
3254 2917 3378 2961 esset
3400 2905 3527 2978 (Id.
3561 2922 3617 2970 v,
3649 2908 3756 2980 15)
3788 2924 3802 2960 :

2216 3006 2271 3053 et
2300 2997 2427 3053 illud
2456 2997 2595 3067 quod
2621 2997 2729 3068 jam
2753 3000 2907 3053 toties
2934 2998 3492 3063 commemoravimus,
3522 2996 3622 3051 Per
3645 2999 3805 3069 legem

2218 3088 2436 3159 cognitio
2462 3090 2651 3159 peccati
2674 3088 2784 3160 (Id.
2810 3089 3000 3159 ur,20)
3028 3108 3040 3143 :
3071 3089 3405 3160 maximeque
3432 3090 3560 3143 illud
3588 3089 3674 3143 ubi
3696 3089 3807 3144 evi-

2217 3180 2430 3235 dentius
2476 3181 2741 3251 expressit
2785 3180 2927 3235 unde
2974 3181 3167 3250 agitur,
3201 3180 3672 3251 Concupiscentiam
3715 3197 3806 3235 nc-

2218 3274 2454 3343 sciebam,
2483 3276 2578 3330 nisi
2601 3276 2683 3329 lea:
2703 3274 2906 3339 diceret,
2941 3272 3064 3329 Non
3088 3274 3451 3344 concupisces?

2286 3367 2379 3423 25.
2420 3367 2590 3434 Quem
2645 3376 2815 3422 totum
2861 3367 3035 3422 locum
3086 3366 3331 3431 attende,
3363 3375 3417 3421 et
3462 3365 3582 3421 vide
3629 3375 3806 3420 utrum

2217 3460 2505 3531 quidquam
2536 3471 2755 3531 propter
2782 3460 3244 3517 circumeisionem
3272 3460 3356 3515 vel
3385 3459 3663 3514 sabbatum
3682 3502 3696 3525 ,
3722 3460 3807 3515 vel
3889 3491 3904 3503 -

2224 3551 2351 3621 quid
2378 3550 2517 3606 aliud
2547 3552 2844 3607 umbratilis
2870 3551 3221 3614 sacramenti,
3254 3566 3316 3607 ac
3349 3568 3451 3606 non
3486 3559 3651 3606 totum
3679 3566 3809 3621 pro-

2222 3651 2342 3713 pter
2368 3641 2471 3697 hoc
2495 3642 2665 3710 dicat,
2695 3642 2837 3713 quod
2879 3644 3052 3697 littera
3082 3642 3369 3713 prohibens
3398 3653 3670 3712 peccatum
3701 3660 3807 3697 non

2218 3734 2452 3788 viviﬁcat
2477 3732 2500 3765 ⁸
2529 3732 2823 3799 hominem,
2848 3734 2941 3789 sed
2970 3735 3146 3804 potius
3175 3734 3390 3799 occidit,
3415 3734 3658 3805 augendo
3677 3751 3812 3788 eon-

2219 3826 2637 3897 eupiseentiam,
2670 3834 2725 3881 et
2770 3826 3103 3895 iniquitatem
3146 3826 3584 3896 prmvaricatione
3623 3840 3811 3879 cumu-

2221 3918 2382 3973 lando
2402 3960 2418 3985 ,
2446 3918 2549 3973 nisi
2580 3917 2769 3972 liberet
2796 3916 2970 3988 gratia
3002 3932 3096 3987 per
3138 3918 3307 3988 legem
3339 3917 3459 3973 ﬁdei
3488 3933 3607 3987 quae
3646 3927 3729 3972 est
3756 3920 3808 3971 in

2219 4012 2437 4066 Christo
2480 4010 2641 4077 Jesu,
2672 4026 2791 4064 cum
2837 4009 3152 4065 diffunditur
3189 4011 3420 4065 cbaritas
3461 4011 3514 4064 in
3558 4008 3810 4065 cordibus

2220 4104 2415 4158 nostris
2464 4119 2562 4175 per
2613 4103 2870 4173 Spiritum
2921 4111 3163 4157 sanetum
3216 4102 3306 4172 qui
3347 4101 3503 4155 datus
3543 4110 3627 4155 est
3654 4100 3810 4154 nobis

2221 4194 2330 4265 (Id.
2377 4211 2431 4263 v,
2462 4194 2541 4268 5).
2573 4193 2704 4250 Cum
2748 4194 2890 4250 enim
2939 4194 3196 4260 dixisset,
3239 4213 3257 4246 ε
3298 4193 3368 4249 Ut
3414 4193 3707 4248 serviamus
3757 4194 3810 4247 in

2220 4289 2453 4345 novitate
2473 4289 2710 4360 spiritus,
2739 4298 2912 4343 etnon
2930 4288 2981 4341 in
3000 4296 3265 4342 vetustate
3289 4286 3477 4341 litterm
3493 4302 3507 4338 :
3524 4284 3660 4352 Quid
3682 4301 3811 4355 ergo

2219 4383 2476 4448 dicemus,
2492 4399 2510 4432 ι
2531 4379 2764 4450 ἰηηηίιῇ
2780 4380 2882 4435 Lex
2908 4386 3176 4448 peccatum
3192 4377 3499 4431 estiAbsit:
3520 4376 3613 4430 sed
3634 4391 3815 4443 pecca-

2222 4483 2331 4527 tum
2352 4486 2454 4526 non
2470 4472 2714 4542 cognovi,
2733 4472 2833 4526 nisi
2853 4486 2946 4540 per
2963 4471 3155 4540 legem.
3177 4468 3306 4523 Nam
3323 4467 3811 4537 concupiscentiam

2222 4562 2546 4629 nesciebam,
2563 4562 2661 4616 nisi
2677 4562 2759 4616 lex
2773 4562 2993 4624 diceret,
3011 4560 3125 4613 Non
3142 4560 3505 4629 concupisces.
3520 4558 3813 4613 Occasione

2220 4664 2396 4712 autem
2419 4662 2654 4724 accepta,
2675 4662 2951 4724 peccatum
2981 4669 3075 4722 per
3100 4651 3405 4706 mandatum
3433 4661 3709 4720 operatum
3729 4657 3815 4705 est

2222 4751 2273 4805 iu
2305 4766 2390 4806 me
2415 4764 2633 4806 onmem
2661 4746 3167 4816 concupiscentiam.
3191 4745 3315 4800 Sine
3332 4744 3449 4814 lege
3465 4744 3605 4799 enim
3626 4758 3817 4812 pecca-

2222 4851 2332 4896 tum
2353 4850 2617 4895 mortuum
2641 4847 2759 4895 erat
2797 4838 2908 4908 Ego
2928 4847 3104 4893 autem
3123 4836 3364 4891 vivebam
3387 4834 3671 4903 aliquando
3697 4836 3813 4890 sine

2222 4937 2357 5005 lege,
2379 4931 2696 4987 adveniente
2716 4938 2890 4984 autem
2911 4928 3158 4983 mandato
3178 4936 3446 5005 peccatum
3471 4925 3678 4979 revixit.
3702 4924 3814 4993 Ego

2221 5036 2397 5081 autem
2426 5034 2668 5079 mortuus
2694 5037 2834 5089 sum,
2866 5031 2921 5076 et
2941 5021 3209 5074 inventum
3231 5026 3314 5072 est
3344 5016 3473 5070 mihi
3500 5017 3810 5069 mandatum

2222 5119 2364 5192 quod
2386 5128 2503 5175 erat
2545 5119 2596 5172 in
2641 5116 2801 5171 vitam
2823 5155 2839 5180 ,
2865 5114 2968 5168 hoc
3005 5127 3124 5168 esse
3153 5112 3204 5165 in
3251 5119 3499 5165 mortem.
3529 5108 3811 5163 Peccatum

2222 5216 2363 5270 enim
2393 5212 2675 5268 occasione
2698 5217 2916 5279 accepta
2946 5222 3040 5277 per
3066 5203 3369 5260 mandatum
3402 5202 3587 5257 fefellit
3611 5217 3725 5265 me,
3760 5210 3815 5255 et

2224 5324 2319 5379 per
2337 5306 2462 5362 illud
2484 5304 2696 5361 occidit.
2720 5301 2901 5371 Itaque
2924 5300 3005 5354 lex
3032 5298 3246 5368 quidem
3278 5304 3482 5361 sancta,
3507 5303 3557 5349 et
3589 5292 3811 5347 manda-

2225 5410 2334 5454 tum
2365 5406 2629 5464 sanctum,
2652 5404 2706 5451 et
2723 5393 2946 5465 justum,
2976 5399 3030 5446 et
3052 5389 3272 5444 bonum.
3300 5386 3453 5456 Quod
3469 5401 3595 5456 ergo
3614 5384 3811 5439 bonum

2222 5501 2326 5560 est,
2352 5490 2547 5545 factum
2575 5497 2659 5543 est
2682 5485 2813 5543 mihi
2843 5499 2990 5541 mors
3013 5481 3080 5536 ’ἲ
3108 5480 3280 5536 Absit.
3311 5478 3418 5535 Sed
3451 5486 3726 5550 peceatum
3756 5480 3815 5529 ut

2288 5662 2790 5736 ἓιργ-ρίηςιιρνίρςεὲ
2930 5722 2942 5736 .
3114 5720 3143 5736 .,

2288 5732 2309 5761 ι
2330 5715 2490 5777 editi:
2516 5715 2627 5777 Dici
2649 5726 2710 5776 de
2729 5715 2803 5776 his
2841 5722 2988 5774 verba
3023 5720 3175 5773 multa
3218 5723 3427 5785 possunt.
3466 5715 3633 5766 Melius
3657 5724 3762 5764 uss.
3799 5727 3815 5765 :

2228 5790 2336 5858 1ῖὶςὶ
2350 5793 2412 5841 de
2428 5789 2502 5840 his
2519 5786 2673 5858 verbis
2687 5785 2850 5858 multa.
2863 5792 3074 5851 possim,

2291 5857 2309 5885 ³
2334 5862 2430 5902 Am.
2457 5859 2530 5901 Er.
2556 5856 2752 5918 etMss._,
2772 5856 2926 5918 enim:

2294 5919 2307 5947 λ
2335 5922 2396 5963 tta
2423 5922 2525 5962 Mss.
2554 5921 2608 5962 At
2631 5913 2765 5967 editi,
2791 5924 2883 5959 non
2897 5908 3148 5971 justiﬁrat.

2291 5980 2308 6009 ³
2334 5977 2468 6041 mliti,
2494 5977 2619 6041 quod
2644 5966 2761 6039 ergo
2776 5966 2943 6024 bonum
2969 5966 3035 6023 cst
3065 5972 3111 6037 (ιι
3130 5983 3253 6026 munt
3271 5976 3339 6021 cst
3364 5967 3530 6026 acim),
3546 5966 3722 6028 [ocima
3740 5968 3823 6012 est.
