4202 6528
567 435 670 492 219

571 565 693 604 cum
743 548 794 602 in
845 545 1042 602 tabulis
1089 544 1390 602 scribuntur
1415 557 1577 613 opera
1622 541 1930 604 charitatis,
1965 539 2048 592 lex
2075 552 2158 592 est

567 655 825 708 operum,
863 647 918 693 et
963 639 1138 693 littera
1179 633 1428 692 occidens
1467 633 1932 703 praevaricatorem
1981 649 1994 684 :
2036 645 2156 684 cum

567 742 745 788 autem
795 733 908 802 ipsa
955 733 1190 788 charitas
1239 731 1554 786 diffunditur
1607 730 1660 784 in
1725 729 1886 786 corde
1934 727 2158 783 creden-

570 826 738 894 tium,
782 826 866 880 lex
907 835 991 880 est
1035 825 1188 893 ﬁdei,
1229 833 1284 880 et
1339 823 1560 896 spiritus
1609 822 1884 878 viviﬁeans
1933 820 2160 876 dilecto-

567 931 680 971 rem
689 957 702 970 .

639 1011 728 1066 50.
773 1010 902 1065 Vide
931 1025 1070 1066 nunc
1115 1009 1564 1082 quemadmodum
1595 1015 1857 1064 consonet
1909 1008 2010 1062 ista
2043 1004 2158 1060 dis-

569 1103 738 1157 cretio
785 1102 888 1156 illis
933 1103 1241 1172 apostolicis
1283 1101 1493 1170 verbis,
1561 1115 1680 1172 quae
1731 1099 1888 1170 paulo
1935 1101 2058 1163 ante
2087 1095 2160 1150 ob

569 1191 712 1246 aliud
736 1201 1150 1246 commemorata
1177 1201 1232 1246 et
1257 1192 1560 1262 diligentius
1592 1188 1962 1261 pertractanda
1991 1187 2162 1242 distu-

571 1281 759 1336 leram.
805 1281 858 1335 Μ
863 1283 1138 1351 anifestati,
1169 1283 1356 1352 inquit,
1379 1282 1616 1352 quoniam
1644 1281 1760 1336 estis
1781 1279 1994 1350 epistola
2018 1277 2160 1332 Chri-

568 1372 653 1434 sti.
685 1373 966 1428 ministrata
1006 1391 1094 1442 per
1121 1391 1210 1429 nos
1234 1376 1421 1444 scripta
1456 1391 1556 1428 non
1586 1383 1884 1438 atramento,
1915 1373 2004 1426 sed
2031 1367 2162 1442 Spii

569 1466 670 1517 ritu
687 1463 785 1518 Dei
806 1466 934 1530 rivi;
957 1482 1056 1520 non
1079 1467 1132 1519 in
1149 1467 1330 1520 tabulis
1351 1467 1582 1535 lapideis,
1605 1467 1692 1520 sed
1716 1467 1768 1518 in
1794 1465 1976 1518 tabulis
1995 1463 2160 1517 cordis

569 1555 876 1608 carnalibus.
917 1556 1056 1612 Ecce
1085 1556 1530 1626 quemadmodum
1579 1554 1832 1622 ostendit,
1865 1553 1988 1624 quia
2031 1552 2160 1608 illud

569 1653 720 1699 extra
753 1646 1020 1702 hominem
1049 1647 1314 1714 scribitur,
1363 1655 1420 1701 ut
1449 1661 1572 1701 eum
1621 1645 1916 1700 forinsecus
1959 1643 2158 1700 terriﬁ-

569 1745 690 1802 cet;
725 1737 826 1792 hoc
856 1739 908 1792 in
937 1742 1048 1809 ipso
1077 1739 1310 1804 homine,
1357 1747 1416 1794 ut
1443 1755 1564 1794 eum
1597 1740 1922 1794 intrinsecus
1960 1738 2160 1808 justiﬁ-

567 1835 671 1882 cet.
703 1829 952 1884 Carnales
969 1839 1144 1884 autem
1175 1831 1378 1886 tabulas
1407 1831 1585 1886 cordis
1608 1832 1761 1898 dixit,
1793 1847 1898 1886 non
1929 1831 2158 1886 carnalis

567 1917 880 1986 prudentiae.
901 1899 994 1975 sed
1021 1930 1268 1991 tanquam
1299 1921 1526 1977 viventis
1546 1937 1868 1993 sensumque
1893 1921 2158 1986 habentis,

569 2011 622 2064 in
683 2013 1080 2082 comparatione
1143 2015 1336 2084 lapidis
1398 2015 1486 2086 qui
1545 2016 1662 2072 sine
1727 2031 1887 2072 sensu
1941 2023 2042 2072 est.
2093 2015 2162 2070 Et

568 2103 712 2174 quod
763 2107 917 2174 paulo
972 2115 1094 2176 post
1131 2107 1298 2174 dicit,
1353 2108 1494 2179 quod
1533 2124 1639 2164 non
1691 2115 1940 2180 poterant
1988 2109 2162 2162 inteno

569 2193 699 2248 dere
739 2195 830 2249 ﬁlii
895 2195 1058 2252 Israel
1095 2213 1265 2268 usque
1313 2199 1366 2252 in
1409 2201 1568 2254 ﬁnem
1621 2200 1800 2254 vultus
1849 2199 2057 2271 Moysi,
2107 2207 2161 2254 et

569 2283 688 2339 ideo
717 2287 794 2342 eis
820 2303 914 2356 per
941 2291 1116 2343 velum
1153 2291 1511 2361 loquebatur;
1545 2292 1646 2348 hoc
1683 2293 1990 2362 signiﬁcat,
2037 2295 2160 2363 quia

570 2377 746 2434 littera
770 2381 906 2452 legis
935 2382 1198 2437 neminem
1220 2384 1506 2453 justiﬁeat,
1531 2385 1624 2440 sed
1653 2386 1896 2440 velamen
1929 2387 2160 2456 positum

569 2478 654 2524 est
697 2471 748 2524 in
779 2471 1007 2528 lectione
1055 2474 1264 2530 Veteris
1291 2477 1653 2544 Tcstamenti,
1689 2477 1862 2532 donec
1903 2477 1970 2532 ad
2000 2477 2158 2534 Chri-

569 2569 711 2615 stum
745 2570 1076 2632 transeatur,
1103 2573 1158 2620 et
1181 2565 1452 2621 auferatur
1465 2567 1706 2622 velamen
1738 2585 1752 2632 ;
1783 2568 1836 2622 id
1860 2575 1962 2632 est,
1987 2577 2162 2622 trans-

570 2663 722 2706 eatur
738 2653 804 2708 ad
831 2654 1056 2724 gratiam
1075 2697 1092 2722 ,
1131 2666 1186 2711 et
1225 2656 1550 2728 intelligatur
1570 2659 1586 2690 ¹
1616 2658 1683 2712 ab
1707 2658 1822 2728 ipso
1852 2659 2006 2714 nobis
2041 2674 2162 2714 esse

569 2743 1022 2812 justiﬁcationem,
1043 2762 1147 2816 qua
1169 2746 1423 2804 faciamus
1447 2748 1588 2819 quod
1611 2749 1779 2819 jubet.
1799 2749 1897 2816 Qui
1920 2759 2164 2822 propter-

571 2851 634 2890 ea
676 2835 868 2906 jubet,
926 2847 984 2893 ut
1027 2839 1082 2892 in
1121 2839 1319 2894 nobis'
1351 2839 1661 2896 deﬁcientes
1689 2841 1756 2896 ad
1795 2841 1940 2896 illum
1971 2842 2162 2896 confu-

571 2927 802 2997 giamus.
843 2927 970 2984 Ideo
1002 2930 1406 3001 vigilantissime
1447 2947 1568 2987 cum
1593 2932 1816 2988 dixisset
1843 2973 1858 2996 ,
1886 2931 2158 3002 Con/iden-

575 3021 698 3072 tiam
717 3019 867 3073 talem
890 3022 1129 3076 habemus
1154 3039 1241 3093 per
1262 3021 1518 3078 Christum
1538 3024 1607 3078 ad
1627 3023 1792 3078 Deum
1819 3041 1838 3090 ;
1869 3041 1936 3080 ne
1965 3025 2164 3081 nostris

583 3111 686 3166 hoc
715 3111 916 3167 viribus
949 3113 1303 3180 tribueretur,
1331 3117 1581 3170 continuo
1603 3117 1994 3173 commendavit
2021 3117 2162 3174 unde

575 3203 749 3272 agitur
776 3245 790 3270 ,
817 3202 1000 3259 dicens
1039 3223 1056 3261 :
1095 3205 1218 3260 Non
1241 3207 1378 3278 quod
1407 3207 1577 3262 idonei
1605 3225 1776 3262 sumus
1805 3208 2029 3278 cogitare
2065 3208 2163 3262 ali-

573 3295 698 3364 quid
737 3313 768 3348 a
809 3295 951 3350 nobis
999 3297 1143 3367 quasi
1191 3314 1255 3352 ex
1291 3297 1657 3369 nobismetipsis
1700 3298 1834 3364 ;sed
1869 3299 2165 3370 sufficientia

574 3397 746 3440 nostra
768 3404 830 3442 ex
857 3387 960 3442 Deo
981 3395 1072 3453 est,
1095 3389 1178 3455 qui
1201 3397 1248 3444 et
1267 3389 1472 3444 idoneos
1495 3407 1586 3446 nos
1613 3392 1734 3462 fecit
1753 3391 2008 3446 ministros
2032 3391 2164 3447 Noui

578 3477 880 3534 Testamenti
895 3523 908 3546 ,
934 3497 1032 3535 non
1059 3481 1238 3536 litteras
1256 3523 1270 3548 ,
1289 3483 1379 3538 sed
1403 3483 1632 3554 spiritus.
1665 3483 1858 3540 Littera
1880 3485 2014 3538 enim
2032 3485 2165 3538 occi-

573 3569 668 3636 dit,
699 3572 906 3640 spiritus
931 3583 1096 3626 autem
1122 3574 1360 3642 vivi/icui.

642 3663 866 3720 CAPUT
885 3663 1235 3722 XVlll.-—51.
1261 3665 1506 3722 Vetuslea:
1525 3677 1752 3736 mortem,
1775 3685 1904 3723 noua
1913 3669 2165 3740 justitiam

575 3756 846 3810 ministrat.
877 3757 1106 3814 Proinde
1126 3759 1248 3829 quia
1271 3759 1371 3822 lex.
1403 3761 1542 3816 sicut
1569 3760 1694 3816 alibi
1735 3759 1863 3815 dicit
1882 3803 1894 3826 ,
1925 3763 2164 3832 primari-

573 3848 783 3902 cationis
805 3849 970 3919 gratia
989 3851 1150 3921 posita
1174 3861 1246 3905 est
1267 3851 1462 3923 (Galat.
1496 3867 1574 3917 ιιι,
1605 3852 1696 3922 19)
1722 3893 1736 3916 ,
1771 3851 1821 3906 id
1847 3861 1958 3918 cst,
1989 3851 2162 3907 littera

575 3937 674 3992 ista
707 3947 854 3992 extra
880 3938 1149 3996 hominem
1176 3943 1372 4012 scripta
1399 3983 1414 4008 ,
1461 3951 1742 4012 propterea
1783 3957 1902 3998 eam
1931 3952 1984 3997 ct
2011 3943 2168 3997 mini-

577 4033 888 4086 strationem
911 4035 1098 4090 mortis
1124 4043 1178 4090 et
1209 4037 1654 4092 ntinistrationem
1686 4035 2044 4090 damnationis
2073 4052 2167 4107 ap-

579 4123 774 4191 pellat:
805 4123 942 4179 hanc
991 4135 1202 4193 autem,
1239 4127 1290 4182 id
1334 4137 1418 4184 est
1441 4171 1456 4195 ,
1489 4127 1622 4182 Novi
1650 4127 1974 4182 Tcslamenti
1997 4127 2036 4194 ³,
2067 4129 2166 4184 mi-

578 4216 946 4271 nistrationetn
973 4217 1192 4288 spiritus
1215 4229 1270 4274 ct
1295 4219 1743 4275 ministrationem
1767 4217 1988 4288 justitize
2014 4218 2163 4287 dicit,

577 4309 696 4376 quia
739 4325 833 4379 per
879 4309 1078 4367 donum
1123 4312 1340 4382 spiritus
1389 4327 1677 4383 operamur
1713 4312 2012 4384 justitiam,
2052 4321 2107 4366 et
2133 4328 2166 4368 a

579 4407 1030 4474 prmvaricationis
1051 4407 1394 4465 damnatione
1418 4408 1726 4464 liberamur.
1749 4405 1872 4462 ldeo
1895 4406 2021 4462 illud
2043 4422 2166 4464 eva-

575 4505 794 4564 cuatur,
861 4497 962 4554 hoc
1013 4507 1246 4554 manet:
1294 4500 1546 4569 quoniam
1595 4507 1802 4554 terrens
1847 4497 2166 4569 paedagogus

573 4589 860 4656 auferetur,
891 4607 1012 4648 cum
1044 4591 1220 4647 timori
1249 4593 1567 4648 successerit
1604 4591 1856 4648 Charitas.
1892 4591 1992 4646 Ubi
2019 4592 2164 4648 enim

571 4684 778 4752 spiritus
799 4683 1036 4754 Domini,
1061 4686 1129 4739 ibi
1147 4686 1370 4740 libertas.
1406 4685 1554 4741 lianc
1594 4694 1772 4740 autem
1815 4685 2164 4741 ministratio-

573 4791 695 4830 nem
747 4791 852 4831 non
901 4793 966 4832 ex
1015 4779 1220 4834 meritis
1257 4779 1489 4844 nostris,
1541 4778 1636 4834 sed
1680 4794 1746 4834 ex
1794 4779 2162 4835 misericordia

573 4881 694 4922 esse
721 4867 797 4922 sic
839 4868 967 4924 dicit
999 4887 1012 4923 :
1043 4868 1265 4940 PrOpter
1291 4870 1428 4941 quod
1466 4870 1702 4924 habentes
1741 4871 2164 4926 ministrationem

573 4960 730 5024 hanc,
757 4961 886 5013 sicut
922 4963 1320 5016 misericordiam
1361 4963 1614 5018 consecuti
1655 4978 1757 5016 non
1801 4962 2162 5031 inﬁrmemur;

571 5049 660 5102 sed
694 5048 992 5118 abjiciamus
1032 5053 1228 5106 occulta
1265 5053 1575 5124 confusionis
1596 5097 1610 5118 ,
1642 5071 1744 5108 non
1777 5053 2088 5110 ambulantes
2110 5057 2164 5110 in

571 5143 756 5195 astutia
782 5184 797 5207 ,
827 5159 982 5213 neque
1001 5144 1120 5198 dolo
1160 5145 1500 5200 adulterantes
1523 5147 1725 5200 verbum
1763 5145 1884 5200 Dei.
1911 5147 2056 5201 Hane
2077 5164 2164 5202 as-

573 5233 756 5286 tutiam
787 5243 840 5286 et
859 5234 1040 5290 dolum
1079 5234 1402 5307 hypocrisim
1435 5237 1546 5292 vult
1577 5237 1796 5306 intelligi
1829 5277 1844 5302 ,
1878 5252 1981 5308 qua
2003 5237 2024 5270 ⁸
2065 5254 2162 5292 vo-

573 5325 685 5380 lunt
701 5325 830 5394 justi
849 5329 1064 5397 superbi
1094 5329 1282 5384 videri.
1311 5329 1461 5384 Unde
1483 5331 1610 5385 etin
1637 5329 1724 5384 illo
1745 5331 1973 5400 psalmo,
2004 5345 2162 5402 quem

567 5417 636 5474 ad
675 5418 832 5488 hujus
871 5421 1034 5490 ipsius
1077 5423 1258 5493 gratim
1304 5423 1730 5478 testiﬁcationem
1777 5435 2164 5480 commemorat

573 5508 710 5564 tdetn
753 5513 1024 5580 apostolus
1059 5531 1072 5566 :
1112 5513 1300 5568 Beatus
1325 5557 1340 5579 ,
1391 5515 1598 5585 inquit,
1632 5517 1712 5570 cui
1761 5533 1860 5570 non
1901 5517 2166 5586 imputavit

637 5659 653 5726 ξ
679 5664 752 5706 Er.
780 5666 831 5710 et
851 5667 980 5722 Lov.,
1005 5661 1389 5726 utintelligatur.

567 5721 655 5836 bi“
677 5727 784 5772 ων.
810 5729 863 5773 et
897 5723 1116 5773 nonnulli
1163 5721 1287 5786 3:55.,
1314 5733 1362 5776 ut
1393 5741 1424 5776 tt
1453 5727 1600 5777 nobis.
1632 5735 1729 5777 Duo
1766 5727 1974 5786 codices,
2003 5736 2052 5778 ut
2087 5743 2157 5777 no-

625 5797 660 5832 ς.

641 5845 661 5876 ³
689 5845 814 5953 Apud
841 5853 970 5905 Imm,
999 5856 1176 5898 Novum
1205 5855 1564 5900 Tcsnmrrntrm.

641 5907 652 5944 ι
681 5913 728 5953 Et
745 5907 797 5953 iti
823 5916 872 5953 cl
896 5910 1086 5953 nitidam
1104 5917 1228 5953 Mss..-
1256 5913 1382 5953 auia-

634 5907 652 5944 4'
681 5907 797 5956 [ιιιιί
823 5916 872 5958 et
896 5910 1088 5973 quidam
1104 5917 1228 5976 31:35.,
1256 5913 1383 5974 quia.

1511 429 1594 483 ι)ιί
1634 427 1902 484 διηῐιιτυ
1944 427 2028 482 ΕΤ
2069 425 2386 494 ΙιῐΤΤίἰῐιᾹ,
2425 425 2484 482 S.
2527 425 2888 482 AUGL‘STlNl

3747 437 3852 492 2‘30

2275 535 2520 590 Dominus
2559 549 2813 603 peccatum
2838 579 2850 601 ,
2879 555 3033 610 neque
3063 549 3137 596 est
3169 539 3220 596 in
3251 557 3336 595 ore
3353 543 3460 615 eius
3477 546 3626 602 dolus
3653 546 3674 620 (
3699 548 3852 604 Rom.

2269 644 2338 694 tv,
2369 631 2440 689 8;
2469 627 2610 684 Psal.
2647 646 2768 684 xxxi
2791 630 2916 700 ,2).
2955 633 3076 686 lianc
3111 643 3192 686 est
3233 631 3509 692 humilium
3539 649 3852 694 sanctorum

2264 719 2530 774 confessio
2551 762 2563 784 ,
2597 736 2702 774 non
2731 736 2788 776 se
2809 721 3122 792 jactantium
3159 740 3278 781 esse
3303 727 3442 796 quod
3471 743 3576 784 non
3609 741 3754 784 sunt.
3791 733 3854 786 l-lt

2267 812 2424 880 paulo
2457 821 2612 882 post:
2639 811 2759 868 Non
2805 815 2936 869 enim
2973 817 3330 886 nosmetipsos,
3360 819 3562 890 inquit,
3605 823 3856 892 prtedica-

2265 919 2398 966 mus,
2439 904 2528 958 sed
2547 904 2728 958 Iesum
2751 903 3006 962 Christum
3047 908 3326 964 Dominum
3351 912 3392 976 ‘,
3423 929 3516 967 nos
3549 923 3715 968 autem
3741 932 3854 970 ser-

2266 1012 2350 1050 vos
2379 1007 2562 1052 restros
2599 1015 2688 1070 per
2722 997 2943 1054 Iesum:
2970 1001 3087 1070 quia
3120 999 3254 1056 Deus
3281 1005 3366 1072 qui
3385 1004 3514 1058 dixit
3539 1005 3602 1058 de
3639 1007 3856 1060 tenebris

2265 1087 2434 1143 lumen
2463 1090 2754 1156 clarescere,
2782 1093 2967 1146 claruit
2999 1095 3050 1148 in
3083 1094 3316 1149 cordibus
3347 1097 3530 1152 nostris
3567 1099 3636 1152 ad
3662 1101 3856 1154 illumi-

2265 1180 2518 1236 nationem
2555 1182 2776 1238 scientiae
2799 1183 2976 1254 gloria:
3013 1187 3124 1256 ejus
3151 1187 3206 1240 in
3251 1188 3434 1258 [aciem
3473 1189 3662 1246 Christi
3701 1191 3854 1246 Iesu.

2267 1272 2390 1328 lltec
2416 1281 2499 1329 est
2528 1274 2750 1330 scientia
2776 1275 2962 1346 gloriae
2999 1277 3148 1346 ejus,
3175 1294 3278 1348 qua
3308 1281 3506 1336 scimus
3533 1281 3704 1350 ipsum
3733 1299 3854 1339 esse

2267 1364 2460 1424 lumen.
2495 1381 2602 1434 quo
2629 1366 2862 1420 tenebras
2890 1377 3086 1422 nostra:
3108 1370 3492 1428 illuminentur.
3517 1374 3582 1426 lit
3621 1374 3852 1443 idipsunt

2265 1455 2478 1511 attende
2521 1457 2968 1525 quemadmodum
3032 1459 3260 1517 inculcet
3313 1480 3326 1516 :
3379 1462 3635 1518 Habemus
3687 1478 3852 1522 autem

2267 1549 2556 1606 thesaurum
2581 1552 2730 1607 istum
2757 1553 2810 1607 in
2829 1554 2962 1608 vasis
2987 1555 3226 1624 ﬁctilibus
3249 1597 3266 1622 ,
3292 1565 3347 1610 ut
3367 1558 3634 1612 eminentia
3659 1561 3858 1614 virtutis

2263 1641 2329 1694 sit
2371 1639 2484 1708 Dei,
2522 1651 2696 1698 etnon
2731 1661 2794 1700 es:
2825 1647 2984 1700 nobis.
3017 1647 3082 1701 Et
3113 1649 3270 1716 paulo
3295 1657 3416 1719 post
3443 1665 3561 1704 cum
3608 1653 3856 1708 eumdem

2264 1735 2487 1801 gratiam
2531 1735 2746 1790 uberius
2789 1737 2846 1792 in
2887 1737 3114 1792 Domino
3141 1738 3266 1793 Iesu
3316 1737 3532 1796 Chris;o
3577 1757 3856 1796 Cttlntttt-l'l-

2265 1824 2397 1878 dans
2417 1865 2431 1890 ,
2463 1839 2630 1896 usque
2647 1827 2714 1880 ad
2743 1827 2874 1882 illud
2903 1829 3110 1884 veniret
3135 1829 3504 1886 indumentum
3533 1832 3752 1902 jnstitiu:
3797 1835 3862 1886 ti-

2265 1914 2384 1979 dci,
2429 1931 2536 1986 quo
2587 1917 2756 1972 induti
2803 1905 3072 1974 non'studi
3125 1920 3492 1988 inveniamur,
3551 1933 3606 1978 et
3641 1934 3858 1993 propter

2269 2007 2368 2062 hoc
2411 2009 2804 2079 ingemiscimus
2845 2012 3170 2070 mortalitate
3197 2017 3218 2047 ’
3251 2017 3558 2086 praegravati
3583 2058 3598 2084 ,
3651 2017 3860 2074 habita-

2267 2099 2440 2153 culum
2471 2109 2711 2156 nostrum
2736 2102 2878 2173 quod
2911 2103 2981 2160 de
3007 2105 3146 2160 cmlo
3169 2119 3248 2162 est
3293 2108 3600 2176 superindui
3628 2111 3858 2180 cupien-

2269 2199 2366 2256 tes,
2395 2201 2454 2244 ut
2496 2192 2846 2250 absorbeatur
2870 2196 3096 2251 mortale
3134 2211 3164 2250 a
3197 2198 3324 2265 vita,
3356 2199 3475 2255 vide
3504 2201 3626 2269 quid
3665 2203 3860 2271 adjun-

2266 2289 2353 2350 gat
2381 2299 2396 2336 :
2428 2281 2528 2348 Qui
2553 2291 2716 2338 autem
2738 2293 2972 2356 aperatus
2997 2296 3068 2340 cst
3092 2305 3186 2342 nos
3209 2331 3224 2352 ,
3257 2289 3428 2359 inquit
3447 2331 3462 2354 ,
3493 2291 3546 2344 in
3567 2291 3660 2346 hoc
3687 2293 3856 2362 ipsum

2269 2371 2406 2426 Deus
2425 2374 2510 2444 qui
2539 2374 2677 2428 dedit
2703 2377 2846 2431 nobis
2885 2377 3069 2448 pignus
3103 2379 3333 2448 spiritus.
3359 2381 3424 2436 Et
3445 2390 3564 2452 post
3590 2399 3752 2452 pauca
3775 2385 3860 2438 in-

2268 2464 2384 2519 tulit
2413 2482 2428 2520 :
2453 2464 2522 2518 Ut
2551 2483 2642 2520 nos
2662 2467 2818 2521 simus
2847 2469 3052 2538 justitia
3075 2468 3172 2524 Dei
3191 2471 3244 2524 in
3285 2471 3394 2542 ipso
3417 2473 3434 2543 (
3461 2473 3506 2528 ll
3525 2471 3644 2530 Cor.
3669 2490 3788 2530 ιιι-γ
3813 2477 3854 2546 ).

2267 2555 2392 2611 llaec
2421 2567 2504 2612 est
2529 2558 2612 2612 illa
2637 2558 2842 2628 justitia
2888 2561 3003 2628 Dei,
3031 2577 3138 2618 non
3165 2579 3268 2634 qua
3301 2564 3414 2635 ipse
3427 2565 3604 2636 justus
3625 2577 3726 2634 est,
3760 2569 3856 2624 sed

2267 2665 2370 2718 qua
2405 2664 2502 2704 nos
2531 2649 2600 2704 ab
2619 2666 2684 2706 co
2712 2651 2834 2706 facti
2861 2651 2904 2708 ³.

2339 2738 2564 2796 CAPUT
2603 2741 2744 2796 XIX.
2785 2771 2858 2784 -—
2895 2743 2986 2800 52.
3027 2743 3185 2799 Fides
3209 2749 3484 2802 christiana
3509 2749 3574 2804 de
3599 2752 3860 2822 adjutorio

2266 2831 2462 2902 gratim.
2487 2829 2766 2902 Propltetia
2801 2833 3040 2889 Ieremia:
3067 2836 3130 2889 de
3165 2836 3310 2892 Novo
3353 2838 3686 2898 Testamento.
3725 2843 3856 2900 Lex.

2271 2924 2468 3004 Gratia.
2497 2925 2667 2982 Nemo
2692 2941 2820 2998 ergo
2839 2927 3262 2984 Christianorum
3290 2931 3500 2988 aberret
3521 2934 3588 2989 ab
3609 2934 3708 2990 hac
3729 2936 3854 3004 ﬁde,

2268 3033 2386 3086 qua:
2417 3017 2526 3072 sola
2555 3017 2846 3074 christiana
2871 3027 2986 3085 est;
3019 3035 3191 3090 neque
3219 3023 3520 3093 quisquam,
3547 3040 3668 3080 cum
3699 3043 3860 3084 vere-

2269 3110 2534 3164 cundatus
2563 3111 2720 3166 fuerit
2747 3111 2948 3178 dicere,
2979 3127 3075 3180 per
3103 3129 3200 3170 nos
3227 3113 3372 3184 ipsos
3398 3115 3510 3171 ﬁeri
3541 3133 3636 3173 nos
3661 3119 3858 3188 justus,

2271 3217 2380 3256 non
2407 3201 2508 3256 hoc
2542 3203 2593 3256 in
2621 3201 2776 3258 nobis
2815 3214 3069 3273 operante
3105 3207 3272 3276 gratia
3298 3209 3409 3274 Dei,
3435 3210 3556 3280 quia
3587 3213 3728 3268 videt
3759 3213 3861 3270 hoc

2269 3312 2298 3350 a
2331 3295 2575 3352 ﬁdelibus
2604 3304 2659 3352 et
2699 3296 2800 3366 piis
2841 3295 2969 3352 ferri
3001 3314 3106 3352 non
3139 3315 3294 3368 posse
3325 3301 3366 3368 ⁸,
3395 3317 3514 3356 cum
3546 3303 3760 3373 dicitur,
3791 3308 3861 3364 ad

2272 3387 2372 3442 hoc
2415 3401 2474 3442 se
2515 3395 2792 3442 convertat
2821 3397 2878 3442 ut
2905 3388 3068 3456 dicat,
3103 3390 3223 3445 ideo
3255 3391 3370 3448 sine
3396 3397 3706 3464 operatione
3733 3414 3862 3468 gra-

2273 3478 2356 3531 tia.-
2389 3477 2478 3532 Dei
2509 3493 2607 3532 nos
2628 3478 2802 3548 justos
2833 3493 2952 3534 esse
2981 3495 3084 3534 non
3115 3497 3294 3549 posse,
3327 3485 3448 3554 quia
3479 3485 3650 3556 legem
3689 3488 3858 3554 dedit,

2271 3569 2388 3636 quia
2421 3568 2716 3624 doctrinam
2745 3569 2996 3636 instituit,
3023 3571 3147 3640 quia
3177 3572 3314 3627 bona
3347 3585 3610 3645 praecepta
3635 3579 3862 3634 mandau-

2272 3657 2364 3713 vit.
2388 3659 2480 3713 Illa
2509 3660 2652 3715 enim
2683 3659 2798 3714 sine
2839 3659 3124 3730 adjuvante
3153 3665 3340 3731 Spiritu
3379 3668 3560 3735 procul
3589 3667 3750 3724 dubio
3779 3681 3864 3728 est

2273 3751 2446 3806 littera
2484 3752 2736 3807 occidens
2765 3768 2780 3806 :
2808 3767 2930 3808 eum
2965 3739 3093 3808 vero
3131 3756 3283 3811 adest
3317 3757 3590 3815 vivificans
3619 3764 3859 3832 spiritus,

2274 3843 2372 3896 hoc
2403 3843 2572 3911 ipsum
2617 3842 2758 3898 intus
2799 3845 3158 3914 conscriptum
3199 3847 3324 3904 facit
3357 3849 3524 3922 diligi,
3561 3853 3702 3922 quod
3733 3853 3864 3910 loris

2271 3934 2527 4003 scriptum
2557 3934 2640 3990 lex
2669 3934 2892 3992 faciebat
2923 3937 3118 3993 timeri.

2341 4025 2430 4080 55.
2450 4023 2660 4095 lnSpice
2690 4025 2794 4082 hoc
2809 4027 2832 4058 ⁸
2849 4028 3116 4098 paululum
3142 4039 3197 4086 et
3225 4033 3278 4087 in
3303 4048 3370 4090 eo
3397 4037 3699 4092 testimonio
3718 4043 3864 4111 quod

2275 4131 2369 4184 per
2413 4117 2728 4186 prephetam
2770 4118 2840 4174 de
2885 4119 2984 4176 hac
3019 4137 3080 4177 re
3125 4125 3588 4191 praeclarissimum
3627 4131 3864 4189 edictum

2272 4216 2352 4262 est
2373 4207 2430 4261 οε
2465 4207 2598 4262 Ecce
2639 4209 2746 4264 dies
2787 4211 2992 4266 veniunt
3019 4213 3062 4279 ",
3095 4213 3216 4268 dicit
3247 4214 3514 4284 Dominus,
3549 4229 3596 4272 et
3623 4237 3864 4276 consum-

2271 4299 2416 4354 mabo
2439 4317 2590 4370 super
2614 4301 2818 4356 domum
2845 4301 3012 4358 Israel
3037 4313 3084 4358 et
3111 4301 3266 4376 super
3295 4308 3498 4362 domum
3519 4309 3552 4364 I
3561 4312 3661 4366 uda
3681 4313 3862 4369 Testa-

2271 4401 2491 4446 mentum
2514 4391 2736 4460 Novum,
2767 4411 2868 4450 non
2896 4396 3172 4450 secundum
3197 4396 3572 4456 Testamentum
3607 4407 3740 4472 quod
3768 4409 3867 4476 feri

2273 4485 2498 4550 patribus
2523 4499 2698 4538 eorum
2725 4487 2778 4540 in
2804 4485 2886 4540 die
2905 4503 3006 4557 qua
3029 4489 3342 4558 apprehendi
3363 4507 3568 4546 manum
3595 4511 3786 4554 eorum.
3809 4507 3866 4553 ut

2271 4572 2530 4628 educerem
2559 4591 2643 4628 eos
2671 4577 2692 4608 ⁸
2717 4574 2782 4630 de
2807 4584 2942 4630 terra
2979 4575 3200 4648 Egypti
3227 4595 3246 4632 :
3272 4579 3392 4650 quia
3429 4581 3530 4652 ipsi
3569 4600 3670 4638 non
3697 4603 3864 4656 perse-

2268 4675 2562 4720 uerat-erunt
2589 4667 2640 4720 in
2667 4665 2988 4722 Testamento
3013 4685 3144 4736 meo,
3177 4679 3220 4724 et
3251 4689 3342 4742 ego
3379 4673 3576 4744 neglexi
3603 4692 3706 4744 eos,
3739 4679 3866 4735 dicit

2273 4757 2536 4814 Dominus.
2571 4761 2702 4828 Quia
2729 4763 2822 4816 hoc
2848 4761 3220 4820 Testamentum
3242 4777 3312 4821 est
3335 4770 3472 4839 quod
3495 4772 3738 4826 ordinabo
3765 4773 3864 4826 do-

2269 4851 2374 4904 mui
2403 4850 2567 4906 Israel
2593 4869 2611 4906 :
2639 4852 2764 4909 Post
2797 4855 2913 4910 illos
2951 4855 3088 4920 dies,
3117 4857 3236 4910 dicit
3271 4857 3536 4927 Dominus,
3567 4863 3698 4918 dabo
3731 4865 3866 4936 leges

2269 4959 2406 4998 meas
2431 4944 2484 4996 in
2509 4959 2596 4998 cor
2621 4945 2848 5012 illorum,
2873 4957 2918 5000 et
2947 4947 3000 5000 in
3030 4959 3192 5002 mente
3221 4966 3392 5006 eorum
3417 4953 3634 5007 scribam
3660 4972 3744 5010 eas
3773 4973 3791 5009 :
3817 4965 3868 5010 et

2269 5051 2353 5096 ero
2387 5035 2457 5090 eis
2489 5036 2542 5090 in
2563 5034 2750 5104 Deum,
2773 5045 2820 5092 et
2845 5039 2944 5108 ipsi
2967 5047 3114 5094 erunt
3141 5041 3266 5096 mihi
3293 5043 3346 5097 in
3373 5045 3644 5116 populum.
3669 5047 3736 5100 Et
3761 5066 3868 5104 non

2335 5171 2350 5202 ί
2377 5169 2458 5220 Hic
2480 5171 2528 5219 in
2553 5169 2698 5220 editis
2713 5169 2918 5232 additur,
2944 5177 3172 5224 nostrum.
3195 5174 3339 5226 Abest
3359 5187 3388 5226 a
3405 5179 3738 5241 manuscriptis
3763 5187 3814 5230 et
3839 5195 3868 5232 ιι

2267 5243 2566 5344 ειἾξὶθίῗίιιιιθε
2586 5307 2736 5356 prOpe
2754 5300 2880 5354 Mss,
2903 5295 3185 5348 mortult'ter.

2333 5357 2458 5430 {nte
2488 5357 2549 5430 in
2591 5357 2949 5408 recentioribus
2981 5359 3268 5421 quibusdam
3308 5361 3599 5414 editionibus
3631 5363 3864 5430 additum,

2277 5418 2382 5468 iusti
2404 5416 2535 5468 facti.

2257 5419 2877 5552 Jmif‘ttrzzigemnibusuts‘s.
2903 5487 2958 5530 At
2981 5483 3026 5552 i_n
3053 5482 3211 5552 editis,
3237 5485 3371 5534 credi
3389 5499 3482 5550 non
3505 5499 3655 5552 posse.

2333 5544 2354 5574 ⁸
2379 5543 2512 5598 aditi,
2545 5541 2728 5604 Inspice
2753 5541 2802 5591 iu
2825 5541 2930 5604 ltoc.
2959 5545 3121 5604 Abest,
3145 5545 3215 5604 in,
3239 5558 3267 5593 a

2333 5605 2353 5634 ο
2379 5604 2510 5667 Apud
2535 5603 2660 5667 Ιιονέ,
2687 5603 3056 5667 prwclarisst'me
3078 5603 3260 5656 dictum
3284 5614 3372 5660 est.

2335 5667 2352 5696 τ
2379 5663 2512 5724 man,
2535 5663 2736 5715 venient.
2763 5673 2818 5714 at
2835 5674 2959 5724 Mss,
2987 5668 3192 5717 veniunt.

2333 5727 2352 5756 κ
2379 5734 2460 5775 tlte
2494 5728 2640 5796 editio
2667 5735 2764 5796 aut.
2795 5729 2957 5796 etduo
2974 5737 3156 5796 tantum
3179 5743 3206 5778 e
3233 5733 3467 5796 Vaticanis
3491 5741 3617 5788 διελς,
3645 5741 3694 5782 ut
3717 5735 3864 5796 ejice-

2271 5803 2372 5855 ram
2393 5801 2486 5836 eos.
2514 5789 2602 5837 Sed
2629 5789 2746 5855 inira
2771 5793 2966 5851 quoties
2991 5793 3113 5840 istud
3133 5794 3458 5841 testimonium
3477 5789 3864 5855 repetitur,'cum

2273 5853 2656 5898 iiil<('tttl\'i.'l!lit"l‘
2685 5851 2728 5898 in
2759 5865 2818 5894 νο
2838 5855 2986 5900 \‘r'rlm
3010 5856 3298 5904 (‘nttt‘vnittnl
3331 5858 3496 5904 (νενευτὶ
3529 5851 3612 5904 ’ἷξες
3659 5851 3866 5908 Valitutti

2278 5923 2322 5963 tjl
2343 5912 2580 5961 l-itiii‘ﬂili.
