4202 6524
295 428 399 487 εει

298 547 491 604 docebit
517 546 859 619 unusquisque
880 545 1037 601 ciuem
1062 561 1209 601 suum
1239 552 1285 600 et
1315 542 1655 615 unusquisque
1677 544 1892 615 fratrem

296 655 479 706 suum,
507 639 700 701 dicens.
725 636 982 710 Cognosce
1010 636 1283 691 Dominum
1312 635 1474 707 :quia
1502 650 1675 690 omnes
1703 649 1889 705 cogno-

297 741 433 787 scent
458 746 555 793 me.
583 746 616 785 a
641 730 834 785 minore
857 746 1014 801 usque
1036 728 1105 784 ad
1128 731 1372 801 majorem
1394 744 1601 795 eorum;
1624 728 1745 798 quia
1769 743 1894 797 pro-

299 823 452 894 pitius
472 838 560 876 ero
584 822 839 891 iniquitati
862 839 1057 886 eorum,
1081 832 1128 877 et
1150 833 1357 893 peccata
1380 836 1553 875 eorum
1574 836 1673 874 non
1697 834 1888 873 memo-

296 913 446 968 rabor
482 914 618 967 ultra
646 912 878 986 (Jerem.
910 929 1059 980 xxxr,
1089 914 1262 971 ιιι-δι
1289 914 1329 985 ).
1352 910 1489 980 Quid
1517 910 1584 966 ad
1610 908 1724 965 haec
1747 908 1885 966 dici-

297 1007 455 1062 mus?
490 1006 693 1077 Nempe
736 1006 791 1062 in
829 1008 1099 1063 veteribus
1136 1006 1314 1062 Libris
1352 1013 1446 1062 aut
1491 1018 1750 1076 nusquam
1794 1009 1890 1056 aut

293 1098 510 1155 dzfﬁcile
540 1108 734 1168 pra-ter
754 1097 896 1155 hunc
926 1098 1293 1170 propheticum
1322 1098 1496 1154 locum
1525 1096 1721 1167 legitur
1745 1093 1885 1150 facta

292 1192 736 1249 commemoratio
767 1191 1100 1247 Testamenti
1125 1190 1278 1254 Novi,
1310 1198 1367 1246 ut
1387 1188 1608 1246 omnino
1638 1188 1754 1257 ipso
1785 1202 1885 1242 no-

294 1283 438 1337 mine
467 1281 826 1352 appellaretur
851 1299 866 1337 :
894 1297 1016 1337 nam
1047 1281 1229 1337 multis
1257 1281 1390 1337 locis
1425 1280 1527 1336 boc
1554 1278 1887 1351 significatur

290 1382 347 1428 et
369 1373 753 1443 prmnuntiatur
778 1371 1038 1440 futurum,
1065 1373 1159 1430 sed
1189 1387 1296 1428 non
1323 1373 1394 1427 ita
1421 1381 1479 1427 ut
1496 1373 1655 1428 etiam
1683 1386 1879 1427 nomen

290 1466 500 1535 legatur
523 1482 859 1537 expressum.
881 1467 1172 1523 Considera
1202 1467 1360 1538 igitur
1388 1466 1693 1537 diligenter,
1720 1479 1883 1537 quam

290 1560 646 1616 dill‘erentiam
672 1561 811 1616 inter
847 1562 955 1617 duo
989 1560 1356 1627 Testamenta,
1401 1560 1456 1617 id
1498 1571 1603 1629 est,
1632 1559 1800 1616 Vetus
1828 1568 1882 1614 et

293 1650 521 1714 Novum,
554 1651 696 1707 Deus
725 1668 846 1708 esse
877 1660 1100 1708 testatus
1129 1652 1219 1709 sit.
1838 1668 1849 1681 ·

338 1742 451 1799 54.
474 1740 610 1798 Cum
633 1741 875 1806 dixisset,
902 1741 1024 1798 Non
1051 1742 1327 1800 secundum
1345 1738 1723 1798 Testamentum
1743 1740 1884 1811 quod

288 1833 388 1905 feci
416 1832 640 1904 patribus
668 1850 840 1889 eorum
877 1834 929 1888 in
959 1834 1041 1888 die
1064 1850 1165 1904 qua
1191 1833 1502 1905 apprehendi
1547 1848 1755 1887 manum
1792 1848 1883 1887 eo-

286 1945 422 1992 rum,
453 1936 508 1982 ut
533 1927 794 1983 educerent
818 1944 903 1982 eos
927 1927 991 1982 de
1020 1938 1157 1983 terra
1188 1925 1444 2000 ﬂggpti;
1472 1927 1592 1983 vide
1617 1925 1744 1997 quid
1781 1925 1849 1981 ad
1867 1955 1881 1967 -

284 2019 499 2090 iunxit:
531 2018 664 2085 Quia
706 2020 807 2092 ipsi
848 2036 948 2076 non
992 2029 1432 2092 perseuerauerunt
1470 2021 1523 2075 in
1559 2019 1880 2075 Testamento

285 2129 417 2167 meo.
459 2112 596 2168 Vitio
642 2126 829 2168 eorum
870 2112 1109 2183 deputat,
1143 2112 1286 2184 quod
1324 2113 1378 2169 in
1413 2112 1758 2169 Testamento
1787 2111 1880 2167 Dei

287 2220 394 2259 non
435 2215 878 2276 permanserunt;
913 2220 979 2261 ne
1011 2206 1116 2274 lex,
1158 2221 1320 2277 quam
1366 2216 1494 2262 tunc
1536 2213 1875 2276 acceperunt,

287 2296 548 2366 culpanda
589 2297 852 2354 videatur.
898 2296 1015 2368 Ipsa
1055 2307 1139 2353 est
1175 2299 1345 2366 enim,
1383 2314 1541 2370 quam
1584 2315 1689 2353 non
1734 2299 1881 2354 venit

287 2390 530 2446 Christus
556 2389 787 2458 solvere,
820 2391 914 2446 sed
943 2392 1164 2462 implere
1188 2391 1401 2463 (Matth.
1426 2408 1477 2457 v,
1506 2392 1616 2463 l7).
1646 2391 1761 2447 Non
1804 2401 1883 2446 ta-

289 2499 411 2538 men
448 2498 546 2554 per
586 2483 832 2539 eamdem
870 2483 1041 2554 legem
1079 2482 1385 2555 iustiﬁcatis
1431 2483 1628 2553 impiis,
1660 2483 1756 2539 sed
1788 2498 1882 2553 per

286 2575 512 2645 gratiam
542 2592 557 2628 :
586 2574 685 2630 hoc
709 2575 906 2646 quippe
932 2576 1042 2647 agit
1067 2574 1341 2631 viviﬁcans
1364 2576 1602 2647 spiritus,
1630 2576 1747 2631 sine
1774 2589 1883 2645 quo

291 2670 463 2724 littera
492 2667 703 2724 occidit.
734 2668 796 2725 Si
816 2670 949 2724 enim
977 2669 1098 2725 data
1122 2680 1248 2726 esset
1275 2669 1357 2725 lea:
1379 2686 1495 2740 qua:
1519 2680 1683 2743 posset
1715 2671 1879 2739 vivi/i-

287 2776 421 2822 cure,
447 2760 652 2814 omnino
689 2776 752 2816 ex
794 2761 903 2833 lege
930 2771 1055 2817 esset
1072 2761 1283 2830 justitia
1305 2778 1324 2817 :
1345 2762 1436 2818 sed
1460 2761 1707 2818 conclusit
1735 2762 1882 2818 Scri-

289 2865 439 2925 ptura
468 2854 638 2908 omnia
655 2853 747 2909 sub
769 2866 992 2925 peccato,
1013 2864 1069 2909 ut
1095 2856 1360 2926 promissio
1387 2873 1452 2913 ea:
1468 2858 1572 2928 [ide
1587 2856 1618 2911 Ι
1625 2875 1714 2913 esu
1731 2856 1881 2913 Chri-

286 2947 352 3001 sti
390 2946 595 3000 daretur
629 2945 962 3004 credentibus.
995 2947 1071 3003 Ex
1106 2947 1207 3004 hac
1235 2949 1610 3018 promissione,
1638 2950 1744 3006 hoc
1766 2958 1876 3017 est,

288 3054 354 3092 cx
386 3036 477 3091 Dei
515 3038 775 3093 beneﬁcio
807 3038 921 3110 ipsa
950 3039 1035 3095 lex
1067 3039 1341 3110 impletur,
1369 3041 1488 3097 sine
1511 3057 1615 3112 qua
1648 3042 1879 3113 promis-

288 3129 441 3184 sione
481 3128 917 3199 przevaricatores
959 3128 1119 3197 facit;
1165 3131 1250 3186 vel
1302 3147 1471 3202 usque
1515 3132 1581 3188 ad
1629 3132 1879 3190 effectum

290 3219 418 3274 mali
444 3219 644 3289 operis,
675 3219 722 3274 si
745 3219 904 3275 etiam
932 3222 1178 3293 repagula
1205 3221 1411 3278 timoris
1432 3224 1881 3294 concupiscentia:

291 3312 504 3369 ﬂamma
548 3314 957 3382 transcenderit,
984 3316 1070 3372 vel
1098 3325 1244 3373 certe
1284 3318 1335 3373 in
1367 3319 1480 3373 sola
1513 3319 1803 3384 voluntate,
1834 3320 1878 3375 si

294 3406 453 3458 timor
483 3420 654 3476 penu:
693 3407 1008 3462 suavitatem
1050 3408 1286 3463 libidinis
1321 3410 1527 3465 vicerit.
1555 3410 1709 3479 Quod
1736 3412 1881 3466 enim

291 3498 385 3565 ait,
407 3496 662 3553 Conclusit
685 3498 953 3569 Scriptura
981 3501 1152 3554 omnia
1176 3500 1267 3554 sub
1293 3510 1516 3572 peccato,
1538 3514 1590 3557 ut
1614 3504 1882 3571 promissio

290 3607 355 3643 ea:
399 3591 500 3658 [ide
538 3588 664 3645 Jesu
699 3589 889 3648 Christi
930 3591 1138 3647 daretur
1178 3574 1526 3661 credentibus;
1554 3596 1719 3665 ipsius
1746 3612 1881 3652 con-

289 3681 544 3737 clusionis
588 3681 788 3738 utilitas
833 3682 975 3738 dicta
1020 3692 1122 3739 est.
1166 3683 1298 3739 Nam
1344 3684 1604 3741 Conclusit
1641 3687 1709 3742 ad
1744 3704 1882 3759 quos

292 3791 438 3839 usus,
461 3775 559 3830 nisi
584 3774 1031 3847 quemadmodum
1052 3776 1179 3833 alibi
1194 3775 1268 3849 (a)
1284 3778 1433 3845 dicit,
1462 3776 1767 3851 Priusquam
1789 3799 1884 3837 au-

290 3877 391 3921 tem
418 3869 599 3923 veniret
616 3869 763 3938 ﬁdes,
784 3870 876 3924 sub
894 3871 999 3942 lege
1016 3869 1446 3941 custodiebantur,
1472 3873 1700 3929 conclusi
1711 3872 1763 3926 in
1773 3888 1894 3927 eam

289 3961 443 4030 ﬁdem
470 3976 585 4033 quae
612 3972 783 4033 postea
810 3962 1029 4017 revelata
1054 3971 1124 4015 est
1152 3962 1170 4032 (
1196 3959 1368 4017 Galut.
1395 3978 1474 4030 tu,
1500 3963 1670 4022 2l-25
1688 3964 1746 4035 )?
1768 3964 1880 4021 Lex

287 4066 420 4122 ergo
444 4051 565 4108 data
594 4061 695 4119 est,
737 4061 796 4108 ut
835 4054 1002 4125 gratia
1032 4064 1363 4125 quaereretur
1388 4073 1402 4111 :
1423 4056 1593 4126 gratia
1621 4056 1745 4112 data
1773 4065 1878 4123 est,

289 4154 348 4198 ut
396 4144 481 4200 lex
525 4145 858 4216 impleretur.
879 4145 1065 4217 Neque
1092 4148 1236 4202 enim
1266 4162 1367 4204 suo
1394 4149 1525 4205 vitio
1551 4165 1658 4205 non
1688 4150 1882 4221 imple-

288 4238 447 4294 batur
482 4239 589 4308 lex,
627 4239 721 4297 sed
759 4241 890 4296 vitio
927 4240 1223 4313 prudentiae
1259 4241 1438 4298 carnis
1467 4260 1481 4297 :
1509 4242 1652 4312 quod
1690 4243 1878 4299 vitium

290 4345 385 4400 per
424 4330 592 4401 legem
630 4331 1131 4400 demonstrandum,
1165 4347 1259 4404 per
1309 4334 1536 4405 gratiam
1581 4336 1877 4391 sanandum

288 4421 406 4477 fuit.
434 4422 582 4491 Quod
607 4424 742 4478 enim
771 4424 1082 4495 impossibile
1104 4436 1210 4481 erat
1235 4426 1361 4498 legis
1384 4427 1425 4493 ⁸,
1447 4426 1502 4482 in
1519 4444 1620 4500 quo
1646 4428 1878 4498 inﬁrma-

287 4515 434 4569 batur
460 4530 548 4586 per
573 4531 796 4582 carnem,
829 4516 963 4571 misit
990 4516 1129 4572 Deus
1157 4516 1351 4572 Filium
1378 4535 1526 4573 suum
1553 4520 1606 4574 in
1633 4521 1877 4576 similitu-

287 4608 407 4661 dine
429 4608 594 4663 carnis
620 4609 827 4678 peccati,
859 4618 905 4663 et
929 4609 992 4663 de
1016 4620 1220 4681 peccato
1248 4610 1506 4665 damnavit
1531 4622 1795 4683 peccatum
1823 4614 1877 4669 in

287 4716 459 4764 carne,
486 4708 541 4753 ut
556 4701 760 4773 justitia
798 4699 924 4773 legis
958 4702 1255 4773 impleretur
1280 4704 1335 4758 in
1364 4703 1526 4769 nobis,
1553 4705 1641 4775 qui
1667 4723 1769 4761 non
1793 4723 1877 4762 se-

283 4790 505 4846 cundum
548 4808 751 4848 carnem
798 4794 1144 4862 ambulamus,
1184 4794 1274 4850 sed
1314 4795 1590 4851 secundum
1640 4798 1879 4867 spiritum

287 4880 464 4953 (Itoni.
486 4898 598 4949 vui,
627 4884 681 4951 ὅ,
705 4881 781 4958 4).
808 4883 963 4942 Unde
987 4894 1044 4941 et
1069 4886 1123 4942 in
1160 4886 1265 4942 isto
1294 4886 1608 4958 prophetico
1631 4889 1876 4946 testimo-

286 4973 396 5039 nio,
423 4972 815 5044 Consummabo,
844 4976 1032 5048 inquit,
1054 4995 1208 5043 super
1232 4978 1438 5034 domum
1456 4977 1627 5036 Israel
1652 4990 1700 5036 et
1723 4998 1878 5052 super

284 5065 489 5121 domum
520 5066 662 5122 Iuda
676 5054 1060 5126 Testamentum.
1088 5069 1142 5127 Ν
1145 5088 1292 5127 ovum
1315 5088 1334 5127 :
1354 5072 1479 5143 quid
1496 5082 1599 5143 est,
1626 5073 1879 5131 Consum-

285 5157 453 5226 mabo,
475 5159 602 5228 nisi,
626 5159 861 5232 lmplebo
876 5162 900 5218 i
918 5180 1022 5217 non
1041 5164 1317 5221 secundum
1344 5163 1720 5223 Testamentum
1739 5170 1875 5241 quod

283 5250 382 5320 feci
410 5250 635 5321 patribus
660 5268 833 5307 eorum
862 5254 913 5308 in
948 5254 1030 5310 die
1056 5273 1158 5328 qua
1190 5258 1506 5327 apprehendi
1539 5277 1747 5316 ntauum
1782 5279 1869 5318 co-

281 5358 416 5405 rum,
444 5352 499 5396 ut
526 5342 786 5399 educerem
808 5363 889 5402 eos
913 5346 977 5401 de
1005 5357 1139 5403 terra
1163 5348 1408 5421 Egypti.

355 5435 577 5493 CAPUT
620 5437 737 5493 XX.
766 5469 837 5480 --
866 5442 953 5497 55'.
998 5442 1104 5499 Lex
1130 5455 1285 5499 vetus.
1312 5444 1421 5501 Lex
1445 5464 1594 5503 noua.
1622 5449 1763 5519 Ergo
1805 5451 1870 5504 il-

282 5530 369 5587 lud
396 5530 557 5589 Vetus
581 5542 719 5601 erat,
747 5534 871 5605 quia
916 5536 1018 5592 hoc
1043 5554 1236 5594 novum
1255 5539 1515 5597 est.Unde
1542 5541 1703 5612 igitur
1737 5544 1867 5597 illud

288 5635 452 5689 cetus,
494 5626 597 5683 hoc
643 5642 869 5696 novum,
912 5646 1033 5686 cum
1082 5633 1165 5688 lex
1210 5633 1397 5690 eadem
1444 5637 1729 5707 impleatur
1776 5655 1871 5709 per

290 5719 679 5777 Testamentum
728 5722 965 5794 Novum,
990 5728 1324 5798 quwdixitiu
1359 5731 1567 5798 Vetere,
1596 5731 1716 5788 Non
1747 5752 1869 5789 cou-

690 5859 807 5977 ῗᾶῑιὶ
827 5875 944 5913 vero
966 5864 1044 5916 alii
1068 5876 1259 5929 ctuss.,
1279 5868 1428 5932 (cr/is;
1466 5869 1604 5933 juxta
1635 5885 1860 5933 gntx'llztl.

401 5959 417 5977 ,
585 5956 599 5977 ,
766 5956 779 5970 .

401 5959 417 5978 ο
445 5956 517 5970 Iv-
534 5956 599 5983 ιν,
622 5956 664 5974 ιο
694 5956 779 5977 ,ιιι

1725 423 1928 483 LIBER
1971 423 2170 482 UNUS.

2032 252 2068 277 ὁ

2002 539 2230 610 cupisces
2258 538 2468 611 (Exod.
2497 557 2589 611 xx,
2614 542 2746 618 l7)?
2778 544 2910 615 Quia
2934 546 3054 621 ipsi,
3078 534 3392 623 inquit,.non
3419 572 3593 626 perse-

1998 643 2290 689 veraverant
2319 633 2372 690 in
2402 634 2720 695 Testamento
2746 657 2879 709 meo,
2904 652 2952 698 et
2986 660 3078 717 ego
3103 647 3303 719 neglexi
3336 664 3442 716 eos,
3467 652 3593 707 dicit

1998 722 2270 780 Dominus.
2307 726 2451 799 Ergo
2494 738 2713 800 propter
2738 733 2935 791 veteris
2964 733 3196 794 hominis
3228 755 3442 808 noxam,
3471 758 3592 814 quas

1998 831 2093 885 per
2122 816 2354 874 litteram
2387 818 2665 889 jnbentem
2700 832 2754 878 et
2783 826 3074 882 minantem
3116 829 3335 886 minime
3364 833 3595 889 sanaba-

1996 914 2104 974 tur,
2132 908 2329 965 dicitur
2354 910 2482 968 illud
2508 911 2914 973 Testamentum
2941 929 3127 985 vetus;
3158 920 3259 978 hoc
3284 933 3463 980 autem
3492 942 3591 982 no-

1998 1013 2146 1067 vum,
2193 1011 2411 1072 prepter
2448 1005 2737 1062 novitatem
2778 1009 3017 1080 Spiritus,
3044 1027 3163 1083 qua:
3192 1013 3462 1072 hominem
3493 1034 3593 1073 no-

1995 1105 2119 1146 vum
2166 1102 2320 1149 sanat
2358 1111 2390 1151 a
2425 1095 2556 1152 vitio
2597 1100 2890 1156 vetustatis.
2923 1101 3161 1174 Denique
3200 1106 3417 1162 attende
3446 1109 3588 1179 quod

1993 1185 2254 1255 sequitur,
2291 1194 2347 1245 et
2379 1188 2500 1244 vide
2528 1200 2725 1261 quanta
2769 1191 2887 1249 luce
2927 1194 3019 1250 ﬁat
3057 1197 3417 1267 perspicuum,
3443 1201 3588 1273 quod

1992 1275 2092 1331 sibi
2121 1275 2346 1335 ﬁdentes
2374 1281 2564 1337 nolunt
2591 1282 2833 1340 homines
2863 1286 3056 1342 intueri
3086 1305 3100 1343 :
3132 1289 3266 1353 Quia
3301 1292 3397 1346 hoc
3438 1302 3589 1347 testa-

1932 1394 1949 1417 ι
1993 1378 2216 1422 mentum
2242 1380 2336 1438 cst,
2366 1372 2558 1443 inquit,
2583 1378 2716 1444 quod
2744 1378 2991 1433 ordinabo
3029 1381 3205 1435 domui
3231 1380 3396 1439 Israel
3416 1401 3436 1438 :
3462 1383 3587 1440 Post

1991 1459 2099 1514 dies
2129 1461 2266 1528 illos,
2302 1463 2424 1519 dicit
2459 1463 2729 1535 Dominus,
2760 1468 2891 1524 dabo
2922 1470 3053 1542 leges
3082 1489 3219 1527 meas
3253 1474 3305 1529 in
3344 1492 3433 1530 cor
3461 1478 3583 1531 illo-

1990 1568 2123 1617 rum,
2164 1564 2209 1607 et
2256 1554 2309 1610 in
2355 1567 2520 1614 mente
2560 1576 2735 1615 coruus
2779 1563 2996 1618 scribam
3036 1582 3138 1621 eas.
3167 1566 3306 1624 Ecce
3334 1580 3416 1625 cst
3446 1572 3585 1626 unde

1930 1723 1940 1733 .
1990 1644 2278 1714 Apostolus
2303 1648 2400 1716 ait,
2425 1651 2567 1722 quod
2594 1668 2753 1724 supra
2783 1658 3344 1730 commemoravimus,
3370 1661 3491 1717 Non
3531 1665 3582 1719 in

1989 1737 2173 1794 tubulis
2215 1739 2462 1811 lapideis,
2497 1744 2586 1798 sed
2623 1744 2677 1800 in
2716 1745 2903 1802 tabulis
2928 1750 3135 1816 cordis;
3162 1750 3286 1821 quia
3314 1770 3414 1807 non
3441 1764 3583 1806 atra-

1987 1840 2177 1897 mento,
2202 1833 2291 1887 sed
2313 1834 2499 1906 spiritu
2519 1835 2617 1892 Dei
2642 1838 2755 1894 vivi.
2778 1839 2891 1897 Nec
2919 1842 2987 1897 ob
3011 1843 3153 1899 aliud
3183 1845 3412 1901 arbitror
3439 1847 3491 1901 in
3518 1863 3583 1902 co

1989 1922 2108 1977 loco
2136 1923 2449 1994 Apostolum
2476 1928 2708 1985 voluisse
2729 1946 3156 1991 commemorare
3178 1935 3581 1993 Testamentum

1986 2010 2193 2070 Novqu
2222 2016 2315 2088 (ibi
2344 2019 2542 2091 quippe
2569 2020 2663 2087 ait,
2695 2021 2795 2089 Qui
2831 2034 2879 2078 et
2912 2024 3121 2083 idoneos
3156 2044 3250 2083 nos
3279 2029 3396 2100 fecit
3429 2030 3582 2084 mini-

1986 2116 2116 2163 δινσε
2143 2107 2277 2163 Novi
2300 2109 2623 2180 Testamenti,
2648 2132 2747 2170 non
2775 2116 2972 2184 litterae,
2997 2118 3084 2174 sed
3107 2121 3317 2192 spiritus
3339 2118 3425 2195 [ιι
3448 2119 3567 2177 Cor.

1988 2218 2064 2269 Ill,
2092 2203 2146 2267 5,
2170 2201 2267 2276 0]),
2295 2206 2393 2259 nisi
2415 2206 2536 2276 quia
2565 2207 2720 2262 istam
2750 2208 3056 2266 intuebatur
3081 2213 3434 2285 prephctiam,
3458 2230 3579 2270 cum

1984 2292 2208 2360 diceret,
2241 2293 2361 2349 Non
2400 2296 2453 2351 in
2493 2297 2679 2352 tabulis
2721 2296 2959 2367 lapideis,
2992 2301 3082 2354 scd
3116 2302 3167 2356 in
3199 2303 3383 2357 tabulis
3412 2304 3580 2359 cordis

1985 2388 2273 2444 carnalibus
2297 2388 2587 2460 :quoniam
2626 2390 2711 2446 hic
2746 2391 2949 2448 dictum
2983 2402 3086 2461 cst,
3119 2393 3186 2450 In
3226 2396 3460 2451 cordibus
3497 2414 3581 2452 eo-

1984 2495 2100 2534 rum
2122 2481 2339 2535 scribam
2361 2498 2465 2547 eas,
2492 2481 2581 2538 ubi
2602 2484 2914 2540 nominatim
2942 2486 3268 2557 pron'iissum
3289 2497 3371 2543 est
3394 2488 3581 2544 Testa-

1984 2580 2222 2626 mentum
2244 2571 2472 2630 Novum.

2055 2661 2284 2719 CAPUT
2325 2662 2468 2719 XXI.
2493 2694 2567 2705 —
2604 2664 2693 2721 56.
2736 2665 2845 2722 Lee:
2870 2667 3059 2739 scripta
3087 2668 3139 2724 in
3164 2670 3418 2725 cordibus.
3442 2669 3581 2739 Quid

1984 2765 2111 2809 sunt
2138 2771 2266 2825 ergo
2296 2755 2442 2828 leges
2470 2757 2561 2813 Dei
2598 2758 2668 2814 ab
2704 2758 2819 2828 ipso
2852 2760 2962 2815 Deo
2986 2760 3201 2832 scripta:
3227 2761 3281 2817 in
3306 2762 3580 2829 cordibus,

1983 2846 2087 2902 nisi
2133 2846 2250 2918 ipsa
2298 2849 2581 2918 prwsentia
2625 2848 2856 2920 Spiritus
2899 2851 3092 2917 sancti,
3130 2853 3221 2924 qui
3261 2863 3344 2909 est
3381 2854 3582 2925 digitus

1986 2938 2103 3003 Dei,
2144 2952 2252 3009 quo
2299 2949 2563 3009 pricsentc
2597 2940 2914 2998 diﬂ‘unditur
2955 2943 3192 3001 charitas
3232 2946 3287 3001 iu
3330 2947 3583 3002 cordibus

1986 3029 2204 3098 nostris,
2252 3047 2373 3102 quae
2427 3033 2699 3102 plenitudo
2726 3034 2858 3105 legis
2896 3047 3000 3102 est,
3036 3044 3091 3091 et
3130 3038 3382 3108 przeccpti
3419 3036 3582 3094 (iiiis?

1984 3122 2119 3180 Nam
2156 3123 2280 3194 quia
2310 3123 2521 3180 Veteris
2542 3125 2867 3184 Testamenti
2897 3129 3157 3199 psomissa
3185 3140 3396 3186 terrena
3431 3142 3559 3186 sunt

1986 3217 2112 3274 licet
2135 3218 2397 3290 (exceptis
2421 3221 2793 3288 sacramentis,
2824 3238 2942 3293 qua:
2975 3224 3162 3279 umbra
3189 3233 3343 3279 erant
3371 3224 3579 3280 futuro-

1988 3325 2141 3376 rum,
2192 3310 2331 3364 sicut
2374 3320 2457 3366 est
2506 3311 2865 3382 circumcisio,
2908 3324 2963 3369 et
3011 3316 3313 3384 sabbatum,
3365 3325 3418 3371 et
3462 3306 3583 3371 alia:

1985 3402 2193 3457 dierum
2234 3404 2659 3472 observationes,
2697 3416 2749 3461 et
2779 3409 3130 3477 quarumdam
3171 3426 3413 3467 escarum
3442 3413 3581 3467 ceri-

1988 3496 2181 3549 moui-.e
2222 3494 2321 3570 (a),
2358 3504 2412 3552 et
2454 3498 2732 3569 multiplex
2778 3502 3161 3557 sacrificiorum
3200 3519 3582 3587 sacrorumqpe

1987 3585 2141 3652 ritus,
2181 3603 2302 3657 quae
2348 3590 2600 3644 vetustati
2648 3592 2880 3666 carnalis
2924 3593 3356 3666 legis‘jugoque
3399 3585 3581 3653 servili

1986 3677 2404 3752 eongruebant,)
2428 3679 2550 3734 talia
2581 3664 2852 3739 contineat
2872 3686 2892 3715 ²
2915 3664 3177 3755 praecepta
3194 3664 3583 3759 ijustititc,qua-

1988 3769 2055 3824 lia
2081 3785 2222 3826 nunc
2247 3786 2459 3843 quoque
2489 3770 2778 3832 observare
2806 3778 3164 3847 przccipimur,
3198 3796 3317 3851 qua:
3345 3784 3580 3837 maxime

1985 3860 2191 3918 duabus
2240 3862 2348 3919 illis
2399 3864 2594 3920 tabulis
2636 3867 2754 3923 sine
2798 3867 2962 3939 ﬁgura
3012 3869 3340 3928 adumbrata:
3381 3874 3583 3943 signiti-

1983 3954 2210 4009 cationis
2252 3970 2505 4025 expressa
2554 3968 2707 4025 sunt,
2748 3960 2901 4015 sicuti
2945 3971 3047 4028 est,
3091 3961 3215 4018 Non
3246 3964 3578 4033 adulterabis,

1986 4042 2110 4100 Non
2149 4046 2479 4102 homicidium
2521 4050 2699 4122 facies,
2730 4049 2852 4107 Non
2893 4056 3238 4126 concupisces,
3270 4064 3316 4111 et
3359 4058 3403 4112 si
3446 4058 3581 4129 quod

1983 4136 2129 4191 aliud
2184 4147 2257 4213 est
2311 4139 2610 4195 mandatum
2660 4143 2804 4214 quod
2860 4146 2912 4201 in
2970 4147 3065 4202 hoc
3114 4165 3344 4206 sermone
3385 4152 3582 4223 recapi-

1984 4228 2179 4283 tulatur
2200 4271 2217 4297 ,
2274 4227 2472 4303 Diliges
2547 4235 2835 4305 proximum
2898 4248 3040 4292 tuum
3105 4244 3235 4295 sicut
3302 4250 3350 4296 te
3412 4245 3580 4313 ipsum

1985 4317 2198 4390 (Exod.
2226 4337 2321 4389 xx,
2356 4323 2562 4399 ιιι-17)
2599 4346 2611 4380 :
2645 4337 2819 4384 tamen
2864 4331 2986 4400 quia
3031 4332 3085 4386 in
3132 4348 3218 4400 eo,
3265 4334 3404 4390 sicut
3445 4336 3577 4406 dixi,

1984 4412 2247 4481 promissa
2314 4422 2524 4472 terrena
2593 4427 2649 4473 et
2709 4422 3022 4490 temporalia
3076 4424 3410 4493 recitantur,
3459 4444 3581 4499 qua:

1984 4504 2121 4560 bona
2168 4515 2295 4561 sunt
2342 4507 2502 4580 hujus
2550 4512 2911 4584 corruptibilis
2956 4516 3152 4583 carnis,
3206 4520 3450 4588 quamvis
3495 4521 3577 4576 eis

1982 4597 2306 4669 sempiterna
2326 4610 2487 4672 atque
2523 4604 2761 4660 caelestia
2788 4604 2856 4660 ad
2891 4604 3097 4661 Novum
3138 4609 3573 4665 scilicet.'l‘esta-

1982 4701 2222 4747 mentum
2253 4695 2573 4765 pertinentia
2605 4696 2899 4769 ﬁgurentur
2927 4699 2981 4767 ³;
3010 4717 3150 4757 nunc
3181 4703 3349 4772 ipsius
3375 4703 3574 4759 bonum

1981 4784 2161 4839 cordis
2204 4788 2553 4855 promittitur,
2599 4791 2796 4847 mentis
2845 4791 3065 4859 bonum,
3106 4794 3324 4863 Spiritus
3352 4794 3575 4863 bonum,

1982 4876 2084 4934 hoc
2112 4885 2211 4946 est,
2241 4878 2574 4953 intelligibile
2600 4882 2797 4938 bonum
2817 4924 2834 4949 ,
2876 4899 2998 4939 cum
3025 4886 3238 4953 dicitur,
3267 4885 3412 4942 Dabo
3439 4889 3576 4961 leges

1980 4985 2117 5024 meas
2141 4970 2193 5024 in
2215 4980 2377 5025 mente
2401 4988 2597 5041 eorum,
2622 4984 2669 5028 et
2693 4978 2746 5028 in
2762 4974 2998 5030 cordibus
3026 4992 3199 5031 eorum
3221 4979 3438 5033 scribam
3457 4997 3565 5036 eas.

1980 5061 2136 5119 Unde
2155 5052 2472 5137 signiﬁcavit
2490 5081 2586 5122 eos
2617 5083 2721 5122 non
2754 5067 3050 5124 forinsecus
3076 5080 3365 5127 terrentem
3396 5073 3568 5144 legem

1982 5154 2379 5222 formidaturos,
2408 5157 2500 5213 sed
2527 5158 2844 5214 intrinsecus
2872 5159 3201 5218 habitantem
3240 5164 3406 5234 ipsam
3438 5167 3572 5235 legis

1973 5250 2238 5320 justitiam
2258 5249 2572 5307 dilecturos.

2048 5344 2277 5402 CAPUT
2314 5344 2481 5401 XXII.
2504 5375 2575 5386 —
2597 5346 2685 5402 37.
2723 5348 2913 5402 Merces
2942 5360 3150 5404 (eterna.
3186 5350 3387 5406 Deinde
3412 5351 3567 5405 addi-

1977 5436 2055 5491 dit
2081 5445 2136 5491 et
2169 5436 2471 5493 mercedem
2497 5456 2511 5493 :
2537 5438 2602 5491 Et
2639 5455 2723 5492 ero
2762 5441 2832 5493 eis
2882 5440 2933 5493 in
2967 5440 3150 5506 Deum,
3192 5451 3239 5494 et
3288 5442 3388 5511 ipsi
3416 5449 3563 5495 erunt

1984 5530 2107 5583 mihi
2149 5530 2202 5582 in
2236 5529 2502 5601 populum.
2532 5528 2645 5585 Iloc
2687 5540 2771 5585 est
2800 5530 2925 5586 illud
2972 5531 3113 5601 quod
3149 5532 3257 5586 Deo
3281 5530 3298 5562 ³
3328 5532 3402 5584 ait
3447 5528 3569 5600 ilio,

2041 5687 2059 5751 ξ
2087 5693 2186 5751 Am.
2208 5692 2282 5736 Fr.
2308 5692 2362 5736 et
2383 5684 2608 5751 plerique
2630 5692 2756 5751 iussn
2781 5685 2969 5738 carnali
2992 5684 3111 5751 lege.

2041 5749 2061 5778 ²
2084 5749 2157 5796 sic
2178 5755 2286 5797 Mss.
2306 5757 2364 5799 At
2385 5746 2824 5799 edim—contineant.

2038 5810 2056 5875 ξ
2940 5807 3283 5873 figurarentttr.

2038 5869 2059 5931 ξ
2084 5869 2221 5922 utili.
2247 5869 2308 5921 (te
2338 5869 2449 5921 nco.
2476 5869 2639 5931 λίιοει,
2664 5874 2741 5927 dc,
2770 5886 2795 5919 a
2821 5880 2908 5918 uss

2041 5927 2114 5991 (α)
2144 5931 2259 5987 \idu
2284 5935 2346 5983 liii
2385 5935 2414 5983 2
2439 5927 2659 5993 Ιῖϋῐῖὶλά,
2687 5949 2787 5995 (τις.
2814 5936 2888 5983 δῖ.
