4202 6522
612 445 722 501 233

617 561 752 616 Mihi
777 569 940 618 autem
967 561 1226 618 adhcrere
1255 560 1361 618 Deo
1382 563 1564 619 bonum
1591 571 1666 619 est
1691 562 1865 635 (Psal.
1890 579 2052 630 Lxxn,
2080 561 2200 633 28).

617 651 746 718 Ero,
769 652 960 725 inquit,
983 654 1087 710 illis
1106 654 1160 710 in
1185 653 1370 722 Deum,
1401 655 1567 726 etipsi
1603 663 1749 710 erunt
1791 655 1916 709 mihi
1957 654 2198 724 populus.

617 742 754 812 Quid
777 743 881 800 hoc
908 745 1048 800 bono
1073 745 1283 812 melius,
1313 744 1436 816 quid
1465 746 1566 800 hac
1592 743 1844 800 felicitate
1869 743 2094 811 felicius,
2123 744 2203 798 vi-

616 849 742 890 vere
769 836 906 902 Deo,
937 837 1116 894 vivere
1142 837 1210 894 de
1240 837 1351 894 Deo
1379 838 1421 906 ί,
1461 837 1598 908 apud
1625 853 1784 910 quem
1802 846 1884 894 est
1905 837 2026 893 fons
2052 838 2194 904 vitze,

617 927 750 981 etin
775 927 924 996 cujus
943 927 1141 984 lumine
1164 928 1462 986 videbimus
1481 929 1661 985 lumen
1687 928 1857 1002 (Psal.
1885 947 2048 998 xxxv,
2069 930 2205 1002 10)?

617 1015 694 1072 De
723 1017 820 1073 hac
842 1019 946 1074 vita
973 1019 1103 1076 dicit
1143 1022 1257 1091 ipse
1287 1021 1564 1087 Dominus,
1607 1021 1736 1078 Haec
1771 1031 1844 1078 est
1883 1034 2053 1079 autem
2100 1025 2200 1080 vita

615 1117 824 1174 (eterna,
857 1119 914 1163 ut
940 1123 1244 1183 cognoscant
1273 1121 1321 1168 te
1363 1129 1522 1168 unum
1552 1130 1723 1168 verum
1763 1113 1952 1182 Deum,
1983 1124 2028 1170 et
2055 1131 2202 1187 quem

616 1201 798 1255 misisti
816 1199 997 1256 Iesum
1034 1201 1286 1259 Christum
1324 1203 1503 1278 (Joan.
1547 1221 1676 1272 xvu,
1711 1205 1764 1278 '5)
1797 1207 1888 1262 :id
1915 1217 2018 1272 est,
2053 1216 2105 1264 te
2149 1216 2204 1262 et

615 1307 778 1360 quem
809 1293 998 1349 misiin
1025 1295 1209 1352 Jesum
1235 1295 1510 1352 Christum
1551 1315 1715 1354 unum
1747 1314 1929 1354 verum
1957 1301 2123 1356 Deum
2152 1303 2196 1356 ².

617 1381 731 1437 Iloc
757 1385 898 1438 enim
920 1393 973 1440 ct
999 1385 1115 1456 ipse
1159 1387 1422 1456 promittit
1449 1387 1795 1445 dilectoribus
1822 1391 1954 1459 suis,
1989 1391 2196 1458 dicens,

621 1473 722 1540 Qui
750 1476 912 1546 diligit
940 1493 1051 1545 me,
1098 1477 1341 1532 mandata
1384 1495 1494 1534 mea
1534 1480 1754 1534 custodit
1781 1497 1802 1536 :
1827 1491 1875 1536 et
1919 1483 2008 1555 qui
2035 1482 2202 1555 diligit

617 1583 714 1630 me,
744 1567 981 1640 diligetur
1007 1586 1040 1624 a
1064 1568 1219 1626 Patre
1243 1587 1388 1638 meo;
1415 1583 1462 1627 et
1489 1589 1580 1644 ego
1607 1574 1818 1646 diligam
1844 1592 1980 1644 eum,
2023 1586 2069 1633 et
2111 1593 2199 1632 os-

617 1657 819 1712 tendam
841 1677 918 1714 me
953 1661 1118 1732 ipsum
1139 1663 1214 1718 illi
1242 1662 1354 1734 (Id.
1386 1680 1496 1731 xw,
1543 1665 1634 1738 21)
1668 1684 1683 1723 :
1717 1667 1896 1739 utique
1927 1669 1980 1724 in
2025 1668 2200 1726 forma

618 1749 713 1806 Dei
742 1751 795 1806 in
823 1768 924 1822 qua
946 1755 1166 1824 aequalis
1195 1765 1278 1811 est
1306 1757 1448 1811 Patri
1475 1775 1488 1824 ;
1519 1774 1622 1814 non
1653 1759 1706 1814 in
1739 1759 1909 1816 forma
1953 1761 2114 1828 servi,
2145 1763 2197 1819 in

616 1856 718 1910 qua
765 1857 824 1897 se
873 1852 928 1898 et
977 1844 1152 1914 impiis
1199 1847 1446 1904 ostendet
1474 1849 1516 1900 ⁸.
1552 1849 1702 1906 Tunc
1741 1853 1882 1908 enim
1915 1854 2006 1909 lict
2055 1855 2198 1924 quod

616 1933 868 2001 scriptum
897 1943 978 1989 est
999 1977 1014 1998 ,
1046 1935 1498 2010 Tollaturimpius,
1545 1950 1600 1996 ut
1642 1959 1744 1997 non
1775 1945 1938 1998 videat
1975 1945 2199 2017 gloriam

615 2022 822 2079 Domini
869 2025 1020 2099 (Isai.
1065 2045 1210 2098 xxvi,
1266 2031 1379 2102 10).
1433 2031 1658 2100 Quando
1704 2035 1852 2092 ibunt
1885 2037 2086 2094 sinistri
2143 2040 2196 2094 in

614 2116 790 2186 ignem
808 2127 1087 2188 aeternum,
1102 2121 1233 2192 justi
1253 2132 1430 2179 autem
1448 2125 1500 2180 in
1522 2125 1684 2182 vitam
1709 2137 1961 2185 aeternam
1981 2129 2194 2204 (Matth.

611 2225 756 2277 xxv,
813 2210 928 2284 46).
983 2213 1114 2280 Qua:
1143 2215 1248 2269 vita
1294 2227 1514 2286 aeterna,
1569 2220 1708 2274 sicut
1756 2225 2192 2289 commemoravi,

611 2303 828 2358 definita
859 2314 942 2360 est
960 2321 1021 2361 ea
1043 2322 1182 2373 esse,
1201 2317 1260 2363 ut
1283 2321 1606 2380 cognoscant
1622 2329 1783 2368 unum
1799 2330 1985 2370 verum
2007 2315 2196 2372 Deum.

613 2393 748 2448 illnc
767 2395 895 2450 dicit
918 2406 971 2450 et
999 2397 1232 2454 Joannes
1257 2417 1270 2453 :
1291 2399 1637 2468 Dilectissimi,
1679 2405 1776 2474 ﬁlii
1800 2405 1898 2460 Dei
1923 2423 2118 2477 sumus,
2149 2418 2198 2464 et

612 2484 836 2538 nondum
857 2488 1099 2556 apparuit
1121 2489 1244 2560 quid
1279 2489 1486 2546 erimus.
1526 2491 1728 2548 Scimus
1749 2496 1867 2564 quia
1890 2512 2004 2550 cum
2027 2514 2194 2569 appa-

612 2578 789 2651 ruerit,
805 2578 994 2634 similes
1011 2580 1058 2634 ei
1075 2581 1279 2648 erimus,
1294 2585 1532 2652 quoniam
1544 2585 1818 2643 videbimus
1831 2605 1946 2644 eum
1957 2590 2104 2645 sicuti
2124 2602 2197 2646 est

613 2668 655 2737 (Ι
685 2667 842 2724 Joan.
874 2687 950 2735 ιη,
975 2671 1052 2743 ‘2).
1087 2672 1209 2728 [lare
1261 2675 1548 2732 similitudo
1600 2693 1742 2735 nunc
1784 2679 1969 2751 incipit
2019 2685 2194 2738 telor-

616 2761 771 2826 mari,
803 2762 1056 2831 quamdiu
1087 2763 1246 2820 homo
1294 2767 1514 2823 interius
1557 2781 1842 2827 renovatur
1862 2773 1884 2806 ¹¹
1911 2773 1979 2830 de
2009 2774 2093 2830 die
2139 2777 2192 2832 in

612 2850 984 2925 dicm(llCor.
1018 2857 1218 2930 tv,16)
1264 2859 1557 2918 secundum
1607 2861 1888 2936 imaginem
1937 2865 2054 2938 ejus
2103 2869 2193 2940 qui

610 2946 811 3000 creavit
835 2961 955 3002 eum
981 2947 1196 3016 (Coloss.
1228 2967 1302 3016 nt,
1333 2953 1442 3024 10).

680 3032 904 3092 CAPUT
943 3038 1130 3094 XXIII.
1158 3071 1228 3082 -—
1258 3043 1346 3098 58.
1373 3044 1684 3114 Rcformatio
1708 3065 1820 3120 qua:
1844 3067 1979 3109 nunc
2000 3054 2190 3126 agitur,

609 3125 795 3180 collata
821 3144 935 3182 cum
965 3131 1268 3202 perfectione
1294 3137 1478 3206 futura:
1501 3137 1632 3193 vitae.
1663 3139 1765 3194 Sed
1795 3141 1860 3195 ad
1887 3125 2193 3200 illiusiemi-

609 3218 806 3274 nentize
831 3220 1209 3288 perfectionem
1247 3241 1364 3294 qua:
1395 3236 1518 3282 tunc
1555 3227 1730 3285 futura
1760 3241 1874 3298 cst,
1905 3233 2030 3303 quid
2058 3233 2190 3302 hoc,

607 3321 699 3364 aut
735 3321 989 3382 quantum
1023 3315 1137 3370 est?
1165 3315 1435 3387 Siquidem
1469 3322 1751 3392 Apostolus
1789 3325 1856 3379 ad
1888 3325 1975 3380 illa
2002 3327 2192 3383 inclia-

603 3399 732 3456 hilia
753 3403 1136 3476 qualecumque
1161 3408 1417 3466 adhibens
1439 3412 1505 3468 de
1527 3415 1664 3470 notis
1685 3417 1846 3474 rebus
1866 3421 2188 3490 exemplum,

603 3495 877 3566 parvulam
908 3507 1121 3554 aetatem
1150 3502 1287 3557 virili
1315 3508 1640 3576 comparavit
1665 3509 1826 3564 aetati.
1859 3509 1986 3567 Cum
2010 3529 2185 3580 essem,

602 3583 793 3654 inquit,
821 3589 1084 3657 parvulus,
1115 3593 1259 3662 quasi
1287 3582 1526 3664 parvulus
1551 3599 1806 3669 loquebar,
1836 3605 1982 3674 quasi
2000 3623 2188 3676 parvu-

601 3675 682 3729 lus
707 3679 994 3747 capiebam,
1031 3683 1175 3750 quasi
1214 3687 1458 3754 parvulus
1499 3691 1821 3760 cogitabam:
1864 3711 1980 3748 cum
2019 3707 2188 3751 autem

600 3769 766 3836 {actus
789 3785 903 3824 sum
943 3773 1034 3838 vir,
1063 3773 1276 3844 deposui
1311 3795 1368 3831 ea
1396 3796 1510 3850 qute
1539 3784 1736 3851 parvuli
1759 3795 1922 3839 erant.
1951 3787 2060 3842 Cur
2087 3807 2184 3864 aqu-

599 3864 708 3910 tem
741 3857 842 3914 hoc
869 3860 1094 3929 dixerit,
1141 3880 1532 3938 consequenter
1557 3875 1872 3940 ostendens,
1913 3862 2183 3950 Videmus,

600 3946 792 4016 inquit,
820 3965 953 4004 nunc
979 3968 1070 4023 per
1089 3955 1350 4023 speculum
1373 3963 1425 4012 in
1447 3961 1732 4033 tvuigmate,
1757 3976 1876 4022 tunc
1903 3983 2069 4026 autem
2099 3979 2184 4048 fa-

597 4037 674 4090 cie
700 4039 770 4092 ad
796 4041 980 4112 [aciem
1010 4059 1030 4098 :
1059 4061 1190 4100 nunc
1213 4049 1316 4103 scio
1345 4067 1407 4104 ea:
1439 4063 1600 4122 parte,
1633 4065 1750 4111 tunc
1786 4070 1953 4116 autem
1995 4081 2182 4136 cogno-

595 4145 734 4184 scam
759 4134 888 4187 sicut
913 4146 958 4189 et
983 4139 1210 4208 cognitus
1243 4157 1352 4195 smn
1380 4142 1424 4213 (l
1451 4143 1568 4200 Cor.
1599 4164 1710 4216 xm,
1743 4151 1830 4220 ll,
1857 4154 1965 4228 12).

669 4221 896 4282 CAPUT
937 4227 1125 4283 xxnv.
1153 4262 1226 4272 —
1252 4233 1339 4290 59.
1381 4234 1602 4294 .Ezema
1635 4257 1822 4298 merces
1846 4221 1982 4302 Novi
1998 4246 2180 4304 Testa-

594 4319 750 4372 menti
786 4322 994 4390 propria
1034 4324 1276 4394 prtedicta
1305 4325 1394 4397 iter
1421 4332 1734 4400 prophetam.
1769 4336 2033 4412 Quomodo
2067 4359 2180 4396 om-

593 4408 736 4462 nium
781 4411 872 4464 erit
916 4412 1010 4467 illa
1060 4433 1264 4472 merces.
1325 4419 1596 4490 Apostolus
1636 4427 1896 4483 vehemens
1946 4432 2180 4503 defensor

591 4503 786 4571 gratim.
853 4503 963 4560 Lex
1015 4509 1204 4580 scripta
1257 4511 1309 4566 in
1361 4515 1594 4571 cordibus
1643 4529 1692 4572 et
1742 4537 1928 4577 merces
1980 4539 2180 4584 azterna:

589 4595 1026 4666 contemplationis
1063 4601 1278 4670 pertinet
1317 4605 1386 4657 ad
1415 4605 1782 4664 Testamentum
1812 4611 2034 4673 Novum.
2067 4618 2175 4676 Mi-

591 4703 738 4743 nores
787 4699 834 4744 et
890 4691 1106 4761 maiores
1148 4694 1200 4749 in
1243 4695 1396 4751 beatis
1442 4701 1668 4768 quinam.
1733 4704 1962 4766 Proinde
2011 4715 2171 4773 etiam

593 4794 687 4849 per
741 4781 882 4838 hunc
933 4785 1284 4857 prophetam,
1351 4792 1502 4862 cujus
1553 4797 1914 4858 testimonium
1965 4819 2176 4876 pertra-

587 4880 792 4928 ctanms
815 4915 832 4941 ,
883 4874 986 4932 hoc
1030 4878 1280 4936 additur:
1315 4892 1369 4936 ut
1405 4884 1548 4940 ineo
1588 4904 1822 4958 merces,
1854 4893 1907 4950 in
1939 4874 2002 4954 eo
2027 4899 2168 4972 finis,

588 4959 640 5016 in
664 4976 729 5016 eo
751 4963 1009 5033 perfectio
1032 4969 1317 5038 felicitatis,
1349 4973 1402 5027 in
1429 4990 1494 5029 eo
1516 4975 1686 5032 beatae
1711 4991 2028 5058 tutorumque
2052 4991 2172 5048 vita:

586 5067 792 5108 summa
821 5058 1096 5114 consistat.
1131 5061 1264 5118 Cum
1289 5066 1430 5121 enim
1459 5068 1712 5140 dixisset,
1753 5075 1816 5130 Et
1867 5097 1951 5134 ero
1981 5083 2083 5140 illis
2117 5087 2171 5142 in

590 5143 784 5212 Deum,
815 5156 863 5202 et
889 5148 990 5218 ipsi
1017 5161 1162 5206 erunt
1202 5156 1328 5210 mihi
1367 5162 1626 5231 populus;
1655 5171 1905 5228 continuo
1930 5176 2165 5246 addidit,

587 5233 654 5289 Et
681 5252 781 5290 non
806 5237 999 5294 docebit
1026 5247 1365 5320 unusquisque
1391 5253 1546 5308 civem
1582 5273 1728 5312 suum
1753 5271 1798 5314 et
1828 5271 2170 5341 unusquisque

584 5327 790 5397 fratrem
815 5345 984 5400 suum,
1007 5332 1197 5413 dicens,
1227 5337 1478 5411 Cognosce
1505 5345 1774 5406 Dominum
1801 5371 1820 5408 .·
1849 5358 1967 5427 quia
1993 5377 2168 5420 omnes

645 5504 664 5538 ι
691 5508 740 5552 tn
759 5503 904 5556 editis
925 5513 998 5579 Er,
1025 5518 1081 5562 et
1110 5519 1220 5564 Lor.
1245 5515 1434 5579 deerat,
1461 5520 1616 5575 vivere
1651 5527 1712 5578 de
1764 5538 1876 5582 Deo.
1906 5538 2038 5599 Apud
2064 5549 2164 5592 Am,

645 5567 915 5614 petebatur.
940 5582 1097 5614 mutare
1127 5585 1218 5614 non
1237 5591 1249 5602 -
1271 5587 1598 5614 nvenlnnrniccn
1645 5589 1704 5614 ,ιη

581 5573 915 5628 repetebatur,
940 5573 1097 5624 vivere
1119 5585 1249 5638 Deo;
1271 5573 1615 5646 praetermissa,
1641 5573 1718 5638 δέ.
1764 5573 1876 5582 ην.
1906 5573 2038 5599 ...νυ
2064 5573 2164 5592 ιιι...

583 5627 1117 5718 ....'..;5‘Z’3,.‘3‘.'l‘f°_'.‘°""
1143 5638 1196 5689 id
1218 5649 1304 5700 es"
1329 5650 1374 5694 ⁸⁸
1398 5654 1444 5718 fit
1462 5657 1602 5708 quem
1633 5651 1807 5704 "ii-$1315
1827 5663 1993 5710 Jt’sum
2030 5663 2168 5718 (‘Itri-

580 5694 705 5760 ‘uim
725 5694 1178 5760 Cogitowantunum
1199 5694 1364 5755 verum
1387 5694 1599 5760 paid"
1634 5694 1807 5704 mm"
1827 5694 1870 5706 ”“
2030 5694 2045 5712 ‘
2067 5694 2078 5736 '.

644 5751 665 5832 ξ
683 5751 799 5832 pm."
813 5759 958 5832 [ξέοι
978 5758 1201 5832 plerique
1217 5751 1656 5824 ulmi,voj;tveiidebat.

643 5811 665 5842 ⁸
682 5820 809 5913 [ιογοῖ
828 5811 1193 5913 homo-interior
1207 5811 1472 5881 reuertatur.
1496 5811 1574 5884 ι·ὖὶ
1590 5842 1754 5888 cmteri
1781 5842 1893 5891 mliti
1912 5861 2020 5896 «ann
2037 5855 2163 5913 Mss,

643 5889 717 5913 mn
739 5890 786 5913 πη
807 5891 935 5913 oram:
961 5896 1111 5913 rnnnn.
1155 5901 1206 5913 η..

579 5871 717 5933 Immo
739 5871 935 5933 interna;
959 5871 1224 5937 reuertitur.

1535 444 1628 503 ne
1665 444 1934 504 senum
1975 445 2063 501 er
2103 445 2425 515 LITTERA,
2466 409 2938 512 sxt'dusruu

3793 471 3899 530 2‘24

2313 579 2612 633 cognoscent
2655 585 2764 636 me,
2811 587 2844 624 a
2889 572 3079 628 minore
3119 590 3272 646 usque
3312 577 3382 631 ad
3419 581 3660 650 majorem
3699 601 3894 642 eorum.

2311 654 2463 712 Nunc
2491 668 2636 714 certe
2660 661 2768 731 jam
2811 671 3018 734 tempus
3045 675 3127 722 est
3171 668 3497 726 Tcstamenti
3521 672 3652 730 Novi
3677 719 3691 742 ,
3741 693 3895 748 cujus

2312 762 2408 818 per
2433 748 2751 820 Prophetam
2797 754 2931 810 facta
2961 765 3045 812 est
3093 759 3373 828 promissio
3417 780 3510 834 per
3549 764 3664 822 haec
3697 771 3896 838 verba;

2311 854 2431 908 qua:
2475 857 2538 896 ex
2589 843 2675 897 illa
2721 845 2992 916 prophetia
3043 854 3614 912 commemoravimus:
3651 873 3747 912 cur
3773 875 3900 933 ergo

2311 929 2487 987 adhuc
2526 933 2656 990 dicit
2690 941 3050 1009 unusquisque
3087 943 3189 998 civi
3229 961 3328 1000 suo
3368 955 3423 1002 et
3465 949 3610 1004 fratri
3640 966 3768 1019 suo,
3801 929 3899 1008 Lo-

2309 1037 2494 1091 gnosce
2515 1023 2826 1084 Dominum?
2853 1029 2934 1084 An
2962 1029 3097 1087 forte
3126 1049 3229 1088 non
3263 1035 3474 1104 dicitur,
3501 1054 3620 1095 cmn
3653 1041 3896 1114 Evange-

2311 1112 2438 1169 Iium
2468 1119 2798 1186 przedicetur,
2843 1131 2896 1176 et
2932 1123 3047 1194 ejus
3087 1126 3198 1196 ipsa
3225 1127 3295 1182 sit
3331 1131 3665 1201 prmdicatio,
3699 1145 3757 1188 ut
3798 1112 3896 1192 hoc

2311 1201 2503 1272 ubique
2526 1205 2763 1262 dicatur?
2791 1209 2922 1265 Nam
2954 1213 3093 1268 unde
3123 1231 3182 1271 se
3212 1219 3498 1287 Apostolus
3522 1222 3774 1279 Gentium
3811 1226 3892 1280 di-

2309 1292 2382 1346 cit
2415 1309 2534 1350 esse
2575 1296 2847 1354 doctorem
2896 1301 2954 1372 (I
2984 1302 3117 1359 Tim.
3150 1321 3218 1374 ll,
3246 1305 3322 1380 7),
3377 1311 3476 1366 nisi
3519 1315 3640 1383 quia
3691 1315 3793 1371 hoc
3844 1319 3896 1374 lit

2309 1385 2448 1452 quod
2485 1385 2598 1456 ipse
2627 1387 2730 1456 ait,
2761 1390 3024 1458 Quomodo
3063 1396 3359 1454 invocabunt
3385 1403 3436 1456 in
3465 1421 3612 1474 quem
3651 1424 3752 1462 non
3783 1427 3890 1465 cre-

2309 1473 2580 1532 diderunt?
2615 1489 2701 1532 aut
2739 1484 2988 1550 quomodo
3025 1487 3226 1542 credent
3267 1507 3413 1560 quem
3449 1473 3560 1549 non-
3588 1500 3895 1556 audierunt?

2307 1567 2557 1636 quomodo
2581 1581 2748 1626 autem
2776 1573 2984 1630 audient
3006 1578 3116 1632 sine
3134 1581 3444 1650 prtedicante
3467 1585 3641 1657 (Rom.
3675 1606 3735 1657 x,
3770 1592 3895 1662 I’t)?

2307 1653 2438 1712 Cum
2465 1674 2591 1729 ergo
2621 1677 2760 1718 nunc
2785 1665 2884 1719 ista
2913 1668 3215 1736 praedicatio
3247 1689 3622 1747 usquequaque
3647 1683 3891 1738 creln'es-

2307 1757 2424 1816 cat,
2469 1753 2736 1820 quomodo
2781 1764 2988 1828 tempus
3015 1769 3098 1815 cst
3134 1761 3460 1821 Testamenti
3487 1769 3654 1836 Novi,
3681 1773 3751 1828 de
3790 1792 3894 1845 quo

2307 1837 2576 1910 Propheta
2622 1843 2787 1913 dixit,
2829 1846 2906 1931 .Et
2958 1867 3057 1905 non
3102 1853 3297 1909 docebit
3347 1863 3688 1931 unusquisque
3739 1837 3894 1921 cit-Iern

2305 1948 2449 1988 suum
2475 1945 2522 1990 et
2547 1922 2889 2011 unusquisque
2915 1943 3123 2012 fratrem
3161 1962 3338 2016 suum,
3383 1950 3588 2020 dicens,
3635 1949 3893 2028 Cognosce

2304 2023 2580 2082 Dominum
2603 2045 2622 2084 :
2649 2031 2767 2102 quia
2796 2049 2970 2089 omnes
3001 2049 3300 2106 cognoscent
3331 2057 3428 2110 me,
3458 2061 3491 2097 a
3520 2047 3714 2102 minore
3739 2067 3891 2120 usque

2303 2117 2373 2170 ad
2388 2121 2628 2190 majorem
2649 2139 2853 2191 eorum;
2878 2129 2978 2183 nisi
3001 2133 3122 2200 quia
3143 2132 3379 2202 ejusdem
3402 2135 3729 2196 Testamenti
3754 2143 3889 2199 Novi

2303 2218 2558 2266 :etcrnam
2604 2215 2936 2286 mercedem,
2985 2220 3036 2275 id
3066 2233 3172 2288 est,
3207 2226 3371 2294 ipsius
3412 2229 3500 2284 Dei
3531 2230 3891 2292 beatissinuun

2303 2306 2806 2375 contemplationem
2833 2316 3194 2380 promittendo
3219 2319 3532 2390 conjunxit?

2374 2393 2464 2450 40.
2492 2395 2626 2465 Quid
2653 2415 2781 2470 ergo
2808 2411 2918 2470 est,
2949 2420 3120 2462 omnes
3149 2425 3182 2462 a
3209 2410 3404 2467 minore
3442 2431 3599 2487 usque
3626 2417 3695 2470 ad
3727 2423 3888 2492 maio-

2302 2501 2410 2540 rem
2449 2504 2655 2557 eorum;
2686 2493 2820 2560 nisi,
2867 2511 3054 2550 omnes
3085 2500 3412 2568 pertinentes
3453 2508 3801 2576 spiritualitcr
3827 2515 3889 2569 ad

2302 2577 2518 2634 domum
2549 2581 2740 2648 Israel,
2773 2595 2828 2641 et
2849 2587 2915 2641 ad
2943 2589 3158 2646 domum
3189 2593 3354 2663 Juda,
3383 2596 3484 2653 hoc
3504 2609 3619 2664 est,
3653 2605 3724 2658 ad
3756 2606 3890 2663 illius

2303 2667 2468 2740 Isaac,
2500 2673 2567 2728 ad
2597 2691 2778 2732 semen
2805 2679 3071 2736 Abrahte?
3107 2684 3224 2755 Ipsa
3264 2697 3346 2742 est
3387 2692 3528 2747 enim
3573 2698 3886 2764 promissio,

2301 2778 2399 2834 qua
2431 2766 2480 2821 ei
2511 2766 2706 2822 dictum
2733 2781 2811 2826 est
2831 2813 2846 2838 ,
2874 2771 2940 2828 In
2975 2774 3125 2830 Isaac
3157 2782 3414 2837 vocabitur
3436 2785 3524 2838 tibi
3546 2804 3736 2846 semen.
3767 2790 3888 2846 Non

2301 2855 2432 2909 enim
2461 2859 2546 2927 qui
2570 2859 2667 2928 ﬁlii
2691 2863 2889 2932 carnis,
2920 2865 2971 2919 hi
3002 2868 3098 2934 ﬁlii
3137 2867 3267 2935 Dei;
3295 2873 3384 2927 sed
3413 2875 3510 2943 ﬁlii
3535 2881 3890 2947 promissionis

2299 2945 2606 3017 deputantur
2629 2952 2682 3004 in
2711 2969 2879 3008 semen
2903 2955 2941 3008 ί.
2969 2955 3330 3018 Promissionis
3360 2977 3528 3020 autent
3558 2971 3764 3026 verbum
3797 2974 3888 3030 hoc

2299 3046 2370 3092 est
2393 3054 2418 3092 ξ·
2444 3040 2525 3094 Ad
2562 3043 2655 3095 hoc
2683 3053 2876 3116 tempus
2901 3050 3130 3118 veniam,
3177 3062 3224 3106 et
3252 3057 3348 3110 erit
3385 3057 3534 3113 Sara
3570 3061 3732 3129 ﬁlius.
3769 3064 3888 3122 Non

2297 3132 2466 3187 solum
2503 3145 2698 3204 autem,
2742 3139 2832 3193 sed
2854 3149 2902 3194 et
2939 3140 3162 3198 Rebecca
3193 3163 3256 3201 ea:
3278 3165 3378 3203 uno
3407 3153 3671 3209 concubitu
3699 3158 3888 3216 habens

2299 3222 2450 3278 Isaac
2475 3229 2634 3298 patris
2663 3231 2839 3285 nostri.
2873 3231 2952 3288 De
2983 3236 3210 3292 nondum
3251 3241 3383 3295 enim
3421 3245 3554 3300 natis
3575 3289 3588 3313 ,
3619 3265 3780 3318 neque
3804 3254 3886 3321 qui

2297 3314 2492 3384 aliquid
2518 3323 2709 3390 operati
2747 3322 2997 3392 fuerant‘
3037 3327 3154 3382 boni
3195 3340 3282 3384 aut
3319 3334 3476 3400 mali,
3520 3345 3578 3390 ut
3609 3314 3886 3396 secundum

2297 3407 2588 3464 electionem
2626 3419 2944 3484 prapositum
2975 3416 3075 3473 Dei
3100 3434 3347 3490 maneret,
3381 3443 3480 3481 non
3518 3447 3581 3484 ex
3619 3435 3882 3505 operibus,

2294 3498 2384 3552 sed
2408 3517 2470 3556 ea,
2492 3513 2700 3558 vocante
2733 3505 2921 3562 dictum
2949 3519 3022 3574 est
3045 3512 3111 3578 ei,
3141 3513 3260 3582 quia
3296 3518 3463 3592 major
3495 3523 3670 3576 serviet
3701 3527 3886 3581 minori

2296 3589 2406 3663 (Id.
2436 3610 2507 3657 ix,
2537 3595 2716 3668 7-15).
2747 3599 2874 3657 Ilaec
2891 3610 2974 3656 est
2997 3603 3188 3660 domus
3212 3589 3394 3677 Israel,
3422 3612 3502 3666 vel
3527 3613 3720 3672 domus
3747 3618 3880 3675 Jnda

2295 3696 2510 3753 prepter
2545 3685 2849 3758 Christum,
2879 3695 2968 3764 qui
2997 3697 3140 3752 venit
3183 3715 3249 3754 ex
3297 3702 3434 3758 tribu
3473 3704 3628 3761 Juda.
3677 3710 3882 3770 Domus

2294 3772 2522 3831 ﬁliorum
2561 3780 2929 3848 promissionis
2954 3785 3069 3842 haec
3095 3798 3207 3857 est,
3239 3807 3343 3846 non
3372 3807 3590 3864 onerum
3636 3805 3881 3872 preprio-

2292 3879 2411 3919 rum
2443 3866 2486 3934 ⁸,
2525 3868 2618 3923 sed
2644 3869 2884 3929 beneficii
2926 3876 3042 3932 Dei.
3077 3879 3188 3936 Iloc
3217 3883 3358 3938 enim
3398 3886 3538 3942 Dens
3580 3866 3877 3962 promittit,

2289 3957 2430 4026 quod
2456 3959 2571 4030 ipse
2595 3959 2750 4018 facit:
2778 3979 2884 4020 non
2908 3969 3048 4024 enim
3077 3971 3192 4042 ipse
3211 3977 3469 4044 promittit
3487 3991 3541 4036 et
3565 3957 3701 4040 alius
3731 3987 3876 4056 facit,

2289 4049 2428 4118 quod
2464 4049 2572 4119 jam
2617 4069 2720 4108 non
2752 4066 2835 4112 est
2875 4061 3214 4132 promittere,
3262 4067 3356 4123 sed
3397 4072 3708 4140 praedicere.
3754 4049 3880 4137 ideo

2288 4153 2390 4192 non
2417 4155 2482 4194 ex
2507 4143 2759 4212 operibus,
2792 4148 2882 4202 sed
2909 4166 2972 4204 ea:
2999 4165 3250 4210 vocante:
3279 4173 3344 4214 ne
3370 4159 3606 4230 ipsorum
3636 4168 3702 4221 sit
3723 4211 3738 4234 ,
3769 4185 3875 4226 non

2289 4227 2417 4294 Dei;
2450 4247 2528 4292 ne,
2561 4249 2770 4292 merces
2809 4254 2915 4295 non
2963 4241 3253 4312 imputetur
3292 4253 3586 4310 secundum
3614 4263 3873 4329 gratiam,

2285 4319 2380 4374 sed
2410 4323 2700 4380 secundum
2729 4327 2966 4386 debitum
3010 4331 3124 4404 (Id.
3156 4353 3238 4405 tv,
3270 4338 3346 4412 4),
3393 4354 3554 4415 atque
3595 4319 3665 4404 iia
3704 4319 3874 4423 gratia

2278 4409 2390 4480 jam
2418 4429 2521 4469 non
2550 4416 2621 4470 sit
2642 4423 2832 4488 gratia,
2861 4423 3014 4494 cujus
3033 4427 3324 4488 vehemens
3347 4435 3598 4494 defensor
3616 4453 3874 4516 cslalquc

2283 4513 2520 4560 assertor
2543 4509 2793 4566 minimus
2817 4513 3216 4589 Apostolorum,
3239 4526 3330 4595 qui
3357 4528 3476 4596 plus
3497 4535 3742 4590 omnibus
3772 4540 3872 4596 illis

2282 4594 2572 4665 laboravit,
2623 4616 2734 4657 non
2763 4605 2878 4674 ipse
2905 4621 3084 4665 autem
3104 4655 3120 4679 ,
3167 4594 3270 4670 sed
3298 4621 3465 4688 gratia
3495 4623 3587 4680 Dei
3631 4643 3751 4683 eum
3781 4631 3871 4687 illo

2286 4685 2328 4759 (I
2355 4686 2472 4742 Cor.
2503 4705 2593 4756 xv,
2624 4691 2680 4759 9,
2707 4694 2816 4766 10).
2847 4696 3033 4754 Omnes
3058 4705 3210 4770 enim,
3237 4685 3425 4780 inquit,
3455 4729 3727 4786 agnoscent
3753 4685 3870 4778 me.‘

2284 4778 2502 4846 Omnes,
2547 4782 2736 4840 domus
2781 4787 2942 4846 Israel
2986 4802 3040 4848 et
3085 4795 3274 4854 domus
3311 4801 3466 4860 Juda.
3519 4807 3700 4882 Neque
3735 4817 3868 4871 enim

2279 4884 2450 4926 omnes
2475 4874 2562 4940 qui
2583 4891 2646 4930 ea:
2671 4875 2856 4949 Israel,
2886 4882 2941 4937 hi
2958 4895 3075 4940 sunt
3101 4885 3268 4946 Israel
3289 4908 3309 4947 :
3335 4897 3430 4951 sed
3452 4874 3640 4956 omnes
3667 4907 3864 4975 quibus

2278 4959 2472 5016 dicitur
2499 4964 2552 5020 in
2581 4965 2794 5024 Psalmo
2830 4989 2922 5040 pro
2951 4981 3266 5048 susceptione
3301 4989 3582 5058 matutina,
3621 4959 3721 5051 holc
3751 5007 3863 5068 est,
3929 4983 3934 4990 Ι

2277 5068 2376 5123 pro
2401 5053 2518 5113 luce
2554 5075 2724 5131 nova,
2768 5063 3094 5130 Testamenti
3124 5075 3328 5133 scilicet
3354 5079 3524 5152 Novi,
3561 5085 3865 5148 Universum

2275 5161 2442 5201 semen
2465 5147 2647 5218 Iacob,
2669 5157 2990 5226 magniﬁcate
3014 5178 3164 5230 eum;
3193 5169 3364 5225 timeat
3385 5189 3498 5228 eum
3522 5193 3670 5234 omne
3694 5199 3862 5238 semen

2277 5235 2442 5292 Israel
2469 5239 2637 5310 (Psal.
2670 5260 2782 5312 ιιι,
2813 5249 2864 5315 i,
2895 5249 3008 5323 24).
3044 5253 3358 5316 Universum
3390 5269 3611 5326 omnino
3637 5235 3858 5342 semen,

2274 5343 2492 5398 prorsus
2511 5348 2671 5390 omne
2697 5351 2877 5395 semen
2907 5346 3286 5412 promissorum
3325 5363 3484 5426 atque
3513 5374 3820 5426 vocatorum
3842 5412 3858 5436 ,

2273 5419 2368 5476 sed
2417 5438 2604 5480 eorum
2646 5427 2738 5497 qui
2777 5435 3068 5491 secundum
3118 5447 3454 5513 prepositum
3497 5457 3668 5511 vocati
3715 5472 3858 5516 sunt.

2277 5509 2415 5576 Quos
2441 5515 2582 5570 enim
2612 5521 3014 5590 prazdestinavit,
3055 5529 3171 5586 illos
3198 5509 3243 5587 et
3270 5541 3482 5609 vocavit,
3523 5561 3648 5616 quos

2273 5604 2496 5670 vaeavit,
2540 5605 2658 5663 illos
2695 5619 2744 5666 et
2777 5617 3118 5686 justiﬁcavit;
3159 5641 3287 5697 quos
3327 5604 3493 5688 autem
3524 5604 3856 5715 justiﬁcuvit,

2271 5793 2320 5845 ip
2337 5735 2832 5849 iséuauuscripti,
2866 5750 3006 5813 juxta
3031 5769 3244 5819 grtecum
3261 5798 3274 5820 ,
3300 5763 3368 5815 eis
3391 5781 3599 5830 sperma.
3627 5783 3682 5828 At
3719 5779 3853 5843 editi,

2337 5862 2429 5942 ξφ
2603 5863 2713 5942 sint.
2752 5878 2848 5942 Am.
2879 5883 2926 5924 et
2951 5883 3024 5924 Er.
3041 5916 3054 5938 ,
3081 5881 3274 5942 fuerint.

2346 5922 2365 5954 ³
2388 5930 2477 5972 Sex
2509 5932 2632 5990 “$5.,
2662 5927 2748 5980 hoc
2765 5941 2831 5984 est
2858 5922 3514 6008 tto—uropcrlm‘n'ineptiarum.
