4202 6524
336 342 442 401 ίὶκό

336 456 456 513 illos
484 466 532 513 et
554 458 855 531 gloriﬁcavit
885 459 1058 532 (Rom.
1087 476 1179 515 vm
1202 503 1214 524 ,
1248 461 1338 526 9.8,
1368 462 1478 532 50).
1514 461 1639 517 Ideo
1667 464 1683 496 ¹
1716 480 1777 518 ea:
1803 464 1926 533 ﬁde,

337 556 392 603 ut
416 550 696 604 secundum
722 552 939 621 gratiam
977 551 1128 621 ﬁrma
1157 553 1220 606 sit
1250 556 1516 623 promissio
1550 556 1688 609 ontni
1712 556 1929 623 semini,

337 654 440 695 non
461 642 507 695 ei
533 650 727 697 tantum
760 644 895 713 quod
918 660 981 698 ea:
1009 644 1118 716 lege
1139 654 1235 710 est,
1267 646 1318 701 id
1348 655 1449 714 est,
1480 647 1622 718 quod
1643 664 1707 704 ex
1738 648 1928 704 Vetere

337 731 681 790 Testamento
710 735 854 791 venit
880 735 948 791 ad
988 737 1228 803 Novum;
1269 738 1358 793 sed
1395 748 1443 794 et
1478 740 1525 794 ei
1561 741 1699 811 quod
1726 758 1788 795 ex
1830 740 1934 809 ﬁde

338 833 430 887 est,
460 841 565 880 non
592 826 692 882 sibi
719 829 995 898 prmmissa
1014 829 1132 898 lege
1152 830 1193 881 ¹.
1223 828 1306 884 Ea:
1324 830 1426 899 [ide
1445 839 1621 886 autem
1646 831 1925 898 Abraham,

345 915 396 972 id
424 925 537 985 est,
569 918 864 974 imitatores
903 918 1025 974 ﬁdei
1062 918 1369 975 Abraham:
1400 922 1488 993 qui
1525 930 1598 976 est
1636 932 1780 993 pater
1817 939 1931 976 om-

340 1013 481 1065 nium
502 1022 730 1066 nostrum
750 1052 766 1077 ,
794 1014 924 1067 sicut
952 1012 1197 1084 scriptum
1224 1022 1296 1068 est
1313 1055 1327 1078 ,
1361 1014 1495 1078 Quia
1525 1025 1720 1085 patrem
1744 1016 1928 1070 multa-

334 1120 449 1157 rum
476 1105 701 1173 gentium
732 1105 880 1176 posui
909 1112 957 1158 te
980 1102 1091 1173 (Id.
1118 1122 1190 1169 tv,
1224 1106 1308 1173 16,
1347 1104 1455 1176 l7).
1487 1106 1685 1184 Omnes
1717 1123 1845 1177 ergo
1875 1106 1930 1161 hi

335 1196 724 1265 prmdestinati,
751 1198 945 1264 vocali,
970 1197 1268 1266 justit‘tcati,
1299 1199 1578 1270 gloriﬁcati
1605 1208 1932 1270 cognoscent

338 1289 499 1343 Deum
545 1290 714 1359 gratia
749 1289 1078 1345 Testamenti
1118 1289 1294 1355 Novi,
1337 1306 1366 1344 a
1415 1290 1622 1347 minore
1650 1306 1816 1361 usque
1862 1290 1932 1346 ad

335 1380 593 1449 majorem
621 1395 831 1435 eorum.

407 1492 494 1545 ιι.
526 1491 675 1546 Sicut
701 1506 831 1563 ergo
866 1492 951 1548 lex
979 1491 1239 1548 factorum
1265 1494 1464 1562 scripta
1492 1493 1547 1550 in
1573 1494 1767 1550 tabulis
1798 1495 1931 1565 lapi-

332 1584 477 1647 deis,
528 1599 840 1655 mercesque
867 1586 982 1654 ejus
1015 1594 1157 1640 terra
1200 1586 1290 1640 illa
1336 1587 1737 1655 promissionis,
1769 1602 1929 1657 quam

330 1677 561 1731 earnalis
591 1676 782 1732 domus
808 1676 970 1731 Israel
992 1692 1115 1732 cum
1142 1692 1207 1732 ex
1236 1676 1472 1748 Egypto
1501 1677 1724 1732 liberata
1753 1688 1926 1743 esset,

334 1768 560 1836 accepit,
595 1768 823 1837 pertinet
850 1766 917 1822 ad
938 1768 1338 1823 Testamentum
1363 1768 1563 1823 Vetus:
1596 1769 1666 1823 ita
1696 1768 1781 1824 lex
1807 1768 1928 1824 ﬁdei

331 1858 529 1928 scripta
559 1859 612 1913 in
641 1858 892 1914 cordibus
912 1899 928 1923 ,
975 1874 1287 1929 mercesque
1311 1860 1429 1929 ejus
1448 1861 1657 1929 species
1682 1872 1928 1916 contem-

330 1949 604 2019 plationis,
627 1965 785 2019 quam
809 1950 1102 2019 spiritualis
1121 1950 1312 2005 domus
1335 1950 1497 2007 Israel
1517 1951 1586 2007 ab
1608 1952 1711 2027 hoc
1731 1951 1929 2007 mundo

335 2041 557 2099 liberata
583 2043 879 2113 percipiet,
909 2044 1143 2113 pertinet
1170 2042 1237 2098 ad
1265 2043 1664 2099 Testamentum
1695 2044 1924 2099 Novum.

331 2134 482 2190 Tunc
511 2136 601 2191 flet
629 2137 769 2207 quod
799 2137 929 2192 dicit
966 2138 1289 2208 Apostolus,
1334 2136 1457 2193 Sive
1497 2138 1780 2210 prophetia:
1813 2155 1929 2193 eva-

329 2226 636 2294 cuabuntur,
666 2228 770 2282 sive
793 2227 984 2299 linque
1007 2228 1305 2294 cessabunt,
1333 2229 1437 2283 sive
1470 2230 1679 2283 scientia
1709 2246 1925 2285 evacua-

332 2322 467 2376 bitur
478 2339 497 2387 ;
524 2322 610 2376 illa
640 2322 843 2378 scilicet
870 2322 1215 2393 parvulorum
1254 2323 1476 2378 scientia
1506 2324 1559 2378 in
1600 2338 1702 2393 qua
1734 2323 1819 2378 hic
1844 2322 1926 2378 vi-

330 2414 498 2479 vitor,
532 2430 651 2485 qua:
677 2430 742 2470 ex
770 2425 923 2485 parte
951 2425 1035 2471 est
1074 2432 1172 2486 per
1196 2418 1471 2487 speculum
1503 2418 1557 2472 in
1602 2419 1923 2488 aenigmate:

330 2521 550 2578 propter
579 2508 716 2566 hanc
741 2509 882 2564 enim
912 2512 1211 2565 necessaria
1238 2519 1322 2566 est
1348 2511 1645 2581 prophetia,
1676 2527 1795 2567 cum
1827 2511 1925 2568 ad-

332 2600 435 2655 huc
457 2602 741 2671 prmteritis
766 2602 940 2658 futura
962 2603 1285 2668 succedunt;
1314 2612 1534 2674 propter
1556 2604 1691 2659 hanc
1709 2606 1923 2676 lingnte,

330 2691 384 2747 id
417 2703 520 2761 est,
548 2694 915 2766 multiplicitas
943 2695 1391 2766 signiﬁcationum
1415 2736 1431 2761 ,
1472 2711 1594 2751 cum
1623 2712 1689 2751 ex
1716 2685 1822 2752 alio
1845 2706 1928 2753 at-

329 2801 437 2855 que
462 2787 569 2841 alio
610 2787 754 2842 aliud
800 2795 959 2859 atque
998 2788 1139 2843 aliud
1182 2788 1521 2857 admonetur,
1567 2790 1656 2860 qui
1690 2789 1924 2846 nondum

328 2884 583 2931 aeternam
616 2878 787 2933 lucem
833 2880 1128 2950 perspicua:
1153 2881 1395 2935 veritatis
1434 2888 1617 2936 mente
1660 2887 1929 2952 purgatis-

328 2967 464 3023 sima
485 2970 899 3038 contemplatur.
926 2970 1054 3027 Cnm
1079 2981 1248 3025 autem
1273 2973 1461 3027 venerit
1487 2972 1625 3044 quod
1649 2978 1927 3045 perfectum

327 3070 431 3128 est,
462 3071 518 3117 et
545 3072 711 3119 totum
741 3064 842 3121 hoc
868 3066 1007 3137 quod
1044 3083 1106 3120 ea:
1131 3076 1275 3136 parte
1310 3076 1385 3121 est
1432 3066 1589 3122 fuerit
1630 3077 1926 3122 evacuatum

331 3150 372 3223 (l
403 3151 520 3208 Cor.
548 3170 665 3223 χιιι,
690 3154 745 3221 8,
769 3155 864 3226 9);
897 3166 1021 3212 tunc
1057 3156 1198 3227 quod
1221 3156 1242 3189 ³
1267 3168 1539 3228 assumpta
1579 3173 1743 3214 carne
1774 3160 1926 3215 carni

326 3250 607 3314 apparuit,
655 3245 899 3302 ostendet
938 3262 997 3303 se
1037 3248 1209 3316 ipsum
1241 3247 1588 3304 dilectoribus
1614 3249 1764 3304 suis:
1800 3258 1926 3306 tunc

325 3337 430 3392 erit
457 3339 561 3393 vita
590 3348 811 3404 arterna,
842 3348 899 3394 ut
926 3354 1314 3410 cognoscamus
1343 3357 1508 3396 unum
1538 3358 1721 3397 verum
1753 3343 1921 3399 Deum

327 3427 506 3498 (Joan.
533 3444 668 3497 xvtt,
697 3428 791 3503 5);
822 3439 945 3485 tunc
972 3432 1178 3487 similes
1198 3433 1248 3488 ei
1270 3433 1469 3488 erimus
1489 3433 1534 3503 (Ι
1559 3433 1716 3487 Joan.
1743 3449 1820 3500 ιιι,
1842 3433 1921 3505 2),

325 3523 577 3592 quoniam
619 3531 745 3579 tunc
790 3540 1176 3595 cognoscemus
1220 3526 1359 3591 sicut
1405 3533 1461 3581 et
1502 3527 1699 3597 cogniti
1739 3543 1923 3583 sumus

330 3614 376 3686 (l
402 3614 519 3670 Cor.
560 3632 686 3683 xm,
717 3615 828 3689 12).
857 3618 1007 3674 Tunc
1038 3636 1141 3673 non
1166 3620 1361 3675 docebit
1389 3621 1729 3691 unusquisque
1771 3624 1925 3677 civem

336 3722 508 3775 suum,
538 3717 626 3761 aut
654 3712 861 3779 fratrem
885 3726 1056 3775 suum,
1086 3711 1259 3766 dicens
1278 3753 1293 3776 ,
1322 3710 1577 3784 Cognosce
1604 3711 1883 3767 Dominum
1905 3730 1925 3769 :

331 3813 503 3853 omnes
529 3799 660 3853 enim
687 3812 985 3872 cognoscent
1013 3818 1156 3869 eum,
1189 3818 1220 3855 a
1259 3802 1454 3856 minore
1478 3818 1635 3874 usque
1659 3804 1728 3857 ad
1762 3806 1926 3877 majo-

321 3909 430 3947 rem
455 3909 647 3947 eorum.
679 3893 831 3963 Quod
876 3894 1056 3951 multis
1082 3894 1257 3950 modis
1287 3894 1506 3965 intelligi
1548 3904 1744 3965 potest.
1792 3898 1919 3954 Sive

326 3984 449 4055 quia
497 3994 551 4042 et
595 3985 706 4041 illic
731 3978 956 4058 quisque
1001 3996 1306 4044 sanctorum
1355 3995 1607 4059 tanquam
1658 3990 1809 4046 stella
1853 3991 1922 4047 ab

327 4076 478 4130 stella
507 4074 683 4132 differt
708 4077 759 4132 in
789 4077 959 4149 gloria
988 4076 1099 4150 (Id.
1130 4094 1221 4145 xv,
1251 4078 1369 4150 4|).
1395 4078 1506 4134 Nec
1533 4079 1598 4134 ad
1626 4097 1737 4135 rem
1767 4081 1924 4152 quid-

326 4181 482 4236 quam
522 4166 780 4234 interest,
824 4178 999 4223 utrum
1043 4186 1076 4222 a
1113 4170 1307 4224 minore
1347 4185 1507 4239 usque
1543 4170 1613 4224 ad
1641 4172 1917 4241 majorem,

324 4258 462 4313 sicut
500 4258 701 4315 dictum
735 4268 818 4315 est
837 4301 851 4325 ,
884 4276 950 4315 an
981 4260 1027 4314 si
1069 4276 1099 4315 a
1126 4260 1332 4329 majore
1362 4276 1531 4331 usque
1561 4261 1627 4316 ad
1655 4262 1918 4317 minorem

325 4349 628 4407 diceretur:
658 4352 799 4423 quod
844 4352 1089 4409 similiter
1124 4352 1257 4408 nihil
1293 4352 1544 4421 interest,
1576 4353 1784 4409 etiamsi
1816 4355 1917 4410 mi-

326 4459 489 4499 nores
515 4445 952 4509 intellexerimus,
980 4447 1068 4515 qui
1095 4445 1458 4501 tantummodo
1478 4445 1720 4513 credere,
1751 4447 1922 4516 majo-

326 4550 416 4591 res
440 4545 615 4592 autem
642 4536 735 4607 qui
761 4537 923 4592 etiam
954 4536 1249 4607 intelligere
1268 4577 1284 4605 ,
1316 4546 1570 4607 quantum
1599 4538 1652 4593 in
1680 4536 1782 4593 hac
1810 4537 1916 4593 vita

325 4638 503 4701 potest
538 4629 583 4696 ⁸,
631 4631 812 4687 lumen
857 4631 1233 4700 incorporeum
1278 4637 1440 4700 atque
1485 4630 1918 4687 incommutabile

324 4724 624 4778 valuerunt.
659 4724 783 4779 Sive
809 4724 1068 4790 minores,
1097 4731 1339 4793 tempore
1364 4724 1717 4793 posteriores;
1752 4724 1920 4794 maio-

325 4828 412 4869 res
434 4824 613 4868 autem
636 4824 874 4884 tempore
894 4815 1103 4885 priores
1127 4813 1348 4885 intelligi
1372 4814 1557 4869 voluit.
1581 4814 1749 4871 Simul
1773 4815 1916 4869 enim

325 4905 643 4975 promissam
684 4906 777 4960 Dei
802 4906 1307 4973 contemplationem
1349 4906 1619 4975 accepturi
1645 4914 1774 4961 sunt
1795 4921 1916 4959 om-

324 5013 455 5065 nes;
484 4998 604 5069 quia
635 5007 689 5054 et
730 4998 804 5054 illi
846 5015 943 5069 pro
973 4998 1126 5054 nobis
1155 4997 1377 5053 meliora
1418 4996 1798 5068 providerunt,
1849 5013 1917 5054 ne

324 5090 442 5146 sine
466 5089 621 5146 nobis
660 5090 881 5161 perfecti
906 5090 929 5123 ⁸
968 5089 1357 5160 perﬁcerentur
1383 5087 1571 5160 (Hebr.
1598 5105 1671 5154 ιι,
1701 5089 1815 5160 ιθ).
1847 5089 1916 5145 Et

328 5180 449 5238 ideo
471 5183 615 5238 velut
642 5182 847 5253 priores
875 5181 1212 5252 reperiuntur
1241 5181 1478 5236 minores
1504 5180 1545 5245 ⁸,
1576 5181 1698 5252 quia
1738 5180 1916 5237 minus

322 5362 406 5473 In;
431 5360 567 5423 ωω,
594 5361 814 5426 Ideoque.
841 5369 898 5413 At
927 5362 1239 5425 manuscripti
1260 5374 1357 5411 non
1374 5360 1518 5413 aliter
1547 5374 1692 5427 quam
1714 5370 1915 5426 Aposto-

388 5486 409 5517 ⁸
429 5485 570 5544 Editl,
592 5498 685 5550 non
706 5484 801 5538 sibi
821 5484 1200 5550 pronzissarlege.
1224 5485 1422 5550 sedgqui
1449 5486 1528 5536 hic
1555 5485 1812 5536 manifesto
1837 5501 1915 5536 cr-

321 5560 435 5612 rore
454 5548 693 5612 recedunt
715 5561 743 5597 a
766 5548 1139 5612 manuscriptis,
1160 5548 1371 5612 cumiis
1394 5558 1564 5612 postea
1602 5551 1913 5612 conveniunt,

324 5623 377 5659 ιι.
391 5609 481 5683 ρει,
499 5611 586 5683 ubi
607 5612 867 5683 repetitur,
1162 5609 1254 5661 sibi
1276 5609 1396 5683 lege:

388 5672 410 5736 ξ
429 5678 477 5721 In
496 5673 650 5736 tribus
669 5671 798 5736 Mss...
821 5671 922 5734 qui.
946 5679 996 5720 tn
1018 5673 1251 5736 quinque,
1289 5671 1494 5723 Verbum
1509 5671 1636 5736 quod

387 5732 410 5805 ξ
434 5735 567 5805 ξύίῑι,
591 5732 699 5796 fieri
723 5732 888 5805 pultavi.
914 5732 1078 5805 Abest,
1105 5732 1239 5805 liceriZ
1252 5743 1404 5805 ayss.

388 5796 410 5866 ξ
433 5803 696 5866 Quatuore
721 5796 955 5866 y'atica‘nis
975 5805 1100 5865 Mss,
1123 5796 1355 5866 profecti._
1429 5863 1437 5866 Δ
1603 5856 1614 5866 .

389 5857 411 5889 ⁸
433 5858 550 5907 aliti
571 5874 582 5909 ;
602 5864 657 5909 Et
680 5858 788 5909 idco
812 5857 935 5908 velut
956 5857 1162 5909 minores
1194 5857 1499 5921 reperiuntur
1534 5857 1735 5920 priores.

1757 344 1960 404 LIBER
2003 347 2197 410 L’NUS.

3529 363 3638 421 ﬁli

2040 462 2190 519 dilati
2234 475 2389 534 sunt;
2422 468 2560 524 sicut
2607 470 2661 524 in
2692 470 2781 526 illo
2824 473 3133 545 evangelico
3173 474 3394 533 denario
3422 494 3518 549 per
3554 497 3633 539 st-

2039 556 2393 613 militudinem
2419 558 2631 628 dicitur,
2664 578 2824 633 quem
2862 564 3011 633 prius
3036 566 3306 636 accipiunt
3327 570 3417 638 qui
3447 579 3635 641 poste-

2038 645 2151 700 rius
2176 658 2437 703 venerunt
2459 650 2527 705 ad
2551 652 2757 708 vincant
2783 650 3008 725 (Matth.
3036 671 3126 723 xx,
3151 656 3329 727 8-12).
3351 658 3473 713 Sive
3496 675 3634 729 quo-

2037 736 2168 793 libet
2200 739 2306 796 alio
2338 741 2519 807 modo,
2562 745 2650 814 qui
2681 761 2768 800 tne
2796 746 3162 817 inpraesentia
3203 750 3422 805 forsitan
3465 753 3629 824 fugit,

2038 829 2273 891 minores
2299 833 2638 905 majoresque
2667 838 2965 907 accipiendi
2984 849 3130 895 sunt.

2109 921 2333 979 CAPUT
2348 924 2588 981 XXV.—
2608 928 2696 984 42.
2725 929 2983 985 Distantia
3016 931 3201 988 Veteris
3222 944 3268 988 et
3294 933 3431 989 Novi
3451 935 3633 992 Testa-

2036 1016 2211 1072 menti.
2252 1016 2386 1073 lllud
2426 1027 2636 1087 tamen,
2685 1034 2942 1093 quantum
2985 1036 3171 1096 potes,
3217 1028 3504 1099 diligenter
3544 1039 3629 1086 at-

2038 1108 2229 1175 tende,
2273 1112 2414 1181 quod
2457 1122 2603 1168 tanto
2631 1106 2907 1173 molimine
2946 1135 3114 1175 conor
3158 1123 3629 1181 ostenderezcum

2036 1199 2435 1260 Testamentum
2468 1207 2670 1263 Novum
2703 1209 2966 1279 Propheta
3000 1215 3362 1283 promitteret,
3398 1234 3503 1272 non
3535 1234 3626 1275 se-

2034 1295 2271 1353 cundum
2296 1297 2695 1355 Testamentum
2726 1303 2868 1373 quod
2913 1305 3058 1373 prius
3085 1304 3284 1362 factum
3321 1319 3404 1363 est
3433 1313 3627 1379 p0pulo

2035 1386 2197 1442 Israel
2227 1406 2294 1445 ex
2322 1391 2559 1464 Egypto
2583 1395 2826 1461 liberato,
2849 1398 2982 1453 nihil
3008 1414 3131 1453 eum
3152 1401 3221 1456 de
3243 1404 3626 1461 sacrificiorum

2033 1480 2118 1535 vel
2143 1496 2474 1552 quorumque
2497 1486 2514 1516 ³
2545 1500 2999 1544 sacramentorum
3026 1496 3441 1549 commutatione
3463 1496 3629 1550 dixis-

2033 1587 2114 1638 se,
2142 1576 2385 1642 quamvis
2409 1586 2465 1631 et
2489 1577 2604 1647 ipsa
2644 1580 2759 1636 sine
2791 1581 2955 1637 dubio
2981 1582 3153 1639 fuerat
3180 1597 3457 1653 secutura,
3489 1589 3631 1645 sicut

2033 1672 2271 1718 secutam
2302 1666 2562 1734 videmus,
2594 1672 2735 1740 quod
2762 1673 2941 1729 multis
2969 1676 3088 1729 aliis
3121 1677 3249 1732 locis
3277 1678 3464 1733 eadem
3497 1695 3626 1749 pro-

2034 1753 2244 1823 phetica
2286 1755 2558 1827 Scriptura
2607 1771 2868 1819 testatur:
2912 1766 3008 1821 sed
3053 1770 3421 1825 tantummodo
3468 1772 3627 1829 istam

2032 1849 2440 1906 commendasse
2469 1852 2810 1923 distantiam,
2860 1858 3001 1927 quod
3048 1859 3196 1930 leges
3238 1877 3363 1916 suas
3402 1862 3626 1920 daturus

2030 1951 2175 1996 esset
2204 1942 2346 1998 Deus
2372 1945 2426 2000 in
2458 1956 2690 2004 mentem
2729 1963 2913 2005 eorum
2943 1952 3033 2022 qui
3061 1955 3391 2023 pertinerent
3414 1957 3487 2013 ad
3523 1959 3627 2016 hoc

2032 2030 2522 2103 Testamentum,et
2539 2053 2723 2094 eorum
2747 2042 3040 2110 scripturus
3060 2045 3081 2076 ³
3104 2045 3154 2098 ἰιι
3170 2046 3452 2113 cordibus;
3481 2049 3625 2106 unde

2033 2124 2319 2193 Apostolus
2347 2129 2596 2199 sumpsit,
2626 2146 2724 2184 non
2752 2142 3053 2201 atramento,
3073 2136 3162 2189 sed
3185 2138 3366 2206 spiritu
3391 2139 3484 2193 Dei
3504 2141 3621 2206 vivi,

2031 2230 2133 2269 non
2150 2216 2203 2270 in
2226 2216 2408 2273 tabulis
2425 2219 2657 2289 lapideis,
2679 2222 2767 2275 sed
2787 2222 2837 2276 in
2863 2223 3051 2279 tabulis
3070 2228 3237 2283 cordis
3248 2230 3534 2286 carnalibus
3552 2230 3623 2302 (ll

2030 2304 2150 2361 Cor.
2168 2323 2246 2371 Ill,
2268 2309 2322 2380 ὂ)
2347 2313 2868 2383 :sempiternamque
2896 2318 3197 2373 mercedem
3225 2321 3623 2389 justilicationis

2031 2395 2212 2468 hujus,
2231 2416 2336 2456 non
2356 2411 2551 2458 terram
2567 2405 2635 2460 de
2659 2423 2759 2477 qua
2780 2410 2914 2477 pulsi
2940 2419 3062 2464 sunt
3078 2411 3372 2467 Amorrhmi
3394 2427 3445 2469 et
3461 2416 3626 2472 Chel-

2032 2496 2151 2557 tazt,
2194 2501 2248 2546 et
2277 2494 2396 2548 alite
2433 2506 2620 2564 gentes
2656 2515 2773 2568 qua:
2805 2500 2875 2555 ibi
2904 2515 3395 2560 commemorantur
3433 2507 3623 2577 (Josue

2031 2586 2152 2653 xu),
2180 2586 2273 2639 sed
2302 2586 2473 2655 ipsum
2502 2590 2689 2659 Deum,
2714 2593 2799 2647 cui
2822 2594 3097 2651 adhzercre
3120 2598 3312 2652 bonum
3336 2612 3414 2653 est
3447 2600 3621 2673 (Psal.

2030 2691 2203 2741 Lntt,
2225 2677 2347 2749 28),
2380 2689 2437 2735 ut
2457 2680 2655 2738 bonum
2687 2685 2778 2740 Dei
2808 2688 2948 2756 quod
2973 2688 3219 2759 diligunt,
3253 2692 3390 2747 Dens
3420 2696 3490 2749 sit
3511 2696 3625 2765 ipse

2030 2781 2189 2836 quem
2208 2768 2467 2839 diligunt;
2493 2773 2631 2829 inter
2651 2792 2809 2846 quem
2829 2789 2879 2832 et
2898 2779 3138 2835 homines
3162 2784 3260 2837 nisi
3282 2797 3494 2853 peccata
3517 2803 3622 2843 non

2029 2872 2423 2932 separant,qu:e
2436 2868 2644 2920 nonnisi
2662 2884 2755 2937 per
2768 2871 3011 2927 eamdem
3025 2875 3247 2943 gratiam
3261 2876 3627 2937 dimittuntur.

2030 2949 2184 3007 Unde
2199 2970 2318 3009 cum
2332 2956 2575 3025 dixisset,
2599 2958 2784 3015 Omnes
2800 2963 2930 3015 enim
2947 2976 3244 3034 cognoscent
3260 2985 3354 3032 me,
3376 2986 3406 3022 a
3428 2972 3624 3027 minare

2029 3059 2186 3115 usque
2204 3046 2273 3100 ad
2292 3050 2533 3120 majorem
2550 3067 2760 3117 eorum;
2790 3069 2911 3115 mox
2937 3054 3174 3120 addidit,
3210 3057 3344 3123 Quia
3372 3063 3624 3131 propitius

2030 3154 2114 3192 ero
2127 3140 2377 3209 iniquitati
2394 3156 2586 3211 eorum,
2607 3153 2653 3198 et
2675 3155 2879 3213 peccata
2899 3162 3070 3202 eorum
3091 3167 3191 3203 non
3208 3154 3524 3207 memorabor
3543 3155 3625 3209 ul-

2030 3239 2127 3284 tra.
2147 3232 2250 3287 Per
2272 3232 2444 3302 legent
2464 3251 2591 3305 ergo
2618 3234 2878 3292 factorum
2901 3240 3029 3295 dicit
3048 3242 3326 3309 Dominus,
3360 3245 3412 3299 Ν
3417 3264 3480 3300 οη
3498 3264 3623 3303 cont-

2029 3324 2253 3396 cupisces
2281 3324 2603 3395 (Exod.xx,
2636 3330 2725 3400 17)
2757 3347 2770 3383 :
2802 3347 2898 3400 per
2925 3332 3096 3403 legem
3127 3335 3253 3390 ﬁdei
3282 3339 3411 3392 dicit
3437 3339 3623 3395 Domi-

2031 3431 2154 3483 nus,
2184 3415 2311 3471 Sine
2335 3434 2415 3473 me
2441 3419 2573 3473 nihil
2605 3424 2812 3489 potestis
2850 3427 3017 3493 facere
3048 3424 3226 3496 (Joan.
3254 3444 3346 3495 xv,-
3370 3429 3457 3500 5);
3491 3445 3623 3500 age-

2029 3507 2123 3563 bat
2144 3508 2165 3539 ⁸
2194 3510 2338 3564 enim
2367 3511 2434 3566 de
2463 3512 2621 3567 bonis
2651 3515 2902 3583 operibus
2927 3559 2941 3582 ,
2973 3517 3074 3573 hoc
3100 3528 3185 3574 est
3206 3561 3223 3586 ,
3250 3521 3318 3575 de
3344 3522 3621 3591 palmitum

2028 3600 2309 3657 fructibus.
2332 3604 2463 3660 Cum
2489 3606 2649 3676 igitur
2664 3607 2777 3662 haec
2798 3621 3051 3680 appareat
3071 3613 3320 3670 distantia
3342 3616 3547 3671 Veteris
3566 3628 3624 3674 et

2028 3694 2161 3752 Novi
2177 3698 2524 3767 Testamenti,
2552 3703 2693 3772 quod
2724 3702 2806 3757 lex
2836 3705 2906 3758 ibi
2932 3706 2982 3759 in
3009 3706 3227 3775 tabulis,
3252 3708 3339 3766 hic
3364 3711 3415 3765 in
3443 3713 3622 3769 cordi-

2028 3789 2127 3845 bus
2154 3791 2429 3859 scribilur,
2462 3802 2520 3848 ut
2546 3795 2686 3864 quod
2718 3795 2788 3850 ibi
2826 3794 3126 3854 forinsecus
3157 3810 3356 3867 terret,
3398 3802 3484 3859 hic
3519 3805 3621 3862 de-

2026 3883 2187 3938 lectet
2216 3885 2536 3942 intrinsecus
2561 3930 2575 3955 ,
2626 3888 2803 3959 ibique
2833 3889 2922 3945 flat
2952 3895 3327 3961 praevaricator
3351 3912 3446 3965 per
3472 3901 3618 3955 occi-

2025 3972 2242 4030 dentem
2286 3976 2550 4039 litteram,
2583 3978 2669 4033 hic
2694 3979 2920 4036 dilector
2948 3997 3047 4052 per
3074 3984 3428 4042 vivificantem
3457 3990 3618 4060 spiri-

2028 4076 2138 4122 tum
2170 4086 2184 4123 :
2217 4085 2323 4124 non
2349 4069 2469 4125 ideo
2493 4070 2779 4126 dicendum
2810 4083 2892 4128 est
2919 4076 3061 4145 quod
3093 4076 3233 4132 Deus
3271 4079 3483 4150 adjuvet
3521 4097 3621 4139 nos

2024 4159 2090 4214 ad
2132 4161 2456 4230 operandam
2493 4162 2755 4233 justitiam
2787 4175 2946 4236 atque
2991 4176 3242 4237 oneretur
3271 4170 3323 4225 in
3367 4173 3523 4228 nobis
3563 4184 3621 4231 et

2023 4252 2164 4309 velle
2189 4261 2242 4309 et
2278 4256 2488 4325 Operari
2522 4272 2619 4325 pro
2649 4257 2784 4312 bona
2815 4260 3086 4317 voluntate
3111 4260 3374 4335 (Philipp.
3404 4281 3463 4333 ιι,
3500 4268 3612 4337 l5),

2022 4344 2146 4416 quia
2188 4347 2468 4417 prmceptis
2501 4347 2722 4418 justitire
2765 4347 3062 4407 forinsecus
3107 4353 3321 4409 insonat
3371 4358 3619 4414 sensibus

2024 4441 2251 4506 nostris;
2282 4442 2376 4497 sed
2406 4442 2529 4512 quia
2551 4442 2875 4500 intrinsecus
2900 4446 3285 4503 incrementum
3312 4449 3400 4505 dat
3425 4452 3464 4524 (Ι
3492 4452 3613 4510 Cor.

2024 4548 2100 4598 ιιι,
2130 4534 2246 4602 7),
2276 4533 2623 4592 dill‘undendo
2666 4537 2981 4593 charitatem
3027 4540 3081 4594 in
3123 4541 3375 4597 cordibus
3418 4546 3615 4601 nostris

2024 4640 2121 4696 per
2147 4625 2405 4696 Spiritum
2454 4637 2737 4696 sanctum,
2769 4629 2860 4700 qui
2888 4629 3046 4686 datus
3090 4639 3180 4687 est
3221 4633 3376 4688 nobis
3417 4633 3612 4707 (Rom.

2025 4734 2080 4804 ν,
2109 4720 2198 4789 5).

2090 4811 2319 4869 CAPUT
2356 4813 2739 4870 XXVL—bb.
2762 4816 2987 4882 Qutestio
3014 4816 3067 4869 in
3097 4816 3262 4869 locum
3292 4817 3525 4887 Apostoli
3551 4820 3609 4875 ds

2023 4902 2263 4959 Gentibus
2303 4920 2417 4975 quae
2441 4906 2737 4960 naturaliter
2770 4911 2939 4977 facere
2973 4907 3133 4973 legem
3152 4947 3168 4971 ,
3200 4925 3410 4976 eamque
3433 4910 3615 4965 habere

2020 4997 2262 5068 scriptam
2306 4996 2360 5049 in
2405 4996 2640 5051 cordibus
2678 4997 2934 5050 dicuntur.
2980 4995 3281 5053 Videndum
3308 5008 3393 5055 est
3433 5014 3610 5058 autem

2022 5089 2289 5165 quomodo
2315 5089 2454 5144 dicat
2476 5090 2785 5159 Apostolus,
2807 5087 2937 5145 Cant
2958 5090 3089 5144 enim
3112 5089 3295 5147 Gentes
3316 5108 3431 5163 quae
3452 5094 3612 5167 legem

2021 5160 2121 5235 non
2148 5181 2350 5248 habent,
2384 5181 2682 5235 naturaliter
2700 5197 2817 5248 qua:
2836 5181 2959 5252 legis
2983 5191 3102 5236 sunt
3127 5160 3341 5253 faciunt,
3374 5185 3425 5237 hi
3451 5160 3609 5256 legem

2020 5290 2122 5328 non
2152 5272 2406 5341 habentes,
2434 5273 2533 5345 ipsi
2556 5273 2652 5328 sibi
2669 5283 2785 5329 sunt
2812 5274 2913 5340 lex,
2936 5275 3025 5345 qui
3043 5276 3312 5330 ostendunt
3331 5292 3459 5347 opus
3486 5279 3609 5349 legis

2020 5366 2262 5437 scriptum
2290 5366 2344 5420 in
2370 5365 2604 5421 cordibus
2633 5366 2740 5420 suis
2759 5382 2782 5421 :
2813 5381 2880 5420 ne
2908 5365 3151 5421 videatur
3179 5382 3285 5422 non
3312 5380 3435 5423 esse
3462 5379 3607 5423 certa

2019 5455 2269 5511 distantia
2297 5455 2434 5511 Novi
2461 5455 2785 5511 Testamenti
2803 5497 2819 5522 ,
2852 5455 2996 5526 quod
3023 5457 3169 5527 leges
3192 5471 3319 5512 suas
3349 5457 3606 5512 Dominus

2022 5547 2073 5603 in
2104 5549 2353 5605 cordibus
2382 5549 2562 5619 populi
2605 5550 2687 5604 sui
2730 5564 2789 5605 se
2817 5550 3142 5619 scripturum
3172 5564 3291 5606 esse
3331 5549 3605 5620 promisit,

2084 5731 2099 5761 ί
2128 5736 2258 5787 I.ov.,
2278 5739 2699 5791 quorumcumque.

2084 5794 2103 5823 ³
2128 5794 2198 5840 sic
2222 5789 2323 5840 uss.
2349 5798 2399 5839 At
2423 5791 2559 5847 editi,
2583 5789 2873 5851 scripturas.
3370 5832 3391 5851 ⁸,
3455 5800 3524 5845 ,p

2099 5858 2106 5873 ‘
2130 5855 2265 5912 ulla,
2292 5854 2464 5904 hiabat.
2495 5860 2547 5901 Al
2570 5849 2698 5914 Mss,
2715 5849 2901 5914 agebat.
