4164 6510
307 339 410 395 219

1732 336 1933 398 LIBER
1973 343 2171 402 UNUS.

3503 364 3608 422 250

302 473 418 528 gem
452 461 545 519 Dei
579 463 785 518 habere
815 476 919 514 non
946 457 1000 512 in
1027 454 1219 510 tabulis
1238 494 1252 519 ,
1284 452 1377 507 sed
1401 452 1452 506 in
1483 450 1732 507 cordibus
1760 454 1898 508 scri—
2008 471 2147 521 mus,
2169 456 2670 529 velaudimus,qua:
2689 464 2981 521 secundum
2999 466 3219 536 justitim
3240 472 3476 543 regulam
3499 494 3607 531 non

301 560 475 620 ptam;
504 550 607 608 hoc
633 560 742 619 est,
770 551 823 606 in
846 550 1032 605 intimo
1049 546 1239 601 affectu
1257 545 1517 614 justitiam
1538 544 1670 615 legis
1689 547 1896 615 ample-

297 644 370 700 cti
390 685 407 710 ,
437 643 526 699 ubi
562 643 698 701 iides
729 658 827 714 per
856 641 1197 698 dilectionem
1224 647 1478 709 operatur
1503 636 1700 704 (Colat.
1732 653 1784 704 v,
1814 637 1894 710 6).

2006 547 2179 602 solum
2212 550 2516 622 vituperare
2541 567 2646 607 non
2677 568 2981 626 possumus,
3006 574 3191 616 \erum
3218 563 3384 619 etiam
3412 568 3606 624 merito

2004 646 2261 710 recteque
2297 640 2621 702 laudamus:
2649 661 2951 718 quanquam
2988 652 3035 706 si
3075 652 3469 712 discutiantur1
3497 677 3608 729 quo

298 736 437 803 Quia
455 752 520 792 ets
535 736 641 806 [ide
657 736 914 808 justilicat
931 742 1102 806 gentes
1122 731 1292 797 Deus;
1316 730 1457 802 quod
1478 730 1747 801 Scriptura
1763 747 1897 801 prte-
2003 728 2109 784 ﬁne
2136 730 2299 799 fiant,
2331 732 2417 789 vis
2455 734 2804 794 inveniuntur
2828 754 2948 810 qua:
2971 741 3193 812 justitize
3220 746 3454 803 debitam
3484 750 3600 806 lau-

294 831 491 897 ridens,
514 829 873 901 pronuntiarit
898 826 1136 891 Abrahat,
1161 823 1355 889 dicens,
1380 821 1446 877 In
1475 823 1665 879 semine
1692 831 1779 878 tuo
1802 822 1892 878 be-

294 920 590 977 nedicentur
629 935 806 975 omnes
852 928 1024 991 gentes
1051 932 1071 972 :
1097 925 1154 972 ut
1194 931 1291 987 per
1332 916 1472 971 hanc
1521 914 1894 986 promissionis

292 1012 523 1085 gratiam
550 1012 707 1066 olivae
734 1011 1063 1067 insereretur
1109 1009 1342 1065 oleaster
1362 1048 1380 1076 ,
1404 1018 1459 1063 et
1485 1007 1674 1064 tierent
1706 1006 1892 1063 ﬁdeles

291 1103 497 1158 Gentes
544 1100 640 1157 lilii
687 1100 921 1157 Abrahae
962 1101 1017 1155 in
1067 1099 1257 1154 semine
1304 1098 1528 1155 Abrahae
1563 1139 1579 1167 ,
1635 1098 1773 1172 quod
1814 1108 1891 1157 est

292 1192 529 1249 Christus
552 1190 667 1262 (Id.
699 1206 791 1257 ιιι,
822 1191 891 1255 8,
936 1188 1060 1264 16);
1092 1197 1362 1247 sectantes
1403 1190 1522 1261 ejus
1564 1189 1754 1257 ﬁdem,
1798 1191 1890 1262 qui

291 1300 401 1339 non
427 1292 647 1355 accepta
674 1283 726 1338 in
750 1281 942 1338 tabulis
960 1283 1077 1353 lege
1096 1323 1110 1349 ,
1140 1282 1482 1353 nondumque
1502 1281 1704 1337 habens
1720 1281 1888 1352 ipsam

288 1375 757 1431 circumcisionem
778 1415 795 1440 ,
817 1372 1032 1427 credidit
1062 1371 1170 1427 Deo
1194 1414 1210 1439 ,
1240 1383 1292 1427 et
1314 1372 1609 1442 deputatum
1635 1380 1707 1427 est
1726 1370 1806 1426 illi
1820 1372 1889 1426 ad

288 1465 536 1533 iustitiam
566 1462 720 1538 (Gen.
752 1478 824 1519 xv
843 1504 860 1529 ,
887 1462 957 1530 6;
990 1461 1144 1517 Rom.
1174 1478 1227 1519 tv
1252 1504 1266 1529 ,
1298 1461 1378 1536 ὅ).
1411 1464 1490 1519 Ac
1531 1463 1612 1518 sic
1651 1464 1756 1519 tale
1785 1464 1890 1519 erit

288 1555 395 1611 hoc
413 1555 557 1626 quod
587 1555 655 1610 de
677 1554 939 1626 ejusmodi
958 1554 1221 1612 Gentibus
1243 1556 1383 1611 dixit
1408 1555 1722 1626 Apostolus,
1743 1556 1884 1627 quod

284 1664 418 1718 opus
444 1648 570 1720 legis
593 1648 838 1719 scriptum
864 1628 1081 1703 habeatit
1105 1648 1160 1702 in
1196 1648 1435 1703 cordibus
1469 1649 1575 1704 suis
1602 1648 1778 1722 (Rom.
1812 1666 1882 1713 ιι,

287 1740 383 1811 15)
414 1758 429 1796 :
455 1740 618 1811 quale
640 1748 723 1796 est
745 1739 875 1796 illud
898 1739 964 1794 ad
989 1738 1314 1805 Corinthios,
1336 1755 1440 1794 non
1461 1739 1516 1794 in
1536 1738 1722 1794 tabulis
1747 1740 1884 1811 lapi-

284 1832 396 1886 deis
414 1873 432 1899 ,
462 1832 555 1887 sed
598 1832 652 1886 in
680 1830 866 1886 tabulis
909 1830 1080 1886 cordis
1122 1829 1411 1887 carnalibus
1441 1830 1508 1906 (ll
1534 1829 1655 1887 Cor.
1681 1848 1774 1899 ιιι,
1802 1830 1882 1905 5).

286 1923 360 1980 Ita
380 1925 528 1981 enim
557 1925 692 1980 tiunt
713 1923 784 1982 de
804 1922 967 1981 domo
996 1923 1177 1989 Israel,
1203 1938 1326 1979 eum
1349 1923 1669 1994 praeputium
1693 1939 1881 1981 eorum

284 2015 337 2070 in
363 2015 830 2072 circumcisionem
856 2015 1159 2087 deputatur,
1187 2030 1254 2071 eo
1299 2015 1439 2085 quod
1464 2016 1723 2086 justitiam
1752 2017 1884 2086 legis

284 2124 394 2165 non
411 2108 731 2179 praecisione
772 2109 950 2165 carnis
974 2109 1282 2177 ostendunt,
1304 2108 1400 2165 sed
1420 2109 1598 2165 cordis
1625 2108 1883 2168 cbaritate

283 2201 594 2259 custodiunt
618 2219 632 2256 :
657 2202 911 2272 quoniam
929 2202 973 2257 si
999 2203 1302 2273 prteputium
1319 2200 1550 2273 justitias
1565 2201 1691 2272 legis
1715 2209 1883 2257 custo-

281 2296 413 2361 diat,
440 2310 611 2349 nonne
635 2296 939 2365 prteputium
962 2294 1073 2362 eius
1089 2333 1104 2359 ,
1133 2293 1343 2363 inquit,
1370 2293 1423 2347 in
1449 2293 1882 2347 circumcisionem

281 2388 606 2458 deputabitur
625 2384 803 2459 (Rom.
838 2401 899 2453 ιι,
927 2384 1062 2455 26)?
1091 2384 1161 2440 Et
1189 2393 1470 2455 propterea
1497 2384 1551 2440 in
1580 2383 1742 2440 domo
1767 2384 1882 2440 veri

280 2478 447 2533 Israel
468 2520 484 2544 ,
513 2478 568 2533 in
597 2492 707 2548 quo
730 2477 886 2532 dolus
929 2492 1038 2533 non
1064 2476 1148 2532 e'st
1171 2474 1349 2547 (Joan.
1379 2491 1426 2543 ι,
1454 2476 1571 2549 47),
1597 2475 1882 2546 participes

279 2577 407 2625 sunt
434 2568 768 2624 Tcstamenti
798 2567 962 2633 Novi,
994 2568 1117 2638 quia
1158 2565 1253 2623 dat
1292 2568 1433 2624 Deus
1459 2566 1606 2637 leges
1651 2567 1703 2623 in
1730 2582 1879 2623 men-

279 2671 389 2718 tem
420 2663 659 2732 ipsorqu
676 2702 693 2725 ,
723 2669 779 2716 et
808 2661 864 2715 in
892 2659 1142 2716 cordibus
1165 2674 1353 2714 eorum
1381 2657 1572 2714 scribit
1596 2672 1690 2714 eas
1717 2658 1882 2729 digito

274 2770 400 2822 suo,
417 2754 622 2825 Spiritu
646 2762 858 2820 sancto,
874 2767 982 2823 quo
1007 2751 1081 2806 ibi
1102 2750 1415 2807 dill‘unditur
1439 2749 1677 2807 Charitas
1703 2750 1878 2823 (Rom.

277 2861 331 2913 v,
356 2847 442 2911 5),
474 2858 596 2914 quae
625 2844 758 2915 legis
785 2850 871 2899 est
895 2841 1170 2913 plenitudo
1199 2839 1310 2913 (Id.
1338 2856 1452 2907 xm,
1481 2840 1596 2913 l0).

346 2933 579 2991 CAPUT
641 2931 858 2990 XXVII.
895 2962 970 2974 —
1008 2933 1100 2988 47.
1151 2931 1335 3004 Legem
1380 2932 1493 3002 ﬁeri
1538 2931 1878 2998 naturaliter,

272 3026 413 3082 idem
439 3025 578 3095 quod
600 3024 882 3080 secundum
924 3030 1161 3079 naturam
1203 3023 1371 3095 gratia
1417 3032 1730 3094 reparatam.
1769 3022 1881 3081 Nec

276 3126 495 3175 moveat
531 3117 672 3190 quod
705 3117 1006 3172 naturaliter
1033 3131 1129 3174 eos
1167 3117 1320 3184 dixit,
1351 3132 1465 3189 qua
1493 3116 1618 3189 legis
1640 3125 1759 3173 sunt
1794 3121 1879 3191 [a-

274 3227 406 3275 cere,
438 3226 550 3266 non
575 3209 765 3282 spiritu
798 3208 913 3277 Dei,
944 3224 1049 3263 non
1076 3206 1202 3274 Iide,
1230 3222 1337 3263 non
1363 3208 1556 3279 gratia.
1597 3207 1711 3264 Hoc
1738 3209 1878 3264 enim

276 3302 389 3374 agit
410 3301 632 3372 spiritus
655 3300 864 3372 gratiae,
894 3308 954 3355 ut
979 3298 1261 3372 imaginem
1292 3298 1408 3365 Dei,
1441 3300 1494 3355 in
1521 3314 1633 3370 qua
1659 3307 1879 3354 natura-

277 3393 404 3450 liter
448 3391 576 3450 I’acti
604 3407 812 3459 sumus,
845 3391 1105 3448 instauret
1134 3391 1188 3447 in
1235 3391 1409 3447 nobis.
1443 3390 1640 3447 Vitium
1682 3391 1880 3463 quippe

274 3493 469 3541 contra
519 3494 762 3540 naturam
789 3490 891 3549 est,
922 3481 1065 3553 quod
1088 3482 1273 3553 utique
1315 3490 1468 3536 sanat
1508 3483 1674 3552 gratia
1706 3499 1720 3535 :
1751 3497 1877 3553 pro-

274 3589 400 3652 pter
427 3593 589 3651 quam
639 3578 752 3634 Deo
779 3576 995 3644 dicitur,
1041 3573 1286 3630 Miserere
1327 3575 1446 3639 mei,
1490 3589 1619 3629 sana
1654 3574 1879 3629 animant

270 3688 467 3738 meum,
493 3669 736 3741 quoniam
761 3667 964 3740 peccari
994 3666 1084 3721 tibi
1128 3663 1322 3737 (Psal.
1370 3680 1460 3728 χι..
1507 3662 1605 3735 5).
1648 3663 1879 3721 Proinde

271 3764 595 3822 naturaliter
621 3763 868 3818 homines
896 3774 1015 3831 quae
1044 3759 1175 3830 legis
1202 3766 1326 3814 sunt
1357 3757 1556 3811 faciunt
1575 3775 1589 3812 :
1607 3757 1696 3828 qui
1728 3757 1876 3814 cnim

272 3859 386 3914 hoe
411 3871 523 3911 non
567 3853 788 3921 faciunt,
839 3852 968 3907 vitio
994 3865 1092 3906 suo
1136 3865 1243 3906 non
1295 3849 1498 3906 faciunt
1523 3851 1565 3903 '.
1605 3849 1723 3917 Quo
1747 3849 1877 3906 vitio

272 3952 365 4007 lex
392 3950 486 4006 Dei
512 3959 596 4005 est
622 3948 795 4003 deleta
822 3946 892 4002 de
919 3944 1212 4010 cordibus;
1244 3958 1309 3998 ac
1347 3959 1442 4013 per
1465 3942 1588 4007 hoc,
1619 3943 1749 3999 vitio
1784 3958 1873 3999 sa.

274 4052 429 4106 nato,
457 4055 581 4097 cum
611 4038 721 4094 illic
750 4035 1020 4102 scribitur,
1050 4034 1183 4089 ﬁunt
1207 4048 1326 4103 quae
1353 4033 1486 4102 legis
1511 4041 1636 4087 sunt
1660 4043 1877 4088 natura-

275 4133 400 4186 liter
430 4148 446 4186 :
474 4145 581 4184 non
610 4126 752 4197 quod
789 4140 887 4196 per
933 4131 1177 4180 naturam
1208 4131 1397 4193 negata
1440 4120 1509 4177 sit
1557 4124 1748 4193 gratia,
1779 4121 1875 4179 sed

275 4222 459 4293 potius
489 4234 585 4291 per
603 4217 827 4290 gratiam
852 4223 1096 4285 reparata
1122 4221 1330 4268 natura.
1376 4211 1481 4268 Per
1500 4229 1658 4268 unum
1679 4215 1875 4285 quippe

274 4317 535 4371 hominem
556 4320 815 4384 peccatum
833 4310 1038 4364 intravit
1059 4308 1114 4363 in
1138 4306 1405 4372 mundum,
1424 4316 1473 4362 et
1498 4325 1587 4380 per
1613 4318 1873 4377 peccatum

275 4422 458 4472 mors;
485 4416 535 4460 et
562 4405 633 4459 ita
660 4404 715 4458 in
738 4418 913 4458 omnes
941 4401 1166 4456 homines
1193 4401 1535 4472 pertransioit,
1562 4401 1615 4455 in
1643 4417 1741 4472 quo
1766 4419 1874 4457 om.

273 4515 367 4553 nes
410 4503 742 4569 peccaverunt
787 4493 964 4566 (Rom.
1009 4508 1063 4560 v,
1092 4490 1183 4563 12)
1218 4502 1315 4547 :et
1342 4490 1463 4547 ideo
1505 4493 1627 4562 quia
1657 4509 1759 4546 non
1801 4502 1874 4549 est

274 4590 556 4656 distinctio,
602 4598 748 4660 egent
774 4586 939 4659 gloria
987 4585 1102 4652 Dei,
1122 4574 1402 4656 justiﬁcati
1435 4586 1595 4655 gratis
1638 4603 1727 4657 per
1751 4604 1874 4658 grao

273 4684 402 4737 tiam
420 4681 605 4750 ipsius.
636 4680 750 4749 Qua
768 4678 940 4750 gratia
966 4676 1020 4732 in
1046 4678 1067 4710 ³
1092 4676 1348 4732 interiore
1378 4674 1595 4733 homine
1619 4686 1875 4734 renovato

273 4775 479 4846 iustitia
528 4771 819 4839 scribitur,
874 4784 1034 4840 quam
1083 4767 1241 4838 culpa
1276 4766 1549 4824 deleverat
1594 4785 1609 4821 :
1658 4778 1713 4825 et
1759 4768 1876 4828 lucc

274 4864 646 4922 misericordia
691 4877 855 4933 super
901 4875 1070 4932 genus
1125 4860 1418 4915 humanum
1460 4875 1558 4932 per
1604 4860 1873 4919 Christum

273 4959 459 5017 Jesum
488 4956 773 5014 Dominum
798 4963 1063 5011 nostrum.
1106 4952 1254 5009 Unus
1291 4953 1424 5008 enim
1465 4951 1624 5020 Deus,
1658 4971 1788 5009 unus
1826 4965 1875 5011 et

274 5052 528 5107 mediator
554 5049 654 5104 Dei
685 5057 735 5104 et
761 5047 1023 5104 [continuat
1050 5044 1202 5102 homo
1229 5043 1458 5100 Christus
1481 5042 1635 5101 Jesus
1661 5044 1705 5121 (I
1738 5045 1871 5101 Tim.

275 5143 463 5216 ωε),

344 5236 435 5292 48.
468 5235 529 5292 Si
559 5243 740 5289 autem
780 5231 835 5287 hi
874 5229 963 5303 qui
1002 5230 1313 5287 naturaliter
1337 5244 1458 5301 qua
1481 5228 1613 5299 legis
1640 5236 1762 5284 sunt
1794 5226 1874 5284 fa-

275 5328 456 5392 ciunt,
487 5320 727 5381 nondum
755 5330 884 5378 sunt
920 5321 1146 5379 habendi
1166 5368 1171 5375 .
1190 5323 1244 5377 in
1273 5335 1498 5377 numero
1523 5334 1711 5376 eorum
1740 5334 1877 5391 quos

274 5419 476 5477 Christi
498 5417 760 5490 justilicat
782 5414 987 5487 gratia;
1014 5414 1112 5472 sed
1135 5414 1189 5471 in
1211 5427 1398 5471 eorum
1427 5412 1624 5485 potius,
1649 5427 1875 5484 quorum

273 5514 435 5570 etiam
457 5511 752 5583 impiorum
772 5548 789 5575 ,
818 5520 919 5563 nec
941 5507 1109 5563 Deum
1134 5520 1321 5562 verum
1346 5505 1607 5561 veraciter
1633 5504 1879 5575 justeque

272 5607 587 5674 colentium,
610 5600 863 5677 quaedam
887 5609 1065 5655 tamen
1086 5597 1221 5655 facta
1242 5595 1324 5653 vel
1353 5598 1595 5670 legimus,
1624 5597 1705 5652 \el
1726 5597 1878 5652 novi-

334 5752 354 5786 ί
377 5749 519 5809 inditi,
545 5743 716 5799 vitiose
733 5719 938 5809 facitmt.
954 5743 1142 5809 Atlas.”
1164 5737 1401 5809 quinque,
1421 5733 1645 5809 vitio‘non
1667 5732 1847 5809 facitmt
1859 5745 1877 5795 ,'

273 5795 529 5873 πρεξῖιὲιῧ
548 5795 757 5873 and:
780 5801 964 5873 faciunt
978 5795 1203 5873 ;_ca;teri',
1410 5811 1501 5850 non
1524 5795 1724 5861 faciunt.

333 5863 628 5928 "l’articula,
656 5870 728 5924 in,
754 5863 896 5916 abest
918 5877 944 5912 a
964 5863 1209 5923 plerisque
1235 5868 1341 5911 Mss.

2000 819 2124 881 dem
2153 822 2586 883 delensionemve
2611 839 2938 888 mereantur.

2072 911 2299 970 CAPUT
2330 914 2565 973 XXVIII.
2592 947 2668 960 —-
2694 917 2877 992 Imago
2914 920 3015 978 Dei
3051 941 3155 980 non
3193 928 3398 984 omnino
3432 930 3606 987 deleta

1998 1002 2054 1057 in
2078 1004 2391 1073 inﬁdelibus.
2418 1005 2639 1064 Peccata
2666 1011 2901 1067 carnalia.
2935 1013 3313 1075 Verumtamen
3338 1021 3459 1091 quia
3489 1039 3595 1078 non

1997 1108 2169 1166 usque
2196 1096 2332 1152 adeo
2369 1098 2423 1153 in
2462 1100 2640 1156 anima
2673 1100 2907 1160 humana
2937 1105 3113 1177 imago
3139 1108 3234 1163 Dei
3262 1117 3601 1169 terrenorum

1995 1183 2282 1241 all‘ectuum
2312 1186 2430 1245 labe
2454 1187 2648 1247 detrita
2673 1200 2787 1257 est,
2818 1202 2875 1248 ut
2902 1195 3051 1250 nulla
3081 1196 3134 1250 in
3165 1212 3228 1252 ea
3259 1199 3406 1255 velut
3434 1203 3596 1257 linea-

1994 1284 2175 1332 menta
2200 1281 2440 1334 estrema
2463 1283 2846 1350 remanserint,
2875 1285 3019 1341 unde
3056 1288 3249 1344 merito
3284 1290 3390 1345 dici
3427 1296 3596 1362 possit

1993 1366 2153 1423 etiam
2178 1369 2232 1424 in
2259 1369 2373 1440 ipsa
2402 1371 2675 1442 impietate
2712 1373 2837 1429 vitae
2877 1390 2988 1431 suae
3025 1376 3206 1435 facere
3246 1381 3423 1451 aliqua
3462 1383 3593 1454 legis

1991 1458 2077 1514 vel
2106 1472 2328 1530 sapere;
2357 1460 2401 1515 si
2442 1459 2546 1518 hoc
2578 1472 2661 1519 est
2696 1465 2838 1535 quod
2874 1466 3074 1523 dictum
3105 1481 3218 1535 est,
3257 1472 3379 1543 quia
3410 1472 3593 1528 Gentes

1992 1564 2105 1619 qua:
2131 1548 2291 1621 legent
2314 1567 2416 1605 non
2445 1552 2649 1620 habent,
2679 1554 2783 1612 hoc
2811 1566 2915 1626 est,
2943 1557 3115 1629 legem
3143 1559 3259 1629 Dei,
3291 1565 3591 1620 naturaliter

1991 1654 2106 1709 gate
2130 1640 2255 1713 legis
2277 1652 2395 1696 sunt
2418 1643 2633 1714 faciunt,
2660 1653 2716 1701 et
2737 1646 2862 1717 quia
2887 1647 3190 1718 hujusmodi
3218 1651 3463 1709 homines
3487 1654 3595 1724 ipsi

1990 1728 2088 1784 sibi
2108 1740 2224 1786 sunt
2248 1731 2362 1798 lex,
2403 1739 2463 1788 et
2485 1734 2731 1807 scriptum
2756 1753 2884 1808 opus
2920 1739 3045 1811 legis
3071 1740 3252 1796 habent
3278 1744 3330 1798 in
3355 1744 3593 1801 cordibus

1987 1821 2116 1890 suis,
2142 1823 2196 1878 id
2224 1833 2328 1893 est,
2355 1842 2463 1882 non
2487 1829 2633 1883 omni
2658 1830 2820 1887 modo
2842 1831 3075 1889 deletum
3097 1844 3199 1902 est,
3226 1838 3369 1907 quod
3394 1838 3467 1895 ibi
3493 1855 3589 1907 per

1991 1912 2275 1985 imaginem
2309 1917 2404 1973 Dei
2436 1934 2557 1975 cum
2583 1932 2896 1977 crearentur
2922 1923 3240 1993 impressum
3267 1938 3350 1984 est
3380 1947 3394 1984 :
3424 1932 3585 1986 etiam

1989 2005 2069 2059 sic
2094 2005 2182 2060 illa
2206 2006 2506 2065 dill'erentia
2522 2025 2628 2085 non
2656 2014 3080 2083 perturbabitnr,
3109 2034 3213 2086 qua
3240 2018 3401 2075 distat
3428 2037 3455 2075 a
3488 2023 3587 2078 Ve-

1991 2101 2105 2161 tere
2129 2096 2527 2156 Testamentum
2547 2100 2777 2170 Novum,
2804 2119 2871 2159 eo
2894 2090 3033 2175 quod
3062 2122 3158 2177 per
3171 2108 3376 2165 Novum
3397 2112 3587 2168 scribi-

1991 2195 2077 2243 tur
2099 2188 2183 2244 lex
2207 2190 2302 2246 Dei
2324 2192 2374 2246 in
2401 2193 2561 2248 corde
2586 2193 2847 2263 ﬁdelium,
2869 2212 2989 2268 quae
3012 2214 3105 2268 per
3128 2200 3288 2257 Vetus
3315 2203 3370 2259 in
3395 2204 3586 2261 tabulis

1986 2280 2186 2350 scripta
2212 2290 2315 2337 est.
2348 2283 2459 2339 lloc
2483 2284 2623 2340 enim
2646 2286 2753 2342 illic
2772 2288 3022 2344 scribitur
3041 2305 3137 2359 per
3156 2295 3581 2362 renovationcni,

1987 2372 2129 2443 quod
2175 2389 2282 2429 non
2328 2377 2473 2430 omni
2518 2377 2680 2432 modo
2721 2378 2956 2435 deletum
2994 2392 3075 2437 est
3115 2398 3210 2453 per
3247 2395 3579 2447 vetustatem.

1986 2464 2120 2521 Nam
2151 2467 2289 2524 sicut
2316 2469 2426 2539 ipsa
2457 2472 2630 2542 imago
2660 2474 2749 2527 Dei
2775 2483 3060 2531 renovatur
3084 2476 3135 2531 in
3164 2487 3342 2535 mente
3361 2482 3585 2537 creden-

1990 2558 2118 2612 tium
2139 2574 2234 2628 per
2257 2559 2655 2618 Testamentum
2677 2563 2905 2632 Novum,
2932 2583 3090 2637 quam
3118 2584 3223 2623 non
3252 2572 3461 2640 penitus
3486 2574 3584 2628 im-

1985 2647 2157 2731 pietas
2197 2650 2542 2720 aboleverat;
2584 2670 2705 2709 nam
2748 2669 3081 2713 remanserat
3124 2660 3307 2731 utique
3350 2663 3400 2718 id
3441 2667 3581 2735 quod

1986 2741 2162 2795 anima
2208 2741 2441 2799 hominis
2481 2744 2584 2800 nisi
2626 2747 2901 2803 rationalis
2946 2763 3067 2805 esse
3107 2766 3213 2805 non
3258 2763 3478 2822 potest:
3511 2757 3579 2813 ita

1984 2832 2148 2889 etiam
2175 2834 2247 2891 ibi
2281 2835 2367 2891 lex
2396 2835 2490 2892 Dei
2522 2852 2627 2892 non
2656 2854 2720 2893 es
2748 2840 2894 2895 omni
2936 2850 3084 2911 parte
3120 2842 3293 2899 deleta
3323 2862 3417 2914 per
3441 2847 3583 2916 inju-

1982 2922 2218 2993 stitiam,
2250 2925 2488 2996 profecto
2517 2928 2772 2985 scribitur
2799 2939 3050 2986 renovata
3082 2948 3176 3001 per
3198 2934 3442 3004 gratiam.
3474 2937 3582 2995 NLC

1985 3012 2144 3070 istam
2171 3015 2594 3087 inscriptionem,
2620 3034 2741 3090 qua:
2764 3019 3073 3089 justilicatio
3095 3032 3199 3090 est,
3229 3031 3435 3094 poterat
3462 3026 3582 3083 ειη.

1984 3119 2111 3163 cere
2134 3106 2188 3162 in
2216 3106 2418 3165 iudicis
2447 3110 2531 3166 les
2559 3110 2614 3166 in
2641 3110 2835 3168 tabulis
2857 3115 3049 3185 scripta
3072 3156 3088 3182 ,
3118 3116 3212 3172 sed
3245 3119 3417 3175 solum
3441 3137 3580 3191 pne-

1986 3201 2386 3259 varicationem.
2409 3201 2546 3261 Nam
2587 3213 2643 3260 et
2678 3204 2781 3276 ipsi
2816 3204 3063 3263 homines
3089 3217 3275 3277 erant,
3303 3221 3356 3267 et
3385 3213 3464 3267 vis
3491 3212 3585 3270 illa

1984 3300 2192 3348 naturas
2232 3293 2406 3350 inerat
2443 3294 2552 3360 eis,
2582 3310 2687 3366 qua
2728 3295 3022 3368 legitimum
3056 3299 3252 3371 aliquid
3281 3304 3455 3358 anima
3497 3321 3583 3359 ra-

1988 3382 2239 3439 tionalis’
2267 3394 2322 3440 et
2357 3386 2520 3441 sentit
2557 3393 2615 3442 et
2650 3385 2779 3442 facit
2805 3404 2820 3442 :
2848 3388 2943 3444 sed
2975 3389 3144 3459 pietas
3181 3406 3301 3462 qua:
3338 3393 3389 3448 in
3420 3394 3579 3450 aliam

1984 3473 2150 3530 vitam
2177 3474 2429 3530 transfert
2457 3474 2666 3532 beatam
2695 3484 2752 3532 et
2772 3485 3060 3545 aeternam,
3088 3480 3257 3550 legem
3289 3481 3445 3538 habet
3472 3485 3578 3538 im-

1983 3565 2324 3633 maculatam,
2355 3574 2756 3621 convertentem
2786 3567 2992 3624 animas
3026 3568 3192 3642 (Paul.
3223 3588 3369 3640 xvtu,
3401 3574 3488 3645 8),
3524 3583 3580 3631 ut

1983 3671 2049 3713 ex
2079 3658 2168 3712 illo
2197 3657 2398 3713 lumine
2425 3666 2769 3725 renoventur,
2795 3658 2990 3732 ﬁatque
3010 3663 3062 3716 in
3083 3663 3185 3729 eis,
3214 3663 3487 3736 Signattmt
3506 3679 3580 3722 est
3642 3712 3651 3717 -

1981 3763 2135 3819 super
2161 3764 2253 3802 nos
2278 3748 2446 3804 lumen
2471 3748 2637 3803 uultus
2661 3751 2756 3814 tui,
2782 3749 3001 3806 Domine
3028 3751 3200 3823 (Psal.
3225 3770 3299 3823 tv,
3328 3757 3405 3823 7).
3427 3756 3577 3813 Unde

1981 3838 2155 3895 aversi
2183 3838 2563 3895 obsolescere'
2594 3850 2903 3901 meruerunt
2931 3860 2944 3897 :
2978 3846 3222 3899 renovari
3260 3855 3435 3902 autem
3477 3850 3576 3905 nisi

1980 3931 2149 4001 gratia
2169 3931 2478 4000 christiana,
2505 3934 2606 3989 hoc
2625 3944 2726 4001 est,
2753 3935 2854 3989 nisi
2870 3935 3173 3993 Mediatoris
3192 3938 3580 4000 intercessione

1981 4038 2088 4078 non
2117 4033 2357 4094 possunt.
2394 4022 2539 4080 Unus
2561 4025 2696 4079 enim
2722 4025 2859 4080 Deus
2876 4067 2893 4094 ,
2919 4043 3049 4082 unus
3075 4038 3121 4082 et
3146 4030 3390 4087 mediator
3410 4031 3508 4087 Dei
3529 4043 3579 4090 et

1981 4117 2242 4172 hominum
2279 4118 2430 4173 homo
2465 4115 2695 4174 Christus
2731 4116 2884 4173 Jesus
2904 4159 2918 4183 ,
2947 4120 3034 4191 qui
3077 4120 3214 4175 dedit
3256 4125 3578 4195 semetipsum

1980 4210 2375 4280 redemptionem
2397 4226 2489 4281 pro
2511 4209 2761 4264 omnibus.
2785 4210 2827 4264 A
2850 4211 3000 4280 cujus
3020 4213 3189 4282 gratia
3210 4214 3255 4268 si
3277 4215 3432 4270 alieni
3455 4228 3580 4273 sunt

1981 4301 2058 4357 illi
2083 4301 2151 4357 de
2175 4302 2369 4372 quibus
2393 4302 2621 4372 agimus,
2646 4301 2736 4371 qui
2764 4301 3060 4357 secundum
3089 4302 3238 4360 illum
3268 4305 3482 4360 modum
3509 4307 3578 4364 de

1980 4407 2085 4462 quo
2112 4393 2358 4462 superius
2392 4393 2522 4447 satis
2545 4392 2809 4459 diximus,
2842 4395 3142 4448 naturaliter
3169 4411 3282 4461 qua:
3309 4397 3431 4467 legis
3460 4407 3579 4451 sunt

1979 4483 2173 4553 faciunt
2189 4501 2210 4551 ;
2239 4483 2365 4555 quid
2397 4484 2477 4538 eis
2505 4484 2795 4553 proderunt
2825 4496 3119 4540 excusantes
3147 4488 3493 4558 cogitationes,
3524 4491 3578 4545 in

1980 4577 2062 4631 die
2104 4593 2207 4649 qua
2241 4575 2498 4649 judicabit
2541 4575 2680 4632 Deus
2725 4574 2923 4632 occulta
2966 4577 3225 4633 hominum
3278 4579 3459 4652 (Rom.
3504 4598 3573 4647 ιι,

1982 4669 2225 4739 14-16),
2255 4668 2355 4723 nisi
2386 4668 2522 4724 forte
2559 4670 2837 4725 utemitius
2882 4671 3206 4740 puniantur?
3244 4671 3391 4727 Sicut
3430 4673 3574 4729 enim

1979 4777 2087 4817 non
2113 4761 2413 4833 impediunt
2438 4777 2467 4817 a
2493 4762 2600 4817 vita
2626 4771 2825 4818 aeterna
2851 4762 3053 4832 justum
3084 4764 3326 4833 quaedam
3358 4777 3573 4834 [lemma

1978 4853 2206 4911 venialia
2228 4895 2243 4921 ,
2273 4854 2391 4910 sine
2429 4854 2622 4924 quibus
2664 4853 2779 4908 Iure
2821 4854 2927 4908 vita
2969 4869 3078 4909 non
3114 4853 3325 4910 ducitur
3356 4873 3368 4908 :
3401 4856 3478 4912 sic
3505 4859 3574 4913 ad

1979 4948 2206 5006 salutem
2253 4956 2508 5002 mternam
2556 4945 2687 5000 nihil
2740 4953 2964 5011 prosunt
3006 4945 3168 5015 impio
3213 4945 3386 5017 aliqua
3435 4947 3573 5006 bona

1979 5057 2143 5113 opera
2161 5081 2178 5108 ,
2202 5040 2320 5095 sine
2347 5039 2540 5110 quibus
2565 5037 2878 5094 difﬁcillime
2910 5037 3018 5094 vita
3045 5037 3323 5109 cujuslibet
3354 5041 3575 5111 pessimi

1981 5132 2214 5189 hominis
2242 5130 2535 5186 invenitur.
2570 5129 2945 5199 Verumtamen
2988 5130 3128 5185 sicut
3173 5129 3227 5185 in
3272 5146 3439 5202 regno
3480 5132 3573 5191 Del

1981 5226 2126 5283 velut
2152 5224 2306 5281 stella
2333 5223 2402 5279 ab
2430 5222 2582 5277 stella
2615 5222 2666 5276 in
2696 5222 2866 5293 gloria
2893 5220 3145 5281 ditl‘erunt
3169 5225 3336 5279 sancti
3379 5225 3421 5297 (Ι
3449 5223 3572 5283 Cor.

1981 5335 2071 5385 xv,
2096 5318 2223 5390 il);
2254 5316 2334 5372 sic
2357 5324 2413 5371 et
2438 5315 2489 5370 in
2515 5314 2857 5370 damnatione
2884 5298 3053 5385 primm
3078 5317 3417 5389 sempiterna:
3440 5318 3575 5375 tole-

1981 5409 2201 5467 rabilius
2223 5409 2325 5466 erit
2345 5406 2592 5465 Sodoma:
2614 5422 2772 5478 quam
2794 5408 2946 5464 alteri
2972 5409 3171 5464 civitati
3201 5407 3348 5482 (Luc.
3376 5426 3429 5474 ι,
3457 5409 3568 5482 l2),

1983 5515 2036 5562 et
2064 5513 2220 5559 erunt
2251 5500 2467 5573 quidam
2509 5501 2671 5571 duplo
2709 5502 2938 5570 amplius
2966 5502 3278 5572 quihusdam
3317 5502 3576 5571 gehennm

1987 5596 2079 5651 ﬁlii
2112 5594 2321 5669 (Matth.
2352 5609 2523 5661 unt,
2563 5593 2646 5666 lii)
2679 5611 2692 5648 :
2727 5593 2798 5649 ita
2837 5608 2937 5650 nec
2975 5592 3103 5649 illud
3142 5593 3195 5649 in
3238 5592 3437 5662 judicio
3477 5592 3575 5650 Dei

2051 5732 2066 5763 ι
2092 5730 2166 5778 Sic
2188 5738 2293 5778 Mss.
2321 5737 2375 5780 At
2399 5729 2534 5788 editi,
2560 5727 2863 5780 discutiatur.

2050 5794 2070 5823 ι
2092 5776 2272 5840 minus
2288 5776 2799 5853 ιέὲέόειῐιῐάιᾱὶιιιέὲζζ
2821 5776 3006 5845 animal
3029 5776 3260 5840 rationum

2052 5855 2073 5887 ³
2095 5856 2229 5916 talin,
2248 5852 2562 5906 absoluere.
