4202 6524
583 367 684 421 251

585 476 817 544 vacabit,
845 472 985 545 quod
1018 489 1070 528 in
1099 471 1209 545 ipsa
1239 469 1507 541 impietate
1534 466 1825 524 damnabili
1853 469 2022 539 magis
2046 469 2181 523 alius

583 570 692 622 alio
719 567 961 622 minusve
992 564 1308 635 peccaverit.

658 660 746 713 49.
779 656 915 725 Quid
946 671 1074 725 ergo
1102 655 1224 709 hinc
1249 652 1538 722 Apostolus
1565 650 1780 707 efﬁcere
1808 650 2007 717 voluit,
2036 649 2179 722 quod

579 749 889 820 jactautiam
926 748 1181 801 cohibens
1219 744 1560 809 Judaaorum,
1602 757 1724 797 cum
1767 730 2023 805 dixisset,
2057 739 2180 795 Non

584 842 837 894 auditores
868 840 989 909 legis
1008 839 1138 909 justi
1166 846 1286 891 sunt
1313 836 1450 907 apud
1479 834 1641 890 Deum
1660 876 1675 900 ,
1705 835 1795 888 sed
1818 839 2033 906 factores
2055 834 2179 905 legis

575 931 1029 1003 justiﬁcabnntur;
1056 930 1310 984 continuo
1331 928 1556 997 subjecit
1573 928 1639 982 de
1660 927 1762 993 his,
1786 927 1875 997 qui
1896 928 2052 998 legem
2076 944 2179 982 non

586 1024 822 1078 habentes
840 1065 853 1086 ,
886 1020 1182 1076 naturaliter
1211 1036 1323 1090 quia
1352 1021 1474 1091 legis
1496 1028 1610 1074 sunt
1638 1021 1869 1091 faciunt:
1896 1021 1939 1074 si
1968 1034 2073 1074 non
2102 1019 2178 1074 illi

584 1126 703 1169 sunt
730 1115 1080 1183 intelligendi,
1104 1114 1191 1183 qui
1223 1113 1489 1182 pertinent
1516 1112 1582 1165 ad
1606 1114 1828 1181 gratiam
1850 1110 2174 1177 Mediatoris,

584 1206 677 1259 sed
708 1207 777 1259 illi
807 1206 1002 1274 potius,
1033 1205 1121 1274 qui
1148 1218 1268 1258 cum
1292 1203 1460 1257 Deum
1488 1217 1670 1256 verum
1696 1217 1821 1256 vera
1850 1202 2045 1272 pietate
2070 1216 2176 1256 non

582 1298 780 1360 colant,
812 1296 1009 1350 habent
1039 1307 1211 1349 tamen
1238 1294 1478 1364 qumdam
1509 1307 1669 1363 opera
1696 1294 1834 1348 bona
1865 1293 1915 1347 iu
1944 1295 2051 1349 vita
2078 1295 2177 1349 im-

585 1391 707 1457 pia?
755 1391 834 1443 An
886 1388 1023 1442 forte
1075 1389 1173 1442 hoc
1217 1389 1332 1457 ipso
1375 1386 1703 1457 probandum
1745 1387 2000 1453 credidit,
2034 1388 2177 1458 quod

584 1497 741 1551 supra
773 1481 1012 1547 dixerat,
1044 1480 1165 1550 quia
1196 1495 1295 1532 non
1327 1488 1400 1532 est
1429 1494 1757 1549 personarum
1787 1479 2008 1548 acceptio
2038 1482 2178 1550 apud

584 1571 786 1635 Deum;
815 1581 868 1626 et
908 1570 1046 1641 quod
1092 1580 1273 1640 postea
1301 1568 1465 1636 dixit,
1498 1570 1620 1639 quia
1647 1585 1751 1623 non
1775 1568 2076 1625 Iudaeorum
2105 1582 2177 1626 est

581 1664 721 1718 Deus
754 1674 981 1727 tantum,
1023 1663 1113 1716 sed
1153 1670 1198 1715 et
1243 1659 1476 1714 Gentium
1520 1660 1697 1730 (Rom.
1732 1675 1825 1728 ιιι,
1862 1659 1955 1733 29)
1987 1680 2000 1716 :
2033 1662 2174 1732 quod

579 1756 1062 1825 qumttulaeumquc
1091 1754 1220 1822 legis
1246 1767 1407 1822 opera
1437 1751 1752 1806 naturaliter
1779 1752 1937 1808 insita
1960 1768 2065 1809 non
2094 1753 2172 1808 in-

580 1844 893 1900 venirentur
917 1846 967 1899 in
995 1845 1102 1908 eis,
1135 1844 1223 1914 qui
1252 1844 1421 1914 legem
1453 1858 1559 1898 non
1592 1850 1941 1914 acceperunt,
1976 1843 2079 1898 nisi
2108 1859 2173 1900 ex

577 1938 817 2008 reliquiis
848 1937 1091 2007 imaginis
1121 1936 1252 2001 Dei;
1283 1951 1443 2006 quam
1477 1950 1582 1990 non
1612 1936 1940 2003 contemnit,
1970 1950 2090 1991 cum
2120 1938 2172 1991 iu

577 2043 703 2085 eum
749 2028 971 2082 credunt
991 2069 1005 2089 .
1037 2028 1174 2098 apud
1204 2042 1363 2096 quem
1394 2041 1500 2081 non
1529 2036 1612 2082 est
1646 2027 1883 2096 acceptio
1914 2042 2172 2097 persona-

576 2123 729 2177 rum?
754 2122 859 2178 Sed
881 2122 1152 2193 quodlibet
1178 2121 1365 2175 horum
1387 2118 1695 2189 accipiatur,
1719 2129 1928 2176 constat
1947 2121 2169 2191 gratiam

564 2214 672 2269 'Dei
705 2215 1017 2285 promissam
1050 2227 1171 2267 esse
1196 2212 1537 2266 Testamento
1554 2210 1699 2265 Novo
1728 2210 1888 2265 etiam
1922 2226 2016 2280 per
2040 2210 2173 2265 Pro-

574 2309 788 2377 phetam
822 2324 835 2359 :
868 2304 1220 2372 eamdemque
1262 2303 1485 2372 gratiam
1536 2302 1590 2355 in
1639 2315 1705 2356 eo
1750 2300 2060 2367 deﬁnitam,
2115 2308 2172 2355 u‘t

573 2397 877 2451 scribantur
919 2394 1065 2462 leges
1109 2392 1202 2446 Dei
1239 2392 1289 2445 in
1332 2390 1582 2445 cordibus
1620 2389 1928 2455 hominum,
1975 2405 2168 2461 perve-

574 2487 827 2556 niantque
848 2485 911 2539 ad
930 2499 1048 2538 eam
1071 2482 1427 2553 cognitionem
1447 2481 1561 2547 Dei,
1582 2482 1669 2536 ubi
1691 2496 1790 2534 non
1807 2480 1999 2535 docebit
2020 2491 2169 2535 unus-

573 2578 782 2647 quisque
807 2577 960 2629 civem
981 2590 1130 2628 suum
1157 2573 1233 2626 vel
1261 2577 1466 2643 fratrem
1490 2587 1655 2635 suum,
1684 2571 1853 2624 dicens
1871 2612 1887 2637 ,
1914 2568 2171 2642 Cognosce

572 2666 777 2733 Deum;
805 2667 924 2735 quia
961 2680 1133 2718 omnes
1171 2671 1469 2732 cognoscent
1498 2677 1609 2715 eum
1637 2676 1668 2713 a
1697 2660 1892 2714 minore
1919 2675 2073 2729 usque
2101 2661 2168 2713 ad

570 2760 818 2828 majorem
856 2772 1047 2811 eorum.
1090 2755 1202 2809 lloc
1229 2754 1427 2808 donum
1457 2752 1685 2823 Spiritus
1714 2753 1883 2806 sancti
1914 2760 2029 2818 est,
2059 2765 2167 2823 quo

570 2848 882 2905 diﬁ‘unditur
911 2846 1144 2902 charitas
1175 2845 1225 2899 in
1252 2844 1501 2899 cordibus
1530 2830 1726 2898 nostris
1757 2861 1770 2897 :
1799 2842 2031 2897 Charitas
2058 2858 2163 2898 non

569 2940 839 3010 qua-libet,
867 2937 966 2993 scd
993 2936 1225 2991 charitas
1251 2936 1343 2989 Dei
1369 2934 1436 2989 de
1462 2934 1621 2989 corde
1649 2949 1782 3003 puro
1809 2944 1863 2989 et
1887 2936 2165 2990 conscien-

571 3033 642 3087 tia
668 3033 804 3086 hona
835 3040 888 3086 et
915 3030 1021 3085 ﬁde
1047 3043 1153 3084 non
1184 3028 1301 3082 ﬁcta
1331 3026 1374 3097 (ι
1402 3026 1533 3080 Tim.
1557 3043 1604 3093 t,
1634 3027 1723 3097 5),
1757 3041 1821 3081 ex
1860 3041 1962 3096 qua
1988 3026 2165 3097 justus

571 3129 623 3183 in
646 3127 747 3183 hac
773 3126 1201 3197 peregrinatione
1223 3123 1429 3186 vivens,
1457 3120 1523 3176 ad
1547 3120 1780 3191 speciem
1808 3135 2022 3191 quoque
2048 3136 2167 3191 per-

569 3221 780 3276 ducitur
809 3224 928 3290 post
956 3218 1228 3287 speculum
1270 3224 1325 3271 et
1364 3213 1589 3283 aenigma
1617 3213 1658 3280 ί,
1689 3221 1746 3268 et
1772 3212 2026 3283 quidquid
2051 3221 2166 3268 erat

567 3328 632 3369 ex
659 3321 828 3381 parte,
860 3318 917 3364 ut
941 3310 1073 3364 facie
1098 3308 1162 3362 ad
1193 3307 1379 3361 faciem
1407 3311 1713 3376 cognoscat,
1742 3304 1883 3358 sicut
1908 3314 1961 3359 et
1985 3304 2168 3375 cogni-

569 3411 655 3457 tus
680 3411 762 3456 est
792 3400 833 3473 (l
857 3397 975 3455 Cor.
1002 3414 1117 3463 xui,
1144 3395 1254 3467 19.).
1282 3396 1452 3453 Unam
1481 3395 1621 3450 enim
1647 3395 1800 3465 petiit
1818 3396 1839 3427 ²
1862 3410 1891 3448 a
1916 3394 2161 3462 Domino,

567 3503 621 3549 et
651 3493 789 3547 hanc
818 3491 1076 3562 requirit,
1124 3498 1182 3543 ut
1226 3486 1485 3542 inhabitet
1524 3486 1578 3540 in
1623 3488 1783 3541 domo
1821 3485 2030 3540 Domini
2072 3498 2167 3554 per

567 3599 754 3640 omnes
779 3582 895 3638 dies
924 3582 1046 3636 vita:
1080 3595 1225 3644 suae,
1257 3578 1323 3632 ad
1365 3578 1467 3633 hoc
1504 3585 1561 3632 ut
1594 3576 1986 3647 contempletur
2012 3574 2160 3631 dele-

565 3675 853 3731 ctationem
882 3672 1090 3727 Domini
1123 3669 1296 3741 (Psal.
1324 3684 1485 3735 xxvr,
1515 3666 1593 3741 4).

636 3762 865 3820 CAPUT
910 3761 1102 3817 XXIX.
1128 3791 1200 3801 —
1227 3760 1315 3815 5'0.
1345 3758 1555 3814 Iustitia
1586 3758 1649 3812 ea:
1682 3760 1816 3811 dono
1840 3755 1958 3811 Dei.
1997 3756 2165 3812 Nemo

568 3857 748 3927 itaque
775 3855 1031 3928 glorietur
1058 3869 1123 3909 ex
1151 3868 1217 3909 co
1243 3851 1384 3923 quod
1413 3850 1622 3905 videtur
1651 3849 1852 3904 habere
1870 3889 1884 3913 ,
1915 3857 2162 3918 tanquam

569 3966 674 4006 non
704 3950 973 4018 acceperit
1005 3946 1046 4020 (l
1068 3945 1185 4001 Cor.
1212 3960 1289 4012 tv,
1317 3941 1408 4016 7);
1438 3950 1531 3996 aut
1572 3941 1693 3996 ideo
1730 3956 1789 3997 se
1829 3948 1977 4010 putet
2013 3953 2167 3994 acceé

569 4044 741 4114 pisse,
769 4040 889 4111 quia
918 4040 1089 4094 littera
1120 4037 1494 4101 extrinsecus,
1524 4033 1608 4087 vel
1639 4041 1697 4087 ut
1721 4033 1985 4103 legeretur
2004 4047 2164 4101 appa.

568 4133 704 4199 ruit,
735 4132 819 4186 vel
857 4140 917 4186 ut
944 4129 1221 4184 audiretur
1248 4125 1501 4181 insonuit.
1532 4123 1664 4178 Nam
1700 4123 1744 4177 si
1771 4139 1861 4194 per
1890 4122 2046 4194 legem
2064 4123 2160 4193 ju-

565 4226 702 4281 stitia
721 4266 735 4289 ,
764 4241 880 4294 ergo
906 4223 1132 4278 Christus
1161 4220 1319 4291 gratis
1348 4226 1577 4273 mortuus
1605 4226 1679 4270 est
1721 4214 1918 4287 (Colat.
1948 4231 1984 4270 ιι
2002 4256 2017 4279 ,
2043 4215 2163 4287 21).

567 4318 734 4371 Porro
763 4325 940 4371 autem
984 4314 1028 4368 si
1074 4329 1178 4367 non
1217 4312 1383 4384 gratis
1419 4321 1662 4366 mortuus
1698 4319 1811 4378 est,
1841 4309 2075 4365 ascendit
2109 4310 2160 4365 in

566 4408 755 4473 alttm,
784 4406 1045 4474 captivam
1073 4404 1222 4459 duxit
1245 4403 1625 4473 captivitatem,
1653 4409 1709 4456 et
1736 4401 1881 4456 dedit
1905 4400 2041 4456 dona
2067 4401 2163 4457 ho-

566 4496 799 4552 minibus
830 4495 995 4567 (Psal.
1026 4510 1200 4560 vatt,
1235 4493 1336 4559 l9;
1369 4493 1562 4563 Epltes.
1593 4508 1663 4557 tv,
1697 4490 1751 4564 8)
1786 4510 1798 4546 :
1829 4493 1951 4548 inde
1979 4492 2157 4559 habet,

566 4589 889 4659 quicumque
919 4587 1095 4640 habet.
1126 4585 1377 4655 Quisquis
1399 4594 1576 4640 autem
1608 4583 1733 4639 inde
1760 4599 1819 4637 se
1846 4583 2042 4640 habere
2067 4600 2163 4641 nea

567 4688 675 4752 gat,
704 4684 795 4735 attt
820 4693 922 4733 non
951 4677 1131 4741 habet,
1161 4685 1251 4731 aut
1282 4675 1333 4730 id
1358 4674 1500 4746 quod
1529 4674 1685 4728 habet
1710 4673 1979 4729 auferetur
2003 4675 2069 4729 ah
2095 4690 2160 4731 eo

567 4771 718 4843 (Luc.
746 4785 868 4837 vni,
899 4769 983 4833 18,
1013 4778 1058 4822 et
1082 4783 1174 4822 xix
1193 4808 1208 4832 ,
1236 4767 1349 4838 26).
1386 4765 1529 4821 Unus
1551 4765 1695 4820 enim
1722 4765 1856 4820 Deus
1892 4766 1975 4837 qui
2004 4767 2161 4838 justi-

568 4862 688 4935 [ὗσαι
724 4863 1151 4918 circumcisionem
1189 4877 1251 4915 ea:
1277 4860 1408 4930 ﬁde,
1441 4868 1488 4914 et
1527 4859 1833 4931 pratputium
1874 4877 1963 4931 per
2005 4861 2160 4928 ﬁdem

568 4956 743 5030 (Rom.
773 4970 849 5017 tu,
877 4955 968 5025 '50)
1001 4973 1014 5009 :
1042 4953 1186 5025 quod
1214 4968 1319 5007 non
1346 4950 1413 5006 ad
1436 4952 1664 5022 aliquam
1692 4951 2046 5011 differentiam
2074 4953 2159 5008 di-s

565 5058 711 5102 ctum
731 5056 834 5114 est,
859 5056 1106 5118 tauquam
1130 5044 1272 5100 aliud
1300 5045 1370 5099 sit
1395 5061 1458 5100 ea:
1480 5043 1602 5114 ﬁde,
1624 5043 1843 5128 etaliud
1865 5062 1954 5117 per
1975 5047 2159 5115 ﬁdem;

566 5139 662 5197 sed
687 5139 753 5193 ad
779 5140 1087 5194 varietatem
1114 5137 1417 5195 locutionis.
1445 5138 1567 5192 Alio
1589 5138 1783 5207 quippe
1808 5138 1924 5193 loco
1951 5154 2070 5193 cum
2091 5139 2160 5196 de

566 5232 825 5289 Gentibus
855 5232 1076 5298 diceret,
1109 5229 1211 5303 hoc
1237 5239 1345 5296 est,
1375 5229 1441 5285 de
1468 5230 1729 5301 praeputio
1755 5249 1771 5284 :
1800 5227 2093 5285 Prwvidens
2113 5231 2156 5297 ⁸,

568 5324 770 5395 inquit,
803 5324 1071 5394 Scriptura
1091 5364 1106 5389 ,
1134 5324 1255 5393 quia
1291 5337 1354 5376 ea:
1388 5322 1491 5391 ﬁde
1516 5322 1769 5393 justiﬁcat
1809 5320 1992 5377 Gentes
2018 5320 2158 5377 Deus

568 5415 767 5488 (Galat.
797 5432 884 5483 ut,
913 5414 993 5487 ὃ).
1027 5415 1264 5486 Itemque
1290 5428 1411 5469 cum
1441 5413 1508 5469 de
1535 5414 1942 5470 circumcisione
1971 5414 2158 5484 loque-

566 5516 715 5566 retur
735 5551 749 5577 ,
775 5508 916 5564 unde
943 5514 1062 5564 erat
1084 5506 1237 5577 ipse:
1268 5504 1413 5571 Nos,
1440 5505 1638 5576 inquit,
1670 5515 1853 5559 natura
1878 5505 2080 5573 Jndwi,
2113 5515 2160 5562 et

566 5616 668 5658 non
683 5617 747 5658 ea:
765 5599 1007 5657 Gentibus
1027 5609 1329 5672 peccatores,
1348 5600 1557 5654 scientes
1579 5598 1700 5669 quia
1724 5614 1824 5652 non
1840 5597 2159 5668 justiﬁcntur

630 5735 647 5768 ι
676 5736 806 5798 Apud
825 5741 959 5798 ιρι,

630 5799 652 5830 ²
681 5793 898 5847 Nonnulli
921 5793 1049 5853 ΒΞ..
1068 5793 1204 5857 petit.

633 5859 655 5895 ³
685 5859 820 5920 Editi,
846 5865 898 5910 Et
921 5855 1206 5923 pra'videns.
1233 5858 1530 5919 Manuscripti
1554 5868 1650 5907 non
1673 5855 1870 5912 habent.
1898 5860 1967 5906 Et.

1523 358 1612 412 DE
1642 355 1910 414 SPIRITU
1953 352 2042 412 ET
2082 354 2399 424 LITTERA,
2442 358 2497 412 S.
2543 356 2908 415 AUGUSTlNI

3770 367 3881 425 232

2286 469 2433 522 honto
2466 487 2528 523 ex
2553 470 2785 541 aperibus
2809 474 2931 541 legis
2951 514 2965 538 ,
2995 472 3092 525 nisi
3117 488 3204 542 per
3228 473 3379 540 ﬁdem
3404 472 3532 530 Iesu
3562 474 3750 534 Christi
3767 521 3783 545 ,
3825 492 3880 537 es

2285 575 2375 612 nos
2389 559 2441 613 in
2460 558 2713 614 Christum
2726 560 2757 613 .I
2764 577 2903 616 esum
2917 559 3169 617 credimus
3185 561 3385 633 (Galat.
3408 579 3464 631 tt,
3489 565 3578 633 15,
3598 566 3711 632 ili).
3735 569 3879 628 Ecce

2281 657 2335 704 et
2362 649 2676 720 praeputium
2703 650 2838 706 dixit
2862 652 3136 722 justiﬁcari
3165 669 3231 709 ex
3262 654 3400 723 ﬁde,
3429 663 3482 712 et
3508 657 3876 718 circumcisio-

2282 754 2405 793 nem
2436 753 2533 810 per
2563 740 2719 796 tidem
2740 784 2754 807 ,
2785 744 2831 798 si
2872 753 3046 798 tamen
3085 746 3423 803 circumcisio
3454 749 3713 819 justitiam
3751 754 3876 812 ﬁdei

2282 841 2460 889 teneat
2482 833 2521 887 ί.
2551 835 2639 889 Sic
2676 834 2816 890 enim
2857 835 3041 892 Gentes
3075 853 3191 908 quia
3226 855 3326 894 non
3366 842 3687 897 sectabantur
3715 846 3879 915 justl-

2281 929 2435 995 tium,
2477 930 2918 1000 apprehenderunt
2946 931 3231 1002 justitiam,
3265 933 3522 1003 justitiam
3559 946 3723 990 autem
3760 955 3878 1007 qui:

2279 1036 2343 1073 ex
2366 1020 2466 1089 ﬁde
2489 1030 2562 1075 est
2583 1036 2603 1075 :
2623 1020 2956 1091 impetrando
2976 1037 3093 1076 eam
3113 1037 3179 1077 ex
3204 1024 3332 1091 Deo,
3356 1040 3463 1080 non
3483 1041 3547 1081 ex
3569 1031 3875 1100 semetipsis

2280 1112 2673 1181 prwsumettdo.
2702 1112 2869 1167 Israel
2897 1130 3012 1168 vero
3039 1130 3338 1185 persequens
3362 1117 3520 1187 legem
3539 1118 3789 1188 justitiw,
3818 1122 3875 1178 its

2278 1205 2436 1273 legem
2459 1206 2675 1275 justitice
2703 1223 2804 1260 non
2832 1208 3072 1276 pervenit.
3108 1206 3316 1272 Quare?
3357 1209 3490 1276 Quia
3528 1227 3629 1265 non
3657 1224 3720 1266 ea:
3745 1213 3868 1281 ﬁde,

2277 1295 2366 1347 sed
2392 1306 2628 1366 tanquam
2654 1313 2716 1351 ea:
2737 1298 2970 1369 cperibus
2994 1295 3169 1368 (Rom.
3195 1314 3266 1363 ix,
3291 1300 3378 1368 '50,
3401 1300 3492 1371 51)
3517 1318 3529 1353 :
3554 1301 3605 1355 id
3626 1312 3726 1367 est,
3755 1313 3871 1358 tan-

2278 1403 2435 1456 quam
2464 1404 2582 1443 eam
2613 1405 2723 1465 pet;
2742 1389 3058 1458 semetipsos
3093 1403 3377 1459 operantes
3396 1433 3411 1458 ,
3444 1407 3547 1447 non
3582 1393 3632 1447 in
3661 1410 3719 1449 se
3748 1411 3869 1450 crc—

2278 1478 2466 1533 dentes
2505 1480 2714 1549 operari
2748 1481 2932 1535 Deum.
2975 1479 3116 1534 Deus
3154 1490 3226 1535 est
3263 1484 3394 1535 enim
3426 1484 3515 1554 qui
3551 1495 3788 1556 aperatar
3816 1489 3869 1542 in

2277 1569 2419 1625 nobis
2445 1581 2492 1624 et
2519 1572 2644 1625 velle
2671 1578 2717 1624 et
2746 1572 2979 1640 operari,
3022 1587 3114 1641 pro
3142 1570 3273 1625 bona
3310 1573 3565 1629 voluntate
3606 1574 3869 1649 (Philipp.

2277 1677 2345 1730 tt,
2378 1663 2489 1733 15).
2522 1664 2599 1718 Ac
2635 1678 2728 1733 per
2754 1664 2854 1717 hoc
2880 1662 3199 1730 oﬁ‘enderunt
3235 1664 3288 1718 in
3328 1665 3548 1737 lapidem
3577 1665 3870 1735 offensionis

2277 1753 2451 1822 (Rom.
2477 1769 2550 1819 ix,
2579 1754 2690 1827 52).
2719 1754 2849 1809 Nam
2877 1755 3002 1825 quid
3029 1755 3242 1822 dixerit,
3268 1757 3388 1827 quia
3416 1773 3518 1812 non
3542 1774 3607 1831 ex
3629 1759 3752 1829 ﬁde,
3778 1774 3869 1816 sea

2277 1855 2517 1915 tanquam
2554 1862 2619 1900 ea:
2650 1846 2919 1915 operibus;
2962 1846 3298 1916 apertissime
3340 1851 3619 1918 exposuit,
3658 1851 3865 1921 dicens,

2274 1935 2577 2006 Ignorantes
2605 1937 2737 1990 enim
2766 1935 2862 1990 Dei
2885 1937 3155 2006 justitiam,
3186 1947 3235 1991 et
3264 1954 3410 1991 suam
3438 1939 3655 1994 volentes
3679 1942 3871 1996 emisti-

2274 2035 2410 2080 tuere
2429 2066 2443 2093 ,
2466 2026 2684 2097 jastitia:
2707 2025 2803 2079 Dei
2831 2043 2932 2080 non
2959 2034 3075 2080 sunt
3102 2027 3334 2099 subjecti.
3379 2027 3530 2082 Finis
3569 2030 3701 2084 enim
3740 2032 3869 2103 legis

2256 2116 2520 2183 Christus,
2550 2118 2618 2170 ad
2636 2118 2892 2187 justitiam
2938 2118 3079 2172 omni
3119 2118 3340 2172 credenti
3368 2118 3483 2189 (Id.
3509 2134 3576 2186 ι,
3603 2122 3658 2187 5,
3687 2118 3766 2194 4).
3799 2122 3869 2178 Et

2272 2198 2447 2264 adhuc
2479 2208 2785 2263 dubitamus
2810 2223 2928 2278 quae
2957 2208 3064 2263 sint
3090 2224 3253 2279 opera
3292 2209 3423 2280 legis
3442 2250 3459 2276 ,
3485 2211 3675 2281 quibus
3702 2211 3867 2268 homo

2272 2315 2376 2353 non
2399 2298 2737 2369 justiﬁcatnr,
2767 2300 2812 2353 si
2837 2312 2901 2353 ea
2929 2307 3176 2368 tanquam
3202 2314 3296 2353 sua
3320 2300 3603 2361 crediderit
3629 2302 3745 2358 sine
3770 2303 3868 2357 ad-

2265 2389 2466 2459 jutorio
2492 2399 2547 2445 et
2573 2388 2715 2444 dono
2741 2389 2863 2454 Dei,
2898 2389 3038 2458 quod
3067 2399 3151 2445 est
3178 2407 3240 2445 ex
3266 2391 3370 2459 ﬁde
3393 2390 3518 2446 Jesu
3543 2391 3773 2448 Christi?
3809 2406 3868 2451 et

2268 2480 2732 2537 circumeisionem
2794 2489 3095 2551 castamque
3156 2481 3278 2536 talia
3327 2484 3693 2553 suspicamur,
3739 2485 3864 2556 quia

2269 2575 2430 2628 etiam
2462 2572 2529 2627 de
2559 2573 2643 2627 his
2680 2571 3033 2626 sacramentis
3068 2572 3184 2626 aliis
3218 2572 3270 2626 in
3301 2571 3432 2627 locis
3471 2574 3593 2627 talia
3622 2575 3864 2644 qnmdam

2268 2663 2554 2735 leguntur?
2594 2662 2700 2718 Sed
2742 2663 2826 2717 hic
2866 2662 3047 2732 utique
3068 2662 3089 2694 ²
3117 2678 3222 2716 non
3251 2662 3711 2719 circumcisionem
3742 2675 3863 2721 tan-

2220 2765 2227 2771 ‘
2268 2772 2432 2829 quam
2475 2772 2625 2811 suam
2665 2756 2922 2826 jusﬁtiam
2968 2756 3216 2811 volebant
3256 2757 3624 2811 constituere:
3655 2757 3776 2827 quia
3806 2768 3864 2814 et

2267 2847 2437 2919 ipsam
2468 2847 2611 2903 Deus
2639 2847 2995 2916 prmcipieudo
3034 2847 3326 2901 constituit.
3366 2846 3474 2901 Nec
3502 2847 3571 2903 de
3595 2848 3699 2903 illis
3727 2864 3860 2918 ope-

2268 2940 2417 2995 ribus
2437 2939 2539 2995 boc
2566 2939 2784 3007 intelligi
2812 2946 3006 3008 potest,
3035 2936 3100 2992 de
3121 2937 3313 3007 quibus
3337 2936 3591 2992 Dominus
3611 2938 3688 2993 eis
3708 2939 3859 3005 dicit,

2268 3031 2499 3102 Rejicitis
2527 3033 2819 3086 mandatum
2851 3030 2980 3098 Dei,
3013 3042 3066 3084 ut
3096 3030 3389 3085 traditiones
3416 3039 3603 3086 vestras
3627 3033 3862 3087 statuatis

2268 3121 2480 3197 (Matth.
2507 3138 2598 3190 xv,
2626 3125 2692 3188 5,
2734 3132 2779 3177 et
2812 3122 2977 3176 Mare.
3006 3137 3106 3186 vn,
3135 3122 3211 3193 9).
3242 3121 3376 3189 Quia
3413 3138 3740 3192 persequens,
3771 3122 3861 3179 in-

2265 3217 2399 3287 quit,
2432 3217 2590 3286 legem
2618 3216 2857 3286 justitite,
2883 3216 2936 3269 in
2963 3213 3120 3286 legem
3148 3214 3365 3286 jnstitite
3389 3231 3490 3267 non
3515 3216 3736 3285 peruenit
3766 3213 3858 3270 Ιει

2265 3310 2374 3363 rael
2400 3324 2419 3363 :
2448 3326 2553 3364 non
2583 3308 2744 3373 dixit,
2778 3307 3114 3378 Pcrsequens
3145 3308 3456 3362 traditiones
3483 3322 3639 3375 suas,
3671 3307 3721 3362 id
3750 3317 3857 3378 est,

2265 3409 2600 3455 consectans.
2634 3398 2761 3454 llmc
2784 3412 2913 3468 ergo
2942 3398 3054 3453 sola
3082 3397 3331 3452 distantia
3355 3407 3469 3463 est,
3505 3400 3628 3469 quia
3661 3398 3858 3469 ipsum,

2269 3490 2390 3546 Non
2428 3490 2750 3561 concupisces
2788 3489 2981 3561 (Exod.
3017 3503 3091 3544 xx
3114 3530 3130 3556 ,
3161 3490 3247 3560 17)
3267 3529 3282 3556 ,
3310 3499 3363 3544 et
3389 3498 3583 3544 cmtera
3608 3490 3860 3545 mandata

2266 3585 2383 3653 ejus
2425 3592 2607 3638 salicta
2653 3593 2708 3638 et
2753 3583 2890 3637 bona
2929 3582 3029 3636 sibi
3069 3583 3413 3638 tribuebant:
3442 3597 3561 3652 quae
3598 3591 3657 3636 ut
3691 3584 3862 3653 possit

2269 3677 2429 3730 homo
2451 3674 2650 3741 facere,
2682 3675 2827 3729 Deus
2850 3682 3100 3743 operatur
3125 3674 3175 3727 in
3199 3672 3415 3728 homine
3439 3688 3535 3743 per
3555 3673 3711 3729 [idem
3730 3674 3859 3730 Jesu

2264 3764 2492 3830 Clu-isti,
2520 3765 2608 3833 qui
2640 3764 2761 3818 ﬁnis
2786 3772 2871 3819 est
2909 3764 2975 3818 ad
3011 3763 3269 3834 justitiam
3308 3764 3454 3818 omni
3492 3764 3762 3832 credenti;
3804 3766 3859 3822 id

2265 3867 2347 3913 est
2368 3898 2381 3921 ,
2411 3858 2498 3912 cui
2517 3856 2538 3889 ⁸
2564 3872 2660 3926 per
2685 3855 2929 3925 spiritum
2971 3855 3341 3925 iucorporatus
3383 3854 3656 3926 factusque
3684 3872 3860 3912 mem-

2267 3952 2419 4006 hrum
2459 3950 2574 4021 ejus
2594 3990 2609 4015 ,
2640 3955 2817 4020 potest
2845 3948 3069 4018 quisque
3111 3948 3206 4003 illo
3246 3948 3634 4003 incrementum
3665 3948 3862 4004 intrin-

2264 4059 2420 4100 secus
2466 4044 2661 4108 dante,
2711 4041 2920 4111 operari
2959 4040 3264 4110 justitiam:
3302 4039 3370 4096 de
3413 4040 3565 4111 cujus
3607 4041 3861 4111 operibus

2264 4136 2441 4191 etiam
2468 4135 2583 4205 ipsc
2627 4132 2795 4201 dixit,
2837 4131 2961 4203 quia
3002 4132 3112 4186 sine
3155 4148 3233 4186 me
3274 4131 3404 4187 nihil
3445 4132 3650 4202 potestis
3692 4133 3861 4201 facere

2265 4225 2444 4297 (Joan.
2475 4239 2567 4290 xv,
2597 4224 2673 4294 5).

2334 4318 2428 4374 5|.
2458 4316 2584 4372 ideo
2610 4315 2806 4386 quippe
2831 4314 3145 4385 proponitur
3165 4314 3369 4384 justitia
3399 4314 3567 4385 legis,-
3595 4315 3735 4386 quod
3766 4319 3858 4387 qui

2264 4410 2449 4465 fecerit
2467 4424 2607 4475 eam,
2631 4408 2770 4463 vivet
2794 4409 2848 4462 in
2874 4406 2964 4461 illa
2986 4405 3167 4479 (Levii.
3193 4422 3346 4471 xvut,
3372 4407 3461 4479 5);
3491 4417 3547 4462 ut
3571 4422 3691 4463 cum
3712 4411 3862 4479 quis-

2262 4517 2367 4572 que
2396 4501 2756 4556 inﬁrmitatem
2787 4509 2937 4555 suam
2975 4500 3317 4569 cognoverit,
3359 4515 3463 4555 non
3493 4511 3588 4572 per
3615 4517 3739 4557 suas
3774 4503 3857 4557 vi-

2262 4610 2378 4661 res,
2409 4608 2587 4663 neque
2627 4606 2721 4661 per
2764 4591 2994 4646 litteram
3033 4591 3197 4661 ipsius
3228 4591 3391 4661 legis,
3422 4592 3564 4662 quod
3605 4592 3715 4647 ﬁeri
3750 4609 3856 4650 non

2263 4694 2465 4757 potest,
2495 4684 2588 4739 sed
2631 4699 2726 4754 per
2770 4684 2926 4739 ﬁdem
2965 4684 3257 4739 concilians
3294 4684 3698 4755 justiﬁcatorem
3735 4702 3861 4756 per-

2262 4778 2440 4833 veniat
2460 4817 2476 4843 ,
2505 4785 2558 4832 et
2583 4774 2777 4839 faciat,
2805 4783 2861 4830 et
2885 4775 3026 4829 vivat
3052 4774 3106 4829 in
3133 4790 3216 4829 ea.
3245 4774 3393 4845 Opus
3414 4776 3554 4829 enim
3593 4775 3735 4845 quod
3766 4778 3857 4846 qui

2260 4869 2481 4936 fecerit,
2513 4869 2655 4923 vivet
2679 4867 2733 4922 in
2760 4883 2856 4935 eo,
2890 4881 2995 4922 non
3031 4868 3088 4921 ﬁt
3120 4868 3220 4922 nisi
3250 4884 3279 4921 a
3307 4868 3613 4938 jttstilicato.
3653 4869 3853 4924 JUsliﬂ-

2261 4961 2403 5016 catio
2429 4967 2604 5014 autem
2635 4975 2699 5013 ex
2728 4958 2832 5013 ﬁde
2860 4958 3173 5027 impetratur
3201 4976 3213 5012 :
3243 4957 3311 5012 de
3336 4973 3440 5028 qua
3468 4959 3723 5029 scriptum
3750 4970 3853 5026 est,

2263 5050 2348 5106 Ne
2370 5051 2557 5106 dixeris
2584 5051 2638 5104 in
2664 5051 2816 5103 corde
2840 5056 2925 5102 tuo
2946 5090 2960 5113 ,
2993 5048 3121 5115 Quis
3157 5050 3383 5104 ascendit
3419 5051 3472 5104 in
3513 5051 3733 5105 oculum?
3761 5053 3858 5106 hoc

2261 5152 2332 5198 est
2358 5142 2612 5197 Christum
2638 5140 2883 5195 deducere
2910 5156 2929 5194 :
2952 5141 3052 5193 Ant
3085 5141 3196 5212 quis
3227 5141 3479 5195 descendit
3507 5142 3558 5195 in
3583 5142 3858 5213 abyssum?

2263 5234 2356 5289 hoc
2394 5243 2466 5288 est
2506 5232 2760 5288 Christum
2790 5250 2820 5285 a
2862 5233 3071 5285 mortuis
3113 5231 3366 5285 reducere.
3401 5231 3508 5287 Sed
3534 5234 3655 5304 quid
3693 5234 3858 5291 dicit?

2264 5325 2436 5397 Prope
2458 5336 2506 5380 te
2529 5335 2600 5380 est
2625 5324 2826 5379 verbum
2849 5324 2903 5377 in
2926 5339 3013 5377 ore
3036 5332 3140 5387 tuo,
3165 5333 3211 5378 et
3239 5324 3289 5377 in
3312 5324 3463 5379 corde
3487 5332 3571 5380 tuo
3596 5340 3615 5379 :
3640 5329 3735 5380 hoc
3755 5337 3851 5394 est,

2263 5419 2452 5489 inquit,
2474 5418 2676 5472 uerbum
2703 5419 2821 5488 ﬁdei
2843 5420 2981 5491 quod
3005 5422 3338 5490 praedicamus
3361 5441 3380 5477 :
3404 5424 3523 5493 quia
3547 5424 3591 5478 si
3610 5424 3847 5494 conﬁtea-

2260 5512 2331 5567 ris
2358 5514 2409 5566 in
2437 5527 2523 5565 ore
2547 5520 2631 5564 tuo
2657 5511 2776 5581 quia
2808 5510 3056 5568 Dominus
3088 5524 3160 5568 est
3191 5514 3341 5570 Iesus
3360 5557 3376 5582 ,
3411 5526 3459 5570 et
3496 5517 3770 5573 credideris
3799 5519 3851 5572 in

2330 5665 2348 5701 ι
2381 5664 2603 5729 Plerique
2627 5672 2753 5727 Mss,
2777 5665 3133 5729 justitiamnei
3154 5670 3323 5721 teneat.

2326 5728 2347 5794 ξ
2378 5727 2588 5794 Quatuor
2605 5735 2730 5794 Mssa,
2756 5727 2842 5778 sed
2866 5727 2917 5778 hi
2939 5727 3116 5794 utique.
3249 5793 3256 5794 ί
3506 5786 3509 5791 Α
3654 5786 3659 5792 1

2264 5790 2349 5916 q
2380 5790 2511 5852 Apud
2534 5795 2641 5839 t.ov.
2678 5790 2839 5852 deest,
2865 5790 3063 5873 cut;,et
3103 5794 3210 5856 ejus
3244 5793 3351 5844 loco
3388 5790 3511 5859 apud
3545 5803 3610 5849 Er.
3644 5790 3854 5860 legitur,
