4202 6524
333 313 442 370 εδδ

283 2738 426 2784 ctum
456 2730 611 2787 faciat
637 2735 756 2806 plus
780 2737 1046 2795 delectare
1073 2741 1215 2812 quod
1249 2745 1520 2816 praecipit,
1546 2765 1705 2820 quam
1734 2751 1882 2810 dele-

280 2829 390 2875 ctat
410 2824 550 2892 quod
574 2829 810 2893 impedit.
838 2827 910 2882 Ita
934 2832 1096 2886 multa
1120 2834 1402 2892 multitudo
1422 2838 1720 2900 dulcedinis
1739 2845 1876 2916 ejus,

281 2911 384 2968 hoc
409 2925 512 2980 est,
543 2917 623 2972 les
651 2917 797 2983 fidei,
825 2921 1058 2980 charitas
1083 2924 1199 2996 ejus
1223 2931 1523 3002 conscripta
1549 2933 1601 2990 in
1625 2938 1878 2997 cordibus

277 3013 436 3073 atque
463 3007 670 3076 diffusa,
709 3012 979 3082 perﬁcitur
1007 3019 1348 3088 sperantibus
1371 3021 1426 3078 in
1451 3040 1574 3081 eutn
1598 3026 1642 3094 ³,
1673 3036 1733 3085 ιιι
1757 3032 1875 3086 ani-

278 3111 362 3151 ma
406 3109 588 3154 sanata
635 3119 742 3158 non
795 3105 984 3163 timore
1034 3123 1240 3178 pmnm,
1286 3113 1382 3169 sed
1427 3129 1612 3175 amore
1646 3118 1872 3190 jttstititxs

279 3199 524 3260 opsretur
552 3192 770 3250 bonum.

341 3279 566 3338 CAPUT
605 3284 772 3342 XXX.
813 3320 872 3332 ~—
919 3291 1008 3348 59..
1061 3294 1141 3350 An
1196 3310 1460 3357 evacuatur
1486 3303 1696 3362 liberum
1725 3309 1865 3365 arbi-

276 3371 426 3424 trium
453 3391 542 3442 per
565 3377 800 3446 gratiam.
843 3380 1095 3442 Liberum
1135 3403 1264 3458 ergo
1306 3392 1584 3451 arbitrium
1625 3413 1856 3456 evacua-

271 3477 393 3518 mus
421 3480 518 3536 per
552 3468 819 3538 gratiam?
863 3473 1019 3529 Absit
1061 3494 1074 3530 :
1107 3479 1202 3534 sed
1246 3485 1416 3553 magis
1449 3485 1676 3543 liberum
1717 3493 1862 3548 arbi-

268 3555 429 3609 trium
458 3561 758 3614 statuimus.
789 3561 936 3620 Sicut
955 3567 1099 3622 enim
1137 3570 1220 3626 lex
1248 3589 1344 3642 per
1371 3574 1530 3632 fidem
1553 3577 1732 3652 (Rom.
1775 3600 1854 3653 ιιι,

264 3644 384 3718 5t),
413 3648 490 3704 sic
530 3650 755 3708 liberum
779 3655 1065 3712 arbitrium‘
1091 3676 1186 3730 per
1209 3665 1433 3733 gratiam
1477 3684 1582 3724 non
1622 3673 1855 3728 evacua-

263 3745 371 3804 tur,
402 3740 496 3795 sed
521 3745 789 3802 statuitur.
821 3747 1006 3820 Neque
1033 3754 1176 3810 enim
1210 3755 1296 3812 lex
1327 3758 1581 3830 impletur
1616 3765 1758 3821 nisi“
1785 3769 1853 3824 li-

257 3831 393 3888 bero
432 3834 654 3892 arbitrio
696 3856 711 3894 :
758 3840 853 3896 sed
893 3858 988 3912 per
1016 3845 1188 3917 legem
1235 3852 1470 3921 cognitio
1497 3860 1723 3929 peccati,
1755 3876 1854 3932 per

258 3923 422 3981 ﬁdem
471 3927 774 3998 impetratio
817 3937 1001 4005 gratiae
1046 3949 1234 3996 contra
1265 3923 1562 4017 peccatum,
1603 3966 1698 4021 per
1714 3968 1847 4024 gra-

255 4016 384 4072 tiam
411 4021 618 4076 sanatio
642 4025 834 4081 anima:
881 4043 909 4080 a
959 4029 1088 4086 vitio
1121 4035 1378 4103 peccati“,
1415 4053 1512 4108 per
1537 4043 1732 4100 animae
1761 4062 1848 4102 sa-

253 4109 479 4165 nitatem
510 4111 727 4172 libertas
763 4117 991 4186 arbitrii,
1025 4137 1122 4191 per
1161 4125 1386 4183 liberum
1437 4133 1719 4191 arbitrium
1757 4137 1844 4208 ju-

249 4201 410 4258 stitia:
440 4204 675 4275 dilectio,
691 4223 788 4278 per
805 4209 1029 4280 iustitiae
1053 4215 1395 4276 dilectionem
1423 4223 1554 4294 legis
1580 4231 1842 4298 operatio.

246 4294 338 4372 Διὶ¹
373 4309 468 4364 per
493 4295 615 4363 hoc,
645 4299 784 4356 sicut
823 4301 907 4358 lex
953 4321 1060 4361 non
1102 4321 1410 4380 evacuatur,
1453 4317 1550 4374 sed
1589 4323 1842 4382 statuitur

247 4399 348 4454 per
373 4385 556 4455 ﬁdem,
597 4391 718 4460 quia
761 4393 894 4451 lides
920 4397 1169 4468 impetrat
1195 4405 1446 4475 gratiam,
1477 4427 1583 4480 qua
1622 4414 1708 4470 lex
1732 4416 1840 4474 im-

248 4475 504 4544 pleatur:
548 4480 618 4537 ita
667 4483 896 4542 liberum
935 4491 1212 4549 arbitrium
1260 4513 1366 4552 non
1406 4475 1698 4562 evacuatur
1742 4523 1840 4580 per

243 4571 492 4639 gratiam,
520 4575 615 4630 sed
643 4580 915 4649 statuitur,
945 4584 1070 4654 quia
1095 4589 1267 4658 gratia
1294 4603 1449 4649 sanat
1478 4597 1831 4670 voluntatem,

241 4676 350 4731 qua
385 4661 590 4732 justitia
639 4669 805 4727 libere
847 4673 1119 4747 diligatur.
1149 4678 1340 4738 Omnia
1373 4684 1488 4743 btec
1527 4706 1647 4760 qua:
1686 4661 1833 4751 velut

243 4757 526 4811 cateuatim
569 4763 818 4829 connexi,
849 4765 1048 4823 habent
1076 4785 1236 4828 voces
1273 4789 1399 4830 suas
1440 4778 1497 4834 in
1536 4780 1831 4856 Scripturis

243 4848 461 4902 sanctis.
489 4849 596 4905 Lex
621 4851 754 4908 dicit
787 4872 802 4908 :
844 4856 970 4914 Non
1011 4866 1335 4935 concupisces
1360 4869 1554 4940 (Exod.
1585 4848 1678 4943 xx;
1711 4848 1826 4952 17.).

242 4936 400 4994 Fides
426 4940 556 4996 dicit
591 4961 605 4998 :
637 4943 782 5001 Sana
831 4951 1056 5007 anintam
1103 4973 1288 5022 meam,
1334 4963 1573 5030 quoniam
1624 4972 1829 5038 peccavi

238 5027 326 5082 tibi
355 5029 522 5100 (Psal.
561 5049 651 5101 ιι,
697 5037 774 5108 5).
807 5037 989 5098 Gratia
1014 5044 1142 5101 dicit
1169 5065 1183 5101 :
1217 5027 1355 5106 Ecce
1375 5069 1530 5109 sanus
1557 5027 1725 5127 [actus
1747 5079 1822 5129 es,

225 5123 341 5188 jam
364 5127 470 5184 uolt
494 5143 724 5197 peccare,
756 5147 820 5186 ne
845 5134 972 5204 quid
990 5137 1076 5192 tibi
1103 5139 1325 5198 deterius
1344 5123 1604 5222 contingat
1639 5123 1820 5225 (Joan;

232 5226 284 5274 v.
319 5215 426 5286 ιι).
457 5217 668 5275 Sanitas
695 5221 826 5280 dicit
873 5242 890 5282 :
933 5225 1156 5288 Domine
1183 5231 1325 5290 Deus
1349 5215 1824 5308 uteus,vea:clamavi

223 5306 298 5360 ad
324 5316 393 5375 te,
423 5321 470 5363 et
511 5314 704 5368 sanasti
735 5333 816 5374 me
858 5317 1034 5392 (Psal.
1064 5339 1215 5394 xxtx,
1257 5329 1337 5400 5).
1382 5306 1633 5390 Liberum
1673 5339 1818 5395 arbi-

287 5438 561 5528 tnputnque
581 5449 914 5514 manuscripti,
934 5455 1063 5514 quod
1098 5455 1146 5508 ei
1193 5458 1417 5513 meritum
1439 5462 1642 5528 spiritus
1685 5483 1819 5523 com-

282 5565 305 5642 :
334 5572 522 5642 pstules
536 5579 690 5642 prone
707 5576 839 5642 uisa,
863 5571 1130 5642 inspiratur.

281 5624 306 5693 ξ
335 5624 674 5693 Αιὶιιιιοιᾞεέη
699 5631 751 5682 in
773 5624 898 5685 eant.
927 5624 999 5642 7'"

279 5686 304 5754 ξ
334 5686 526 5754 Aliquot
548 5686 674 5754 Mss,
699 5693 818 5745 sine.

275 5751 717 5832 aruit-29.9
755 5757 979 5824 (levique
1011 5771 1117 5815 Mss.
1145 5776 1198 5818 Αι
1243 5775 1371 5832 Luv.,
1413 5777 1598 5828 sanatio
1636 5778 1811 5832 anima:

209 5810 466 5866 ωιὶιιαιε
484 5815 690 5872 peccati.

457 5888 736 5950 ΡΑτιιοι..
769 5891 992 5961 XLIV.

1767 337 1970 398 LIBER
2010 342 2212 403 UNUS.

329 431 480 484 corde
503 439 592 503 tuo
619 433 740 502 quia
767 433 900 492 Deus
929 437 1073 493 illaut
1110 441 1364 498 suscitavit
1401 462 1433 498 a
1473 450 1684 504 mortuis
1704 491 1718 517 ,
1759 455 1932 510 salvus

331 521 430 575 eris
459 521 636 591 (Rom.
661 541 716 592 x,
743 525 888 596 5-9).
919 528 974 584 ln
1003 539 1206 587 tantum
1230 533 1428 603 justus,
1457 538 1510 592 iu
1537 551 1794 611 quantum
1819 547 1939 601 sal:

333 627 445 668 vus.
481 613 580 669 Per
609 616 746 674 hanc
770 621 911 676 enim
945 623 1102 680 iidem
1141 627 1438 696 credimus,
1469 633 1610 703 quod
1637 636 1796 692 etiam
1830 656 1928 696 nos

329 703 467 760 Deus
493 723 520 760 a
545 711 770 765 mortuis
795 713 992 770 excitet
1019 733 1032 770 :
1062 717 1272 774 interim
1294 721 1506 792 spiritu,
1535 735 1591 780 ut
1615 727 1669 782 in
1691 729 1928 786 novitate

325 799 440 868 ejus
460 803 646 870 gratire
668 812 1030 874 temperanter
1051 819 1106 865 et
1124 810 1272 880 juste
1295 823 1350 870 et
1375 815 1462 885 pie
1487 818 1726 876 vivamus
1749 823 1800 877 in
1823 823 1926 881 hoc

323 892 521 946 sa-crdo
549 891 678 963 (Tit.
714 911 787 962 ιι,
823 896 950 969 12);
982 909 1102 968 post
1135 903 1296 958 etiam
1333 921 1493 962 carne
1522 917 1703 966 nostra
1729 913 1796 968 ad
1825 915 1923 970 im-

323 985 701 1040 mortalitatem
743 986 1146 1057 resurrectura,
1178 995 1320 1065 quod
1354 1006 1438 1054 est
1474 1001 1722 1056 meritum
1759 1006 1918 1075 spiri-

323 1076 467 1140 tns‘,
510 1078 598 1148 qui
643 1095 762 1134 eam
809 1082 859 1136 in
910 1087 1303 1144 resurrectione
1353 1090 1454 1148 sibi
1511 1107 1777 1164 congrua,
1816 1099 1918 1156 hoc

318 1177 429 1232 est,
463 1168 513 1222 in
536 1169 920 1238 justificatione
947 1178 1221 1246 prtecedit.
1250 1179 1542 1252 Consepulti
1577 1187 1710 1242 enim
1739 1206 1917 1248 sumus

315 1256 514 1314 Christo
545 1279 636 1330 per
661 1261 982 1334 Baptismttm
1026 1269 1080 1324 in
1121 1279 1366 1338 mortem,
1406 1284 1463 1328 ut
1489 1277 1914 1344 quemadmodum

315 1350 543 1408 Christus
571 1359 846 1412 resurrexit
872 1375 904 1412 tt
930 1363 1139 1416 mortuis
1165 1380 1256 1433 per
1277 1363 1497 1436 gloriam
1531 1367 1704 1426 Patris
1721 1413 1736 1436 ,
1768 1374 1841 1427 sic
1864 1383 1912 1429 et

312 1460 406 1498 nos
451 1445 502 1499 in
546 1448 766 1504 novitate
803 1451 918 1504 vita:
955 1452 1270 1510 ambulemus
1321 1455 1495 1531 (flant.
1530 1477 1616 1528 Vl,
1655 1461 1736 1537 «6).
1779 1464 1910 1522 Fide

311 1533 470 1603 igitur
503 1535 628 1592 .lesu
666 1539 863 1597 Christi
904 1543 1252 1614 impetramus
1285 1551 1536 1617 salutem,
1563 1564 1617 1610 ct
1651 1567 1907 1626 quantum

309 1626 462 1681 nobis
497 1628 778 1686 inchoatur
816 1632 866 1686 in
905 1650 991 1698 re,
1037 1645 1092 1691 et
1135 1651 1392 1709 quantum
1437 1644 1762 1714 perficienda
1805 1665 1902 1706 ex-

304 1727 573 1786 spectatur
616 1721 666 1774 in
704 1736 819 1792 spe.
866 1723 1042 1781 Omnis
1076 1730 1210 1784 enim
1250 1733 1337 1802 qui
1373 1733 1676 1793 invocaverit
1719 1757 1902 1798 nomen

308 1806 545 1877 Domini,
571 1813 741 1870 salvus
769 1817 862 1870 erit
892 1815 1036 1888 (Joel
1061 1835 1126 1887 tt,
1153 1821 1257 1888 5'2;
1295 1824 1446 1880 Rom.
1476 1843 1546 1896 ι,
1583 1830 1693 1902 15).
1734 1832 1901 1897 Quam

301 1903 462 1958 multa
483 1907 768 1973 multitudo,
792 1909 863 1964 ait
884 1911 1188 1983 Psalmista,
1211 1915 1497 1976 dulcedinis
1516 1930 1636 1990 tute,
1655 1923 1894 1993 Domine,

299 2011 450 2063 quant
477 2000 783 2055 abscondisti
809 2003 1095 2060 timentibus
1119 2017 1185 2074 te,
1216 2013 1468 2082 perfeciin
1493 2025 1664 2069 autent
1686 2033 1899 2086 speran-

300 2086 431 2142 tibus
458 2089 509 2142 in
541 2099 590 2143 te
617 2089 790 2161 (Psal.
822 2109 926 2149 xxx
947 2137 962 2159 ,
989 2095 1120 2166 20)!
1150 2098 1228 2154 Ex
1263 2101 1379 2171 lege
1411 2104 1661 2163 timemus
1688 2108 1852 2164 Deum
1875 2152 1890 2176 ,

295 2193 361 2232 ex
409 2177 510 2234 fide
548 2196 827 2251 speramus
861 2187 914 2242 in
947 2187 1113 2244 Deum
1143 2207 1158 2244 :
1187 2191 1282 2248 sed
1324 2194 1636 2254 timentibus
1675 2215 1891 2272 pinnam

293 2269 636 2328 absconditur
673 2275 862 2344 gratia.
909 2277 1021 2334 Sub
1059 2296 1166 2350 quo
1196 2283 1387 2341 timore
1413 2287 1591 2343 anima
1617 2269 1886 2360 laborans,

290 2363 504 2431 quando
537 2369 1024 2436 concupiscentiam
1060 2374 1253 2430 malam
1295 2393 1402 2433 non
1431 2379 1648 2446 vicerit,
1679 2399 1780 2441 nec
1819 2388 1888 2442 ti-

289 2470 409 2508 mor
436 2455 520 2511 ille
547 2459 697 2526 quasi
729 2470 910 2516 custos
939 2479 1160 2519 severus
1196 2466 1552 2537 abscesserit;
1590 2488 1689 2546 per
1723 2475 1886 2533 fidem

285 2547 555 2618 confugiat
595 2550 660 2606 ad
705 2555 1119 2612 misericordiam
1162 2559 1289 2628 Dei,
1320 2571 1380 2618 ut
1407 2563 1500 2621 det
1531 2559 1674 2638 quad
1707 2569 1879 2640 jubet,

285 2648 445 2708 atque
487 2641 736 2712 iuSpirata
760 2647 780 2676 ³
819 2648 1003 2716 gratiae
1043 2649 1304 2708 suavitate
1343 2670 1438 2722 per
1468 2654 1725 2728 Spiritum
1755 2676 1882 2718 san-

3528 386 3636 446 934

2045 460 2201 516 triutn
2231 464 2357 520 dicit
2381 485 2392 520 :
2433 466 2727 532 Voluntarie
2754 481 3050 550 sacriﬁcabo
3075 489 3166 543 tibi
3189 493 3207 559 (
3221 491 3364 550 Psal.
3404 512 3516 567 ιιιι,
3542 504 3624 569 8).

2039 549 2264 609 Dilectio
2295 556 2516 626 justitia:
2541 563 2668 621 dicit
2702 587 2715 620 :
2752 549 3102 633 Narraverunt
3131 549 3256 637 mihi
3283 586 3461 660 injusti
3489 549 3625 648 delit-

2011 644 2276 701 .ctationcs
2299 648 2337 716 ί,
2369 651 2460 705 sed
2477 671 2577 709 non
2605 658 2734 712 sicut
2759 661 2841 716 lea:
2863 674 2971 734 tua,
3004 667 3220 728 Domine
3239 675 3408 745 (Psal.
3435 697 3616 751 cxvm,

2032 733 2148 806 85).
2170 737 2364 810 thuid
2390 757 2519 814 ergo
2545 748 2724 806 miseri
2749 733 2992 814 homines
3011 770 3101 816 aut
3117 762 3184 820 de
3204 733 3374 824 libero
3395 733 3622 831 arbitrii;

2031 829 2530 903 audent-superbire
2553 854 2834 914 antequam
2857 847 3171 922 liberentur,
3201 869 3292 915 aut
3309 861 3378 916 de
3401 867 3512 922 suis
3537 871 3616 922 vi-

2028 919 2195 990 ribus,
2229 927 2272 978 si
2293 925 2403 995 jam
2429 929 2636 987 liberati
2667 939 2822 993 sunt?
2849 941 2958 999 Nec
2985 919 3264 1006 attendunt
3290 952 3341 1008 in
3375 955 3490 1026 ipso
3517 975 3614 1013 no-

2025 1011 2170 1068 mine
2195 1015 2346 1072 liberi
2371 1021 2576 1078 arbitrii
2609 1027 2790 1098 utique
2815 1031 3114 1110 libertatem
3146 1055 3358 1102 sonare.
3389 1011 3488 1105 ilbi
3511 1066 3611 1110 au-

2025 1108 2130 1157 tem
2170 1107 2380 1177 spiritus
2409 1111 2636 1183 Domini,
2685 1119 2752 1174 ibi
2793 1109 2996 1181 libertas
3026 1130 3089 1203 (ll
3137 1133 3253 1189 Cor.
3293 1152 3378 1207 tu,
3418 1141 3526 1216 Π).
3552 1107 3612 1202 Si

2020 1207 2152 1266 ergo
2179 1200 2320 1254 servi
2349 1213 2478 1259 sunt
2505 1211 2728 1278 peccati,
2762 1214 2887 1284 quid
2915 1232 2976 1274 se
2996 1200 3202 1290 jactaut
3230 1227 3296 1283 de
3324 1200 3496 1288 libero
3520 1251 3609 1290 ar-

2020 1283 2216 1342 bitrio?
2245 1290 2289 1344 Α
2313 1309 2413 1364 quo
2437 1298 2571 1352 enim
2596 1303 2710 1371 quis
2731 1304 2952 1363 devictus
2979 1323 3072 1380 est,
3105 1316 3223 1370 Itut'c
3246 1329 3294 1373 et
3317 1338 3492 1380 servus
3516 1332 3610 1382 ad-

2017 1375 2181 1434 dictus
2225 1390 2299 1436 est
2354 1384 2419 1458 (ll
2453 1385 2596 1446 Petr.
2648 1409 2706 1458 ιι,
2744 1396 2852 1468 l9).
2898 1399 2955 1457 Si
3003 1375 3180 1464 autem
3219 1375 3605 1487 lihet‘ati‘sunt,
3677 1408 3684 1418 ’

2014 1469 2141 1534 quid
2170 1486 2230 1526 se
2249 1473 2458 1543 jactant
2485 1481 2628 1538 velut
2651 1485 2720 1542 de
2761 1504 2922 1559 opere
2949 1499 3188 1567 proprio,
3219 1512 3275 1558 et
3311 1469 3610 1576 gloriantni-

2011 1562 2160 1631 quasi
2193 1581 2299 1622 non
2327 1575 2670 1642 acceperint?
2698 1579 2779 1635 An
2806 1581 2877 1638 ita
2905 1597 3026 1642 sunt
3051 1589 3226 1658 liberi,
3249 1604 3305 1650 ut
3335 1613 3434 1654 nec
3457 1602 3601 1656 illum

2011 1655 2179 1712 velint
2203 1658 2402 1718 habere
2431 1665 2732 1738 Dominum,
2767 1676 2856 1745 qui
2893 1679 2971 1733 eis
2997 1681 3144 1751 dicit,
3191 1687 3318 1743 Sine
3352 1708 3434 1746 me
3474 1695 3604 1750 ttiltil

2007 1749 2215 1816 potestis
2256 1756 2425 1822 facere
2463 1757 2642 1828 (Joan.
2675 1769 2884 1842 xv,.5);
2915 1781 2986 1836 et,
3017 1773 3082 1830 Si
3111 1749 3196 1832 vos
3225 1778 3392 1838 Filius
3419 1749 3604 1842 libera;

2005 1839 2148 1906 verit,
2181 1849 2299 1896 tunc
2328 1860 2436 1901 vere
2461 1849 2604 1906 liberi
2625 1856 2764 1912 eritis
2789 1839 2900 1928 (id.
2933 1879 3044 1932 vut,
3075 1867 3206 1940 56)?
3257 1931 3263 1940 ,

2077 1929 2306 1991 CAPUT
2346 1938 2539 1998 χχχι.
2577 1949 2756 2006 —55.
2790 1951 2948 2012 Fides
2971 1929 3039 2013 att
3077 1929 3221 2019 sit’in
3248 1931 3422 2024 item
3449 1983 3596 2045 pote-

2001 2031 2148 2078 state.
2175 2025 2391 2094 Qurcret
2425 2035 2638 2106 aliquis,
2667 2051 2843 2101 utrum
2875 2049 3006 2106 lides
3037 2053 3170 2124 ipsa,
3202 2059 3252 2114 in
3285 2078 3383 2133 qua
3411 2025 3598 2127 stilntis

2003 2113 2084 2168 vel
2113 2115 2180 2171 ad
2209 2119 2434 2178 salutem
2465 2133 2816 2193 eounexionis
2859 2139 3037 2212 hujus,
3065 2163 3224 2219 quam
3261 2155 3592 2218 comm'emo-

2001 2207 2136 2274 ravi,
2159 2224 2280 2266 esse
2310 2214 2518 2272 videtur
2555 2226 2855 2292 exordium.
2892 2232 2943 2287 iu
2991 2248 3176 2296 nostra
3205 2252 3488 2304 eonstituta
3519 2253 3590 2308 sit

1998 2305 2261 2365 potestate
2293 2321 2309 2358 :
2344 2309 2488 2376 quod
2515 2311 2721 2372 facilius
2751 2319 3068 2393 videbimus,
3103 2332 3147 2386 si
3188 2336 3335 2404 prius
3361 2343 3488 2410 quid
3520 2346 3589 2402 sit

1997 2400 2234 2460 potestas
2279 2397 2556 2470 aliquanto
2598 2406 2904 2480 diligentius
2956 2397 3411 2492 perst‘tcscrittttts.
3456 2435 3590 2494 Cum

1990 2487 2140 2538 enim
2167 2485 2275 2542 duo
2298 2492 2540 2560 quaedam
2567 2502 2696 2568 sint,
2727 2506 2862 2562 velle
2887 2519 2942 2565 et
2971 2528 3152 2583 posse,
3183 2519 3326 2576 unde
3372 2541 3472 2584 nec
3500 2533 3587 2601 φιί

1992 2574 2104 2601 ιιι-1.
2140 2580 2386 2601 --_.:____-
2425 2600 2430 2601 ,
2496 2597 2506 2601 -
2582 2597 2592 2601 -
2891 2600 2898 2601 ,

1992 2574 2110 2630 vult
2137 2580 2394 2636 continuo
2422 2597 2618 2658 potest,
2661 2607 2764 2651 nec
2811 2600 2900 2670 qui
2943 2613 3116 2672 potest
3157 2611 3412 2671 continuo
3438 2574 3585 2686 vnit;

1987 2667 2111 2737 quia
2149 2671 2291 2728 sicut
2332 2676 2576 2736 volumus
2601 2684 2888 2758 aliquando
2929 2696 3070 2766 quod
3119 2715 3225 2757 non
3275 2721 3581 2779 possumus,

1985 2759 2067 2817 sic
2103 2765 2264 2822 etiam
2294 2785 2580 2838 possumus
2603 2779 2890 2851 aliquando
2919 2790 3061 2858 quod
3105 2795 3355 2854 uolumus
3399 2821 3412 2858 :
3453 2808 3585 2862 satis

1987 2854 2214 2912 evolutis
2253 2859 2420 2930 ipsis'
2447 2868 2607 2923 etiam
2651 2854 2949 2933 vocabulis
2973 2895 3206 2952 resonat,
3239 2892 3381 2960 quod
3421 2895 3488 2951 ab
3516 2913 3584 2954 eo

1981 2947 2124 3016 quod
2141 2959 2223 3006 est
2249 2956 2407 3024 velle,
2431 2961 2705 3029 voluntas;
2735 2968 2804 3024 ab
2829 2983 2896 3026 eo
2921 2982 3099 3030 autem
3131 2947 3271 3050 quod
3288 2996 3369 3040 est
3397 3003 3578 3060 posse,

1980 3047 2215 3108 potestas
2232 3062 2426 3106 nomen
2451 3057 3038 3135 accepit.Quapr0pter,
3071 3047 3312 3145 sientqui
3343 3047 3453 3134 vdit
3483 3047 3580 3138 lia:

1977 3130 2072 3191 bet
2098 3137 2450 3209 voluntatem.
2480 3147 2550 3204 ita
2580 3130 3374 3232 potestatem-quiipotcst.-Se0
3403 3181 3459 3230 ut
3480 3189 3576 3246 po.

1979 3233 2172 3288 teatate
2199 3235 2396 3306 aliquid
2441 3239 2550 3310 liat,
2577 3245 2826 3303 voluntas
2864 3250 3053 3309 aderit.
3089 3255 3274 3330 Neque
3302 3265 3442 3321 enim
3469 3233 3574 3324 dici

1974 3319 2114 3376 solet
2139 3326 2401 3398 quispiam
2423 3343 2686 3401 potestate
2713 3337 2952 3410 fecisse”,
2981 3346 3024 3400 si
3053 3319 3324 3418 quid-fecit
3353 3357 3569 3418 invitus.

1973 3412 2317 3488 Quanquam,
2363 3423 2410 3478 si
2462 3427 2708 3486 subtilius
2778 3433 3152 3508 advertamus,
3209 3447 3370 3504 etiam
3426 3457 3569 3524 quod

1971 3506 2198 3580 quisque
2239 3512 2438 3571 invitus
2473 3519 2648 3578 facere
2669 3525 2896 3596 cogitur,
2925 3530 2968 3584 si
3009 3506 3151 3601 facit,
3186 3506 3459 3600 voluntati;
3489 3547 3566 3602 fa-

1967 3595 2042 3650 cit
2069 3615 2084 3650 :
2115 3600 2209 3655 sed
2235 3603 2356 3673 quia
2390 3609 2569 3666 mallet
2597 3613 2760 3681 aliud,
2793 3595 2914 3674 ideo
2952 3621 3164 3692 invitus,
3202 3629 3303 3687 hoc
3325 3643 3424 3701 est,
3459 3653 3563 3695 no-

1966 3685 2083 3743 lens
2120 3689 2298 3749 facere
2325 3695 2538 3757 dicitur.
2575 3702 2713 3759 Malo
2757 3709 2954 3781 quippe
2993 3685 3172 3788 aliquo
3215 3685 3562 3786 maerebam-

1964 3779 2198 3848 pellitur,
2221 3787 2361 3854 quod
2393 3791 2578 3849 volens
2604 3796 2806 3856 evitare
2837 3803 2918 3858 vel
2958 3819 2987 3860 a
3016 3822 3075 3864 se
3099 3827 3406 3886 removere,
3436 3821 3560 3880 facit

1963 3873 2106 3942 quod
2137 3878 2360 3948 cogitur.
2381 3881 2514 3939 Nam
2539 3887 2583 3941 si
2609 3895 2751 3945 tanta
2785 3895 3028 3952 voluntas
3068 3902 3158 3968 sit,
3193 3911 3248 3961 ut
3285 3873 3430 3968 malit
3457 3913 3558 3972 hoc

1949 3981 2067 4022 non
2096 3968 2267 4027 facere
2296 3989 2454 4045 quam
2483 3979 2610 4036 illud
2638 3997 2746 4040 non
2774 3988 2916 4055 pati;
2947 3997 3155 4063 cogenti
3183 4005 3362 4070 procul
3393 4005 3556 4065 dubio

1959 4060 2180 4129 resistit,
2215 4080 2322 4129 nec,
2349 4067 2490 4124 facit.
2523 4073 2598 4127 Ac
2627 4088 2724 4145 per
2750 4077 2873 4146 hoc,
2915 4082 2960 4136 si
2989 4060 3144 4154 facit;
3183 4060 3289 4148 non
3335 4077 3549 4168 quidem

1952 4152 2112 4222 plena
2136 4163 2190 4210 et
2215 4155 2384 4214 libera
2409 4161 2703 4232 voluntate,
2727 4169 2821 4225 sed
2851 4180 3025 4231 tamen
3050 4193 3152 4236 non
3178 4181 3302 4240 facit
3329 4152 3428 4245 nisi
3449 4179 3546 4247 vo.

1952 4241 2159 4302 luutate
2188 4264 2201 4300 :
2231 4263 2390 4319 quam
2419 4255 2744 4315 voluntatem
2765 4265 2887 4332 quia
2917 4267 3138 4328 ell‘cctus
3177 4262 3541 4352 consequitur,

1950 4350 2057 4392 non
2091 4353 2374 4408 possumus
2401 4343 2582 4405 dicere
2609 4361 2926 4420 potestatem
2965 4359 3198 4424 defuisse
3229 4343 3462 4430 ﬁnienti.
3485 4377 3543 4435 Si

1947 4427 2090 4481 enim
2118 4433 2330 4502 cogenti
2360 4436 2558 4494 cedens
2581 4441 2743 4499 vellet
2771 4445 2964 4518 facere,
2998 4469 3102 4511 nec
3127 4472 3340 4529 posset;
3369 4470 3418 4522 el
3451 4486 3544 4526 vo-

1948 4514 2204 4575 luntatem
2237 4523 2474 4584 adfuisse
2500 4529 2622 4586 licet
2652 4514 3060 4607 extortam,vscd
3095 4514 3408 4616 pbtcstatem
3438 4559 3537 4616 de-

1942 4608 2106 4666 fuisse
2146 4613 2470 4675 diceremus.
2499 4622 2630 4680 Cum
2659 4641 2788 4685 vero
2833 4631 2954 4690 ideo
2988 4654 3093 4695 non
3139 4642 3382 4715 faciebat,
3411 4656 3537 4724 quia

1945 4699 2157 4724 ..ΑΙΑι-Αι
2181 4721 2193 4724 -
2254 4721 2291 4724 --
2342 4717 2353 4724 -
2445 4711 2477 4724 ’⁸

1943 4699 2194 4771 nolebat;
2243 4717 2360 4764 erat
2400 4711 2588 4784 utique
2628 4725 2888 4792 potestas,
2932 4728 3026 4783 sed
3057 4733 3302 4792 voluntas
3325 4699 3512 4801 decim

1938 4793 2191 4862 quamdiu
2218 4803 2427 4869 cogenti
2467 4806 2780 4866 reluctando
2807 4829 2911 4869 non
2941 4816 3086 4874 fecit.
3117 4823 3252 4881 llinc
3273 4839 3356 4885 est
3389 4838 3529 4906 quod

1939 4885 2100 4943 etiam
2129 4889 2199 4944 illi
2227 4895 2316 4962 qui
2339 4907 2558 4966 cogunt,
2585 4902 2666 4957 vel
2701 4906 2790 4976 qui
2817 4909 3060 4977 suadent,
3091 4917 3267 4976 solent
3302 4885 3480 4987 dictire
3508 4949 3525 4989 :

1933 4973 2089 5044 Quod
2131 4979 2295 5038 habes
2339 4985 2390 5040 iu
2440 4973 2733 5060 potestate,
2767 5008 2933 5068 quare
2973 5014 3079 5060 non
3124 5009 3274 5080 facis,
3325 5028 3379 5074 ut
3429 5024 3528 5080 hoc

1935 5069 2077 5125 malo
2102 5076 2324 5131 careas?
2343 5078 2408 5134 Et
2429 5082 2519 5152 qui
2541 5087 2761 5144 omnino
2787 5090 2961 5151 facere
2981 5111 3088 5155 non
3116 5117 3358 5178 possunt,
3384 5119 3524 5186 quod

1936 5161 2054 5186 ελ--
2082 5177 2266 5186 --,..u,.
2397 5181 2408 5186 _
2447 5172 2469 5186 ι
2530 5175 2544 5186 ο
2763 5185 2769 5186 ,

1935 5161 2056 5220 ideo
2076 5177 2337 5239 coguntur
2358 5181 2413 5228 ut
2441 5172 2659 5245 faciant,
2681 5185 2805 5252 quia
2833 5201 2990 5256 posse
3013 5161 3326 5272 creduntur,
3343 5161 3524 5267 solleut

1913 5258 2236 5315 excusando
2251 5265 2580 5335 respondere
2603 5276 2657 5325 et
2682 5272 2864 5334 dicere
2893 5296 2910 5334 :
2937 5280 3214 5358 Facerem,
3238 5294 3283 5350 si
3305 5258 3522 5357 essetin

1933 5355 2214 5415 potestate.
2265 5353 2405 5420 Quid
2453 5357 2612 5429 igitur
2651 5361 2790 5420 ultra
2833 5375 3158 5443 qumrimus;
3189 5353 3528 5462 quandoqn—ii;

1991 5540 2008 5614 ξ
2041 5539 2192 5614 ξ-ξόίιίο
2210 5547 2427 5614 ιιρνηιιίο
2443 5551 2593 5614 addit,
2615 5569 2746 5612 ms.

1987 5601 2014 5702 ξ
2385 5613 2503 5665 satis
2514 5601 2806 5689 ὶὶἇιῖἇιῖδίς
2834 5639 2936 5680 :ex
2956 5631 3034 5684 his
3049 5637 3261 5702 quidam
3285 5643 3403 5695 satis
3419 5647 3526 5697 ειυς

1922 5671 2015 5726 αις,
2034 5668 2080 5713 et
2101 5668 2238 5726 ipsis,
2265 5668 2362 5722 etc.

1986 5723 2008 5755 ³
2043 5723 2251 5798 vaticani
2273 5732 2390 5795 duo,
2415 5743 2468 5786 et
2503 5743 2609 5792 tres
2638 5745 2861 5800 Gallicani
2900 5760 3028 5818 Mss,
3054 5758 3292 5816 υοιιιηιιιιο
3331 5765 3520 5840 (εφη,
3573 5779 3580 5786 .

1990 5797 2051 5835 nc
2073 5784 2335 5840 lectionem
2361 5800 2676 5840 nmium-nm
2716 5819 2939 5840 .......,.-....
2963 5823 3247 5840 ----_..--.-
3429 5831 3440 5840 .

2173 5791 2182 5798 _
2375 5784 2389 5795 ,
2426 5784 2465 5786 --
2507 5784 2608 5792 μ--
2640 5784 2861 5800 “mu-u-
2901 5784 3028 5818 ιιιωο,
3055 5784 3292 5816 manuue
3331 5784 3520 5840 (casse.

1922 5784 2682 5892 ggﬁqnlﬁiftiqttem‘,pﬁtrulgvunt
2715 5819 2941 5864 auctores
2963 5823 3524 5892 recentioriscujusdam

1925 5845 2148 5897 editionis
2171 5856 2281 5902 hev.
2309 5845 2584 5913 atiniﬂl'lil'i'.

2971 5961 3236 6042 (IIuitJ
