  <div class='ocr_page' id='page_1' title='image "/cluster/home/n/w/nwhite01/storage/ocr_20150623/44-45/uc1.31175026792435/125.png"; bbox 0 0 4164 6522; ppageno 0'>
   <div class='ocr_carea' id='block_1_1' title="bbox 529 348 683 408">
    <p class='ocr_par' dir='ltr' id='par_1_1' title="bbox 529 348 683 408">
     <span class='ocr_line' id='line_1_1' title="bbox 529 348 683 408; baseline 0.013 -2"><span class='ocrx_word' id='word_1_1' title='bbox 529 348 683 408; x_wconf 70' lang='grc' dir='ltr'><strong>·’”³Ιδε</strong></span> 
     </span>
    </p>
   </div>
   <div class='ocr_carea' id='block_1_2' title="bbox 578 447 2162 528">
    <p class='ocr_par' dir='ltr' id='par_1_2' title="bbox 578 447 2162 528">
     <span class='ocr_line' id='line_1_2' title="bbox 578 447 2162 528; baseline -0.015 -7"><span class='ocrx_word' id='word_1_2' title='bbox 578 459 878 520; x_wconf 73' lang='lat' dir='ltr'><strong>dem‘ltanc</strong></span> <span class='ocrx_word' id='word_1_3' title='bbox 907 458 1133 515; x_wconf 86' lang='lat' dir='ltr'><strong>dicimus</strong></span> <span class='ocrx_word' id='word_1_4' title='bbox 1171 463 1513 528; x_wconf 84' lang='lat' dir='ltr'><strong>potestatem,</strong></span> <span class='ocrx_word' id='word_1_5' title='bbox 1553 453 1648 506; x_wconf 83' lang='lat' dir='ltr'><strong>ubi</strong></span> <span class='ocrx_word' id='word_1_6' title='bbox 1668 449 1927 506; x_wconf 74' lang='lat' dir='ltr'><strong>voluntati</strong></span> <span class='ocrx_word' id='word_1_7' title='bbox 1955 447 2162 515; x_wconf 75' lang='lat' dir='ltr'><strong>adiacet</strong></span> 
     </span>
    </p>
   </div>
   <div class='ocr_carea' id='block_1_3' title="bbox 578 529 2165 614">
    <p class='ocr_par' dir='ltr' id='par_1_3' title="bbox 578 529 2165 614">
     <span class='ocr_line' id='line_1_3' title="bbox 578 529 2165 614; baseline -0.012 -6"><span class='ocrx_word' id='word_1_8' title='bbox 578 552 800 608; x_wconf 72' lang='lat' dir='ltr'><strong>facultas</strong></span> <span class='ocrx_word' id='word_1_9' title='bbox 843 529 1148 606; x_wconf 73' lang='lat' dir='ltr'><strong>faciendi‘?</strong></span> <span class='ocrx_word' id='word_1_10' title='bbox 1191 545 1348 604; x_wconf 85' lang='lat' dir='ltr'><strong>Unde</strong></span> <span class='ocrx_word' id='word_1_11' title='bbox 1394 542 1497 599; x_wconf 89' lang='lat' dir='ltr'><strong>hoc</strong></span> <span class='ocrx_word' id='word_1_12' title='bbox 1533 543 1759 614; x_wconf 90' lang='lat' dir='ltr'><strong>quisque</strong></span> <span class='ocrx_word' id='word_1_13' title='bbox 1788 542 1854 594; x_wconf 49' lang='lat' dir='ltr'><strong>ein</strong></span> <span class='ocrx_word' id='word_1_14' title='bbox 1900 542 2165 610; x_wconf 72' lang='lat' dir='ltr'><strong>potestate</strong></span> 
     </span>
    </p>
   </div>
   <div class='ocr_carea' id='block_1_4' title="bbox 579 631 2167 710">
    <p class='ocr_par' dir='ltr' id='par_1_4' title="bbox 579 631 2167 710">
     <span class='ocr_line' id='line_1_4' title="bbox 579 631 2167 710; baseline -0.012 -9"><span class='ocrx_word' id='word_1_15' title='bbox 579 645 779 700; x_wconf 78' lang='lat' dir='ltr'><strong>habere</strong></span> <span class='ocrx_word' id='word_1_16' title='bbox 805 640 1019 708; x_wconf 89' lang='lat' dir='ltr'><strong>dicitur,</strong></span> <span class='ocrx_word' id='word_1_17' title='bbox 1049 637 1193 710; x_wconf 84' lang='lat' dir='ltr'><strong>quod</strong></span> <span class='ocrx_word' id='word_1_18' title='bbox 1231 637 1278 694; x_wconf 88' lang='lat' dir='ltr'><strong>si</strong></span> <span class='ocrx_word' id='word_1_19' title='bbox 1306 636 1438 703; x_wconf 90' lang='lat' dir='ltr'><strong>vult,</strong></span> <span class='ocrx_word' id='word_1_20' title='bbox 1473 635 1630 701; x_wconf 83' lang='lat' dir='ltr'><strong>facit;</strong></span> <span class='ocrx_word' id='word_1_21' title='bbox 1661 632 1708 689; x_wconf 89' lang='lat' dir='ltr'><strong>si</strong></span> <span class='ocrx_word' id='word_1_22' title='bbox 1752 649 1858 688; x_wconf 91' lang='lat' dir='ltr'><strong>non</strong></span> <span class='ocrx_word' id='word_1_23' title='bbox 1895 631 2024 696; x_wconf 83' lang='lat' dir='ltr'><strong>vult,</strong></span> <span class='ocrx_word' id='word_1_24' title='bbox 2055 643 2167 683; x_wconf 89' lang='lat' dir='ltr'><strong>non</strong></span> 
     </span>
    </p>
   </div>
   <div class='ocr_carea' id='block_1_5' title="bbox 582 734 2174 887">
    <p class='ocr_par' dir='ltr' id='par_1_5' title="bbox 582 734 2174 887">
     <span class='ocr_line' id='line_1_5' title="bbox 582 734 2174 887; baseline -0.008 -9"><span class='ocrx_word' id='word_1_25' title='bbox 582 734 763 878; x_wconf 46' lang='lat' dir='ltr'><strong>mili.</strong></span> <span class='ocrx_word' id='word_1_26' title='bbox 802 817 1033 875; x_wconf 79' lang='lat' dir='ltr'><strong>Attende</strong></span> <span class='ocrx_word' id='word_1_27' title='bbox 1070 816 1182 887; x_wconf 85' lang='lat' dir='ltr'><strong>jam</strong></span> <span class='ocrx_word' id='word_1_28' title='bbox 1220 814 1353 872; x_wconf 88' lang='lat' dir='ltr'><strong>illud</strong></span> <span class='ocrx_word' id='word_1_29' title='bbox 1391 813 1536 886; x_wconf 88' lang='lat' dir='ltr'><strong>quod</strong></span> <span class='ocrx_word' id='word_1_30' title='bbox 1577 812 1952 870; x_wconf 75' lang='lat' dir='ltr'><strong>excutiendum</strong></span> <span class='ocrx_word' id='word_1_31' title='bbox 1991 812 2174 882; x_wconf 82' lang='lat' dir='ltr'><strong>posui-</strong></span> 
     </span>
    </p>
   </div>
   <div class='ocr_carea' id='block_1_6' title="bbox 598 902 2174 979">
    <p class='ocr_par' dir='ltr' id='par_1_6' title="bbox 598 902 2174 979">
     <span class='ocr_line' id='line_1_6' title="bbox 598 902 2174 979; baseline -0.008 -10"><span class='ocrx_word' id='word_1_32' title='bbox 598 925 742 979; x_wconf 85' lang='lat' dir='ltr'><strong>mus,</strong></span> <span class='ocrx_word' id='word_1_33' title='bbox 772 920 949 967; x_wconf 91' lang='lat' dir='ltr'><strong>utrum</strong></span> <span class='ocrx_word' id='word_1_34' title='bbox 975 908 1110 964; x_wconf 88' lang='lat' dir='ltr'><strong>ﬁdes</strong></span> <span class='ocrx_word' id='word_1_35' title='bbox 1149 907 1202 964; x_wconf 93' lang='lat' dir='ltr'><strong>in</strong></span> <span class='ocrx_word' id='word_1_36' title='bbox 1245 915 1506 978; x_wconf 89' lang='lat' dir='ltr'><strong>potestate</strong></span> <span class='ocrx_word' id='word_1_37' title='bbox 1534 906 1626 962; x_wconf 85' lang='lat' dir='ltr'><strong>sit.</strong></span> <span class='ocrx_word' id='word_1_38' title='bbox 1673 905 1749 960; x_wconf 91' lang='lat' dir='ltr'><strong>De</strong></span> <span class='ocrx_word' id='word_1_39' title='bbox 1778 905 1876 959; x_wconf 81' lang='lat' dir='ltr'><strong>liae</strong></span> <span class='ocrx_word' id='word_1_40' title='bbox 1901 904 2054 963; x_wconf 91' lang='lat' dir='ltr'><strong>enim.</strong></span> <span class='ocrx_word' id='word_1_41' title='bbox 2070 902 2174 958; x_wconf 88' lang='lat' dir='ltr'><strong>ﬁde</strong></span> 
     </span>
    </p>
   </div>
   <div class='ocr_carea' id='block_1_7' title="bbox 566 994 2176 1073">
    <p class='ocr_par' dir='ltr' id='par_1_7' title="bbox 566 994 2176 1073">
     <span class='ocr_line' id='line_1_7' title="bbox 566 994 2176 1073; baseline -0.007 -11"><span class='ocrx_word' id='word_1_42' title='bbox 566 1025 574 1031; x_wconf 88' lang='grc'><strong>·</strong></span> <span class='ocrx_word' id='word_1_43' title='bbox 598 1019 741 1073; x_wconf 82' lang='lat' dir='ltr'><strong>nunc</strong></span> <span class='ocrx_word' id='word_1_44' title='bbox 765 1003 1050 1073; x_wconf 78' lang='lat' dir='ltr'><strong>loquimur,</strong></span> <span class='ocrx_word' id='word_1_45' title='bbox 1091 1015 1249 1071; x_wconf 91' lang='lat' dir='ltr'><strong>quam</strong></span> <span class='ocrx_word' id='word_1_46' title='bbox 1288 999 1604 1054; x_wconf 83' lang='lat' dir='ltr'><strong>adhibemus</strong></span> <span class='ocrx_word' id='word_1_47' title='bbox 1627 1011 1748 1052; x_wconf 91' lang='lat' dir='ltr'><strong>cum</strong></span> <span class='ocrx_word' id='word_1_48' title='bbox 1777 995 1974 1065; x_wconf 86' lang='lat' dir='ltr'><strong>aliquid</strong></span> <span class='ocrx_word' id='word_1_49' title='bbox 2003 994 2176 1050; x_wconf 90' lang='lat' dir='ltr'><strong>credi-</strong></span> 
     </span>
    </p>
   </div>
   <div class='ocr_carea' id='block_1_8' title="bbox 601 1069 2173 1168">
    <p class='ocr_par' dir='ltr' id='par_1_8' title="bbox 601 1069 2173 1168">
     <span class='ocr_line' id='line_1_8' title="bbox 601 1069 2173 1168; baseline -0.006 -20"><span class='ocrx_word' id='word_1_50' title='bbox 601 1069 744 1162; x_wconf 61' lang='grc' dir='ltr'>ηἷιις,</span> <span class='ocrx_word' id='word_1_51' title='bbox 768 1069 874 1148; x_wconf 80' lang='lat' dir='ltr'><strong>non</strong></span> <span class='ocrx_word' id='word_1_52' title='bbox 903 1107 1062 1164; x_wconf 92' lang='lat' dir='ltr'><strong>quam</strong></span> <span class='ocrx_word' id='word_1_53' title='bbox 1087 1069 1278 1146; x_wconf 86' lang='lat' dir='ltr'><strong>damus</strong></span> <span class='ocrx_word' id='word_1_54' title='bbox 1304 1104 1426 1145; x_wconf 89' lang='lat' dir='ltr'><strong>cum</strong></span> <span class='ocrx_word' id='word_1_55' title='bbox 1452 1087 1648 1158; x_wconf 81' lang='lat' dir='ltr'><strong>aliquid</strong></span> <span class='ocrx_word' id='word_1_56' title='bbox 1677 1086 2020 1168; x_wconf 82' lang='lat' dir='ltr'><strong>pollicemur;</strong></span> <span class='ocrx_word' id='word_1_57' title='bbox 2053 1101 2173 1138; x_wconf 91' lang='lat' dir='ltr'><strong>nam</strong></span> 
     </span>
    </p>
   </div>
   <div class='ocr_carea' id='block_1_9' title="bbox 597 1177 2175 1256">
    <p class='ocr_par' dir='ltr' id='par_1_9' title="bbox 597 1177 2175 1256">
     <span class='ocr_line' id='line_1_9' title="bbox 597 1177 2175 1256; baseline -0.008 -13"><span class='ocrx_word' id='word_1_58' title='bbox 597 1195 656 1243; x_wconf 88' lang='lat' dir='ltr'><strong>ct</strong></span> <span class='ocrx_word' id='word_1_59' title='bbox 682 1189 796 1256; x_wconf 83' lang='lat' dir='ltr'><strong>ipsa</strong></span> <span class='ocrx_word' id='word_1_60' title='bbox 825 1187 1018 1242; x_wconf 86' lang='lat' dir='ltr'><strong>dicitur</strong></span> <span class='ocrx_word' id='word_1_61' title='bbox 1055 1185 1207 1239; x_wconf 83' lang='lat' dir='ltr'><strong>ﬁdes.</strong></span> <span class='ocrx_word' id='word_1_62' title='bbox 1247 1183 1350 1238; x_wconf 88' lang='lat' dir='ltr'><strong>Sed</strong></span> <span class='ocrx_word' id='word_1_63' title='bbox 1394 1183 1549 1237; x_wconf 83' lang='lat' dir='ltr'><strong>aliter</strong></span> <span class='ocrx_word' id='word_1_64' title='bbox 1587 1180 1832 1235; x_wconf 85' lang='lat' dir='ltr'><strong>dicimus.</strong></span> <span class='ocrx_word' id='word_1_65' title='bbox 1884 1179 2002 1234; x_wconf 83' lang='lat' dir='ltr'><strong>Non</strong></span> <span class='ocrx_word' id='word_1_66' title='bbox 2047 1177 2175 1232; x_wconf 89' lang='lat' dir='ltr'><strong>mihi</strong></span> 
     </span>
    </p>
   </div>
   <div class='ocr_carea' id='block_1_10' title="bbox 601 1269 2176 1341">
    <p class='ocr_par' dir='ltr' id='par_1_10' title="bbox 601 1269 2176 1341">
     <span class='ocr_line' id='line_1_10' title="bbox 601 1269 2176 1341; baseline -0.006 -10"><span class='ocrx_word' id='word_1_67' title='bbox 601 1279 785 1334; x_wconf 80' lang='lat' dir='ltr'><strong>habuit</strong></span> <span class='ocrx_word' id='word_1_68' title='bbox 815 1277 1007 1333; x_wconf 90' lang='lat' dir='ltr'><strong>ﬁdem:</strong></span> <span class='ocrx_word' id='word_1_69' title='bbox 1030 1277 1206 1341; x_wconf 88' lang='lat' dir='ltr'><strong>aliter,</strong></span> <span class='ocrx_word' id='word_1_70' title='bbox 1251 1275 1368 1330; x_wconf 85' lang='lat' dir='ltr'><strong>Non</strong></span> <span class='ocrx_word' id='word_1_71' title='bbox 1413 1275 1538 1329; x_wconf 83' lang='lat' dir='ltr'><strong>tnilti</strong></span> <span class='ocrx_word' id='word_1_72' title='bbox 1575 1273 1806 1328; x_wconf 84' lang='lat' dir='ltr'><strong>servavit</strong></span> <span class='ocrx_word' id='word_1_73' title='bbox 1837 1271 2017 1326; x_wconf 90' lang='lat' dir='ltr'><strong>ﬁdem.</strong></span> <span class='ocrx_word' id='word_1_74' title='bbox 2045 1269 2176 1324; x_wconf 85' lang='lat' dir='ltr'><strong>Nam</strong></span> 
     </span>
    </p>
   </div>
   <div class='ocr_carea' id='block_1_11' title="bbox 597 1359 2178 1435">
    <p class='ocr_par' dir='ltr' id='par_1_11' title="bbox 597 1359 2178 1435">
     <span class='ocr_line' id='line_1_11' title="bbox 597 1359 2178 1435; baseline -0.006 -13"><span class='ocrx_word' id='word_1_75' title='bbox 597 1363 727 1424; x_wconf 80' lang='lat' dir='ltr'><strong>illud</strong></span> <span class='ocrx_word' id='word_1_76' title='bbox 757 1377 861 1433; x_wconf 83' lang='lat' dir='ltr'><strong>est,</strong></span> <span class='ocrx_word' id='word_1_77' title='bbox 879 1367 992 1424; x_wconf 86' lang='lat' dir='ltr'><strong>Non</strong></span> <span class='ocrx_word' id='word_1_78' title='bbox 1010 1365 1236 1422; x_wconf 89' lang='lat' dir='ltr'><strong>credidit</strong></span> <span class='ocrx_word' id='word_1_79' title='bbox 1259 1364 1398 1435; x_wconf 91' lang='lat' dir='ltr'><strong>quod</strong></span> <span class='ocrx_word' id='word_1_80' title='bbox 1423 1363 1566 1419; x_wconf 78' lang='lat' dir='ltr'><strong>dixi:</strong></span> <span class='ocrx_word' id='word_1_81' title='bbox 1593 1361 1742 1426; x_wconf 91' lang='lat' dir='ltr'><strong>illud,</strong></span> <span class='ocrx_word' id='word_1_82' title='bbox 1768 1360 1883 1415; x_wconf 85' lang='lat' dir='ltr'><strong>Non</strong></span> <span class='ocrx_word' id='word_1_83' title='bbox 1901 1359 2021 1415; x_wconf 87' lang='lat' dir='ltr'><strong>fecit</strong></span> <span class='ocrx_word' id='word_1_84' title='bbox 2040 1359 2178 1427; x_wconf 87' lang='lat' dir='ltr'><strong>quod</strong></span> 
     </span>
    </p>
   </div>
   <div class='ocr_carea' id='block_1_12' title="bbox 601 1450 2181 1522">
    <p class='ocr_par' dir='ltr' id='par_1_12' title="bbox 601 1450 2181 1522">
     <span class='ocr_line' id='line_1_12' title="bbox 601 1450 2181 1522; baseline -0.008 -7"><span class='ocrx_word' id='word_1_85' title='bbox 601 1459 754 1515; x_wconf 81' lang='lat' dir='ltr'><strong>dixit.</strong></span> <span class='ocrx_word' id='word_1_86' title='bbox 799 1459 1101 1516; x_wconf 89' lang='lat' dir='ltr'><strong>Secundum</strong></span> <span class='ocrx_word' id='word_1_87' title='bbox 1150 1457 1286 1512; x_wconf 85' lang='lat' dir='ltr'><strong>hanc</strong></span> <span class='ocrx_word' id='word_1_88' title='bbox 1334 1455 1488 1511; x_wconf 89' lang='lat' dir='ltr'><strong>ﬁdem</strong></span> <span class='ocrx_word' id='word_1_89' title='bbox 1534 1470 1632 1522; x_wconf 85' lang='lat' dir='ltr'><strong>qua</strong></span> <span class='ocrx_word' id='word_1_90' title='bbox 1664 1452 1954 1517; x_wconf 83' lang='lat' dir='ltr'><strong>credimus,</strong></span> <span class='ocrx_word' id='word_1_91' title='bbox 1999 1450 2181 1504; x_wconf 88' lang='lat' dir='ltr'><strong>ﬁdeles</strong></span> 
     </span>
    </p>
   </div>
   <div class='ocr_carea' id='block_1_13' title="bbox 581 1540 2185 1614">
    <p class='ocr_par' dir='ltr' id='par_1_13' title="bbox 581 1540 2185 1614">
     <span class='ocr_line' id='line_1_13' title="bbox 581 1540 2185 1614; baseline -0.008 -8"><span class='ocrx_word' id='word_1_92' title='bbox 581 1565 788 1606; x_wconf 75' lang='lat' dir='ltr'><strong>sumus</strong></span> <span class='ocrx_word' id='word_1_93' title='bbox 831 1549 974 1605; x_wconf 85' lang='lat' dir='ltr'><strong>Deo:</strong></span> <span class='ocrx_word' id='word_1_94' title='bbox 1003 1548 1294 1604; x_wconf 88' lang='lat' dir='ltr'><strong>secundum</strong></span> <span class='ocrx_word' id='word_1_95' title='bbox 1337 1547 1477 1600; x_wconf 90' lang='lat' dir='ltr'><strong>illam</strong></span> <span class='ocrx_word' id='word_1_96' title='bbox 1524 1559 1649 1598; x_wconf 87' lang='lat' dir='ltr'><strong>vero</strong></span> <span class='ocrx_word' id='word_1_97' title='bbox 1673 1559 1777 1614; x_wconf 88' lang='lat' dir='ltr'><strong>qua</strong></span> <span class='ocrx_word' id='word_1_98' title='bbox 1804 1541 1861 1596; x_wconf 85' lang='lat' dir='ltr'><strong>ﬁt</strong></span> <span class='ocrx_word' id='word_1_99' title='bbox 1888 1540 2028 1612; x_wconf 88' lang='lat' dir='ltr'><strong>quod</strong></span> <span class='ocrx_word' id='word_1_100' title='bbox 2060 1557 2185 1611; x_wconf 89' lang='lat' dir='ltr'><strong>pro-</strong></span> 
     </span>
    </p>
   </div>
   <div class='ocr_carea' id='block_1_14' title="bbox 605 1633 2182 1709">
    <p class='ocr_par' dir='ltr' id='par_1_14' title="bbox 605 1633 2182 1709">
     <span class='ocr_line' id='line_1_14' title="bbox 605 1633 2182 1709; baseline -0.006 -13"><span class='ocrx_word' id='word_1_101' title='bbox 605 1641 888 1709; x_wconf 77' lang='lat' dir='ltr'><strong>ntittitur&#39;,</strong></span> <span class='ocrx_word' id='word_1_102' title='bbox 918 1640 1078 1696; x_wconf 87' lang='lat' dir='ltr'><strong>etiam</strong></span> <span class='ocrx_word' id='word_1_103' title='bbox 1104 1641 1245 1696; x_wconf 87' lang='lat' dir='ltr'><strong>Deus</strong></span> <span class='ocrx_word' id='word_1_104' title='bbox 1270 1639 1382 1708; x_wconf 88' lang='lat' dir='ltr'><strong>ipse</strong></span> <span class='ocrx_word' id='word_1_105' title='bbox 1408 1637 1576 1691; x_wconf 85' lang='lat' dir='ltr'><strong>ﬁdelis</strong></span> <span class='ocrx_word' id='word_1_106' title='bbox 1599 1645 1682 1691; x_wconf 88' lang='lat' dir='ltr'><strong>est</strong></span> <span class='ocrx_word' id='word_1_107' title='bbox 1707 1634 1880 1690; x_wconf 91' lang='lat' dir='ltr'><strong>nobis.</strong></span> <span class='ocrx_word' id='word_1_108' title='bbox 1905 1633 2018 1688; x_wconf 87' lang='lat' dir='ltr'><strong>lloc</strong></span> <span class='ocrx_word' id='word_1_109' title='bbox 2039 1635 2182 1688; x_wconf 84' lang='lat' dir='ltr'><strong>enim</strong></span> 
     </span>
    </p>
   </div>
   <div class='ocr_carea' id='block_1_15' title="bbox 596 1727 2185 1812">
    <p class='ocr_par' dir='ltr' id='par_1_15' title="bbox 596 1727 2185 1812">
     <span class='ocr_line' id='line_1_15' title="bbox 596 1727 2185 1812; baseline -0.007 -24"><span class='ocrx_word' id='word_1_110' title='bbox 596 1734 736 1790; x_wconf 79' lang='lat' dir='ltr'><strong>dicit</strong></span> <span class='ocrx_word' id='word_1_111' title='bbox 773 1734 1090 1804; x_wconf 83' lang='lat' dir='ltr'><strong>Apostolus:</strong></span> <span class='ocrx_word' id='word_1_112' title='bbox 1119 1731 1314 1787; x_wconf 75' lang='lat' dir='ltr'><strong>Fidelis</strong></span> <span class='ocrx_word' id='word_1_113' title='bbox 1353 1729 1518 1812; x_wconf 77' lang='lat' dir='ltr'><strong>Deus,</strong></span> <span class='ocrx_word' id='word_1_114' title='bbox 1561 1729 1647 1801; x_wconf 83' lang='lat' dir='ltr'><strong>qui</strong></span> <span class='ocrx_word' id='word_1_115' title='bbox 1675 1744 1778 1783; x_wconf 84' lang='lat' dir='ltr'><strong>non</strong></span> <span class='ocrx_word' id='word_1_116' title='bbox 1819 1744 1906 1782; x_wconf 77' lang='lat' dir='ltr'><strong>vos</strong></span> <span class='ocrx_word' id='word_1_117' title='bbox 1936 1727 2185 1798; x_wconf 74' lang='lat' dir='ltr'><strong>permittat</strong></span> 
     </span>
    </p>
   </div>
   <div class='ocr_carea' id='block_1_16' title="bbox 607 1815 2182 1896">
    <p class='ocr_par' dir='ltr' id='par_1_16' title="bbox 607 1815 2182 1896">
     <span class='ocr_line' id='line_1_16' title="bbox 607 1815 2182 1896; baseline -0.006 -18"><span class='ocrx_word' id='word_1_118' title='bbox 607 1825 792 1880; x_wconf 85' lang='lat' dir='ltr'><strong>tentari</strong></span> <span class='ocrx_word' id='word_1_119' title='bbox 815 1841 968 1896; x_wconf 87' lang='lat' dir='ltr'><strong>super</strong></span> <span class='ocrx_word' id='word_1_120' title='bbox 996 1823 1050 1878; x_wconf 88' lang='lat' dir='ltr'><strong>id</strong></span> <span class='ocrx_word' id='word_1_121' title='bbox 1073 1822 1210 1894; x_wconf 85' lang='lat' dir='ltr'><strong>quod</strong></span> <span class='ocrx_word' id='word_1_122' title='bbox 1253 1821 1456 1893; x_wconf 80' lang='lat' dir='ltr'><strong>potestis</strong></span> <span class='ocrx_word' id='word_1_123' title='bbox 1498 1819 1544 1890; x_wconf 87' lang='lat' dir='ltr'><strong>(l</strong></span> <span class='ocrx_word' id='word_1_124' title='bbox 1588 1816 1708 1875; x_wconf 83' lang='lat' dir='ltr'><strong>Cor.</strong></span> <span class='ocrx_word' id='word_1_125' title='bbox 1739 1835 1794 1882; x_wconf 73' lang='grc' dir='ltr'><strong>ι,</strong></span> <span class='ocrx_word' id='word_1_126' title='bbox 1828 1815 1940 1890; x_wconf 76' lang='grc'>15).</span> <span class='ocrx_word' id='word_1_127' title='bbox 1977 1817 2048 1871; x_wconf 92' lang='lat' dir='ltr'><strong>De</strong></span> <span class='ocrx_word' id='word_1_128' title='bbox 2094 1815 2182 1870; x_wconf 86' lang='lat' dir='ltr'><strong>illa</strong></span> 
     </span>
    </p>
   </div>
   <div class='ocr_carea' id='block_1_17' title="bbox 607 1906 2189 1988">
    <p class='ocr_par' dir='ltr' id='par_1_17' title="bbox 607 1906 2189 1988">
     <span class='ocr_line' id='line_1_17' title="bbox 607 1906 2189 1988; baseline -0.009 -16"><span class='ocrx_word' id='word_1_129' title='bbox 607 1917 787 1988; x_wconf 83' lang='lat' dir='ltr'><strong>itaque</strong></span> <span class='ocrx_word' id='word_1_130' title='bbox 827 1915 930 1972; x_wconf 91' lang='lat' dir='ltr'><strong>ﬁde</strong></span> <span class='ocrx_word' id='word_1_131' title='bbox 970 1915 1279 1986; x_wconf 64' lang='lat' dir='ltr'><strong>quaerimus,</strong></span> <span class='ocrx_word' id='word_1_132' title='bbox 1321 1923 1500 1968; x_wconf 90' lang='lat' dir='ltr'><strong>utrum</strong></span> <span class='ocrx_word' id='word_1_133' title='bbox 1548 1910 1600 1965; x_wconf 91' lang='lat' dir='ltr'><strong>in</strong></span> <span class='ocrx_word' id='word_1_134' title='bbox 1650 1916 1912 1981; x_wconf 85' lang='lat' dir='ltr'><strong>potestate</strong></span> <span class='ocrx_word' id='word_1_135' title='bbox 1953 1906 2045 1974; x_wconf 88' lang='lat' dir='ltr'><strong>sit,</strong></span> <span class='ocrx_word' id='word_1_136' title='bbox 2084 1919 2189 1975; x_wconf 85' lang='lat' dir='ltr'><strong>qua</strong></span> 
     </span>
    </p>
   </div>
   <div class='ocr_carea' id='block_1_18' title="bbox 606 1995 2189 2073">
    <p class='ocr_par' dir='ltr' id='par_1_18' title="bbox 606 1995 2189 2073">
     <span class='ocr_line' id='line_1_18' title="bbox 606 1995 2189 2073; baseline -0.009 -8"><span class='ocrx_word' id='word_1_137' title='bbox 606 2009 876 2065; x_wconf 90' lang='lat' dir='ltr'><strong>credimus</strong></span> <span class='ocrx_word' id='word_1_138' title='bbox 920 2008 1050 2073; x_wconf 85' lang='lat' dir='ltr'><strong>Deo,</strong></span> <span class='ocrx_word' id='word_1_139' title='bbox 1099 2007 1182 2060; x_wconf 87' lang='lat' dir='ltr'><strong>vel</strong></span> <span class='ocrx_word' id='word_1_140' title='bbox 1229 2004 1494 2061; x_wconf 87' lang='lat' dir='ltr'><strong>credimus</strong></span> <span class='ocrx_word' id='word_1_141' title='bbox 1539 2001 1592 2056; x_wconf 92' lang='lat' dir='ltr'><strong>in</strong></span> <span class='ocrx_word' id='word_1_142' title='bbox 1633 2001 1819 2057; x_wconf 89' lang='lat' dir='ltr'><strong>Deum.</strong></span> <span class='ocrx_word' id='word_1_143' title='bbox 1867 1998 2002 2053; x_wconf 83' lang='lat' dir='ltr'><strong>Hinc</strong></span> <span class='ocrx_word' id='word_1_144' title='bbox 2046 1995 2189 2052; x_wconf 88' lang='lat' dir='ltr'><strong>enim</strong></span> 
     </span>
    </p>
   </div>
   <div class='ocr_carea' id='block_1_19' title="bbox 590 2093 2183 2172">
    <p class='ocr_par' dir='ltr' id='par_1_19' title="bbox 590 2093 2183 2172">
     <span class='ocr_line' id='line_1_19' title="bbox 590 2093 2183 2172; baseline -0.007 -14"><span class='ocrx_word' id='word_1_145' title='bbox 590 2103 848 2172; x_wconf 75' lang='lat' dir='ltr'><strong>scriptum</strong></span> <span class='ocrx_word' id='word_1_146' title='bbox 875 2109 978 2167; x_wconf 90' lang='lat' dir='ltr'><strong>est,</strong></span> <span class='ocrx_word' id='word_1_147' title='bbox 1001 2097 1228 2155; x_wconf 80' lang='lat' dir='ltr'><strong>Credidit</strong></span> <span class='ocrx_word' id='word_1_148' title='bbox 1263 2095 1520 2150; x_wconf 82' lang='lat' dir='ltr'><strong>Abraham</strong></span> <span class='ocrx_word' id='word_1_149' title='bbox 1558 2093 1684 2162; x_wconf 88' lang='lat' dir='ltr'><strong>Deo,</strong></span> <span class='ocrx_word' id='word_1_150' title='bbox 1711 2102 1759 2150; x_wconf 85' lang='lat' dir='ltr'><strong>et</strong></span> <span class='ocrx_word' id='word_1_151' title='bbox 1781 2095 2078 2164; x_wconf 87' lang='lat' dir='ltr'><strong>deputatum</strong></span> <span class='ocrx_word' id='word_1_152' title='bbox 2107 2102 2183 2148; x_wconf 88' lang='lat' dir='ltr'><strong>est</strong></span> 
     </span>
    </p>
   </div>
   <div class='ocr_carea' id='block_1_20' title="bbox 587 2185 2182 2266">
    <p class='ocr_par' dir='ltr' id='par_1_20' title="bbox 587 2185 2182 2266">
     <span class='ocr_line' id='line_1_20' title="bbox 587 2185 2182 2266; baseline -0.005 -20"><span class='ocrx_word' id='word_1_153' title='bbox 587 2193 665 2247; x_wconf 85' lang='lat' dir='ltr'><strong>illi</strong></span> <span class='ocrx_word' id='word_1_154' title='bbox 694 2193 762 2247; x_wconf 90' lang='lat' dir='ltr'><strong>ad</strong></span> <span class='ocrx_word' id='word_1_155' title='bbox 771 2191 1053 2266; x_wconf 84' lang='lat' dir='ltr'><strong>justitiam;</strong></span> <span class='ocrx_word' id='word_1_156' title='bbox 1093 2197 1168 2256; x_wconf 87' lang='lat' dir='ltr'><strong>et,</strong></span> <span class='ocrx_word' id='word_1_157' title='bbox 1195 2185 1432 2244; x_wconf 86' lang='lat' dir='ltr'><strong>Credenti</strong></span> <span class='ocrx_word' id='word_1_158' title='bbox 1459 2187 1513 2241; x_wconf 85' lang='lat' dir='ltr'><strong>in</strong></span> <span class='ocrx_word' id='word_1_159' title='bbox 1551 2202 1664 2240; x_wconf 87' lang='lat' dir='ltr'><strong>eum</strong></span> <span class='ocrx_word' id='word_1_160' title='bbox 1683 2186 1770 2256; x_wconf 88' lang='lat' dir='ltr'><strong>qui</strong></span> <span class='ocrx_word' id='word_1_161' title='bbox 1797 2185 2048 2257; x_wconf 76' lang='lat' dir='ltr'><strong>justiﬁcat</strong></span> <span class='ocrx_word' id='word_1_162' title='bbox 2083 2185 2182 2238; x_wconf 88' lang='lat' dir='ltr'><strong>im-</strong></span> 
     </span>
    </p>
   </div>
   <div class='ocr_carea' id='block_1_21' title="bbox 589 2275 2184 2354">
    <p class='ocr_par' dir='ltr' id='par_1_21' title="bbox 589 2275 2184 2354">
     <span class='ocr_line' id='line_1_21' title="bbox 589 2275 2184 2354; baseline -0.006 -17"><span class='ocrx_word' id='word_1_163' title='bbox 589 2283 755 2354; x_wconf 81' lang='lat' dir='ltr'><strong>pium,</strong></span> <span class='ocrx_word' id='word_1_164' title='bbox 783 2283 1052 2352; x_wconf 82' lang='lat' dir='ltr'><strong>deputatur</strong></span> <span class='ocrx_word' id='word_1_165' title='bbox 1081 2279 1207 2348; x_wconf 77' lang='lat' dir='ltr'><strong>ﬁdes</strong></span> <span class='ocrx_word' id='word_1_166' title='bbox 1242 2279 1351 2350; x_wconf 88' lang='lat' dir='ltr'><strong>ejus</strong></span> <span class='ocrx_word' id='word_1_167' title='bbox 1393 2277 1461 2330; x_wconf 89' lang='lat' dir='ltr'><strong>ad</strong></span> <span class='ocrx_word' id='word_1_168' title='bbox 1477 2277 1732 2348; x_wconf 70' lang='lat' dir='ltr'><strong>justitiam</strong></span> <span class='ocrx_word' id='word_1_169' title='bbox 1752 2275 1904 2349; x_wconf 81' lang='lat' dir='ltr'><strong>(Gen.</strong></span> <span class='ocrx_word' id='word_1_170' title='bbox 1931 2291 2022 2342; x_wconf 79' lang='lat' dir='ltr'><strong>xv,</strong></span> <span class='ocrx_word' id='word_1_171' title='bbox 2055 2275 2108 2343; x_wconf 89' lang='grc'>6,</span> <span class='ocrx_word' id='word_1_172' title='bbox 2135 2284 2184 2329; x_wconf 88' lang='lat' dir='ltr'><strong>et</strong></span> 
     </span>
    </p>
   </div>
   <div class='ocr_carea' id='block_1_22' title="bbox 595 2365 2184 2442">
    <p class='ocr_par' dir='ltr' id='par_1_22' title="bbox 595 2365 2184 2442">
     <span class='ocr_line' id='line_1_22' title="bbox 595 2365 2184 2442; baseline -0.005 -14"><span class='ocrx_word' id='word_1_173' title='bbox 595 2371 749 2428; x_wconf 88' lang='lat' dir='ltr'><strong>Rom.</strong></span> <span class='ocrx_word' id='word_1_174' title='bbox 773 2386 850 2436; x_wconf 90' lang='lat' dir='ltr'><strong>tv,</strong></span> <span class='ocrx_word' id='word_1_175' title='bbox 882 2372 935 2435; x_wconf 76' lang='lat'><strong>3,</strong></span> <span class='ocrx_word' id='word_1_176' title='bbox 964 2368 1043 2442; x_wconf 84' lang='lat'><strong>5).</strong></span> <span class='ocrx_word' id='word_1_177' title='bbox 1071 2369 1201 2424; x_wconf 85' lang='lat' dir='ltr'><strong>Vide</strong></span> <span class='ocrx_word' id='word_1_178' title='bbox 1239 2379 1381 2422; x_wconf 88' lang='lat' dir='ltr'><strong>nunc</strong></span> <span class='ocrx_word' id='word_1_179' title='bbox 1426 2377 1604 2421; x_wconf 89' lang='lat' dir='ltr'><strong>utrum</strong></span> <span class='ocrx_word' id='word_1_180' title='bbox 1631 2365 1856 2436; x_wconf 89' lang='lat' dir='ltr'><strong>quisque</strong></span> <span class='ocrx_word' id='word_1_181' title='bbox 1893 2365 2109 2433; x_wconf 80' lang='lat' dir='ltr'><strong>credat,</strong></span> <span class='ocrx_word' id='word_1_182' title='bbox 2137 2366 2184 2421; x_wconf 88' lang='lat' dir='ltr'><strong>si</strong></span> 
     </span>
    </p>
   </div>
   <div class='ocr_carea' id='block_1_23' title="bbox 597 2457 2188 2528">
    <p class='ocr_par' dir='ltr' id='par_1_23' title="bbox 597 2457 2188 2528">
     <span class='ocr_line' id='line_1_23' title="bbox 597 2457 2188 2528; baseline -0.003 -10"><span class='ocrx_word' id='word_1_183' title='bbox 597 2465 858 2528; x_wconf 89' lang='lat' dir='ltr'><strong>noluerit;</strong></span> <span class='ocrx_word' id='word_1_184' title='bbox 903 2471 996 2518; x_wconf 89' lang='lat' dir='ltr'><strong>aut</strong></span> <span class='ocrx_word' id='word_1_185' title='bbox 1028 2477 1134 2516; x_wconf 91' lang='lat' dir='ltr'><strong>non</strong></span> <span class='ocrx_word' id='word_1_186' title='bbox 1163 2460 1368 2524; x_wconf 86' lang='lat' dir='ltr'><strong>credat,</strong></span> <span class='ocrx_word' id='word_1_187' title='bbox 1397 2459 1442 2514; x_wconf 93' lang='lat' dir='ltr'><strong>si</strong></span> <span class='ocrx_word' id='word_1_188' title='bbox 1473 2459 1717 2514; x_wconf 89' lang='lat' dir='ltr'><strong>voluerit.</strong></span> <span class='ocrx_word' id='word_1_189' title='bbox 1745 2457 1900 2528; x_wconf 86' lang='lat' dir='ltr'><strong>Quod</strong></span> <span class='ocrx_word' id='word_1_190' title='bbox 1925 2459 1971 2514; x_wconf 93' lang='lat' dir='ltr'><strong>si</strong></span> <span class='ocrx_word' id='word_1_191' title='bbox 1999 2459 2188 2514; x_wconf 87' lang='lat' dir='ltr'><strong>absur-</strong></span> 
     </span>
    </p>
   </div>
   <div class='ocr_carea' id='block_1_24' title="bbox 595 2550 2184 2627">
    <p class='ocr_par' dir='ltr' id='par_1_24' title="bbox 595 2550 2184 2627">
     <span class='ocr_line' id='line_1_24' title="bbox 595 2550 2184 2627; baseline -0.005 -15"><span class='ocrx_word' id='word_1_192' title='bbox 595 2559 722 2612; x_wconf 89' lang='lat' dir='ltr'><strong>dum</strong></span> <span class='ocrx_word' id='word_1_193' title='bbox 750 2564 830 2613; x_wconf 90' lang='lat' dir='ltr'><strong>est</strong></span> <span class='ocrx_word' id='word_1_194' title='bbox 853 2554 1000 2627; x_wconf 90' lang='lat' dir='ltr'><strong>(quid</strong></span> <span class='ocrx_word' id='word_1_195' title='bbox 1020 2563 1101 2609; x_wconf 90' lang='lat' dir='ltr'><strong>est</strong></span> <span class='ocrx_word' id='word_1_196' title='bbox 1123 2554 1268 2609; x_wconf 91' lang='lat' dir='ltr'><strong>enim</strong></span> <span class='ocrx_word' id='word_1_197' title='bbox 1295 2551 1536 2615; x_wconf 89' lang='lat' dir='ltr'><strong>credere,</strong></span> <span class='ocrx_word' id='word_1_198' title='bbox 1556 2550 1658 2606; x_wconf 90' lang='lat' dir='ltr'><strong>nisi</strong></span> <span class='ocrx_word' id='word_1_199' title='bbox 1677 2553 1978 2606; x_wconf 89' lang='lat' dir='ltr'><strong>consentire</strong></span> <span class='ocrx_word' id='word_1_200' title='bbox 1997 2565 2184 2606; x_wconf 87' lang='lat' dir='ltr'><strong>verum</strong></span> 
     </span>
    </p>
   </div>
   <div class='ocr_carea' id='block_1_25' title="bbox 569 2644 2186 2722">
    <p class='ocr_par' dir='ltr' id='par_1_25' title="bbox 569 2644 2186 2722">
     <span class='ocr_line' id='line_1_25' title="bbox 569 2644 2186 2722; baseline -0.005 -15"><span class='ocrx_word' id='word_1_201' title='bbox 569 2667 716 2710; x_wconf 64' lang='lat' dir='ltr'><strong>esse</strong></span> <span class='ocrx_word' id='word_1_202' title='bbox 745 2651 886 2722; x_wconf 86' lang='lat' dir='ltr'><strong>quod</strong></span> <span class='ocrx_word' id='word_1_203' title='bbox 921 2646 1159 2705; x_wconf 84' lang='lat' dir='ltr'><strong>dicitur?</strong></span> <span class='ocrx_word' id='word_1_204' title='bbox 1198 2645 1482 2702; x_wconf 90' lang='lat' dir='ltr'><strong>consensio</strong></span> <span class='ocrx_word' id='word_1_205' title='bbox 1519 2653 1696 2700; x_wconf 89' lang='lat' dir='ltr'><strong>autem</strong></span> <span class='ocrx_word' id='word_1_206' title='bbox 1740 2644 1922 2714; x_wconf 88' lang='lat' dir='ltr'><strong>utique</strong></span> <span class='ocrx_word' id='word_1_207' title='bbox 1958 2644 2186 2701; x_wconf 86' lang='lat' dir='ltr'><strong>volentis</strong></span> 
     </span>
    </p>
   </div>
   <div class='ocr_carea' id='block_1_26' title="bbox 573 2736 2189 2816">
    <p class='ocr_par' dir='ltr' id='par_1_26' title="bbox 573 2736 2189 2816">
     <span class='ocr_line' id='line_1_26' title="bbox 573 2736 2189 2816; baseline -0.006 -15"><span class='ocrx_word' id='word_1_208' title='bbox 573 2745 744 2816; x_wconf 86' lang='lat' dir='ltr'><strong>--e-.t);</strong></span> <span class='ocrx_word' id='word_1_209' title='bbox 790 2743 1026 2815; x_wconf 82' lang='lat' dir='ltr'><strong>proiecto</strong></span> <span class='ocrx_word' id='word_1_210' title='bbox 1051 2738 1184 2796; x_wconf 91' lang='lat' dir='ltr'><strong>ﬁdes</strong></span> <span class='ocrx_word' id='word_1_211' title='bbox 1213 2739 1268 2795; x_wconf 88' lang='lat' dir='ltr'><strong>in</strong></span> <span class='ocrx_word' id='word_1_212' title='bbox 1309 2745 1573 2809; x_wconf 90' lang='lat' dir='ltr'><strong>potestate</strong></span> <span class='ocrx_word' id='word_1_213' title='bbox 1599 2747 1700 2794; x_wconf 87' lang='lat' dir='ltr'><strong>est.</strong></span> <span class='ocrx_word' id='word_1_214' title='bbox 1725 2736 1853 2801; x_wconf 88' lang='lat' dir='ltr'><strong>Sed,</strong></span> <span class='ocrx_word' id='word_1_215' title='bbox 1887 2738 2026 2792; x_wconf 84' lang='lat' dir='ltr'><strong>sicut</strong></span> <span class='ocrx_word' id='word_1_216' title='bbox 2045 2739 2189 2807; x_wconf 82' lang='lat' dir='ltr'><strong>Apo-</strong></span> 
     </span>
    </p>
   </div>
   <div class='ocr_carea' id='block_1_27' title="bbox 598 2825 2184 2903">
    <p class='ocr_par' dir='ltr' id='par_1_27' title="bbox 598 2825 2184 2903">
     <span class='ocr_line' id='line_1_27' title="bbox 598 2825 2184 2903; baseline -0.006 -12"><span class='ocrx_word' id='word_1_217' title='bbox 598 2836 770 2892; x_wconf 83' lang='lat' dir='ltr'><strong>stolus</strong></span> <span class='ocrx_word' id='word_1_218' title='bbox 787 2833 934 2902; x_wconf 83' lang='lat' dir='ltr'><strong>dicit,</strong></span> <span class='ocrx_word' id='word_1_219' title='bbox 968 2831 1086 2886; x_wconf 85' lang='lat' dir='ltr'><strong>Non</strong></span> <span class='ocrx_word' id='word_1_220' title='bbox 1105 2840 1180 2886; x_wconf 89' lang='lat' dir='ltr'><strong>est</strong></span> <span class='ocrx_word' id='word_1_221' title='bbox 1200 2837 1418 2903; x_wconf 76' lang='lat' dir='ltr'><strong>potestas</strong></span> <span class='ocrx_word' id='word_1_222' title='bbox 1437 2829 1534 2884; x_wconf 84' lang='lat' dir='ltr'><strong>nisi</strong></span> <span class='ocrx_word' id='word_1_223' title='bbox 1560 2844 1593 2882; x_wconf 92' lang='lat' dir='ltr'><strong>a</strong></span> <span class='ocrx_word' id='word_1_224' title='bbox 1619 2825 1729 2884; x_wconf 81' lang='lat' dir='ltr'><strong>Deo</strong></span> <span class='ocrx_word' id='word_1_225' title='bbox 1757 2827 1932 2900; x_wconf 87' lang='lat' dir='ltr'><strong>(Rom.</strong></span> <span class='ocrx_word' id='word_1_226' title='bbox 1958 2843 2074 2894; x_wconf 81' lang='lat' dir='ltr'><strong>xm,</strong></span> <span class='ocrx_word' id='word_1_227' title='bbox 2105 2828 2184 2900; x_wconf 90' lang='grc'><strong>1).</strong></span> 
     </span>
    </p>
   </div>
   <div class='ocr_carea' id='block_1_28' title="bbox 579 2920 2186 2999">
    <p class='ocr_par' dir='ltr' id='par_1_28' title="bbox 579 2920 2186 2999">
     <span class='ocr_line' id='line_1_28' title="bbox 579 2920 2186 2999; baseline -0.004 -14"><span class='ocrx_word' id='word_1_228' title='bbox 579 2927 738 2999; x_wconf 66' lang='lat' dir='ltr'><strong>Quid</strong></span> <span class='ocrx_word' id='word_1_229' title='bbox 759 2926 938 2998; x_wconf 78' lang='lat' dir='ltr'><strong>igitur</strong></span> <span class='ocrx_word' id='word_1_230' title='bbox 962 2939 1137 2980; x_wconf 66' lang='lat' dir='ltr'><strong>causa:</strong></span> <span class='ocrx_word' id='word_1_231' title='bbox 1167 2933 1250 2980; x_wconf 91' lang='lat' dir='ltr'><strong>est</strong></span> <span class='ocrx_word' id='word_1_232' title='bbox 1276 2938 1374 2979; x_wconf 91' lang='lat' dir='ltr'><strong>cur</strong></span> <span class='ocrx_word' id='word_1_233' title='bbox 1399 2937 1507 2978; x_wconf 92' lang='lat' dir='ltr'><strong>non</strong></span> <span class='ocrx_word' id='word_1_234' title='bbox 1531 2930 1586 2978; x_wconf 90' lang='lat' dir='ltr'><strong>et</strong></span> <span class='ocrx_word' id='word_1_235' title='bbox 1625 2921 1694 2977; x_wconf 87' lang='lat' dir='ltr'><strong>de</strong></span> <span class='ocrx_word' id='word_1_236' title='bbox 1722 2921 1821 2976; x_wconf 87' lang='lat' dir='ltr'><strong>ista</strong></span> <span class='ocrx_word' id='word_1_237' title='bbox 1861 2920 2015 2978; x_wconf 87' lang='lat' dir='ltr'><strong>nobis</strong></span> <span class='ocrx_word' id='word_1_238' title='bbox 2043 2920 2186 2978; x_wconf 85' lang='lat' dir='ltr'><strong>dica-</strong></span> 
     </span>
    </p>
   </div>
   <div class='ocr_carea' id='block_1_29' title="bbox 591 3009 2190 3086">
    <p class='ocr_par' dir='ltr' id='par_1_29' title="bbox 591 3009 2190 3086">
     <span class='ocr_line' id='line_1_29' title="bbox 591 3009 2190 3086; baseline -0.003 -17"><span class='ocrx_word' id='word_1_239' title='bbox 591 3031 709 3086; x_wconf 80' lang='lat' dir='ltr'><strong>tur,</strong></span> <span class='ocrx_word' id='word_1_240' title='bbox 739 3017 874 3086; x_wconf 78' lang='lat' dir='ltr'><strong>Quid</strong></span> <span class='ocrx_word' id='word_1_241' title='bbox 897 3017 1030 3072; x_wconf 88' lang='lat' dir='ltr'><strong>enim</strong></span> <span class='ocrx_word' id='word_1_242' title='bbox 1056 3015 1208 3069; x_wconf 81' lang='lat' dir='ltr'><strong>habes</strong></span> <span class='ocrx_word' id='word_1_243' title='bbox 1231 3013 1366 3082; x_wconf 84' lang='lat' dir='ltr'><strong>quod</strong></span> <span class='ocrx_word' id='word_1_244' title='bbox 1393 3029 1494 3068; x_wconf 86' lang='lat' dir='ltr'><strong>non</strong></span> <span class='ocrx_word' id='word_1_245' title='bbox 1514 3012 1750 3084; x_wconf 85' lang='lat' dir='ltr'><strong>accepisti</strong></span> <span class='ocrx_word' id='word_1_246' title='bbox 1775 3011 1826 3086; x_wconf 96' lang='lat' dir='ltr'><strong>(l</strong></span> <span class='ocrx_word' id='word_1_247' title='bbox 1852 3009 1972 3068; x_wconf 81' lang='lat' dir='ltr'><strong>Cor.</strong></span> <span class='ocrx_word' id='word_1_248' title='bbox 1993 3026 2072 3082; x_wconf 80' lang='lat' dir='ltr'><strong>tv,</strong></span> <span class='ocrx_word' id='word_1_249' title='bbox 2099 3011 2190 3083; x_wconf 81' lang='lat' dir='ltr'><strong>&#39;l)?</strong></span> 
     </span>
    </p>
   </div>
   <div class='ocr_carea' id='block_1_30' title="bbox 601 3105 2191 3178">
    <p class='ocr_par' dir='ltr' id='par_1_30' title="bbox 601 3105 2191 3178">
     <span class='ocr_line' id='line_1_30' title="bbox 601 3105 2191 3178; baseline -0.006 -8"><span class='ocrx_word' id='word_1_250' title='bbox 601 3114 734 3170; x_wconf 78' lang='lat' dir='ltr'><strong>Nam</strong></span> <span class='ocrx_word' id='word_1_251' title='bbox 771 3121 825 3169; x_wconf 90' lang='lat' dir='ltr'><strong>et</strong></span> <span class='ocrx_word' id='word_1_252' title='bbox 851 3121 907 3167; x_wconf 93' lang='lat' dir='ltr'><strong>ut</strong></span> <span class='ocrx_word' id='word_1_253' title='bbox 935 3106 1270 3176; x_wconf 78' lang='lat' dir='ltr'><strong>credamus&#39;,</strong></span> <span class='ocrx_word' id='word_1_254' title='bbox 1311 3107 1452 3162; x_wconf 91' lang='lat' dir='ltr'><strong>Deus</strong></span> <span class='ocrx_word' id='word_1_255' title='bbox 1491 3105 1658 3161; x_wconf 89' lang='lat' dir='ltr'><strong>dedit.</strong></span> <span class='ocrx_word' id='word_1_256' title='bbox 1700 3105 1969 3178; x_wconf 81' lang='lat' dir='ltr'><strong>Nusquam</strong></span> <span class='ocrx_word' id='word_1_257' title='bbox 2010 3112 2191 3160; x_wconf 88' lang='lat' dir='ltr'><strong>autem</strong></span> 
     </span>
    </p>
   </div>
   <div class='ocr_carea' id='block_1_31' title="bbox 603 3193 2192 3276">
    <p class='ocr_par' dir='ltr' id='par_1_31' title="bbox 603 3193 2192 3276">
     <span class='ocr_line' id='line_1_31' title="bbox 603 3193 2192 3276; baseline -0.006 -18"><span class='ocrx_word' id='word_1_258' title='bbox 603 3203 830 3276; x_wconf 75' lang='lat' dir='ltr'><strong>legimus</strong></span> <span class='ocrx_word' id='word_1_259' title='bbox 859 3201 912 3257; x_wconf 89' lang='lat' dir='ltr'><strong>in</strong></span> <span class='ocrx_word' id='word_1_260' title='bbox 945 3198 1238 3270; x_wconf 89' lang='lat' dir='ltr'><strong>Scripturis</strong></span> <span class='ocrx_word' id='word_1_261' title='bbox 1283 3196 1503 3264; x_wconf 84' lang='lat' dir='ltr'><strong>sanctis,</strong></span> <span class='ocrx_word' id='word_1_262' title='bbox 1534 3193 1653 3251; x_wconf 84' lang='lat' dir='ltr'><strong>Non</strong></span> <span class='ocrx_word' id='word_1_263' title='bbox 1691 3203 1774 3252; x_wconf 88' lang='lat' dir='ltr'><strong>est</strong></span> <span class='ocrx_word' id='word_1_264' title='bbox 1805 3195 2054 3251; x_wconf 85' lang='lat' dir='ltr'><strong>voluntas</strong></span> <span class='ocrx_word' id='word_1_265' title='bbox 2089 3194 2192 3250; x_wconf 87' lang='lat' dir='ltr'><strong>nisi</strong></span> 
     </span>
    </p>
   </div>
   <div class='ocr_carea' id='block_1_32' title="bbox 603 3285 2192 3358">
    <p class='ocr_par' dir='ltr' id='par_1_32' title="bbox 603 3285 2192 3358">
     <span class='ocr_line' id='line_1_32' title="bbox 603 3285 2192 3358; baseline -0.006 -6"><span class='ocrx_word' id='word_1_266' title='bbox 603 3311 636 3353; x_wconf 77' lang='grc' dir='ltr'><strong>ι</strong></span> <span class='ocrx_word' id='word_1_267' title='bbox 668 3295 799 3351; x_wconf 88' lang='lat' dir='ltr'><strong>Deo.</strong></span> <span class='ocrx_word' id='word_1_268' title='bbox 843 3293 910 3349; x_wconf 87' lang='lat' dir='ltr'><strong>Et</strong></span> <span class='ocrx_word' id='word_1_269' title='bbox 949 3299 1096 3349; x_wconf 86' lang='lat' dir='ltr'><strong>recte</strong></span> <span class='ocrx_word' id='word_1_270' title='bbox 1138 3303 1246 3346; x_wconf 89' lang='lat' dir='ltr'><strong>non</strong></span> <span class='ocrx_word' id='word_1_271' title='bbox 1274 3288 1532 3358; x_wconf 88' lang='lat' dir='ltr'><strong>scriptum</strong></span> <span class='ocrx_word' id='word_1_272' title='bbox 1575 3297 1676 3354; x_wconf 90' lang='lat' dir='ltr'><strong>est,</strong></span> <span class='ocrx_word' id='word_1_273' title='bbox 1706 3285 1830 3358; x_wconf 88' lang='lat' dir='ltr'><strong>quia</strong></span> <span class='ocrx_word' id='word_1_274' title='bbox 1870 3301 2055 3342; x_wconf 88' lang='lat' dir='ltr'><strong>verum</strong></span> <span class='ocrx_word' id='word_1_275' title='bbox 2086 3301 2192 3342; x_wconf 90' lang='lat' dir='ltr'><strong>non</strong></span> 
     </span>
    </p>
   </div>
   <div class='ocr_carea' id='block_1_33' title="bbox 595 3379 2196 3458">
    <p class='ocr_par' dir='ltr' id='par_1_33' title="bbox 595 3379 2196 3458">
     <span class='ocr_line' id='line_1_33' title="bbox 595 3379 2196 3458; baseline -0.006 -13"><span class='ocrx_word' id='word_1_276' title='bbox 595 3397 728 3446; x_wconf 79' lang='lat' dir='ltr'><strong>est:</strong></span> <span class='ocrx_word' id='word_1_277' title='bbox 757 3385 994 3458; x_wconf 86' lang='lat' dir='ltr'><strong>alioquin</strong></span> <span class='ocrx_word' id='word_1_278' title='bbox 1032 3383 1194 3440; x_wconf 90' lang='lat' dir='ltr'><strong>etiam</strong></span> <span class='ocrx_word' id='word_1_279' title='bbox 1241 3391 1600 3452; x_wconf 86' lang='lat' dir='ltr'><strong>peccatorum,</strong></span> <span class='ocrx_word' id='word_1_280' title='bbox 1627 3379 1770 3452; x_wconf 90' lang='lat' dir='ltr'><strong>quod</strong></span> <span class='ocrx_word' id='word_1_281' title='bbox 1810 3379 1970 3448; x_wconf 87' lang='lat' dir='ltr'><strong>absit,</strong></span> <span class='ocrx_word' id='word_1_282' title='bbox 2010 3387 2196 3436; x_wconf 90' lang='lat' dir='ltr'><strong>auctor</strong></span> 
     </span>
    </p>
   </div>
   <div class='ocr_carea' id='block_1_34' title="bbox 595 3471 2194 3547">
    <p class='ocr_par' dir='ltr' id='par_1_34' title="bbox 595 3471 2194 3547">
     <span class='ocr_line' id='line_1_34' title="bbox 595 3471 2194 3547; baseline -0.008 -9"><span class='ocrx_word' id='word_1_283' title='bbox 595 3488 687 3539; x_wconf 82' lang='lat' dir='ltr'><strong>est</strong></span> <span class='ocrx_word' id='word_1_284' title='bbox 715 3479 878 3547; x_wconf 84' lang='lat' dir='ltr'><strong>Deus,</strong></span> <span class='ocrx_word' id='word_1_285' title='bbox 908 3477 956 3533; x_wconf 87' lang='lat' dir='ltr'><strong>si</strong></span> <span class='ocrx_word' id='word_1_286' title='bbox 997 3489 1106 3532; x_wconf 85' lang='lat' dir='ltr'><strong>non</strong></span> <span class='ocrx_word' id='word_1_287' title='bbox 1134 3482 1220 3530; x_wconf 91' lang='lat' dir='ltr'><strong>est</strong></span> <span class='ocrx_word' id='word_1_288' title='bbox 1259 3472 1506 3528; x_wconf 83' lang='lat' dir='ltr'><strong>voluntas</strong></span> <span class='ocrx_word' id='word_1_289' title='bbox 1552 3473 1652 3528; x_wconf 90' lang='lat' dir='ltr'><strong>nisi</strong></span> <span class='ocrx_word' id='word_1_290' title='bbox 1679 3471 1748 3528; x_wconf 91' lang='lat' dir='ltr'><strong>ab</strong></span> <span class='ocrx_word' id='word_1_291' title='bbox 1777 3471 1870 3527; x_wconf 89' lang='lat' dir='ltr'><strong>illo</strong></span> <span class='ocrx_word' id='word_1_292' title='bbox 1897 3491 1914 3528; x_wconf 88' lang='lat'><strong>:</strong></span> <span class='ocrx_word' id='word_1_293' title='bbox 1943 3471 2194 3544; x_wconf 87' lang='lat' dir='ltr'><strong>quoniam</strong></span> 
     </span>
    </p>
   </div>
   <div class='ocr_carea' id='block_1_35' title="bbox 596 3562 2198 3638">
    <p class='ocr_par' dir='ltr' id='par_1_35' title="bbox 596 3562 2198 3638">
     <span class='ocr_line' id='line_1_35' title="bbox 596 3562 2198 3638; baseline -0.006 -10"><span class='ocrx_word' id='word_1_294' title='bbox 596 3571 744 3628; x_wconf 73' lang='lat' dir='ltr'><strong>mala</strong></span> <span class='ocrx_word' id='word_1_295' title='bbox 766 3569 1012 3626; x_wconf 84' lang='lat' dir='ltr'><strong>voluntas</strong></span> <span class='ocrx_word' id='word_1_296' title='bbox 1035 3567 1146 3638; x_wconf 87' lang='lat' dir='ltr'><strong>jam</strong></span> <span class='ocrx_word' id='word_1_297' title='bbox 1187 3563 1300 3621; x_wconf 87' lang='lat' dir='ltr'><strong>sola</strong></span> <span class='ocrx_word' id='word_1_298' title='bbox 1340 3573 1618 3634; x_wconf 84' lang='lat' dir='ltr'><strong>peccatum</strong></span> <span class='ocrx_word' id='word_1_299' title='bbox 1656 3572 1760 3630; x_wconf 88' lang='lat' dir='ltr'><strong>est,</strong></span> <span class='ocrx_word' id='word_1_300' title='bbox 1785 3565 1948 3620; x_wconf 85' lang='lat' dir='ltr'><strong>etiam</strong></span> <span class='ocrx_word' id='word_1_301' title='bbox 1988 3563 2036 3619; x_wconf 90' lang='lat' dir='ltr'><strong>si</strong></span> <span class='ocrx_word' id='word_1_302' title='bbox 2059 3562 2198 3620; x_wconf 88' lang='lat' dir='ltr'><strong>desit</strong></span> 
     </span>
    </p>
   </div>
   <div class='ocr_carea' id='block_1_36' title="bbox 605 3653 2196 3728">
    <p class='ocr_par' dir='ltr' id='par_1_36' title="bbox 605 3653 2196 3728">
     <span class='ocr_line' id='line_1_36' title="bbox 605 3653 2196 3728; baseline -0.006 -8"><span class='ocrx_word' id='word_1_303' title='bbox 605 3662 848 3728; x_wconf 73' lang='lat' dir='ltr'><strong>effectus,</strong></span> <span class='ocrx_word' id='word_1_304' title='bbox 879 3657 935 3716; x_wconf 90' lang='lat' dir='ltr'><strong>id</strong></span> <span class='ocrx_word' id='word_1_305' title='bbox 961 3668 1063 3726; x_wconf 86' lang='lat' dir='ltr'><strong>est,</strong></span> <span class='ocrx_word' id='word_1_306' title='bbox 1087 3658 1135 3712; x_wconf 88' lang='lat' dir='ltr'><strong>si</strong></span> <span class='ocrx_word' id='word_1_307' title='bbox 1163 3671 1270 3710; x_wconf 91' lang='lat' dir='ltr'><strong>non</strong></span> <span class='ocrx_word' id='word_1_308' title='bbox 1298 3653 1492 3711; x_wconf 84' lang='lat' dir='ltr'><strong>habeat</strong></span> <span class='ocrx_word' id='word_1_309' title='bbox 1516 3663 1857 3726; x_wconf 88' lang='lat' dir='ltr'><strong>potestatem.</strong></span> <span class='ocrx_word' id='word_1_310' title='bbox 1880 3655 2050 3711; x_wconf 87' lang='lat' dir='ltr'><strong>Porro</strong></span> <span class='ocrx_word' id='word_1_311' title='bbox 2073 3669 2196 3710; x_wconf 89' lang='lat' dir='ltr'><strong>eum</strong></span> 
     </span>
    </p>
   </div>
   <div class='ocr_carea' id='block_1_37' title="bbox 606 3735 2198 3820">
    <p class='ocr_par' dir='ltr' id='par_1_37' title="bbox 606 3735 2198 3820">
     <span class='ocr_line' id='line_1_37' title="bbox 606 3735 2198 3820; baseline -0.004 -12"><span class='ocrx_word' id='word_1_312' title='bbox 606 3755 852 3811; x_wconf 72' lang='lat' dir='ltr'><strong>voluntas</strong></span> <span class='ocrx_word' id='word_1_313' title='bbox 877 3749 1013 3806; x_wconf 84' lang='lat' dir='ltr'><strong>mala</strong></span> <span class='ocrx_word' id='word_1_314' title='bbox 1044 3735 1362 3820; x_wconf 84' lang='lat' dir='ltr'><strong>potestatem</strong></span> <span class='ocrx_word' id='word_1_315' title='bbox 1391 3747 1586 3816; x_wconf 91' lang='lat' dir='ltr'><strong>accipit</strong></span> <span class='ocrx_word' id='word_1_316' title='bbox 1611 3746 1834 3816; x_wconf 84' lang='lat' dir='ltr'><strong>implere</strong></span> <span class='ocrx_word' id='word_1_317' title='bbox 1855 3745 2001 3817; x_wconf 91' lang='lat' dir='ltr'><strong>quod</strong></span> <span class='ocrx_word' id='word_1_318' title='bbox 2025 3745 2198 3802; x_wconf 87' lang='lat' dir='ltr'><strong>inten-</strong></span> 
     </span>
    </p>
   </div>
   <div class='ocr_carea' id='block_1_38' title="bbox 606 3835 2196 3911">
    <p class='ocr_par' dir='ltr' id='par_1_38' title="bbox 606 3835 2196 3911">
     <span class='ocr_line' id='line_1_38' title="bbox 606 3835 2196 3911; baseline -0.006 -9"><span class='ocrx_word' id='word_1_319' title='bbox 606 3844 748 3910; x_wconf 68' lang='lat' dir='ltr'><strong>dit‘,</strong></span> <span class='ocrx_word' id='word_1_320' title='bbox 777 3857 843 3900; x_wconf 73' lang='lat' dir='ltr'><strong>ex</strong></span> <span class='ocrx_word' id='word_1_321' title='bbox 886 3839 1086 3911; x_wconf 73' lang='lat' dir='ltr'><strong>judicio</strong></span> <span class='ocrx_word' id='word_1_322' title='bbox 1127 3838 1222 3893; x_wconf 90' lang='lat' dir='ltr'><strong>Dei</strong></span> <span class='ocrx_word' id='word_1_323' title='bbox 1263 3837 1426 3904; x_wconf 83' lang='lat' dir='ltr'><strong>venit,</strong></span> <span class='ocrx_word' id='word_1_324' title='bbox 1458 3835 1600 3906; x_wconf 86' lang='lat' dir='ltr'><strong>apud</strong></span> <span class='ocrx_word' id='word_1_325' title='bbox 1627 3851 1786 3907; x_wconf 84' lang='lat' dir='ltr'><strong>quem</strong></span> <span class='ocrx_word' id='word_1_326' title='bbox 1829 3851 1936 3892; x_wconf 90' lang='lat' dir='ltr'><strong>non</strong></span> <span class='ocrx_word' id='word_1_327' title='bbox 1965 3845 2049 3894; x_wconf 90' lang='lat' dir='ltr'><strong>est</strong></span> <span class='ocrx_word' id='word_1_328' title='bbox 2092 3836 2196 3893; x_wconf 83' lang='lat' dir='ltr'><strong>ini-</strong></span> 
     </span>
    </p>
   </div>
   <div class='ocr_carea' id='block_1_39' title="bbox 608 3926 2196 4009">
    <p class='ocr_par' dir='ltr' id='par_1_39' title="bbox 608 3926 2196 4009">
     <span class='ocr_line' id='line_1_39' title="bbox 608 3926 2196 4009; baseline -0.009 -16"><span class='ocrx_word' id='word_1_329' title='bbox 608 3937 786 4009; x_wconf 82' lang='lat' dir='ltr'><strong>quitas</strong></span> <span class='ocrx_word' id='word_1_330' title='bbox 829 3933 1002 4005; x_wconf 81' lang='lat' dir='ltr'><strong>(Rom.</strong></span> <span class='ocrx_word' id='word_1_331' title='bbox 1031 3945 1105 3995; x_wconf 79' lang='lat' dir='ltr'><strong>ut,</strong></span> <span class='ocrx_word' id='word_1_332' title='bbox 1132 3927 1244 3999; x_wconf 66' lang='lat' dir='ltr'><strong>ib).</strong></span> <span class='ocrx_word' id='word_1_333' title='bbox 1285 3927 1446 3982; x_wconf 86' lang='lat' dir='ltr'><strong>Punit</strong></span> <span class='ocrx_word' id='word_1_334' title='bbox 1478 3927 1621 3983; x_wconf 88' lang='lat' dir='ltr'><strong>enim</strong></span> <span class='ocrx_word' id='word_1_335' title='bbox 1663 3927 1825 3982; x_wconf 86' lang='lat' dir='ltr'><strong>etiam</strong></span> <span class='ocrx_word' id='word_1_336' title='bbox 1867 3926 2196 3994; x_wconf 85' lang='lat' dir='ltr'><strong>istomodo;</strong></span> 
     </span>
    </p>
   </div>
   <div class='ocr_carea' id='block_1_40' title="bbox 612 4019 2200 4096">
    <p class='ocr_par' dir='ltr' id='par_1_40' title="bbox 612 4019 2200 4096">
     <span class='ocr_line' id='line_1_40' title="bbox 612 4019 2200 4096; baseline -0.005 -12"><span class='ocrx_word' id='word_1_337' title='bbox 612 4043 715 4086; x_wconf 84' lang='lat' dir='ltr'><strong>nec</strong></span> <span class='ocrx_word' id='word_1_338' title='bbox 737 4027 864 4084; x_wconf 87' lang='lat' dir='ltr'><strong>ideo</strong></span> <span class='ocrx_word' id='word_1_339' title='bbox 891 4023 1110 4096; x_wconf 83' lang='lat' dir='ltr'><strong>injuste,</strong></span> <span class='ocrx_word' id='word_1_340' title='bbox 1139 4022 1262 4094; x_wconf 87' lang='lat' dir='ltr'><strong>quia</strong></span> <span class='ocrx_word' id='word_1_341' title='bbox 1307 4021 1537 4076; x_wconf 85' lang='lat' dir='ltr'><strong>occulte.</strong></span> <span class='ocrx_word' id='word_1_342' title='bbox 1567 4019 1832 4077; x_wconf 72' lang='lat' dir='ltr'><strong>Cteterum</strong></span> <span class='ocrx_word' id='word_1_343' title='bbox 1863 4021 2075 4091; x_wconf 88' lang='lat' dir='ltr'><strong>iniquus</strong></span> <span class='ocrx_word' id='word_1_344' title='bbox 2101 4037 2200 4095; x_wconf 82' lang='lat' dir='ltr'><strong>pu-</strong></span> 
     </span>
    </p>
   </div>
   <div class='ocr_carea' id='block_1_41' title="bbox 610 4112 2202 4189">
    <p class='ocr_par' dir='ltr' id='par_1_41' title="bbox 610 4112 2202 4189">
     <span class='ocr_line' id='line_1_41' title="bbox 610 4112 2202 4189; baseline -0.006 -10"><span class='ocrx_word' id='word_1_345' title='bbox 610 4121 716 4179; x_wconf 75' lang='lat' dir='ltr'><strong>niri</strong></span> <span class='ocrx_word' id='word_1_346' title='bbox 755 4133 817 4176; x_wconf 83' lang='lat' dir='ltr'><strong>se</strong></span> <span class='ocrx_word' id='word_1_347' title='bbox 853 4117 1080 4189; x_wconf 66' lang='lat' dir='ltr'><strong>ignorat,</strong></span> <span class='ocrx_word' id='word_1_348' title='bbox 1124 4113 1228 4169; x_wconf 89' lang='lat' dir='ltr'><strong>nisi</strong></span> <span class='ocrx_word' id='word_1_349' title='bbox 1272 4119 1393 4168; x_wconf 84' lang='lat' dir='ltr'><strong>cum</strong></span> <span class='ocrx_word' id='word_1_350' title='bbox 1433 4112 1714 4168; x_wconf 87' lang='lat' dir='ltr'><strong>manifesto</strong></span> <span class='ocrx_word' id='word_1_351' title='bbox 1747 4113 2038 4184; x_wconf 64' lang='lat' dir='ltr'><strong>supplicio“</strong></span> <span class='ocrx_word' id='word_1_352' title='bbox 2080 4130 2202 4170; x_wconf 90' lang='lat' dir='ltr'><strong>sen-</strong></span> 
     </span>
    </p>
   </div>
   <div class='ocr_carea' id='block_1_42' title="bbox 611 4202 2202 4277">
    <p class='ocr_par' dir='ltr' id='par_1_42' title="bbox 611 4202 2202 4277">
     <span class='ocr_line' id='line_1_42' title="bbox 611 4202 2202 4277; baseline -0.005 -8"><span class='ocrx_word' id='word_1_353' title='bbox 611 4211 745 4269; x_wconf 82' lang='lat' dir='ltr'><strong>serit</strong></span> <span class='ocrx_word' id='word_1_354' title='bbox 773 4207 984 4275; x_wconf 88' lang='lat' dir='ltr'><strong>nolens,</strong></span> <span class='ocrx_word' id='word_1_355' title='bbox 1011 4213 1267 4277; x_wconf 86' lang='lat' dir='ltr'><strong>quantum</strong></span> <span class='ocrx_word' id='word_1_356' title='bbox 1297 4203 1424 4258; x_wconf 88' lang='lat' dir='ltr'><strong>mali</strong></span> <span class='ocrx_word' id='word_1_357' title='bbox 1462 4203 1533 4259; x_wconf 87' lang='lat' dir='ltr'><strong>sit</strong></span> <span class='ocrx_word' id='word_1_358' title='bbox 1559 4202 1702 4275; x_wconf 89' lang='lat' dir='ltr'><strong>quod</strong></span> <span class='ocrx_word' id='word_1_359' title='bbox 1743 4205 2071 4276; x_wconf 85' lang='lat' dir='ltr'><strong>perpetravit</strong></span> <span class='ocrx_word' id='word_1_360' title='bbox 2106 4221 2202 4261; x_wconf 86' lang='lat' dir='ltr'><strong>vo-</strong></span> 
     </span>
    </p>
   </div>
   <div class='ocr_carea' id='block_1_43' title="bbox 614 4293 2200 4368">
    <p class='ocr_par' dir='ltr' id='par_1_43' title="bbox 614 4293 2200 4368">
     <span class='ocr_line' id='line_1_43' title="bbox 614 4293 2200 4368; baseline -0.007 -7"><span class='ocrx_word' id='word_1_361' title='bbox 614 4306 754 4362; x_wconf 88' lang='lat' dir='ltr'><strong>lens.</strong></span> <span class='ocrx_word' id='word_1_362' title='bbox 802 4301 916 4356; x_wconf 91' lang='lat' dir='ltr'><strong>lloc</strong></span> <span class='ocrx_word' id='word_1_363' title='bbox 963 4307 1047 4354; x_wconf 90' lang='lat' dir='ltr'><strong>est</strong></span> <span class='ocrx_word' id='word_1_364' title='bbox 1085 4293 1230 4368; x_wconf 91' lang='lat' dir='ltr'><strong>quod</strong></span> <span class='ocrx_word' id='word_1_365' title='bbox 1273 4293 1344 4351; x_wconf 82' lang='lat' dir='ltr'><strong>de</strong></span> <span class='ocrx_word' id='word_1_366' title='bbox 1386 4293 1701 4365; x_wconf 87' lang='lat' dir='ltr'><strong>quibusdam</strong></span> <span class='ocrx_word' id='word_1_367' title='bbox 1762 4295 2050 4364; x_wconf 83' lang='lat' dir='ltr'><strong>Apostolus</strong></span> <span class='ocrx_word' id='word_1_368' title='bbox 2080 4297 2200 4352; x_wconf 91' lang='lat' dir='ltr'><strong>ait:</strong></span> 
     </span>
    </p>
   </div>
   <div class='ocr_carea' id='block_1_44' title="bbox 612 4386 2202 4456">
    <p class='ocr_par' dir='ltr' id='par_1_44' title="bbox 612 4386 2202 4456">
     <span class='ocr_line' id='line_1_44' title="bbox 612 4386 2202 4456; baseline -0.006 -6"><span class='ocrx_word' id='word_1_369' title='bbox 612 4393 850 4452; x_wconf 84' lang='lat' dir='ltr'><strong>Tradidit</strong></span> <span class='ocrx_word' id='word_1_370' title='bbox 879 4390 994 4446; x_wconf 88' lang='lat' dir='ltr'><strong>illos</strong></span> <span class='ocrx_word' id='word_1_371' title='bbox 1035 4387 1174 4444; x_wconf 82' lang='lat' dir='ltr'><strong>Deus</strong></span> <span class='ocrx_word' id='word_1_372' title='bbox 1211 4388 1266 4442; x_wconf 88' lang='lat' dir='ltr'><strong>in</strong></span> <span class='ocrx_word' id='word_1_373' title='bbox 1312 4386 1742 4456; x_wconf 82' lang='lat' dir='ltr'><strong>concupiscentias</strong></span> <span class='ocrx_word' id='word_1_374' title='bbox 1771 4387 1936 4442; x_wconf 86' lang='lat' dir='ltr'><strong>cordis</strong></span> <span class='ocrx_word' id='word_1_375' title='bbox 1973 4386 2202 4454; x_wconf 86' lang='lat' dir='ltr'><strong>illorum,</strong></span> 
     </span>
    </p>
   </div>
   <div class='ocr_carea' id='block_1_45' title="bbox 613 4477 2206 4559">
    <p class='ocr_par' dir='ltr' id='par_1_45' title="bbox 613 4477 2206 4559">
     <span class='ocr_line' id='line_1_45' title="bbox 613 4477 2206 4559; baseline -0.004 -17"><span class='ocrx_word' id='word_1_376' title='bbox 613 4497 670 4542; x_wconf 77' lang='lat' dir='ltr'><strong>ut</strong></span> <span class='ocrx_word' id='word_1_377' title='bbox 713 4487 905 4559; x_wconf 78' lang='lat' dir='ltr'><strong>faciant</strong></span> <span class='ocrx_word' id='word_1_378' title='bbox 945 4497 1059 4553; x_wconf 68' lang='lat' dir='ltr'><strong>qua</strong></span> <span class='ocrx_word' id='word_1_379' title='bbox 1107 4496 1210 4534; x_wconf 87' lang='lat' dir='ltr'><strong>non</strong></span> <span class='ocrx_word' id='word_1_380' title='bbox 1259 4477 1556 4534; x_wconf 81' lang='lat' dir='ltr'><strong>conveniunt</strong></span> <span class='ocrx_word' id='word_1_381' title='bbox 1607 4477 1718 4548; x_wconf 83' lang='lat' dir='ltr'><strong>(Id.</strong></span> <span class='ocrx_word' id='word_1_382' title='bbox 1773 4493 1813 4544; x_wconf 93' lang='grc' dir='ltr'><strong>ι,</strong></span> <span class='ocrx_word' id='word_1_383' title='bbox 1839 4478 1954 4550; x_wconf 67' lang='grc'>2-1).</span> <span class='ocrx_word' id='word_1_384' title='bbox 1989 4478 2126 4536; x_wconf 80' lang='lat' dir='ltr'><strong>llinc</strong></span> <span class='ocrx_word' id='word_1_385' title='bbox 2149 4490 2206 4536; x_wconf 85' lang='lat' dir='ltr'><strong>et</strong></span> 
     </span>
    </p>
   </div>
   <div class='ocr_carea' id='block_1_46' title="bbox 617 4569 2204 4640">
    <p class='ocr_par' dir='ltr' id='par_1_46' title="bbox 617 4569 2204 4640">
     <span class='ocr_line' id='line_1_46' title="bbox 617 4569 2204 4640; baseline -0.007 -5"><span class='ocrx_word' id='word_1_386' title='bbox 617 4578 874 4635; x_wconf 86' lang='lat' dir='ltr'><strong>Dominus</strong></span> <span class='ocrx_word' id='word_1_387' title='bbox 931 4573 1140 4629; x_wconf 78' lang='lat' dir='ltr'><strong>Pilato:</strong></span> <span class='ocrx_word' id='word_1_388' title='bbox 1175 4569 1298 4625; x_wconf 84' lang='lat' dir='ltr'><strong>Non</strong></span> <span class='ocrx_word' id='word_1_389' title='bbox 1324 4570 1530 4624; x_wconf 76' lang='lat' dir='ltr'><strong>haberes</strong></span> <span class='ocrx_word' id='word_1_390' title='bbox 1557 4571 1608 4623; x_wconf 83' lang='lat' dir='ltr'><strong>in</strong></span> <span class='ocrx_word' id='word_1_391' title='bbox 1638 4586 1735 4638; x_wconf 82' lang='lat' dir='ltr'><strong>me,</strong></span> <span class='ocrx_word' id='word_1_392' title='bbox 1761 4571 1950 4640; x_wconf 85' lang='lat' dir='ltr'><strong>inquit,</strong></span> <span class='ocrx_word' id='word_1_393' title='bbox 1983 4581 2204 4640; x_wconf 85' lang='lat' dir='ltr'><strong>potesta-</strong></span> 
     </span>
    </p>
   </div>
   <div class='ocr_carea' id='block_1_47' title="bbox 613 4659 2208 4738">
    <p class='ocr_par' dir='ltr' id='par_1_47' title="bbox 613 4659 2208 4738">
     <span class='ocr_line' id='line_1_47' title="bbox 613 4659 2208 4738; baseline -0.009 -11"><span class='ocrx_word' id='word_1_394' title='bbox 613 4684 740 4738; x_wconf 85' lang='lat' dir='ltr'><strong>tem,</strong></span> <span class='ocrx_word' id='word_1_395' title='bbox 799 4669 899 4724; x_wconf 82' lang='lat' dir='ltr'><strong>nisi</strong></span> <span class='ocrx_word' id='word_1_396' title='bbox 941 4665 1062 4722; x_wconf 89' lang='lat' dir='ltr'><strong>data</strong></span> <span class='ocrx_word' id='word_1_397' title='bbox 1089 4673 1215 4719; x_wconf 82' lang='lat' dir='ltr'><strong>esset</strong></span> <span class='ocrx_word' id='word_1_398' title='bbox 1237 4661 1327 4716; x_wconf 86' lang='lat' dir='ltr'><strong>tibi</strong></span> <span class='ocrx_word' id='word_1_399' title='bbox 1354 4661 1566 4731; x_wconf 76' lang='lat' dir='ltr'><strong>desuper</strong></span> <span class='ocrx_word' id='word_1_400' title='bbox 1591 4659 1770 4735; x_wconf 84' lang='lat' dir='ltr'><strong>(Joan.</strong></span> <span class='ocrx_word' id='word_1_401' title='bbox 1802 4678 1917 4728; x_wconf 72' lang='lat' dir='ltr'><strong>XII,</strong></span> <span class='ocrx_word' id='word_1_402' title='bbox 1950 4663 2063 4734; x_wconf 78' lang='lat' dir='ltr'><strong>it).</strong></span> <span class='ocrx_word' id='word_1_403' title='bbox 2101 4661 2208 4718; x_wconf 83' lang='lat' dir='ltr'><strong>Sed</strong></span> 
     </span>
    </p>
   </div>
   <div class='ocr_carea' id='block_1_48' title="bbox 615 4753 2210 4832">
    <p class='ocr_par' dir='ltr' id='par_1_48' title="bbox 615 4753 2210 4832">
     <span class='ocr_line' id='line_1_48' title="bbox 615 4753 2210 4832; baseline -0.008 -12"><span class='ocrx_word' id='word_1_404' title='bbox 615 4779 736 4820; x_wconf 86' lang='lat' dir='ltr'><strong>cum</strong></span> <span class='ocrx_word' id='word_1_405' title='bbox 768 4769 1006 4832; x_wconf 77' lang='lat' dir='ltr'><strong>poteStas</strong></span> <span class='ocrx_word' id='word_1_406' title='bbox 1033 4755 1213 4818; x_wconf 89' lang='lat' dir='ltr'><strong>datur,</strong></span> <span class='ocrx_word' id='word_1_407' title='bbox 1261 4767 1366 4808; x_wconf 91' lang='lat' dir='ltr'><strong>non</strong></span> <span class='ocrx_word' id='word_1_408' title='bbox 1412 4753 1704 4808; x_wconf 81' lang='lat' dir='ltr'><strong>necessitas</strong></span> <span class='ocrx_word' id='word_1_409' title='bbox 1755 4756 1936 4822; x_wconf 87' lang='lat' dir='ltr'><strong>utique</strong></span> <span class='ocrx_word' id='word_1_410' title='bbox 1980 4753 2210 4822; x_wconf 89' lang='lat' dir='ltr'><strong>imponi-</strong></span> 
     </span>
    </p>
   </div>
   <div class='ocr_carea' id='block_1_49' title="bbox 618 4843 2211 4914">
    <p class='ocr_par' dir='ltr' id='par_1_49' title="bbox 618 4843 2211 4914">
     <span class='ocr_line' id='line_1_49' title="bbox 618 4843 2211 4914; baseline -0.009 -2"><span class='ocrx_word' id='word_1_411' title='bbox 618 4869 722 4912; x_wconf 88' lang='lat' dir='ltr'><strong>tur.</strong></span> <span class='ocrx_word' id='word_1_412' title='bbox 749 4853 903 4911; x_wconf 87' lang='lat' dir='ltr'><strong>Unde</strong></span> <span class='ocrx_word' id='word_1_413' title='bbox 929 4867 1048 4906; x_wconf 85' lang='lat' dir='ltr'><strong>cmn</strong></span> <span class='ocrx_word' id='word_1_414' title='bbox 1077 4845 1256 4904; x_wconf 86' lang='lat' dir='ltr'><strong>David</strong></span> <span class='ocrx_word' id='word_1_415' title='bbox 1275 4845 1454 4902; x_wconf 71' lang='lat' dir='ltr'><strong>Saulis</strong></span> <span class='ocrx_word' id='word_1_416' title='bbox 1482 4843 1756 4899; x_wconf 84' lang='lat' dir='ltr'><strong>occidendi</strong></span> <span class='ocrx_word' id='word_1_417' title='bbox 1781 4852 2098 4914; x_wconf 84' lang='lat' dir='ltr'><strong>potestatem</strong></span> <span class='ocrx_word' id='word_1_418' title='bbox 2123 4859 2211 4900; x_wconf 89' lang='lat' dir='ltr'><strong>ac-</strong></span> 
     </span>
    </p>
   </div>
   <div class='ocr_carea' id='block_1_50' title="bbox 618 4934 2212 5016">
    <p class='ocr_par' dir='ltr' id='par_1_50' title="bbox 618 4934 2212 5016">
     <span class='ocr_line' id='line_1_50' title="bbox 618 4934 2212 5016; baseline -0.006 -16"><span class='ocrx_word' id='word_1_419' title='bbox 618 4947 888 5016; x_wconf 84' lang='lat' dir='ltr'><strong>cepisset,</strong></span> <span class='ocrx_word' id='word_1_420' title='bbox 919 4942 1104 4996; x_wconf 71' lang='lat' dir='ltr'><strong>ntaluit</strong></span> <span class='ocrx_word' id='word_1_421' title='bbox 1140 4952 1380 5010; x_wconf 80' lang='lat' dir='ltr'><strong>parcere,</strong></span> <span class='ocrx_word' id='word_1_422' title='bbox 1423 4951 1581 5006; x_wconf 84' lang='lat' dir='ltr'><strong>quam</strong></span> <span class='ocrx_word' id='word_1_423' title='bbox 1615 4934 1776 4991; x_wconf 82' lang='lat' dir='ltr'><strong>ferire</strong></span> <span class='ocrx_word' id='word_1_424' title='bbox 1827 4935 1871 5006; x_wconf 93' lang='lat' dir='ltr'><strong>(l</strong></span> <span class='ocrx_word' id='word_1_425' title='bbox 1915 4935 2047 5007; x_wconf 88' lang='lat' dir='ltr'><strong>Reg.</strong></span> <span class='ocrx_word' id='word_1_426' title='bbox 2084 4951 2212 4990; x_wconf 76' lang='lat' dir='ltr'><strong>xxiv</strong></span> 
     </span>
    </p>
   </div>
   <div class='ocr_carea' id='block_1_51' title="bbox 631 5031 2214 5106">
    <p class='ocr_par' dir='ltr' id='par_1_51' title="bbox 631 5031 2214 5106">
     <span class='ocr_line' id='line_1_51' title="bbox 631 5031 2214 5106; baseline -0.006 -14"><span class='ocrx_word' id='word_1_427' title='bbox 631 5051 675 5092; x_wconf 82' lang='lat' dir='ltr'><strong>et</strong></span> <span class='ocrx_word' id='word_1_428' title='bbox 707 5039 880 5106; x_wconf 72' lang='lat' dir='ltr'><strong>xxvi).</strong></span> <span class='ocrx_word' id='word_1_429' title='bbox 920 5034 1074 5090; x_wconf 85' lang='lat' dir='ltr'><strong>Unde</strong></span> <span class='ocrx_word' id='word_1_430' title='bbox 1121 5031 1462 5100; x_wconf 76' lang='lat' dir='ltr'><strong>intelligimus</strong></span> <span class='ocrx_word' id='word_1_431' title='bbox 1490 5031 1661 5084; x_wconf 88' lang='lat' dir='ltr'><strong>malos</strong></span> <span class='ocrx_word' id='word_1_432' title='bbox 1707 5031 1950 5100; x_wconf 86' lang='lat' dir='ltr'><strong>accipere</strong></span> <span class='ocrx_word' id='word_1_433' title='bbox 1993 5039 2214 5098; x_wconf 80' lang='lat' dir='ltr'><strong>potesta-</strong></span> 
     </span>
    </p>
   </div>
   <div class='ocr_carea' id='block_1_52' title="bbox 623 5122 2212 5190">
    <p class='ocr_par' dir='ltr' id='par_1_52' title="bbox 623 5122 2212 5190">
     <span class='ocr_line' id='line_1_52' title="bbox 623 5122 2212 5190; baseline -0.006 -6"><span class='ocrx_word' id='word_1_434' title='bbox 623 5139 732 5186; x_wconf 89' lang='lat' dir='ltr'><strong>tem</strong></span> <span class='ocrx_word' id='word_1_435' title='bbox 759 5127 828 5182; x_wconf 90' lang='lat' dir='ltr'><strong>ad</strong></span> <span class='ocrx_word' id='word_1_436' title='bbox 873 5125 1268 5182; x_wconf 83' lang='lat' dir='ltr'><strong>damnationem</strong></span> <span class='ocrx_word' id='word_1_437' title='bbox 1319 5124 1474 5176; x_wconf 73' lang='lat' dir='ltr'><strong>mala:</strong></span> <span class='ocrx_word' id='word_1_438' title='bbox 1519 5123 1808 5177; x_wconf 80' lang='lat' dir='ltr'><strong>voluntatis</strong></span> <span class='ocrx_word' id='word_1_439' title='bbox 1858 5137 1992 5190; x_wconf 74' lang='lat' dir='ltr'><strong>sum,</strong></span> <span class='ocrx_word' id='word_1_440' title='bbox 2043 5122 2212 5177; x_wconf 82' lang='lat' dir='ltr'><strong>bonos</strong></span> 
     </span>
    </p>
   </div>
   <div class='ocr_carea' id='block_1_53' title="bbox 624 5214 1962 5287">
    <p class='ocr_par' dir='ltr' id='par_1_53' title="bbox 624 5214 1962 5287">
     <span class='ocr_line' id='line_1_53' title="bbox 624 5214 1962 5287; baseline -0.007 -9"><span class='ocrx_word' id='word_1_441' title='bbox 624 5229 800 5278; x_wconf 69' lang='lat' dir='ltr'><strong>autem</strong></span> <span class='ocrx_word' id='word_1_442' title='bbox 829 5217 898 5274; x_wconf 88' lang='lat' dir='ltr'><strong>ad</strong></span> <span class='ocrx_word' id='word_1_443' title='bbox 922 5214 1288 5287; x_wconf 83' lang='lat' dir='ltr'><strong>probationem</strong></span> <span class='ocrx_word' id='word_1_444' title='bbox 1314 5214 1468 5268; x_wconf 74' lang='lat' dir='ltr'><strong>bona:</strong></span> <span class='ocrx_word' id='word_1_445' title='bbox 1497 5215 1790 5270; x_wconf 87' lang='lat' dir='ltr'><strong>voluntatis</strong></span> <span class='ocrx_word' id='word_1_446' title='bbox 1828 5229 1962 5268; x_wconf 82' lang='lat' dir='ltr'><strong>suae.</strong></span> 
     </span>
    </p>
   </div>
   <div class='ocr_carea' id='block_1_54' title="bbox 697 5305 2214 5385">
    <p class='ocr_par' dir='ltr' id='par_1_54' title="bbox 697 5305 2214 5385">
     <span class='ocr_line' id='line_1_54' title="bbox 697 5305 2214 5385; baseline -0.004 -16"><span class='ocrx_word' id='word_1_447' title='bbox 697 5309 927 5370; x_wconf 80' lang='lat' dir='ltr'><strong>CAPUT</strong></span> <span class='ocrx_word' id='word_1_448' title='bbox 957 5307 1262 5364; x_wconf 72' lang='lat' dir='ltr'><strong>XXXli.—</strong></span> <span class='ocrx_word' id='word_1_449' title='bbox 1300 5307 1390 5362; x_wconf 75' lang='lat'><strong>55.</strong></span> <span class='ocrx_word' id='word_1_450' title='bbox 1419 5306 1546 5371; x_wconf 80' lang='lat' dir='ltr'><strong>Qua:</strong></span> <span class='ocrx_word' id='word_1_451' title='bbox 1584 5307 1711 5376; x_wconf 81' lang='lat' dir='ltr'><strong>ﬁdes</strong></span> <span class='ocrx_word' id='word_1_452' title='bbox 1740 5307 2032 5385; x_wconf 76' lang='lat' dir='ltr'><strong>laudanda.</strong></span> <span class='ocrx_word' id='word_1_453' title='bbox 2078 5305 2214 5363; x_wconf 87' lang='lat' dir='ltr'><strong>Cum</strong></span> 
     </span>
    </p>
   </div>
   <div class='ocr_carea' id='block_1_55' title="bbox 691 5420 2058 5490">
    <p class='ocr_par' dir='ltr' id='par_1_55' title="bbox 691 5420 2058 5490">
     <span class='ocr_line' id='line_1_55' title="bbox 691 5420 2058 5490; baseline -0.004 -13"><span class='ocrx_word' id='word_1_454' title='bbox 691 5431 712 5463; x_wconf 70' lang='grc' dir='ltr'><strong>ι</strong></span> <span class='ocrx_word' id='word_1_455' title='bbox 743 5434 794 5477; x_wconf 75' lang='grc' dir='ltr'>ω</span> <span class='ocrx_word' id='word_1_456' title='bbox 813 5425 1006 5477; x_wconf 88' lang='lat' dir='ltr'><strong>duobus</strong></span> <span class='ocrx_word' id='word_1_457' title='bbox 1025 5421 1366 5490; x_wconf 77' lang='lat' dir='ltr'><strong>manuscriptis</strong></span> <span class='ocrx_word' id='word_1_458' title='bbox 1385 5421 1622 5472; x_wconf 70' lang='lat' dir='ltr'><strong>Vaticanis</strong></span> <span class='ocrx_word' id='word_1_459' title='bbox 1641 5420 1804 5483; x_wconf 88' lang='lat' dir='ltr'><strong>deest,</strong></span> <span class='ocrx_word' id='word_1_460' title='bbox 1828 5421 2058 5486; x_wconf 78' lang='lat' dir='ltr'><strong>faciendi.</strong></span> 
     </span>
    </p>
   </div>
   <div class='ocr_carea' id='block_1_56' title="bbox 689 5489 1307 5552">
    <p class='ocr_par' dir='ltr' id='par_1_56' title="bbox 689 5489 1307 5552">
     <span class='ocr_line' id='line_1_56' title="bbox 689 5489 1307 5552; baseline -0.019 -12"><span class='ocrx_word' id='word_1_461' title='bbox 689 5491 713 5524; x_wconf 72' lang='grc'><strong><em>³</em></strong></span> <span class='ocrx_word' id='word_1_462' title='bbox 747 5490 880 5552; x_wconf 77' lang='lat' dir='ltr'><strong>Apud</strong></span> <span class='ocrx_word' id='word_1_463' title='bbox 900 5493 1035 5545; x_wconf 78' lang='lat' dir='ltr'><strong>Lov.,</strong></span> <span class='ocrx_word' id='word_1_464' title='bbox 1057 5489 1307 5552; x_wconf 55' lang='lat' dir='ltr'><strong>pT‘Oﬂllllii.</strong></span> 
     </span>
    </p>
   </div>
   <div class='ocr_carea' id='block_1_57' title="bbox 691 5541 2222 5606">
    <p class='ocr_par' dir='ltr' id='par_1_57' title="bbox 691 5541 2222 5606">
     <span class='ocr_line' id='line_1_57' title="bbox 691 5541 2222 5606; baseline -0.005 -4"><span class='ocrx_word' id='word_1_465' title='bbox 691 5553 714 5586; x_wconf 85' lang='grc'><strong><em>³</em></strong></span> <span class='ocrx_word' id='word_1_466' title='bbox 745 5541 877 5602; x_wconf 58' lang='lat' dir='ltr'><strong>Leve</strong></span> <span class='ocrx_word' id='word_1_467' title='bbox 905 5541 1092 5599; x_wconf 47' lang='lat' dir='ltr'><strong>Nam&#39;e&#39;t</strong></span> <span class='ocrx_word' id='word_1_468' title='bbox 1115 5542 1203 5593; x_wconf 86' lang='lat' dir='ltr'><strong>hoc</strong></span> <span class='ocrx_word' id='word_1_469' title='bbox 1241 5549 1292 5592; x_wconf 84' lang='lat' dir='ltr'><strong>ut</strong></span> <span class='ocrx_word' id='word_1_470' title='bbox 1331 5541 1606 5606; x_wconf 79' lang='lat' dir='ltr'><strong>rredanzns.</strong></span> <span class='ocrx_word' id='word_1_471' title='bbox 1644 5544 1808 5604; x_wconf 76' lang='lat' dir='ltr'><strong>Abest,</strong></span> <span class='ocrx_word' id='word_1_472' title='bbox 1849 5548 1954 5606; x_wconf 80' lang='lat' dir='ltr'><strong>hoc,</strong></span> <span class='ocrx_word' id='word_1_473' title='bbox 1979 5547 2040 5597; x_wconf 87' lang='lat' dir='ltr'><strong>ab</strong></span> <span class='ocrx_word' id='word_1_474' title='bbox 2077 5547 2222 5598; x_wconf 84' lang='lat' dir='ltr'><strong>editis</strong></span> 
     </span>
    </p>
   </div>
   <div class='ocr_carea' id='block_1_58' title="bbox 633 5605 2223 5672">
    <p class='ocr_par' dir='ltr' id='par_1_58' title="bbox 633 5605 2223 5672">
     <span class='ocr_line' id='line_1_58' title="bbox 633 5605 2223 5672; baseline 0 -14"><span class='ocrx_word' id='word_1_475' title='bbox 633 5625 732 5664; x_wconf 68' lang='lat' dir='ltr'><strong>itm.</strong></span> <span class='ocrx_word' id='word_1_476' title='bbox 759 5620 813 5664; x_wconf 78' lang='lat' dir='ltr'><strong>et</strong></span> <span class='ocrx_word' id='word_1_477' title='bbox 827 5618 903 5660; x_wconf 86' lang='lat' dir='ltr'><strong>Er.</strong></span> <span class='ocrx_word' id='word_1_478' title='bbox 929 5618 1120 5658; x_wconf 88' lang='lat' dir='ltr'><strong>necnon</strong></span> <span class='ocrx_word' id='word_1_479' title='bbox 1143 5605 1527 5672; x_wconf 71' lang='lat' dir='ltr'><strong>amantiscriptis</strong></span> <span class='ocrx_word' id='word_1_480' title='bbox 1549 5606 1764 5672; x_wconf 83' lang='lat' dir='ltr'><strong>quinque</strong></span> <span class='ocrx_word' id='word_1_481' title='bbox 1790 5605 2040 5672; x_wconf 68' lang='lat' dir='ltr'><strong>Vaticanis,</strong></span> <span class='ocrx_word' id='word_1_482' title='bbox 2067 5623 2094 5658; x_wconf 92' lang='lat' dir='ltr'><strong>a</strong></span> <span class='ocrx_word' id='word_1_483' title='bbox 2122 5613 2223 5660; x_wconf 71' lang='lat' dir='ltr'><strong>Pct-</strong></span> 
     </span>
    </p>
   </div>
   <div class='ocr_carea' id='block_1_59' title="bbox 632 5667 1694 5739">
    <p class='ocr_par' dir='ltr' id='par_1_59' title="bbox 632 5667 1694 5739">
     <span class='ocr_line' id='line_1_59' title="bbox 632 5667 1694 5739; baseline -0.009 -13"><span class='ocrx_word' id='word_1_484' title='bbox 632 5675 752 5739; x_wconf 69' lang='lat' dir='ltr'><strong>glcis</strong></span> <span class='ocrx_word' id='word_1_485' title='bbox 777 5674 984 5739; x_wconf 83' lang='lat' dir='ltr'><strong>duobus,</strong></span> <span class='ocrx_word' id='word_1_486' title='bbox 1011 5674 1062 5719; x_wconf 88' lang='lat' dir='ltr'><strong>et</strong></span> <span class='ocrx_word' id='word_1_487' title='bbox 1078 5667 1430 5739; x_wconf 57' lang='lat' dir='ltr'><strong>Gallicisqmope</strong></span> <span class='ocrx_word' id='word_1_488' title='bbox 1449 5667 1694 5739; x_wconf 43' lang='lat' dir='ltr'><strong>filiifilii-its.</strong></span> 
     </span>
    </p>
   </div>
   <div class='ocr_carea' id='block_1_60' title="bbox 695 5727 1723 5797">
    <p class='ocr_par' dir='ltr' id='par_1_60' title="bbox 695 5727 1723 5797">
     <span class='ocr_line' id='line_1_60' title="bbox 695 5727 1723 5797; baseline 0.002 -20"><span class='ocrx_word' id='word_1_489' title='bbox 695 5741 719 5769; x_wconf 71' lang='grc' dir='ltr'>δ</span> <span class='ocrx_word' id='word_1_490' title='bbox 749 5741 819 5786; x_wconf 68' lang='grc' dir='ltr'>ιιι</span> <span class='ocrx_word' id='word_1_491' title='bbox 841 5727 1008 5797; x_wconf 65' lang='lat' dir='ltr'><strong>ptui-es</strong></span> <span class='ocrx_word' id='word_1_492' title='bbox 1033 5727 1723 5797; x_wconf 40' lang='lat' dir='ltr'><strong>stss._t:ditiverm-intenditur.</strong></span> 
     </span>
    </p>
   </div>
   <div class='ocr_carea' id='block_1_61' title="bbox 695 5788 1552 5851">
    <p class='ocr_par' dir='ltr' id='par_1_61' title="bbox 695 5788 1552 5851">
     <span class='ocr_line' id='line_1_61' title="bbox 695 5788 1552 5851; baseline -0.012 -4"><span class='ocrx_word' id='word_1_493' title='bbox 695 5798 717 5833; x_wconf 77' lang='grc'><strong><em>⁵</em></strong></span> <span class='ocrx_word' id='word_1_494' title='bbox 751 5788 856 5847; x_wconf 72' lang='lat' dir='ltr'><strong>Oud</strong></span> <span class='ocrx_word' id='word_1_495' title='bbox 871 5808 938 5846; x_wconf 77' lang='lat' dir='ltr'><strong>es</strong></span> <span class='ocrx_word' id='word_1_496' title='bbox 951 5791 1185 5844; x_wconf 72' lang='lat' dir='ltr'><strong>Vaticanis</strong></span> <span class='ocrx_word' id='word_1_497' title='bbox 1204 5796 1326 5851; x_wconf 63' lang='lat' dir='ltr'><strong>Mss,</strong></span> <span class='ocrx_word' id='word_1_498' title='bbox 1345 5788 1552 5850; x_wconf 77' lang='lat' dir='ltr'><strong>judicio.</strong></span> 
     </span>
    </p>
   </div>
   <div class='ocr_carea' id='block_1_62' title="bbox 1507 329 2890 397">
    <p class='ocr_par' dir='ltr' id='par_1_62' title="bbox 1507 329 2890 397">
     <span class='ocr_line' id='line_1_62' title="bbox 1507 329 2890 397; baseline -0.007 -2"><span class='ocrx_word' id='word_1_499' title='bbox 1507 341 1593 395; x_wconf 79' lang='lat' dir='ltr'><strong>DE</strong></span> <span class='ocrx_word' id='word_1_500' title='bbox 1631 337 1895 394; x_wconf 73' lang='lat' dir='ltr'><strong>Sl‘llil&#39;l‘U</strong></span> <span class='ocrx_word' id='word_1_501' title='bbox 1940 338 2027 390; x_wconf 78' lang='lat' dir='ltr'><strong>ET</strong></span> <span class='ocrx_word' id='word_1_502' title='bbox 2069 331 2386 397; x_wconf 72' lang='lat' dir='ltr'><strong>LITTERA,</strong></span> <span class='ocrx_word' id='word_1_503' title='bbox 2426 330 2483 386; x_wconf 86' lang='lat' dir='ltr'><strong>S.</strong></span> <span class='ocrx_word' id='word_1_504' title='bbox 2525 329 2890 387; x_wconf 76' lang='lat' dir='ltr'><strong>AUGUSTINI</strong></span> 
     </span>
    </p>
   </div>
   <div class='ocr_carea' id='block_1_63' title="bbox 3749 330 3862 389">
    <p class='ocr_par' dir='ltr' id='par_1_63' title="bbox 3749 330 3862 389">
     <span class='ocr_line' id='line_1_63' title="bbox 3749 330 3862 389; baseline 0.035 -4"><span class='ocrx_word' id='word_1_505' title='bbox 3749 330 3862 389; x_wconf 65' lang='lat'><strong>3&#39;56</strong></span> 
     </span>
    </p>
   </div>
   <div class='ocr_carea' id='block_1_64' title="bbox 2274 440 3863 515">
    <p class='ocr_par' dir='ltr' id='par_1_64' title="bbox 2274 440 3863 515">
     <span class='ocr_line' id='line_1_64' title="bbox 2274 440 3863 515; baseline 0.001 -17"><span class='ocrx_word' id='word_1_506' title='bbox 2274 457 2402 512; x_wconf 83' lang='lat' dir='ltr'><strong>ergo</strong></span> <span class='ocrx_word' id='word_1_507' title='bbox 2425 441 2558 498; x_wconf 84' lang='lat' dir='ltr'><strong>ﬁdes</strong></span> <span class='ocrx_word' id='word_1_508' title='bbox 2588 443 2638 497; x_wconf 92' lang='lat' dir='ltr'><strong>in</strong></span> <span class='ocrx_word' id='word_1_509' title='bbox 2669 450 2930 514; x_wconf 86' lang='lat' dir='ltr'><strong>potestate</strong></span> <span class='ocrx_word' id='word_1_510' title='bbox 2956 440 3045 508; x_wconf 89' lang='lat' dir='ltr'><strong>sit,</strong></span> <span class='ocrx_word' id='word_1_511' title='bbox 3075 441 3324 512; x_wconf 88' lang='lat' dir='ltr'><strong>quoniam</strong></span> <span class='ocrx_word' id='word_1_512' title='bbox 3347 457 3467 498; x_wconf 93' lang='lat' dir='ltr'><strong>cum</strong></span> <span class='ocrx_word' id='word_1_513' title='bbox 3499 443 3612 497; x_wconf 90' lang='lat' dir='ltr'><strong>vult</strong></span> <span class='ocrx_word' id='word_1_514' title='bbox 3631 444 3863 515; x_wconf 82' lang='lat' dir='ltr'><strong>quisque</strong></span> 
     </span>
    </p>
   </div>
   <div class='ocr_carea' id='block_1_65' title="bbox 2273 531 3868 606">
    <p class='ocr_par' dir='ltr' id='par_1_65' title="bbox 2273 531 3868 606">
     <span class='ocr_line' id='line_1_65' title="bbox 2273 531 3868 606; baseline 0.002 -19"><span class='ocrx_word' id='word_1_515' title='bbox 2273 533 2477 599; x_wconf 82' lang='lat' dir='ltr'><strong>credit;</strong></span> <span class='ocrx_word' id='word_1_516' title='bbox 2511 540 2566 588; x_wconf 91' lang='lat' dir='ltr'><strong>et</strong></span> <span class='ocrx_word' id='word_1_517' title='bbox 2605 547 2726 588; x_wconf 91' lang='lat' dir='ltr'><strong>cum</strong></span> <span class='ocrx_word' id='word_1_518' title='bbox 2767 531 2966 600; x_wconf 90' lang='lat' dir='ltr'><strong>credit,</strong></span> <span class='ocrx_word' id='word_1_519' title='bbox 3021 533 3208 588; x_wconf 89' lang='lat' dir='ltr'><strong>volens</strong></span> <span class='ocrx_word' id='word_1_520' title='bbox 3251 533 3441 600; x_wconf 88' lang='lat' dir='ltr'><strong>credit,</strong></span> <span class='ocrx_word' id='word_1_521' title='bbox 3469 533 3664 590; x_wconf 87' lang='lat' dir='ltr'><strong>deinde</strong></span> <span class='ocrx_word' id='word_1_522' title='bbox 3711 550 3868 606; x_wconf 80' lang='lat' dir='ltr'><strong>qua:-</strong></span> 
     </span>
    </p>
   </div>
   <div class='ocr_carea' id='block_1_66' title="bbox 2275 625 3872 697">
    <p class='ocr_par' dir='ltr' id='par_1_66' title="bbox 2275 625 3872 697">
     <span class='ocr_line' id='line_1_66' title="bbox 2275 625 3872 697; baseline 0.003 -17"><span class='ocrx_word' id='word_1_523' title='bbox 2275 625 2501 681; x_wconf 91' lang='lat' dir='ltr'><strong>rendum</strong></span> <span class='ocrx_word' id='word_1_524' title='bbox 2533 636 2635 692; x_wconf 90' lang='lat' dir='ltr'><strong>est,</strong></span> <span class='ocrx_word' id='word_1_525' title='bbox 2661 625 2769 680; x_wconf 90' lang='lat' dir='ltr'><strong>imo</strong></span> <span class='ocrx_word' id='word_1_526' title='bbox 2795 625 3164 691; x_wconf 87' lang='lat' dir='ltr'><strong>recolendum,</strong></span> <span class='ocrx_word' id='word_1_527' title='bbox 3193 643 3349 697; x_wconf 88' lang='lat' dir='ltr'><strong>quam</strong></span> <span class='ocrx_word' id='word_1_528' title='bbox 3385 628 3540 682; x_wconf 88' lang='lat' dir='ltr'><strong>ﬁdem</strong></span> <span class='ocrx_word' id='word_1_529' title='bbox 3566 639 3709 684; x_wconf 89' lang='lat' dir='ltr'><strong>tanta</strong></span> <span class='ocrx_word' id='word_1_530' title='bbox 3734 644 3872 684; x_wconf 91' lang='lat' dir='ltr'><strong>con--</strong></span> 
     </span>
    </p>
   </div>
   <div class='ocr_carea' id='block_1_67' title="bbox 2282 717 3862 792">
    <p class='ocr_par' dir='ltr' id='par_1_67' title="bbox 2282 717 3862 792">
     <span class='ocr_line' id='line_1_67' title="bbox 2282 717 3862 792; baseline 0.002 -19"><span class='ocrx_word' id='word_1_531' title='bbox 2282 717 2570 773; x_wconf 86' lang='lat' dir='ltr'><strong>ﬁictatione</strong></span> <span class='ocrx_word' id='word_1_532' title='bbox 2611 717 2952 774; x_wconf 88' lang='lat' dir='ltr'><strong>commendet</strong></span> <span class='ocrx_word' id='word_1_533' title='bbox 2991 717 3298 790; x_wconf 84' lang='lat' dir='ltr'><strong>Apostolus.</strong></span> <span class='ocrx_word' id='word_1_534' title='bbox 3343 720 3460 775; x_wconf 84' lang='lat' dir='ltr'><strong>Non</strong></span> <span class='ocrx_word' id='word_1_535' title='bbox 3504 723 3646 776; x_wconf 89' lang='lat' dir='ltr'><strong>enim</strong></span> <span class='ocrx_word' id='word_1_536' title='bbox 3691 722 3862 792; x_wconf 90' lang='lat' dir='ltr'><strong>quod-</strong></span> 
     </span>
    </p>
   </div>
   <div class='ocr_carea' id='block_1_68' title="bbox 2277 811 3864 880">
    <p class='ocr_par' dir='ltr' id='par_1_68' title="bbox 2277 811 3864 880">
     <span class='ocr_line' id='line_1_68' title="bbox 2277 811 3864 880; baseline 0.001 -14"><span class='ocrx_word' id='word_1_537' title='bbox 2277 813 2404 867; x_wconf 86' lang='lat' dir='ltr'><strong>libet</strong></span> <span class='ocrx_word' id='word_1_538' title='bbox 2431 811 2652 867; x_wconf 90' lang='lat' dir='ltr'><strong>credere</strong></span> <span class='ocrx_word' id='word_1_539' title='bbox 2678 811 2877 866; x_wconf 90' lang='lat' dir='ltr'><strong>bonum</strong></span> <span class='ocrx_word' id='word_1_540' title='bbox 2895 817 3012 866; x_wconf 85' lang='lat' dir='ltr'><strong>est:</strong></span> <span class='ocrx_word' id='word_1_541' title='bbox 3039 827 3162 866; x_wconf 88' lang='lat' dir='ltr'><strong>nam</strong></span> <span class='ocrx_word' id='word_1_542' title='bbox 3184 811 3324 868; x_wconf 88' lang='lat' dir='ltr'><strong>unde</strong></span> <span class='ocrx_word' id='word_1_543' title='bbox 3349 821 3432 867; x_wconf 86' lang='lat' dir='ltr'><strong>est</strong></span> <span class='ocrx_word' id='word_1_544' title='bbox 3457 813 3604 877; x_wconf 88' lang='lat' dir='ltr'><strong>illud,</strong></span> <span class='ocrx_word' id='word_1_545' title='bbox 3634 811 3864 880; x_wconf 76' lang='lat' dir='ltr'><strong>Fratres,</strong></span> 
     </span>
    </p>
   </div>
   <div class='ocr_carea' id='block_1_69' title="bbox 2275 902 3867 977">
    <p class='ocr_par' dir='ltr' id='par_1_69' title="bbox 2275 902 3867 977">
     <span class='ocr_line' id='line_1_69' title="bbox 2275 902 3867 977; baseline 0.003 -22"><span class='ocrx_word' id='word_1_546' title='bbox 2275 903 2583 956; x_wconf 70' lang='lat' dir='ltr'><strong>noliteonmi</strong></span> <span class='ocrx_word' id='word_1_547' title='bbox 2611 902 2815 972; x_wconf 82' lang='lat' dir='ltr'><strong>spiritui</strong></span> <span class='ocrx_word' id='word_1_548' title='bbox 2837 903 3076 966; x_wconf 84' lang='lat' dir='ltr'><strong>credere;</strong></span> <span class='ocrx_word' id='word_1_549' title='bbox 3105 902 3194 957; x_wconf 87' lang='lat' dir='ltr'><strong>sed</strong></span> <span class='ocrx_word' id='word_1_550' title='bbox 3217 903 3421 972; x_wconf 87' lang='lat' dir='ltr'><strong>probate</strong></span> <span class='ocrx_word' id='word_1_551' title='bbox 3442 905 3779 977; x_wconf 76' lang='lat' dir='ltr'><strong>spiritumqui</strong></span> <span class='ocrx_word' id='word_1_552' title='bbox 3804 921 3867 960; x_wconf 68' lang='grc' dir='ltr'><strong>επ</strong></span> 
     </span>
    </p>
   </div>
   <div class='ocr_carea' id='block_1_70' title="bbox 2280 993 3870 1066">
    <p class='ocr_par' dir='ltr' id='par_1_70' title="bbox 2280 993 3870 1066">
     <span class='ocr_line' id='line_1_70' title="bbox 2280 993 3870 1066; baseline 0.003 -18"><span class='ocrx_word' id='word_1_553' title='bbox 2280 994 2385 1048; x_wconf 81' lang='lat' dir='ltr'><strong>Deo</strong></span> <span class='ocrx_word' id='word_1_554' title='bbox 2420 996 2523 1048; x_wconf 71' lang='lat' dir='ltr'><strong>est‘</strong></span> <span class='ocrx_word' id='word_1_555' title='bbox 2553 994 2608 1066; x_wconf 88' lang='grc' dir='ltr'>(Ι</span> <span class='ocrx_word' id='word_1_556' title='bbox 2647 993 2805 1049; x_wconf 79' lang='lat' dir='ltr'><strong>Joan.</strong></span> <span class='ocrx_word' id='word_1_557' title='bbox 2834 1009 2908 1060; x_wconf 88' lang='lat' dir='ltr'><strong>tv,</strong></span> <span class='ocrx_word' id='word_1_558' title='bbox 2948 994 3044 1064; x_wconf 77' lang='lat' dir='ltr'><strong>i)?</strong></span> <span class='ocrx_word' id='word_1_559' title='bbox 3091 995 3198 1050; x_wconf 81' lang='lat' dir='ltr'><strong>Nec</strong></span> <span class='ocrx_word' id='word_1_560' title='bbox 3227 996 3278 1049; x_wconf 92' lang='lat' dir='ltr'><strong>in</strong></span> <span class='ocrx_word' id='word_1_561' title='bbox 3321 995 3565 1050; x_wconf 82' lang='lat' dir='ltr'><strong>laudibus</strong></span> <span class='ocrx_word' id='word_1_562' title='bbox 3591 995 3870 1052; x_wconf 88' lang='lat' dir='ltr'><strong>cbaritatis</strong></span> 
     </span>
    </p>
   </div>
   <div class='ocr_carea' id='block_1_71' title="bbox 2277 1085 3870 1160">
    <p class='ocr_par' dir='ltr' id='par_1_71' title="bbox 2277 1085 3870 1160">
     <span class='ocr_line' id='line_1_71' title="bbox 2277 1085 3870 1160; baseline 0.005 -24"><span class='ocrx_word' id='word_1_563' title='bbox 2277 1087 2418 1156; x_wconf 77' lang='lat' dir='ltr'><strong>quod</strong></span> <span class='ocrx_word' id='word_1_564' title='bbox 2461 1086 2661 1140; x_wconf 90' lang='lat' dir='ltr'><strong>dictum</strong></span> <span class='ocrx_word' id='word_1_565' title='bbox 2699 1096 2808 1152; x_wconf 87' lang='lat' dir='ltr'><strong>est,</strong></span> <span class='ocrx_word' id='word_1_566' title='bbox 2855 1085 3042 1140; x_wconf 87' lang='lat' dir='ltr'><strong>Omnia</strong></span> <span class='ocrx_word' id='word_1_567' title='bbox 3083 1087 3240 1140; x_wconf 87' lang='lat' dir='ltr'><strong>credit</strong></span> <span class='ocrx_word' id='word_1_568' title='bbox 3279 1087 3331 1156; x_wconf 93' lang='grc' dir='ltr'><strong>(Ι</strong></span> <span class='ocrx_word' id='word_1_569' title='bbox 3363 1088 3477 1142; x_wconf 87' lang='lat' dir='ltr'><strong>Cor.</strong></span> <span class='ocrx_word' id='word_1_570' title='bbox 3526 1104 3644 1154; x_wconf 78' lang='lat' dir='ltr'><strong>xm,</strong></span> <span class='ocrx_word' id='word_1_571' title='bbox 3676 1091 3756 1160; x_wconf 83' lang='lat'><strong>&#39;7),</strong></span> <span class='ocrx_word' id='word_1_572' title='bbox 3788 1089 3870 1144; x_wconf 90' lang='lat' dir='ltr'><strong>sic</strong></span> 
     </span>
    </p>
   </div>
   <div class='ocr_carea' id='block_1_72' title="bbox 2277 1177 3868 1249">
    <p class='ocr_par' dir='ltr' id='par_1_72' title="bbox 2277 1177 3868 1249">
     <span class='ocr_line' id='line_1_72' title="bbox 2277 1177 3868 1249; baseline 0.002 -19"><span class='ocrx_word' id='word_1_573' title='bbox 2277 1177 2644 1246; x_wconf 85' lang='lat' dir='ltr'><strong>accipiendum</strong></span> <span class='ocrx_word' id='word_1_574' title='bbox 2683 1185 2787 1242; x_wconf 92' lang='lat' dir='ltr'><strong>est,</strong></span> <span class='ocrx_word' id='word_1_575' title='bbox 2820 1185 2879 1231; x_wconf 93' lang='lat' dir='ltr'><strong>ut</strong></span> <span class='ocrx_word' id='word_1_576' title='bbox 2905 1178 3151 1232; x_wconf 81' lang='lat' dir='ltr'><strong>cltaritati</strong></span> <span class='ocrx_word' id='word_1_577' title='bbox 3181 1178 3476 1248; x_wconf 76' lang='lat' dir='ltr'><strong>cujIISpiam</strong></span> <span class='ocrx_word' id='word_1_578' title='bbox 3525 1179 3868 1249; x_wconf 82' lang='lat' dir='ltr'><strong>derogetnus,</strong></span> 
     </span>
    </p>
   </div>
   <div class='ocr_carea' id='block_1_73' title="bbox 2278 1268 3872 1340">
    <p class='ocr_par' dir='ltr' id='par_1_73' title="bbox 2278 1268 3872 1340">
     <span class='ocr_line' id='line_1_73' title="bbox 2278 1268 3872 1340; baseline -0.001 -16"><span class='ocrx_word' id='word_1_579' title='bbox 2278 1269 2323 1324; x_wconf 91' lang='lat' dir='ltr'><strong>si</strong></span> <span class='ocrx_word' id='word_1_580' title='bbox 2377 1285 2481 1324; x_wconf 93' lang='lat' dir='ltr'><strong>non</strong></span> <span class='ocrx_word' id='word_1_581' title='bbox 2523 1268 2663 1339; x_wconf 89' lang='lat' dir='ltr'><strong>quod</strong></span> <span class='ocrx_word' id='word_1_582' title='bbox 2691 1268 2934 1333; x_wconf 89' lang='lat' dir='ltr'><strong>audierit,</strong></span> <span class='ocrx_word' id='word_1_583' title='bbox 2970 1269 3146 1322; x_wconf 90' lang='lat' dir='ltr'><strong>statim</strong></span> <span class='ocrx_word' id='word_1_584' title='bbox 3193 1269 3499 1324; x_wconf 79' lang='lat' dir='ltr'><strong>crediderit.</strong></span> <span class='ocrx_word' id='word_1_585' title='bbox 3532 1271 3701 1336; x_wconf 87' lang='lat' dir='ltr'><strong>Quid,</strong></span> <span class='ocrx_word' id='word_1_586' title='bbox 3729 1269 3872 1340; x_wconf 66' lang='lat' dir='ltr'><strong>Quod</strong></span> 
     </span>
    </p>
   </div>
   <div class='ocr_carea' id='block_1_74' title="bbox 2281 1358 3872 1426">
    <p class='ocr_par' dir='ltr' id='par_1_74' title="bbox 2281 1358 3872 1426">
     <span class='ocr_line' id='line_1_74' title="bbox 2281 1358 3872 1426; baseline 0.001 -12"><span class='ocrx_word' id='word_1_587' title='bbox 2281 1361 2466 1414; x_wconf 85' lang='lat' dir='ltr'><strong>eadem</strong></span> <span class='ocrx_word' id='word_1_588' title='bbox 2513 1360 2745 1416; x_wconf 82' lang='lat' dir='ltr'><strong>cltaritas</strong></span> <span class='ocrx_word' id='word_1_589' title='bbox 2789 1358 3059 1426; x_wconf 86' lang='lat' dir='ltr'><strong>admonet,</strong></span> <span class='ocrx_word' id='word_1_590' title='bbox 3093 1374 3198 1414; x_wconf 91' lang='lat' dir='ltr'><strong>non</strong></span> <span class='ocrx_word' id='word_1_591' title='bbox 3244 1361 3398 1416; x_wconf 79' lang='lat' dir='ltr'><strong>facile</strong></span> <span class='ocrx_word' id='word_1_592' title='bbox 3425 1361 3492 1415; x_wconf 89' lang='lat' dir='ltr'><strong>de</strong></span> <span class='ocrx_word' id='word_1_593' title='bbox 3537 1362 3701 1416; x_wconf 80' lang='lat' dir='ltr'><strong>fratre</strong></span> <span class='ocrx_word' id='word_1_594' title='bbox 3748 1362 3872 1416; x_wconf 83' lang='lat' dir='ltr'><strong>mali</strong></span> 
     </span>
    </p>
   </div>
   <div class='ocr_carea' id='block_1_75' title="bbox 2281 1451 3871 1523">
    <p class='ocr_par' dir='ltr' id='par_1_75' title="bbox 2281 1451 3871 1523">
     <span class='ocr_line' id='line_1_75' title="bbox 2281 1451 3871 1523; baseline 0.003 -19"><span class='ocrx_word' id='word_1_595' title='bbox 2281 1451 2480 1522; x_wconf 86' lang='lat' dir='ltr'><strong>aliquid</strong></span> <span class='ocrx_word' id='word_1_596' title='bbox 2509 1467 2631 1507; x_wconf 88' lang='lat' dir='ltr'><strong>esse</strong></span> <span class='ocrx_word' id='word_1_597' title='bbox 2672 1451 3018 1516; x_wconf 88' lang='lat' dir='ltr'><strong>credendum,</strong></span> <span class='ocrx_word' id='word_1_598' title='bbox 3062 1461 3261 1506; x_wconf 89' lang='lat' dir='ltr'><strong>etcum</strong></span> <span class='ocrx_word' id='word_1_599' title='bbox 3291 1451 3396 1508; x_wconf 85' lang='lat' dir='ltr'><strong>tale</strong></span> <span class='ocrx_word' id='word_1_600' title='bbox 3423 1453 3622 1523; x_wconf 89' lang='lat' dir='ltr'><strong>aliquid</strong></span> <span class='ocrx_word' id='word_1_601' title='bbox 3648 1453 3871 1520; x_wconf 89' lang='lat' dir='ltr'><strong>dicitur,</strong></span> 
     </span>
    </p>
   </div>
   <div class='ocr_carea' id='block_1_76' title="bbox 2284 1544 3874 1615">
    <p class='ocr_par' dir='ltr' id='par_1_76' title="bbox 2284 1544 3874 1615">
     <span class='ocr_line' id='line_1_76' title="bbox 2284 1544 3874 1615; baseline 0.003 -17"><span class='ocrx_word' id='word_1_602' title='bbox 2284 1545 2386 1600; x_wconf 84' lang='lat' dir='ltr'><strong>hoc</strong></span> <span class='ocrx_word' id='word_1_603' title='bbox 2423 1545 2488 1599; x_wconf 86' lang='lat' dir='ltr'><strong>ad</strong></span> <span class='ocrx_word' id='word_1_604' title='bbox 2527 1560 2586 1599; x_wconf 89' lang='lat' dir='ltr'><strong>se</strong></span> <span class='ocrx_word' id='word_1_605' title='bbox 2614 1545 2781 1615; x_wconf 83' lang='lat' dir='ltr'><strong>magis</strong></span> <span class='ocrx_word' id='word_1_606' title='bbox 2809 1544 3042 1614; x_wconf 83' lang='lat' dir='ltr'><strong>judicat&#39;</strong></span> <span class='ocrx_word' id='word_1_607' title='bbox 3075 1547 3344 1615; x_wconf 88' lang='lat' dir='ltr'><strong>pertinere</strong></span> <span class='ocrx_word' id='word_1_608' title='bbox 3396 1561 3464 1600; x_wconf 91' lang='lat' dir='ltr'><strong>ne</strong></span> <span class='ocrx_word' id='word_1_609' title='bbox 3499 1547 3722 1602; x_wconf 82' lang='lat' dir='ltr'><strong>credat?</strong></span> <span class='ocrx_word' id='word_1_610' title='bbox 3772 1549 3874 1602; x_wconf 82' lang='lat' dir='ltr'><strong>Po-</strong></span> 
     </span>
    </p>
   </div>
   <div class='ocr_carea' id='block_1_77' title="bbox 2283 1636 3873 1708">
    <p class='ocr_par' dir='ltr' id='par_1_77' title="bbox 2283 1636 3873 1708">
     <span class='ocr_line' id='line_1_77' title="bbox 2283 1636 3873 1708; baseline 0.003 -18"><span class='ocrx_word' id='word_1_611' title='bbox 2283 1645 2484 1690; x_wconf 87' lang='lat' dir='ltr'><strong>stremo</strong></span> <span class='ocrx_word' id='word_1_612' title='bbox 2531 1636 2644 1706; x_wconf 88' lang='lat' dir='ltr'><strong>ipsa</strong></span> <span class='ocrx_word' id='word_1_613' title='bbox 2681 1637 2916 1691; x_wconf 88' lang='lat' dir='ltr'><strong>charitas</strong></span> <span class='ocrx_word' id='word_1_614' title='bbox 2961 1653 3062 1708; x_wconf 91' lang='lat' dir='ltr'><strong>qua</strong></span> <span class='ocrx_word' id='word_1_615' title='bbox 3107 1639 3284 1693; x_wconf 80' lang='lat' dir='ltr'><strong>omnia</strong></span> <span class='ocrx_word' id='word_1_616' title='bbox 3326 1639 3515 1702; x_wconf 89' lang='lat' dir='ltr'><strong>credit,</strong></span> <span class='ocrx_word' id='word_1_617' title='bbox 3571 1655 3679 1694; x_wconf 90' lang='lat' dir='ltr'><strong>non</strong></span> <span class='ocrx_word' id='word_1_618' title='bbox 3727 1639 3873 1694; x_wconf 87' lang='lat' dir='ltr'><strong>omni</strong></span> 
     </span>
    </p>
   </div>
   <div class='ocr_carea' id='block_1_78' title="bbox 2283 1727 3875 1802">
    <p class='ocr_par' dir='ltr' id='par_1_78' title="bbox 2283 1727 3875 1802">
     <span class='ocr_line' id='line_1_78' title="bbox 2283 1727 3875 1802; baseline 0.002 -20"><span class='ocrx_word' id='word_1_619' title='bbox 2283 1728 2492 1798; x_wconf 84' lang='lat' dir='ltr'><strong>spiritui</strong></span> <span class='ocrx_word' id='word_1_620' title='bbox 2516 1727 2688 1783; x_wconf 88' lang='lat' dir='ltr'><strong>credit</strong></span> <span class='ocrx_word' id='word_1_621' title='bbox 2715 1745 2729 1782; x_wconf 92' lang='lat'><strong>:</strong></span> <span class='ocrx_word' id='word_1_622' title='bbox 2759 1743 2821 1782; x_wconf 91' lang='lat' dir='ltr'><strong>ac</strong></span> <span class='ocrx_word' id='word_1_623' title='bbox 2846 1744 2942 1800; x_wconf 90' lang='lat' dir='ltr'><strong>per</strong></span> <span class='ocrx_word' id='word_1_624' title='bbox 2973 1729 3094 1796; x_wconf 85' lang='lat' dir='ltr'><strong>hoc,</strong></span> <span class='ocrx_word' id='word_1_625' title='bbox 3121 1731 3298 1784; x_wconf 88' lang='lat' dir='ltr'><strong>omnia</strong></span> <span class='ocrx_word' id='word_1_626' title='bbox 3328 1730 3543 1802; x_wconf 83' lang='lat' dir='ltr'><strong>quidem</strong></span> <span class='ocrx_word' id='word_1_627' title='bbox 3568 1732 3758 1794; x_wconf 84' lang='lat' dir='ltr'><strong>credit,</strong></span> <span class='ocrx_word' id='word_1_628' title='bbox 3779 1731 3875 1786; x_wconf 88' lang='lat' dir='ltr'><strong>scd</strong></span> 
     </span>
    </p>
   </div>
   <div class='ocr_carea' id='block_1_79' title="bbox 2289 1819 3877 1893">
    <p class='ocr_par' dir='ltr' id='par_1_79' title="bbox 2289 1819 3877 1893">
     <span class='ocr_line' id='line_1_79' title="bbox 2289 1819 3877 1893; baseline 0.002 -20"><span class='ocrx_word' id='word_1_629' title='bbox 2289 1821 2428 1886; x_wconf 86' lang='lat' dir='ltr'><strong>Deo;</strong></span> <span class='ocrx_word' id='word_1_630' title='bbox 2457 1821 2578 1893; x_wconf 84' lang='lat' dir='ltr'><strong>quia</strong></span> <span class='ocrx_word' id='word_1_631' title='bbox 2606 1835 2712 1875; x_wconf 92' lang='lat' dir='ltr'><strong>non</strong></span> <span class='ocrx_word' id='word_1_632' title='bbox 2741 1819 2942 1875; x_wconf 90' lang='lat' dir='ltr'><strong>dictum</strong></span> <span class='ocrx_word' id='word_1_633' title='bbox 2973 1831 3075 1884; x_wconf 91' lang='lat' dir='ltr'><strong>est,</strong></span> <span class='ocrx_word' id='word_1_634' title='bbox 3104 1820 3366 1876; x_wconf 88' lang='lat' dir='ltr'><strong>Omnibus</strong></span> <span class='ocrx_word' id='word_1_635' title='bbox 3392 1822 3582 1878; x_wconf 87' lang='lat' dir='ltr'><strong>credit.</strong></span> <span class='ocrx_word' id='word_1_636' title='bbox 3613 1822 3752 1877; x_wconf 85' lang='lat' dir='ltr'><strong>Nulli</strong></span> <span class='ocrx_word' id='word_1_637' title='bbox 3779 1823 3877 1876; x_wconf 87' lang='lat' dir='ltr'><strong>ita-</strong></span> 
     </span>
    </p>
   </div>
   <div class='ocr_carea' id='block_1_80' title="bbox 2285 1910 3878 1985">
    <p class='ocr_par' dir='ltr' id='par_1_80' title="bbox 2285 1910 3878 1985">
     <span class='ocr_line' id='line_1_80' title="bbox 2285 1910 3878 1985; baseline 0.004 -22"><span class='ocrx_word' id='word_1_638' title='bbox 2285 1926 2390 1981; x_wconf 85' lang='lat' dir='ltr'><strong>que</strong></span> <span class='ocrx_word' id='word_1_639' title='bbox 2426 1910 2645 1966; x_wconf 89' lang='lat' dir='ltr'><strong>dubium</strong></span> <span class='ocrx_word' id='word_1_640' title='bbox 2688 1919 2792 1978; x_wconf 87' lang='lat' dir='ltr'><strong>est,</strong></span> <span class='ocrx_word' id='word_1_641' title='bbox 2832 1926 2951 1968; x_wconf 83' lang='lat' dir='ltr'><strong>eam</strong></span> <span class='ocrx_word' id='word_1_642' title='bbox 3000 1911 3159 1968; x_wconf 89' lang='lat' dir='ltr'><strong>ﬁdem</strong></span> <span class='ocrx_word' id='word_1_643' title='bbox 3199 1913 3267 1969; x_wconf 88' lang='lat' dir='ltr'><strong>ab</strong></span> <span class='ocrx_word' id='word_1_644' title='bbox 3314 1914 3574 1985; x_wconf 76' lang='lat' dir='ltr'><strong>Apostolo</strong></span> <span class='ocrx_word' id='word_1_645' title='bbox 3603 1930 3878 1972; x_wconf 84' lang='lat' dir='ltr'><strong>commen-</strong></span> 
     </span>
    </p>
   </div>
   <div class='ocr_carea' id='block_1_81' title="bbox 2286 2003 2986 2074">
    <p class='ocr_par' dir='ltr' id='par_1_81' title="bbox 2286 2003 2986 2074">
     <span class='ocr_line' id='line_1_81' title="bbox 2286 2003 2986 2074; baseline -0.001 -15"><span class='ocrx_word' id='word_1_646' title='bbox 2286 2003 2423 2070; x_wconf 84' lang='lat' dir='ltr'><strong>dari,</strong></span> <span class='ocrx_word' id='word_1_647' title='bbox 2451 2019 2556 2074; x_wconf 90' lang='lat' dir='ltr'><strong>qua</strong></span> <span class='ocrx_word' id='word_1_648' title='bbox 2587 2003 2826 2060; x_wconf 87' lang='lat' dir='ltr'><strong>creditur</strong></span> <span class='ocrx_word' id='word_1_649' title='bbox 2855 2005 2986 2059; x_wconf 89' lang='lat' dir='ltr'><strong>Deo.</strong></span> 
     </span>
    </p>
   </div>
   <div class='ocr_carea' id='block_1_82' title="bbox 2357 2093 3876 2169">
    <p class='ocr_par' dir='ltr' id='par_1_82' title="bbox 2357 2093 3876 2169">
     <span class='ocr_line' id='line_1_82' title="bbox 2357 2093 3876 2169; baseline 0.001 -19"><span class='ocrx_word' id='word_1_650' title='bbox 2357 2095 2448 2150; x_wconf 81' lang='lat'><strong>56.</strong></span> <span class='ocrx_word' id='word_1_651' title='bbox 2490 2093 2598 2150; x_wconf 90' lang='lat' dir='ltr'><strong>Sed</strong></span> <span class='ocrx_word' id='word_1_652' title='bbox 2637 2093 2813 2149; x_wconf 86' lang='lat' dir='ltr'><strong>adhuc</strong></span> <span class='ocrx_word' id='word_1_653' title='bbox 2852 2093 3049 2166; x_wconf 89' lang='lat' dir='ltr'><strong>aliquid</strong></span> <span class='ocrx_word' id='word_1_654' title='bbox 3097 2093 3508 2152; x_wconf 89' lang='lat' dir='ltr'><strong>discernendum</strong></span> <span class='ocrx_word' id='word_1_655' title='bbox 3549 2097 3666 2153; x_wconf 71' lang='lat' dir='ltr'><strong>est’</strong></span> <span class='ocrx_word' id='word_1_656' title='bbox 3695 2117 3710 2154; x_wconf 93' lang='lat'><strong>:</strong></span> <span class='ocrx_word' id='word_1_657' title='bbox 3737 2113 3876 2169; x_wconf 86' lang='lat' dir='ltr'><strong>quo-</strong></span> 
     </span>
    </p>
   </div>
   <div class='ocr_carea' id='block_1_83' title="bbox 2287 2185 3878 2259">
    <p class='ocr_par' dir='ltr' id='par_1_83' title="bbox 2287 2185 3878 2259">
     <span class='ocr_line' id='line_1_83' title="bbox 2287 2185 3878 2259; baseline 0.003 -19"><span class='ocrx_word' id='word_1_658' title='bbox 2287 2186 2430 2240; x_wconf 89' lang='lat' dir='ltr'><strong>niam</strong></span> <span class='ocrx_word' id='word_1_659' title='bbox 2456 2193 2510 2240; x_wconf 91' lang='lat' dir='ltr'><strong>et</strong></span> <span class='ocrx_word' id='word_1_660' title='bbox 2538 2185 2612 2240; x_wconf 92' lang='lat' dir='ltr'><strong>illi</strong></span> <span class='ocrx_word' id='word_1_661' title='bbox 2650 2185 2739 2256; x_wconf 91' lang='lat' dir='ltr'><strong>qui</strong></span> <span class='ocrx_word' id='word_1_662' title='bbox 2771 2185 2870 2241; x_wconf 91' lang='lat' dir='ltr'><strong>sub</strong></span> <span class='ocrx_word' id='word_1_663' title='bbox 2899 2185 3012 2256; x_wconf 75' lang='lat' dir='ltr'><strong>lege</strong></span> <span class='ocrx_word' id='word_1_664' title='bbox 3037 2193 3183 2252; x_wconf 89' lang='lat' dir='ltr'><strong>sunt,</strong></span> <span class='ocrx_word' id='word_1_665' title='bbox 3215 2195 3268 2241; x_wconf 91' lang='lat' dir='ltr'><strong>et</strong></span> <span class='ocrx_word' id='word_1_666' title='bbox 3295 2187 3487 2242; x_wconf 86' lang='lat' dir='ltr'><strong>timore</strong></span> <span class='ocrx_word' id='word_1_667' title='bbox 3528 2203 3700 2258; x_wconf 70' lang='lat' dir='ltr'><strong>pinna:</strong></span> <span class='ocrx_word' id='word_1_668' title='bbox 3720 2189 3878 2259; x_wconf 86' lang='lat' dir='ltr'><strong>justi-</strong></span> 
     </span>
    </p>
   </div>
   <div class='ocr_carea' id='block_1_84' title="bbox 2291 2277 3879 2346">
    <p class='ocr_par' dir='ltr' id='par_1_84' title="bbox 2291 2277 3879 2346">
     <span class='ocr_line' id='line_1_84' title="bbox 2291 2277 3879 2346; baseline 0.003 -15"><span class='ocrx_word' id='word_1_669' title='bbox 2291 2279 2416 2332; x_wconf 89' lang='lat' dir='ltr'><strong>tiam</strong></span> <span class='ocrx_word' id='word_1_670' title='bbox 2443 2293 2593 2333; x_wconf 89' lang='lat' dir='ltr'><strong>suam</strong></span> <span class='ocrx_word' id='word_1_671' title='bbox 2621 2277 2798 2334; x_wconf 84' lang='lat' dir='ltr'><strong>facere</strong></span> <span class='ocrx_word' id='word_1_672' title='bbox 2821 2287 3104 2346; x_wconf 87' lang='lat' dir='ltr'><strong>conantur,</strong></span> <span class='ocrx_word' id='word_1_673' title='bbox 3129 2285 3184 2334; x_wconf 90' lang='lat' dir='ltr'><strong>et</strong></span> <span class='ocrx_word' id='word_1_674' title='bbox 3225 2278 3347 2334; x_wconf 90' lang='lat' dir='ltr'><strong>ideo</strong></span> <span class='ocrx_word' id='word_1_675' title='bbox 3389 2295 3494 2335; x_wconf 92' lang='lat' dir='ltr'><strong>non</strong></span> <span class='ocrx_word' id='word_1_676' title='bbox 3540 2281 3736 2335; x_wconf 77' lang='lat' dir='ltr'><strong>faciunt</strong></span> <span class='ocrx_word' id='word_1_677' title='bbox 3785 2283 3879 2335; x_wconf 82' lang='lat' dir='ltr'><strong>Dei</strong></span> 
     </span>
    </p>
   </div>
   <div class='ocr_carea' id='block_1_85' title="bbox 2283 2367 3882 2439">
    <p class='ocr_par' dir='ltr' id='par_1_85' title="bbox 2283 2367 3882 2439">
     <span class='ocr_line' id='line_1_85' title="bbox 2283 2367 3882 2439; baseline 0.004 -18"><span class='ocrx_word' id='word_1_678' title='bbox 2283 2367 2568 2439; x_wconf 86' lang='lat' dir='ltr'><strong>justitiam,</strong></span> <span class='ocrx_word' id='word_1_679' title='bbox 2606 2367 2728 2439; x_wconf 88' lang='lat' dir='ltr'><strong>quia</strong></span> <span class='ocrx_word' id='word_1_680' title='bbox 2758 2369 2992 2423; x_wconf 80' lang='lat' dir='ltr'><strong>cltaritas</strong></span> <span class='ocrx_word' id='word_1_681' title='bbox 3031 2384 3149 2425; x_wconf 90' lang='lat' dir='ltr'><strong>eam</strong></span> <span class='ocrx_word' id='word_1_682' title='bbox 3187 2368 3336 2438; x_wconf 88' lang='lat' dir='ltr'><strong>facit,</strong></span> <span class='ocrx_word' id='word_1_683' title='bbox 3367 2386 3526 2438; x_wconf 86' lang='lat' dir='ltr'><strong>quam</strong></span> <span class='ocrx_word' id='word_1_684' title='bbox 3568 2387 3674 2425; x_wconf 89' lang='lat' dir='ltr'><strong>non</strong></span> <span class='ocrx_word' id='word_1_685' title='bbox 3715 2370 3882 2427; x_wconf 65' lang='lat' dir='ltr'><strong>lihet‘</strong></span> 
     </span>
    </p>
   </div>
   <div class='ocr_carea' id='block_1_86' title="bbox 2289 2459 3879 2535">
    <p class='ocr_par' dir='ltr' id='par_1_86' title="bbox 2289 2459 3879 2535">
     <span class='ocr_line' id='line_1_86' title="bbox 2289 2459 3879 2535; baseline 0.001 -19"><span class='ocrx_word' id='word_1_686' title='bbox 2289 2459 2392 2516; x_wconf 89' lang='lat' dir='ltr'><strong>nisi</strong></span> <span class='ocrx_word' id='word_1_687' title='bbox 2423 2461 2566 2532; x_wconf 88' lang='lat' dir='ltr'><strong>quod</strong></span> <span class='ocrx_word' id='word_1_688' title='bbox 2595 2461 2739 2527; x_wconf 91' lang='lat' dir='ltr'><strong>licet,</strong></span> <span class='ocrx_word' id='word_1_689' title='bbox 2769 2475 2877 2516; x_wconf 90' lang='lat' dir='ltr'><strong>non</strong></span> <span class='ocrx_word' id='word_1_690' title='bbox 2918 2462 3096 2527; x_wconf 92' lang='lat' dir='ltr'><strong>timor,</strong></span> <span class='ocrx_word' id='word_1_691' title='bbox 3125 2463 3213 2532; x_wconf 92' lang='lat' dir='ltr'><strong>qui</strong></span> <span class='ocrx_word' id='word_1_692' title='bbox 3242 2463 3456 2533; x_wconf 83' lang='lat' dir='ltr'><strong>cogitur</strong></span> <span class='ocrx_word' id='word_1_693' title='bbox 3487 2463 3538 2518; x_wconf 92' lang='lat' dir='ltr'><strong>in</strong></span> <span class='ocrx_word' id='word_1_694' title='bbox 3580 2479 3746 2535; x_wconf 81' lang='lat' dir='ltr'><strong>Opere</strong></span> <span class='ocrx_word' id='word_1_695' title='bbox 3787 2465 3879 2518; x_wconf 75' lang='lat' dir='ltr'><strong>lia-</strong></span> 
     </span>
    </p>
   </div>
   <div class='ocr_carea' id='block_1_87' title="bbox 2289 2553 3883 2628">
    <p class='ocr_par' dir='ltr' id='par_1_87' title="bbox 2289 2553 3883 2628">
     <span class='ocr_line' id='line_1_87' title="bbox 2289 2553 3883 2628; baseline 0.003 -19"><span class='ocrx_word' id='word_1_696' title='bbox 2289 2554 2420 2610; x_wconf 88' lang='lat' dir='ltr'><strong>bere</strong></span> <span class='ocrx_word' id='word_1_697' title='bbox 2447 2553 2588 2624; x_wconf 91' lang='lat' dir='ltr'><strong>quod</strong></span> <span class='ocrx_word' id='word_1_698' title='bbox 2633 2553 2777 2620; x_wconf 90' lang='lat' dir='ltr'><strong>licet,</strong></span> <span class='ocrx_word' id='word_1_699' title='bbox 2808 2569 2928 2609; x_wconf 92' lang='lat' dir='ltr'><strong>cum</strong></span> <span class='ocrx_word' id='word_1_700' title='bbox 2958 2553 3101 2609; x_wconf 91' lang='lat' dir='ltr'><strong>aliud</strong></span> <span class='ocrx_word' id='word_1_701' title='bbox 3141 2554 3334 2610; x_wconf 88' lang='lat' dir='ltr'><strong>habeat</strong></span> <span class='ocrx_word' id='word_1_702' title='bbox 3374 2557 3426 2610; x_wconf 92' lang='lat' dir='ltr'><strong>in</strong></span> <span class='ocrx_word' id='word_1_703' title='bbox 3457 2556 3750 2622; x_wconf 88' lang='lat' dir='ltr'><strong>voluntate,</strong></span> <span class='ocrx_word' id='word_1_704' title='bbox 3777 2574 3883 2628; x_wconf 90' lang='lat' dir='ltr'><strong>qua</strong></span> 
     </span>
    </p>
   </div>
   <div class='ocr_carea' id='block_1_88' title="bbox 2290 2645 3885 2720">
    <p class='ocr_par' dir='ltr' id='par_1_88' title="bbox 2290 2645 3885 2720">
     <span class='ocr_line' id='line_1_88' title="bbox 2290 2645 3885 2720; baseline 0.003 -18"><span class='ocrx_word' id='word_1_705' title='bbox 2290 2647 2497 2715; x_wconf 87' lang='lat' dir='ltr'><strong>mallet,</strong></span> <span class='ocrx_word' id='word_1_706' title='bbox 2511 2645 2557 2700; x_wconf 90' lang='lat' dir='ltr'><strong>si</strong></span> <span class='ocrx_word' id='word_1_707' title='bbox 2581 2645 2695 2702; x_wconf 91' lang='lat' dir='ltr'><strong>ﬁeri</strong></span> <span class='ocrx_word' id='word_1_708' title='bbox 2712 2654 2912 2716; x_wconf 89' lang='lat' dir='ltr'><strong>posset,</strong></span> <span class='ocrx_word' id='word_1_709' title='bbox 2936 2646 3098 2702; x_wconf 90' lang='lat' dir='ltr'><strong>licere</strong></span> <span class='ocrx_word' id='word_1_710' title='bbox 3119 2647 3261 2717; x_wconf 90' lang='lat' dir='ltr'><strong>quod</strong></span> <span class='ocrx_word' id='word_1_711' title='bbox 3282 2661 3388 2702; x_wconf 90' lang='lat' dir='ltr'><strong>non</strong></span> <span class='ocrx_word' id='word_1_712' title='bbox 3409 2648 3562 2704; x_wconf 89' lang='lat' dir='ltr'><strong>licet:</strong></span> <span class='ocrx_word' id='word_1_713' title='bbox 3584 2659 3638 2704; x_wconf 90' lang='lat' dir='ltr'><strong>et</strong></span> <span class='ocrx_word' id='word_1_714' title='bbox 3660 2649 3732 2704; x_wconf 89' lang='lat' dir='ltr'><strong>illi</strong></span> <span class='ocrx_word' id='word_1_715' title='bbox 3754 2665 3885 2720; x_wconf 78' lang='lat' dir='ltr'><strong>ergo</strong></span> 
     </span>
    </p>
   </div>
   <div class='ocr_carea' id='block_1_89' title="bbox 2289 2736 3886 2809">
    <p class='ocr_par' dir='ltr' id='par_1_89' title="bbox 2289 2736 3886 2809">
     <span class='ocr_line' id='line_1_89' title="bbox 2289 2736 3886 2809; baseline 0 -15"><span class='ocrx_word' id='word_1_716' title='bbox 2289 2736 2518 2794; x_wconf 87' lang='lat' dir='ltr'><strong>credunt</strong></span> <span class='ocrx_word' id='word_1_717' title='bbox 2547 2737 2689 2803; x_wconf 89' lang='lat' dir='ltr'><strong>Deo;</strong></span> <span class='ocrx_word' id='word_1_718' title='bbox 2713 2752 2836 2792; x_wconf 89' lang='lat' dir='ltr'><strong>nam</strong></span> <span class='ocrx_word' id='word_1_719' title='bbox 2863 2738 2906 2792; x_wconf 90' lang='lat' dir='ltr'><strong>si</strong></span> <span class='ocrx_word' id='word_1_720' title='bbox 2937 2737 3154 2792; x_wconf 91' lang='lat' dir='ltr'><strong>omnino</strong></span> <span class='ocrx_word' id='word_1_721' title='bbox 3173 2753 3279 2792; x_wconf 91' lang='lat' dir='ltr'><strong>non</strong></span> <span class='ocrx_word' id='word_1_722' title='bbox 3309 2738 3619 2806; x_wconf 90' lang='lat' dir='ltr'><strong>crederent,</strong></span> <span class='ocrx_word' id='word_1_723' title='bbox 3643 2755 3745 2794; x_wconf 88' lang='lat' dir='ltr'><strong>nec</strong></span> <span class='ocrx_word' id='word_1_724' title='bbox 3767 2755 3886 2809; x_wconf 75' lang='lat' dir='ltr'><strong>po:-</strong></span> 
     </span>
    </p>
   </div>
   <div class='ocr_carea' id='block_1_90' title="bbox 2291 2827 3886 2900">
    <p class='ocr_par' dir='ltr' id='par_1_90' title="bbox 2291 2827 3886 2900">
     <span class='ocr_line' id='line_1_90' title="bbox 2291 2827 3886 2900; baseline 0.002 -15"><span class='ocrx_word' id='word_1_725' title='bbox 2291 2843 2417 2886; x_wconf 83' lang='lat' dir='ltr'><strong>nam</strong></span> <span class='ocrx_word' id='word_1_726' title='bbox 2446 2828 2578 2900; x_wconf 78' lang='lat' dir='ltr'><strong>legis</strong></span> <span class='ocrx_word' id='word_1_727' title='bbox 2622 2828 2805 2900; x_wconf 90' lang='lat' dir='ltr'><strong>utique</strong></span> <span class='ocrx_word' id='word_1_728' title='bbox 2834 2827 3201 2884; x_wconf 84' lang='lat' dir='ltr'><strong>formidarent.</strong></span> <span class='ocrx_word' id='word_1_729' title='bbox 3246 2829 3352 2886; x_wconf 89' lang='lat' dir='ltr'><strong>Sed</strong></span> <span class='ocrx_word' id='word_1_730' title='bbox 3397 2845 3505 2887; x_wconf 90' lang='lat' dir='ltr'><strong>non</strong></span> <span class='ocrx_word' id='word_1_731' title='bbox 3551 2833 3686 2887; x_wconf 70' lang='lat' dir='ltr'><strong>hante</strong></span> <span class='ocrx_word' id='word_1_732' title='bbox 3725 2831 3886 2888; x_wconf 85' lang='lat' dir='ltr'><strong>ﬁdem</strong></span> 
     </span>
    </p>
   </div>
   <div class='ocr_carea' id='block_1_91' title="bbox 2293 2919 3889 2992">
    <p class='ocr_par' dir='ltr' id='par_1_91' title="bbox 2293 2919 3889 2992">
     <span class='ocr_line' id='line_1_91' title="bbox 2293 2919 3889 2992; baseline 0.001 -15"><span class='ocrx_word' id='word_1_733' title='bbox 2293 2919 2634 2977; x_wconf 86' lang='lat' dir='ltr'><strong>commendat</strong></span> <span class='ocrx_word' id='word_1_734' title='bbox 2657 2920 2943 2990; x_wconf 85' lang='lat' dir='ltr'><strong>Apostolus</strong></span> <span class='ocrx_word' id='word_1_735' title='bbox 2966 2961 2980 2984; x_wconf 97' lang='lat'><strong>,</strong></span> <span class='ocrx_word' id='word_1_736' title='bbox 3003 2921 3092 2992; x_wconf 89' lang='lat' dir='ltr'><strong>qui</strong></span> <span class='ocrx_word' id='word_1_737' title='bbox 3121 2921 3285 2990; x_wconf 89' lang='lat' dir='ltr'><strong>dicit,</strong></span> <span class='ocrx_word' id='word_1_738' title='bbox 3318 2921 3441 2977; x_wconf 86' lang='lat' dir='ltr'><strong>Non</strong></span> <span class='ocrx_word' id='word_1_739' title='bbox 3470 2923 3603 2978; x_wconf 85' lang='lat' dir='ltr'><strong>enim</strong></span> <span class='ocrx_word' id='word_1_740' title='bbox 3625 2925 3889 2992; x_wconf 85' lang='lat' dir='ltr'><strong>accepistis</strong></span> 
     </span>
    </p>
   </div>
   <div class='ocr_carea' id='block_1_92' title="bbox 2301 3011 3891 3086">
    <p class='ocr_par' dir='ltr' id='par_1_92' title="bbox 2301 3011 3891 3086">
     <span class='ocr_line' id='line_1_92' title="bbox 2301 3011 3891 3086; baseline 0.001 -20"><span class='ocrx_word' id='word_1_741' title='bbox 2301 3011 2534 3084; x_wconf 81' lang='lat' dir='ltr'><strong>spiritum</strong></span> <span class='ocrx_word' id='word_1_742' title='bbox 2553 3011 2804 3067; x_wconf 77' lang='lat' dir='ltr'><strong>servitutis</strong></span> <span class='ocrx_word' id='word_1_743' title='bbox 2829 3011 3015 3066; x_wconf 88' lang='lat' dir='ltr'><strong>iterum</strong></span> <span class='ocrx_word' id='word_1_744' title='bbox 3033 3012 3088 3066; x_wconf 86' lang='lat' dir='ltr'><strong>in</strong></span> <span class='ocrx_word' id='word_1_745' title='bbox 3110 3012 3360 3080; x_wconf 87' lang='lat' dir='ltr'><strong>timorem;</strong></span> <span class='ocrx_word' id='word_1_746' title='bbox 3386 3013 3475 3068; x_wconf 86' lang='lat' dir='ltr'><strong>sed</strong></span> <span class='ocrx_word' id='word_1_747' title='bbox 3493 3015 3757 3086; x_wconf 85' lang='lat' dir='ltr'><strong>accepistis</strong></span> <span class='ocrx_word' id='word_1_748' title='bbox 3779 3017 3891 3086; x_wconf 88' lang='lat' dir='ltr'><strong>spi-</strong></span> 
     </span>
    </p>
   </div>
   <div class='ocr_carea' id='block_1_93' title="bbox 2295 3103 3890 3176">
    <p class='ocr_par' dir='ltr' id='par_1_93' title="bbox 2295 3103 3890 3176">
     <span class='ocr_line' id='line_1_93' title="bbox 2295 3103 3890 3176; baseline 0.003 -17"><span class='ocrx_word' id='word_1_749' title='bbox 2295 3104 2452 3159; x_wconf 79' lang='lat' dir='ltr'><strong>ritum</strong></span> <span class='ocrx_word' id='word_1_750' title='bbox 2473 3103 2762 3176; x_wconf 84' lang='lat' dir='ltr'><strong>adoptionis</strong></span> <span class='ocrx_word' id='word_1_751' title='bbox 2785 3103 3028 3174; x_wconf 77' lang='lat' dir='ltr'><strong>ﬁliorum,</strong></span> <span class='ocrx_word' id='word_1_752' title='bbox 3056 3104 3111 3159; x_wconf 87' lang='lat' dir='ltr'><strong>in</strong></span> <span class='ocrx_word' id='word_1_753' title='bbox 3135 3121 3235 3176; x_wconf 81' lang='lat' dir='ltr'><strong>quo</strong></span> <span class='ocrx_word' id='word_1_754' title='bbox 3263 3105 3563 3174; x_wconf 86' lang='lat' dir='ltr'><strong>clamamus,</strong></span> <span class='ocrx_word' id='word_1_755' title='bbox 3588 3107 3748 3175; x_wconf 82' lang='lat' dir='ltr'><strong>Abba,</strong></span> <span class='ocrx_word' id='word_1_756' title='bbox 3776 3107 3890 3162; x_wconf 84' lang='lat' dir='ltr'><strong>Pa-</strong></span> 
     </span>
    </p>
   </div>
   <div class='ocr_carea' id='block_1_94' title="bbox 2297 3196 3892 3272">
    <p class='ocr_par' dir='ltr' id='par_1_94' title="bbox 2297 3196 3892 3272">
     <span class='ocr_line' id='line_1_94' title="bbox 2297 3196 3892 3272; baseline 0.003 -21"><span class='ocrx_word' id='word_1_757' title='bbox 2297 3205 2370 3252; x_wconf 88' lang='lat' dir='ltr'><strong>ter</strong></span> <span class='ocrx_word' id='word_1_758' title='bbox 2403 3197 2577 3272; x_wconf 90' lang='lat' dir='ltr'><strong>(Rom.</strong></span> <span class='ocrx_word' id='word_1_759' title='bbox 2623 3212 2752 3264; x_wconf 79' lang='lat' dir='ltr'><strong>vui,</strong></span> <span class='ocrx_word' id='word_1_760' title='bbox 2780 3196 2890 3267; x_wconf 79' lang='lat' dir='ltr'><strong>i5).</strong></span> <span class='ocrx_word' id='word_1_761' title='bbox 2937 3196 3122 3252; x_wconf 87' lang='lat' dir='ltr'><strong>Timor</strong></span> <span class='ocrx_word' id='word_1_762' title='bbox 3147 3213 3276 3268; x_wconf 77' lang='lat' dir='ltr'><strong>ergo</strong></span> <span class='ocrx_word' id='word_1_763' title='bbox 3316 3199 3406 3255; x_wconf 90' lang='lat' dir='ltr'><strong>ille</strong></span> <span class='ocrx_word' id='word_1_764' title='bbox 3433 3201 3645 3256; x_wconf 88' lang='lat' dir='ltr'><strong>servilis</strong></span> <span class='ocrx_word' id='word_1_765' title='bbox 3681 3211 3758 3257; x_wconf 84' lang='lat' dir='ltr'><strong>est</strong></span> <span class='ocrx_word' id='word_1_766' title='bbox 3789 3221 3802 3255; x_wconf 88' lang='lat'><strong>:</strong></span> <span class='ocrx_word' id='word_1_767' title='bbox 3835 3211 3892 3257; x_wconf 90' lang='lat' dir='ltr'><strong>et</strong></span> 
     </span>
    </p>
   </div>
   <div class='ocr_carea' id='block_1_95' title="bbox 2299 3287 3893 3364">
    <p class='ocr_par' dir='ltr' id='par_1_95' title="bbox 2299 3287 3893 3364">
     <span class='ocr_line' id='line_1_95' title="bbox 2299 3287 3893 3364; baseline 0.003 -20"><span class='ocrx_word' id='word_1_768' title='bbox 2299 3287 2422 3344; x_wconf 89' lang='lat' dir='ltr'><strong>ideo</strong></span> <span class='ocrx_word' id='word_1_769' title='bbox 2458 3288 2701 3360; x_wconf 86' lang='lat' dir='ltr'><strong>quamvis</strong></span> <span class='ocrx_word' id='word_1_770' title='bbox 2724 3288 2777 3344; x_wconf 90' lang='lat' dir='ltr'><strong>in</strong></span> <span class='ocrx_word' id='word_1_771' title='bbox 2797 3287 2889 3344; x_wconf 92' lang='lat' dir='ltr'><strong>illo</strong></span> <span class='ocrx_word' id='word_1_772' title='bbox 2918 3288 3144 3344; x_wconf 90' lang='lat' dir='ltr'><strong>Domino</strong></span> <span class='ocrx_word' id='word_1_773' title='bbox 3170 3289 3440 3358; x_wconf 86' lang='lat' dir='ltr'><strong>credatur,</strong></span> <span class='ocrx_word' id='word_1_774' title='bbox 3470 3307 3573 3346; x_wconf 92' lang='lat' dir='ltr'><strong>non</strong></span> <span class='ocrx_word' id='word_1_775' title='bbox 3605 3302 3780 3348; x_wconf 87' lang='lat' dir='ltr'><strong>tamen</strong></span> <span class='ocrx_word' id='word_1_776' title='bbox 3805 3293 3893 3364; x_wconf 85' lang='lat' dir='ltr'><strong>ju-</strong></span> 
     </span>
    </p>
   </div>
   <div class='ocr_carea' id='block_1_96' title="bbox 2300 3379 3897 3452">
    <p class='ocr_par' dir='ltr' id='par_1_96' title="bbox 2300 3379 3897 3452">
     <span class='ocr_line' id='line_1_96' title="bbox 2300 3379 3897 3452; baseline 0.003 -16"><span class='ocrx_word' id='word_1_777' title='bbox 2300 3379 2446 3436; x_wconf 86' lang='lat' dir='ltr'><strong>stitia</strong></span> <span class='ocrx_word' id='word_1_778' title='bbox 2486 3379 2758 3452; x_wconf 74' lang='lat' dir='ltr'><strong>diligitur,</strong></span> <span class='ocrx_word' id='word_1_779' title='bbox 2787 3379 2884 3437; x_wconf 88' lang='lat' dir='ltr'><strong>sed</strong></span> <span class='ocrx_word' id='word_1_780' title='bbox 2922 3380 3195 3437; x_wconf 86' lang='lat' dir='ltr'><strong>damnatio</strong></span> <span class='ocrx_word' id='word_1_781' title='bbox 3230 3381 3466 3438; x_wconf 90' lang='lat' dir='ltr'><strong>timetur.</strong></span> <span class='ocrx_word' id='word_1_782' title='bbox 3489 3381 3608 3440; x_wconf 86' lang='lat' dir='ltr'><strong>Filii</strong></span> <span class='ocrx_word' id='word_1_783' title='bbox 3632 3399 3761 3440; x_wconf 89' lang='lat' dir='ltr'><strong>vero</strong></span> <span class='ocrx_word' id='word_1_784' title='bbox 3785 3384 3897 3440; x_wconf 87' lang='lat' dir='ltr'><strong>cla-</strong></span> 
     </span>
    </p>
   </div>
   <div class='ocr_carea' id='block_1_97' title="bbox 2301 3469 3897 3543">
    <p class='ocr_par' dir='ltr' id='par_1_97' title="bbox 2301 3469 3897 3543">
     <span class='ocr_line' id='line_1_97' title="bbox 2301 3469 3897 3543; baseline 0.001 -15"><span class='ocrx_word' id='word_1_785' title='bbox 2301 3479 2449 3528; x_wconf 89' lang='lat' dir='ltr'><strong>mant</strong></span> <span class='ocrx_word' id='word_1_786' title='bbox 2462 3470 2622 3540; x_wconf 78' lang='lat' dir='ltr'><strong>Abba,</strong></span> <span class='ocrx_word' id='word_1_787' title='bbox 2632 3469 2806 3541; x_wconf 86' lang='lat' dir='ltr'><strong>Pater,</strong></span> <span class='ocrx_word' id='word_1_788' title='bbox 2819 3487 3044 3543; x_wconf 88' lang='lat' dir='ltr'><strong>quarum</strong></span> <span class='ocrx_word' id='word_1_789' title='bbox 3057 3473 3284 3528; x_wconf 90' lang='lat' dir='ltr'><strong>duarum</strong></span> <span class='ocrx_word' id='word_1_790' title='bbox 3301 3489 3488 3530; x_wconf 87' lang='lat' dir='ltr'><strong>vocum</strong></span> <span class='ocrx_word' id='word_1_791' title='bbox 3507 3489 3609 3530; x_wconf 89' lang='lat' dir='ltr'><strong>una</strong></span> <span class='ocrx_word' id='word_1_792' title='bbox 3619 3487 3701 3531; x_wconf 88' lang='lat' dir='ltr'><strong>est</strong></span> <span class='ocrx_word' id='word_1_793' title='bbox 3715 3491 3780 3531; x_wconf 81' lang='lat' dir='ltr'><strong>ex</strong></span> <span class='ocrx_word' id='word_1_794' title='bbox 3788 3475 3897 3531; x_wconf 85' lang='lat' dir='ltr'><strong>cir-</strong></span> 
     </span>
    </p>
   </div>
   <div class='ocr_carea' id='block_1_98' title="bbox 2301 3562 3896 3636">
    <p class='ocr_par' dir='ltr' id='par_1_98' title="bbox 2301 3562 3896 3636">
     <span class='ocr_line' id='line_1_98' title="bbox 2301 3562 3896 3636; baseline 0.004 -17"><span class='ocrx_word' id='word_1_795' title='bbox 2301 3562 2647 3631; x_wconf 90' lang='lat' dir='ltr'><strong>cumcisione,</strong></span> <span class='ocrx_word' id='word_1_796' title='bbox 2661 3562 2825 3618; x_wconf 86' lang='lat' dir='ltr'><strong>altera</strong></span> <span class='ocrx_word' id='word_1_797' title='bbox 2836 3577 2902 3618; x_wconf 78' lang='lat' dir='ltr'><strong>es</strong></span> <span class='ocrx_word' id='word_1_798' title='bbox 2917 3565 3197 3634; x_wconf 70' lang='lat' dir='ltr'><strong>prmputio,</strong></span> <span class='ocrx_word' id='word_1_799' title='bbox 3210 3563 3378 3620; x_wconf 83' lang='lat' dir='ltr'><strong>Judaei</strong></span> <span class='ocrx_word' id='word_1_800' title='bbox 3398 3566 3622 3636; x_wconf 90' lang='lat' dir='ltr'><strong>primum</strong></span> <span class='ocrx_word' id='word_1_801' title='bbox 3635 3575 3690 3622; x_wconf 90' lang='lat' dir='ltr'><strong>et</strong></span> <span class='ocrx_word' id='word_1_802' title='bbox 3701 3566 3896 3626; x_wconf 71' lang='lat' dir='ltr'><strong>Grmci:</strong></span> 
     </span>
    </p>
   </div>
   <div class='ocr_carea' id='block_1_99' title="bbox 2301 3653 3994 3741">
    <p class='ocr_par' dir='ltr' id='par_1_99' title="bbox 2301 3653 3994 3741">
     <span class='ocr_line' id='line_1_99' title="bbox 2301 3653 3994 3741; baseline 0.004 -33"><span class='ocrx_word' id='word_1_803' title='bbox 2301 3655 2540 3728; x_wconf 83' lang='lat' dir='ltr'><strong>quoniam</strong></span> <span class='ocrx_word' id='word_1_804' title='bbox 2563 3671 2696 3710; x_wconf 86' lang='lat' dir='ltr'><strong>unus</strong></span> <span class='ocrx_word' id='word_1_805' title='bbox 2721 3664 2795 3710; x_wconf 90' lang='lat' dir='ltr'><strong>est</strong></span> <span class='ocrx_word' id='word_1_806' title='bbox 2819 3653 2985 3720; x_wconf 83' lang='lat' dir='ltr'><strong>Deus,</strong></span> <span class='ocrx_word' id='word_1_807' title='bbox 3008 3659 3094 3720; x_wconf 84' lang='lat' dir='ltr'><strong>qui</strong></span> <span class='ocrx_word' id='word_1_808' title='bbox 3111 3656 3362 3727; x_wconf 82' lang='lat' dir='ltr'><strong>justiﬁcat</strong></span> <span class='ocrx_word' id='word_1_809' title='bbox 3381 3658 3807 3714; x_wconf 84' lang='lat' dir='ltr'><strong>circumcisionem</strong></span> <span class='ocrx_word' id='word_1_810' title='bbox 3832 3675 3900 3714; x_wconf 69' lang='lat' dir='ltr'><strong>ex</strong></span> <span class='ocrx_word' id='word_1_811' title='bbox 3971 3725 3994 3741; x_wconf 33' lang='grc' dir='ltr'><strong>κ</strong></span> 
     </span>
    </p>
   </div>
   <div class='ocr_carea' id='block_1_100' title="bbox 2305 3745 3898 3820">
    <p class='ocr_par' dir='ltr' id='par_1_100' title="bbox 2305 3745 3898 3820">
     <span class='ocr_line' id='line_1_100' title="bbox 2305 3745 3898 3820; baseline 0.003 -20"><span class='ocrx_word' id='word_1_812' title='bbox 2305 3746 2436 3816; x_wconf 81' lang='lat' dir='ltr'><strong>ﬁde,</strong></span> <span class='ocrx_word' id='word_1_813' title='bbox 2463 3755 2511 3801; x_wconf 87' lang='lat' dir='ltr'><strong>et</strong></span> <span class='ocrx_word' id='word_1_814' title='bbox 2539 3746 2842 3818; x_wconf 67' lang='lat' dir='ltr'><strong>praeputium</strong></span> <span class='ocrx_word' id='word_1_815' title='bbox 2864 3762 2952 3816; x_wconf 88' lang='lat' dir='ltr'><strong>per</strong></span> <span class='ocrx_word' id='word_1_816' title='bbox 2972 3746 3126 3816; x_wconf 79' lang='lat' dir='ltr'><strong>ﬁdem</strong></span> <span class='ocrx_word' id='word_1_817' title='bbox 3157 3745 3276 3820; x_wconf 82' lang='lat' dir='ltr'><strong>(Id.</strong></span> <span class='ocrx_word' id='word_1_818' title='bbox 3305 3763 3396 3816; x_wconf 90' lang='grc' dir='ltr'>ιιι,</span> <span class='ocrx_word' id='word_1_819' title='bbox 3417 3747 3532 3819; x_wconf 77' lang='grc'>50).</span> <span class='ocrx_word' id='word_1_820' title='bbox 3557 3747 3690 3804; x_wconf 88' lang='lat' dir='ltr'><strong>Cum</strong></span> <span class='ocrx_word' id='word_1_821' title='bbox 3716 3761 3898 3806; x_wconf 84' lang='lat' dir='ltr'><strong>autem</strong></span> 
     </span>
    </p>
   </div>
   <div class='ocr_carea' id='block_1_101' title="bbox 2305 3825 3897 3909">
    <p class='ocr_par' dir='ltr' id='par_1_101' title="bbox 2305 3825 3897 3909">
     <span class='ocr_line' id='line_1_101' title="bbox 2305 3825 3897 3909; baseline 0.001 -17"><span class='ocrx_word' id='word_1_822' title='bbox 2305 3836 2558 3902; x_wconf 86' lang='lat' dir='ltr'><strong>clamant,</strong></span> <span class='ocrx_word' id='word_1_823' title='bbox 2585 3836 2782 3908; x_wconf 85' lang='lat' dir='ltr'><strong>aliquid</strong></span> <span class='ocrx_word' id='word_1_824' title='bbox 2811 3825 3030 3906; x_wconf 82' lang='lat' dir='ltr'><strong>petunt:</strong></span> <span class='ocrx_word' id='word_1_825' title='bbox 3053 3845 3108 3892; x_wconf 91' lang='lat' dir='ltr'><strong>et</strong></span> <span class='ocrx_word' id='word_1_826' title='bbox 3129 3837 3254 3908; x_wconf 87' lang='lat' dir='ltr'><strong>quid</strong></span> <span class='ocrx_word' id='word_1_827' title='bbox 3279 3847 3460 3908; x_wconf 90' lang='lat' dir='ltr'><strong>petunt</strong></span> <span class='ocrx_word' id='word_1_828' title='bbox 3481 3839 3581 3894; x_wconf 90' lang='lat' dir='ltr'><strong>nisi</strong></span> <span class='ocrx_word' id='word_1_829' title='bbox 3607 3840 3747 3909; x_wconf 87' lang='lat' dir='ltr'><strong>quod</strong></span> <span class='ocrx_word' id='word_1_830' title='bbox 3768 3855 3897 3894; x_wconf 88' lang='lat' dir='ltr'><strong>esu-</strong></span> 
     </span>
    </p>
   </div>
   <div class='ocr_carea' id='block_1_102' title="bbox 2308 3927 3901 4000">
    <p class='ocr_par' dir='ltr' id='par_1_102' title="bbox 2308 3927 3901 4000">
     <span class='ocr_line' id='line_1_102' title="bbox 2308 3927 3901 4000; baseline 0.004 -18"><span class='ocrx_word' id='word_1_831' title='bbox 2308 3929 2456 3983; x_wconf 89' lang='lat' dir='ltr'><strong>riunt</strong></span> <span class='ocrx_word' id='word_1_832' title='bbox 2504 3936 2559 3984; x_wconf 89' lang='lat' dir='ltr'><strong>et</strong></span> <span class='ocrx_word' id='word_1_833' title='bbox 2596 3927 2826 3984; x_wconf 74' lang='lat' dir='ltr'><strong>sitiunt?</strong></span> <span class='ocrx_word' id='word_1_834' title='bbox 2857 3927 2924 3983; x_wconf 89' lang='lat' dir='ltr'><strong>Et</strong></span> <span class='ocrx_word' id='word_1_835' title='bbox 2950 3928 3052 3984; x_wconf 92' lang='lat' dir='ltr'><strong>hoc</strong></span> <span class='ocrx_word' id='word_1_836' title='bbox 3079 3927 3208 3998; x_wconf 89' lang='lat' dir='ltr'><strong>quid</strong></span> <span class='ocrx_word' id='word_1_837' title='bbox 3235 3937 3347 3995; x_wconf 91' lang='lat' dir='ltr'><strong>est,</strong></span> <span class='ocrx_word' id='word_1_838' title='bbox 3375 3931 3477 3984; x_wconf 90' lang='lat' dir='ltr'><strong>nisi</strong></span> <span class='ocrx_word' id='word_1_839' title='bbox 3519 3929 3659 4000; x_wconf 88' lang='lat' dir='ltr'><strong>quod</strong></span> <span class='ocrx_word' id='word_1_840' title='bbox 3688 3931 3758 3987; x_wconf 91' lang='lat' dir='ltr'><strong>de</strong></span> <span class='ocrx_word' id='word_1_841' title='bbox 3791 3930 3901 3988; x_wconf 83' lang='lat' dir='ltr'><strong>illis</strong></span> 
     </span>
    </p>
   </div>
   <div class='ocr_carea' id='block_1_103' title="bbox 2309 4018 3902 4094">
    <p class='ocr_par' dir='ltr' id='par_1_103' title="bbox 2309 4018 3902 4094">
     <span class='ocr_line' id='line_1_103' title="bbox 2309 4018 3902 4094; baseline -0.001 -19"><span class='ocrx_word' id='word_1_842' title='bbox 2309 4018 2510 4076; x_wconf 90' lang='lat' dir='ltr'><strong>dictum</strong></span> <span class='ocrx_word' id='word_1_843' title='bbox 2535 4029 2648 4086; x_wconf 83' lang='lat' dir='ltr'><strong>est,</strong></span> <span class='ocrx_word' id='word_1_844' title='bbox 2675 4018 2820 4074; x_wconf 87' lang='lat' dir='ltr'><strong>Beati</strong></span> <span class='ocrx_word' id='word_1_845' title='bbox 2844 4019 2932 4092; x_wconf 85' lang='lat' dir='ltr'><strong>qui</strong></span> <span class='ocrx_word' id='word_1_846' title='bbox 2954 4021 3180 4075; x_wconf 81' lang='lat' dir='ltr'><strong>esuriant</strong></span> <span class='ocrx_word' id='word_1_847' title='bbox 3207 4031 3255 4075; x_wconf 83' lang='lat' dir='ltr'><strong>et</strong></span> <span class='ocrx_word' id='word_1_848' title='bbox 3276 4021 3454 4076; x_wconf 86' lang='lat' dir='ltr'><strong>sitiunt</strong></span> <span class='ocrx_word' id='word_1_849' title='bbox 3472 4022 3748 4093; x_wconf 84' lang='lat' dir='ltr'><strong>justitiam,</strong></span> <span class='ocrx_word' id='word_1_850' title='bbox 3773 4039 3902 4094; x_wconf 79' lang='lat' dir='ltr'><strong>quu-</strong></span> 
     </span>
    </p>
   </div>
   <div class='ocr_carea' id='block_1_104' title="bbox 2309 4113 3904 4186">
    <p class='ocr_par' dir='ltr' id='par_1_104' title="bbox 2309 4113 3904 4186">
     <span class='ocr_line' id='line_1_104' title="bbox 2309 4113 3904 4186; baseline 0.001 -17"><span class='ocrx_word' id='word_1_851' title='bbox 2309 4115 2448 4169; x_wconf 84' lang='lat' dir='ltr'><strong>niam</strong></span> <span class='ocrx_word' id='word_1_852' title='bbox 2485 4113 2586 4185; x_wconf 84' lang='lat' dir='ltr'><strong>ipsi</strong></span> <span class='ocrx_word' id='word_1_853' title='bbox 2612 4113 2970 4168; x_wconf 81' lang='lat' dir='ltr'><strong>saturabuntur</strong></span> <span class='ocrx_word' id='word_1_854' title='bbox 2994 4113 3207 4183; x_wconf 76' lang='lat' dir='ltr'><strong>(Matth.</strong></span> <span class='ocrx_word' id='word_1_855' title='bbox 3229 4130 3284 4181; x_wconf 90' lang='lat' dir='ltr'><strong>v,</strong></span> <span class='ocrx_word' id='word_1_856' title='bbox 3313 4115 3406 4186; x_wconf 81' lang='lat'><strong>6)?</strong></span> <span class='ocrx_word' id='word_1_857' title='bbox 3437 4115 3550 4170; x_wconf 82' lang='lat' dir='ltr'><strong>lluc</strong></span> <span class='ocrx_word' id='word_1_858' title='bbox 3573 4131 3701 4186; x_wconf 79' lang='lat' dir='ltr'><strong>ergo</strong></span> <span class='ocrx_word' id='word_1_859' title='bbox 3729 4127 3904 4172; x_wconf 86' lang='lat' dir='ltr'><strong>trans-</strong></span> 
     </span>
    </p>
   </div>
   <div class='ocr_carea' id='block_1_105' title="bbox 2310 4203 3906 4276">
    <p class='ocr_par' dir='ltr' id='par_1_105' title="bbox 2310 4203 3906 4276">
     <span class='ocr_line' id='line_1_105' title="bbox 2310 4203 3906 4276; baseline 0.003 -16"><span class='ocrx_word' id='word_1_860' title='bbox 2310 4211 2438 4260; x_wconf 83' lang='lat' dir='ltr'><strong>eant</strong></span> <span class='ocrx_word' id='word_1_861' title='bbox 2487 4203 2578 4274; x_wconf 89' lang='lat' dir='ltr'><strong>qui</strong></span> <span class='ocrx_word' id='word_1_862' title='bbox 2611 4203 2712 4260; x_wconf 84' lang='lat' dir='ltr'><strong>sub</strong></span> <span class='ocrx_word' id='word_1_863' title='bbox 2737 4204 2854 4276; x_wconf 67' lang='lat' dir='ltr'><strong>lege</strong></span> <span class='ocrx_word' id='word_1_864' title='bbox 2893 4214 3055 4270; x_wconf 89' lang='lat' dir='ltr'><strong>sunt,</strong></span> <span class='ocrx_word' id='word_1_865' title='bbox 3089 4215 3144 4259; x_wconf 95' lang='lat' dir='ltr'><strong>ut</strong></span> <span class='ocrx_word' id='word_1_866' title='bbox 3171 4221 3238 4260; x_wconf 79' lang='lat' dir='ltr'><strong>ex</strong></span> <span class='ocrx_word' id='word_1_867' title='bbox 3275 4207 3443 4261; x_wconf 87' lang='lat' dir='ltr'><strong>servis</strong></span> <span class='ocrx_word' id='word_1_868' title='bbox 3471 4206 3563 4262; x_wconf 88' lang='lat' dir='ltr'><strong>ﬁlii</strong></span> <span class='ocrx_word' id='word_1_869' title='bbox 3605 4209 3729 4262; x_wconf 80' lang='lat' dir='ltr'><strong>fiant</strong></span> <span class='ocrx_word' id='word_1_870' title='bbox 3758 4224 3773 4261; x_wconf 94' lang='lat'><strong>:</strong></span> <span class='ocrx_word' id='word_1_871' title='bbox 3801 4224 3906 4264; x_wconf 89' lang='lat' dir='ltr'><strong>nec</strong></span> 
     </span>
    </p>
   </div>
   <div class='ocr_carea' id='block_1_106' title="bbox 2311 4294 3905 4371">
    <p class='ocr_par' dir='ltr' id='par_1_106' title="bbox 2311 4294 3905 4371">
     <span class='ocr_line' id='line_1_106' title="bbox 2311 4294 3905 4371; baseline 0.001 -20"><span class='ocrx_word' id='word_1_872' title='bbox 2311 4294 2392 4352; x_wconf 82' lang='lat' dir='ltr'><strong>sic</strong></span> <span class='ocrx_word' id='word_1_873' title='bbox 2443 4303 2660 4359; x_wconf 86' lang='lat' dir='ltr'><strong>tamen,</strong></span> <span class='ocrx_word' id='word_1_874' title='bbox 2710 4303 2770 4349; x_wconf 88' lang='lat' dir='ltr'><strong>ut</strong></span> <span class='ocrx_word' id='word_1_875' title='bbox 2821 4295 2962 4350; x_wconf 89' lang='lat' dir='ltr'><strong>servi</strong></span> <span class='ocrx_word' id='word_1_876' title='bbox 3008 4309 3128 4350; x_wconf 87' lang='lat' dir='ltr'><strong>esse</strong></span> <span class='ocrx_word' id='word_1_877' title='bbox 3174 4295 3467 4362; x_wconf 73' lang='lat' dir='ltr'><strong>desistant;</strong></span> <span class='ocrx_word' id='word_1_878' title='bbox 3525 4297 3618 4352; x_wconf 71' lang='lat' dir='ltr'><strong>sed</strong></span> <span class='ocrx_word' id='word_1_879' title='bbox 3674 4305 3730 4352; x_wconf 92' lang='lat' dir='ltr'><strong>ut</strong></span> <span class='ocrx_word' id='word_1_880' title='bbox 3784 4308 3905 4371; x_wconf 69' lang='lat' dir='ltr'><strong>lan-</strong></span> 
     </span>
    </p>
   </div>
   <div class='ocr_carea' id='block_1_107' title="bbox 2313 4387 3909 4462">
    <p class='ocr_par' dir='ltr' id='par_1_107' title="bbox 2313 4387 3909 4462">
     <span class='ocr_line' id='line_1_107' title="bbox 2313 4387 3909 4462; baseline 0.004 -20"><span class='ocrx_word' id='word_1_881' title='bbox 2313 4403 2474 4460; x_wconf 88' lang='lat' dir='ltr'><strong>quam</strong></span> <span class='ocrx_word' id='word_1_882' title='bbox 2500 4387 2592 4444; x_wconf 86' lang='lat' dir='ltr'><strong>ﬁlii</strong></span> <span class='ocrx_word' id='word_1_883' title='bbox 2612 4387 2830 4444; x_wconf 87' lang='lat' dir='ltr'><strong>domino</strong></span> <span class='ocrx_word' id='word_1_884' title='bbox 2854 4397 2908 4444; x_wconf 84' lang='lat' dir='ltr'><strong>et</strong></span> <span class='ocrx_word' id='word_1_885' title='bbox 2937 4387 3073 4456; x_wconf 88' lang='lat' dir='ltr'><strong>patri</strong></span> <span class='ocrx_word' id='word_1_886' title='bbox 3097 4389 3386 4445; x_wconf 83' lang='lat' dir='ltr'><strong>liberaliter</strong></span> <span class='ocrx_word' id='word_1_887' title='bbox 3406 4393 3672 4452; x_wconf 86' lang='lat' dir='ltr'><strong>serviant,</strong></span> <span class='ocrx_word' id='word_1_888' title='bbox 3700 4393 3822 4462; x_wconf 82' lang='lat' dir='ltr'><strong>quia</strong></span> <span class='ocrx_word' id='word_1_889' title='bbox 3855 4403 3909 4448; x_wconf 83' lang='lat' dir='ltr'><strong>et</strong></span> 
     </span>
    </p>
   </div>
   <div class='ocr_carea' id='block_1_108' title="bbox 2315 4479 3908 4552">
    <p class='ocr_par' dir='ltr' id='par_1_108' title="bbox 2315 4479 3908 4552">
     <span class='ocr_line' id='line_1_108' title="bbox 2315 4479 3908 4552; baseline -0.001 -17"><span class='ocrx_word' id='word_1_890' title='bbox 2315 4481 2418 4536; x_wconf 87' lang='lat' dir='ltr'><strong>hoc</strong></span> <span class='ocrx_word' id='word_1_891' title='bbox 2455 4489 2818 4551; x_wconf 83' lang='lat' dir='ltr'><strong>acceperunt:</strong></span> <span class='ocrx_word' id='word_1_892' title='bbox 2851 4479 2990 4533; x_wconf 87' lang='lat' dir='ltr'><strong>dedit</strong></span> <span class='ocrx_word' id='word_1_893' title='bbox 3033 4479 3176 4535; x_wconf 91' lang='lat' dir='ltr'><strong>enim</strong></span> <span class='ocrx_word' id='word_1_894' title='bbox 3205 4489 3499 4552; x_wconf 64' lang='lat' dir='ltr'><strong>potestatem</strong></span> <span class='ocrx_word' id='word_1_895' title='bbox 3537 4480 3624 4536; x_wconf 84' lang='lat' dir='ltr'><strong>ille</strong></span> <span class='ocrx_word' id='word_1_896' title='bbox 3671 4481 3908 4548; x_wconf 86' lang='lat' dir='ltr'><strong>Unicus,</strong></span> 
     </span>
    </p>
   </div>
   <div class='ocr_carea' id='block_1_109' title="bbox 2317 4572 3910 4644">
    <p class='ocr_par' dir='ltr' id='par_1_109' title="bbox 2317 4572 3910 4644">
     <span class='ocr_line' id='line_1_109' title="bbox 2317 4572 3910 4644; baseline 0.001 -17"><span class='ocrx_word' id='word_1_897' title='bbox 2317 4574 2450 4644; x_wconf 78' lang='lat' dir='ltr'><strong>ﬁlios</strong></span> <span class='ocrx_word' id='word_1_898' title='bbox 2475 4573 2567 4626; x_wconf 86' lang='lat' dir='ltr'><strong>Dei</strong></span> <span class='ocrx_word' id='word_1_899' title='bbox 2583 4573 2696 4640; x_wconf 82' lang='lat' dir='ltr'><strong>ﬁeri</strong></span> <span class='ocrx_word' id='word_1_900' title='bbox 2717 4573 3032 4627; x_wconf 74' lang='lat' dir='ltr'><strong>credentibus</strong></span> <span class='ocrx_word' id='word_1_901' title='bbox 3061 4573 3111 4624; x_wconf 88' lang='lat' dir='ltr'><strong>in</strong></span> <span class='ocrx_word' id='word_1_902' title='bbox 3143 4573 3345 4626; x_wconf 85' lang='lat' dir='ltr'><strong>nomine</strong></span> <span class='ocrx_word' id='word_1_903' title='bbox 3369 4574 3477 4643; x_wconf 84' lang='lat' dir='ltr'><strong>ejus</strong></span> <span class='ocrx_word' id='word_1_904' title='bbox 3499 4572 3679 4642; x_wconf 83' lang='lat' dir='ltr'><strong>(Joan.</strong></span> <span class='ocrx_word' id='word_1_905' title='bbox 3707 4589 3746 4639; x_wconf 90' lang='grc' dir='ltr'><strong>ι,</strong></span> <span class='ocrx_word' id='word_1_906' title='bbox 3779 4574 3865 4644; x_wconf 66' lang='grc'>12)</span> <span class='ocrx_word' id='word_1_907' title='bbox 3895 4592 3910 4628; x_wconf 93' lang='lat'><strong>:</strong></span> 
     </span>
    </p>
   </div>
   <div class='ocr_carea' id='block_1_110' title="bbox 2319 4663 3909 4734">
    <p class='ocr_par' dir='ltr' id='par_1_110' title="bbox 2319 4663 3909 4734">
     <span class='ocr_line' id='line_1_110' title="bbox 2319 4663 3909 4734; baseline -0.001 -14"><span class='ocrx_word' id='word_1_908' title='bbox 2319 4679 2518 4734; x_wconf 85' lang='lat' dir='ltr'><strong>eosque</strong></span> <span class='ocrx_word' id='word_1_909' title='bbox 2547 4664 2822 4718; x_wconf 86' lang='lat' dir='ltr'><strong>admonuit</strong></span> <span class='ocrx_word' id='word_1_910' title='bbox 2852 4671 3032 4733; x_wconf 79' lang='lat' dir='ltr'><strong>petere</strong></span> <span class='ocrx_word' id='word_1_911' title='bbox 3051 4704 3066 4727; x_wconf 94' lang='lat'><strong>,</strong></span> <span class='ocrx_word' id='word_1_912' title='bbox 3094 4677 3335 4733; x_wconf 65' lang='lat' dir='ltr'><strong>quaerere</strong></span> <span class='ocrx_word' id='word_1_913' title='bbox 3355 4704 3369 4725; x_wconf 93' lang='lat'><strong>,</strong></span> <span class='ocrx_word' id='word_1_914' title='bbox 3396 4663 3606 4732; x_wconf 85' lang='lat' dir='ltr'><strong>pulsare</strong></span> <span class='ocrx_word' id='word_1_915' title='bbox 3628 4706 3642 4730; x_wconf 95' lang='lat'><strong>,</strong></span> <span class='ocrx_word' id='word_1_916' title='bbox 3675 4673 3732 4718; x_wconf 90' lang='lat' dir='ltr'><strong>ut</strong></span> <span class='ocrx_word' id='word_1_917' title='bbox 3765 4667 3909 4718; x_wconf 73' lang='lat' dir='ltr'><strong>aet-i-</strong></span> 
     </span>
    </p>
   </div>
   <div class='ocr_carea' id='block_1_111' title="bbox 2318 4753 3904 4827">
    <p class='ocr_par' dir='ltr' id='par_1_111' title="bbox 2318 4753 3904 4827">
     <span class='ocr_line' id='line_1_111' title="bbox 2318 4753 3904 4827; baseline 0.002 -20"><span class='ocrx_word' id='word_1_918' title='bbox 2318 4755 2503 4827; x_wconf 87' lang='lat' dir='ltr'><strong>piant,</strong></span> <span class='ocrx_word' id='word_1_919' title='bbox 2533 4765 2585 4809; x_wconf 91' lang='lat' dir='ltr'><strong>et</strong></span> <span class='ocrx_word' id='word_1_920' title='bbox 2612 4753 2916 4820; x_wconf 86' lang='lat' dir='ltr'><strong>inveniant,</strong></span> <span class='ocrx_word' id='word_1_921' title='bbox 2945 4762 3000 4808; x_wconf 89' lang='lat' dir='ltr'><strong>ct</strong></span> <span class='ocrx_word' id='word_1_922' title='bbox 3036 4754 3306 4822; x_wconf 85' lang='lat' dir='ltr'><strong>aperiatur</strong></span> <span class='ocrx_word' id='word_1_923' title='bbox 3348 4755 3458 4818; x_wconf 90' lang='lat' dir='ltr'><strong>eis;</strong></span> <span class='ocrx_word' id='word_1_924' title='bbox 3504 4753 3708 4809; x_wconf 88' lang='lat' dir='ltr'><strong>addens</strong></span> <span class='ocrx_word' id='word_1_925' title='bbox 3739 4755 3904 4810; x_wconf 84' lang='lat' dir='ltr'><strong>incre-</strong></span> 
     </span>
    </p>
   </div>
   <div class='ocr_carea' id='block_1_112' title="bbox 2322 4845 3916 4919">
    <p class='ocr_par' dir='ltr' id='par_1_112' title="bbox 2322 4845 3916 4919">
     <span class='ocr_line' id='line_1_112' title="bbox 2322 4845 3916 4919; baseline 0 -19"><span class='ocrx_word' id='word_1_926' title='bbox 2322 4849 2611 4919; x_wconf 86' lang='lat' dir='ltr'><strong>pationem,</strong></span> <span class='ocrx_word' id='word_1_927' title='bbox 2641 4855 2697 4902; x_wconf 90' lang='lat' dir='ltr'><strong>et</strong></span> <span class='ocrx_word' id='word_1_928' title='bbox 2715 4847 2920 4911; x_wconf 87' lang='lat' dir='ltr'><strong>dicens,</strong></span> <span class='ocrx_word' id='word_1_929' title='bbox 2953 4845 3015 4901; x_wconf 85' lang='lat' dir='ltr'><strong>Si</strong></span> <span class='ocrx_word' id='word_1_930' title='bbox 3037 4861 3122 4900; x_wconf 75' lang='lat' dir='ltr'><strong>vos</strong></span> <span class='ocrx_word' id='word_1_931' title='bbox 3141 4861 3254 4898; x_wconf 85' lang='lat' dir='ltr'><strong>cum</strong></span> <span class='ocrx_word' id='word_1_932' title='bbox 3279 4845 3389 4899; x_wconf 84' lang='lat' dir='ltr'><strong>sitis</strong></span> <span class='ocrx_word' id='word_1_933' title='bbox 3413 4846 3562 4910; x_wconf 85' lang='lat' dir='ltr'><strong>moli,</strong></span> <span class='ocrx_word' id='word_1_934' title='bbox 3589 4846 3750 4900; x_wconf 85' lang='lat' dir='ltr'><strong>nostis</strong></span> <span class='ocrx_word' id='word_1_935' title='bbox 3781 4847 3916 4900; x_wconf 86' lang='lat' dir='ltr'><strong>bona</strong></span> 
     </span>
    </p>
   </div>
   <div class='ocr_carea' id='block_1_113' title="bbox 2322 4935 3918 5008">
    <p class='ocr_par' dir='ltr' id='par_1_113' title="bbox 2322 4935 3918 5008">
     <span class='ocr_line' id='line_1_113' title="bbox 2322 4935 3918 5008; baseline -0.002 -14"><span class='ocrx_word' id='word_1_936' title='bbox 2322 4943 2442 4995; x_wconf 85' lang='lat' dir='ltr'><strong>data</strong></span> <span class='ocrx_word' id='word_1_937' title='bbox 2461 4939 2586 4995; x_wconf 86' lang='lat' dir='ltr'><strong>dare</strong></span> <span class='ocrx_word' id='word_1_938' title='bbox 2608 4940 2730 5008; x_wconf 83' lang='lat' dir='ltr'><strong>ﬁliis</strong></span> <span class='ocrx_word' id='word_1_939' title='bbox 2763 4939 2964 5002; x_wconf 79' lang='lat' dir='ltr'><strong>vestris,</strong></span> <span class='ocrx_word' id='word_1_940' title='bbox 2991 4946 3177 5008; x_wconf 83' lang='lat' dir='ltr'><strong>quanto</strong></span> <span class='ocrx_word' id='word_1_941' title='bbox 3201 4938 3362 5008; x_wconf 83' lang='lat' dir='ltr'><strong>magis</strong></span> <span class='ocrx_word' id='word_1_942' title='bbox 3399 4935 3552 4990; x_wconf 74' lang='lat' dir='ltr'><strong>Pater</strong></span> <span class='ocrx_word' id='word_1_943' title='bbox 3579 4948 3735 4992; x_wconf 83' lang='lat' dir='ltr'><strong>vester</strong></span> <span class='ocrx_word' id='word_1_944' title='bbox 3755 4937 3842 5004; x_wconf 83' lang='lat' dir='ltr'><strong>qui</strong></span> <span class='ocrx_word' id='word_1_945' title='bbox 3867 4940 3918 4991; x_wconf 73' lang='lat' dir='ltr'><strong>in</strong></span> 
     </span>
    </p>
   </div>
   <div class='ocr_carea' id='block_1_114' title="bbox 2320 5026 3913 5099">
    <p class='ocr_par' dir='ltr' id='par_1_114' title="bbox 2320 5026 3913 5099">
     <span class='ocr_line' id='line_1_114' title="bbox 2320 5026 3913 5099; baseline -0.004 -12"><span class='ocrx_word' id='word_1_946' title='bbox 2320 5033 2460 5087; x_wconf 68' lang='lat' dir='ltr'><strong>une/is</strong></span> <span class='ocrx_word' id='word_1_947' title='bbox 2484 5040 2590 5095; x_wconf 83' lang='lat' dir='ltr'><strong>est,</strong></span> <span class='ocrx_word' id='word_1_948' title='bbox 2614 5031 2751 5084; x_wconf 89' lang='lat' dir='ltr'><strong>dabit</strong></span> <span class='ocrx_word' id='word_1_949' title='bbox 2777 5029 2907 5083; x_wconf 84' lang='lat' dir='ltr'><strong>bona</strong></span> <span class='ocrx_word' id='word_1_950' title='bbox 2933 5029 3207 5099; x_wconf 79' lang='lat' dir='ltr'><strong>petentibus</strong></span> <span class='ocrx_word' id='word_1_951' title='bbox 3225 5043 3277 5080; x_wconf 89' lang='lat' dir='ltr'><strong>se</strong></span> <span class='ocrx_word' id='word_1_952' title='bbox 3307 5032 3329 5096; x_wconf 89' lang='lat'><strong>(</strong></span> <span class='ocrx_word' id='word_1_953' title='bbox 3350 5026 3537 5080; x_wconf 77' lang='lat' dir='ltr'><strong>Matth.</strong></span> <span class='ocrx_word' id='word_1_954' title='bbox 3573 5043 3684 5093; x_wconf 88' lang='lat' dir='ltr'><strong>vn,</strong></span> <span class='ocrx_word' id='word_1_955' title='bbox 3715 5029 3913 5094; x_wconf 82' lang='lat' dir='ltr'><strong>7-H)!</strong></span> 
     </span>
    </p>
   </div>
   <div class='ocr_carea' id='block_1_115' title="bbox 2322 5117 3920 5192">
    <p class='ocr_par' dir='ltr' id='par_1_115' title="bbox 2322 5117 3920 5192">
     <span class='ocr_line' id='line_1_115' title="bbox 2322 5117 3920 5192; baseline -0.004 -13"><span class='ocrx_word' id='word_1_956' title='bbox 2322 5121 2455 5180; x_wconf 89' lang='lat' dir='ltr'><strong>Cum</strong></span> <span class='ocrx_word' id='word_1_957' title='bbox 2499 5137 2627 5192; x_wconf 80' lang='lat' dir='ltr'><strong>ergo</strong></span> <span class='ocrx_word' id='word_1_958' title='bbox 2647 5123 2814 5174; x_wconf 88' lang='lat' dir='ltr'><strong>virtus</strong></span> <span class='ocrx_word' id='word_1_959' title='bbox 2855 5119 3056 5189; x_wconf 83' lang='lat' dir='ltr'><strong>peccati</strong></span> <span class='ocrx_word' id='word_1_960' title='bbox 3104 5118 3189 5172; x_wconf 79' lang='lat' dir='ltr'><strong>lex</strong></span> <span class='ocrx_word' id='word_1_961' title='bbox 3220 5117 3628 5172; x_wconf 81' lang='lat' dir='ltr'><strong>inﬁammaverit</strong></span> <span class='ocrx_word' id='word_1_962' title='bbox 3669 5117 3920 5172; x_wconf 87' lang='lat' dir='ltr'><strong>aculeum</strong></span> 
     </span>
    </p>
   </div>
   <div class='ocr_carea' id='block_1_116' title="bbox 2323 5211 3919 5282">
    <p class='ocr_par' dir='ltr' id='par_1_116' title="bbox 2323 5211 3919 5282">
     <span class='ocr_line' id='line_1_116' title="bbox 2323 5211 3919 5282; baseline -0.005 -12"><span class='ocrx_word' id='word_1_963' title='bbox 2323 5215 2510 5270; x_wconf 87' lang='lat' dir='ltr'><strong>mortis</strong></span> <span class='ocrx_word' id='word_1_964' title='bbox 2535 5213 2578 5281; x_wconf 81' lang='grc' dir='ltr'><strong>(Ι</strong></span> <span class='ocrx_word' id='word_1_965' title='bbox 2604 5213 2723 5267; x_wconf 82' lang='lat' dir='ltr'><strong>Cor.</strong></span> <span class='ocrx_word' id='word_1_966' title='bbox 2755 5228 2844 5276; x_wconf 78' lang='lat' dir='ltr'><strong>xv,</strong></span> <span class='ocrx_word' id='word_1_967' title='bbox 2868 5211 2983 5282; x_wconf 82' lang='grc'><strong>56),</strong></span> <span class='ocrx_word' id='word_1_968' title='bbox 3003 5221 3060 5265; x_wconf 90' lang='grc' dir='ltr'><strong>ιιι</strong></span> <span class='ocrx_word' id='word_1_969' title='bbox 3087 5211 3368 5264; x_wconf 77' lang='lat' dir='ltr'><strong>occasione</strong></span> <span class='ocrx_word' id='word_1_970' title='bbox 3387 5219 3604 5278; x_wconf 79' lang='lat' dir='ltr'><strong>accepta</strong></span> <span class='ocrx_word' id='word_1_971' title='bbox 3635 5219 3919 5277; x_wconf 85' lang='lat' dir='ltr'><strong>peccatum</strong></span> 
     </span>
    </p>
   </div>
   <div class='ocr_carea' id='block_1_117' title="bbox 2329 5299 3916 5378">
    <p class='ocr_par' dir='ltr' id='par_1_117' title="bbox 2329 5299 3916 5378">
     <span class='ocr_line' id='line_1_117' title="bbox 2329 5299 3916 5378; baseline -0.006 -16"><span class='ocrx_word' id='word_1_972' title='bbox 2329 5323 2424 5378; x_wconf 88' lang='lat' dir='ltr'><strong>per</strong></span> <span class='ocrx_word' id='word_1_973' title='bbox 2488 5305 2794 5360; x_wconf 88' lang='lat' dir='ltr'><strong>mandatum</strong></span> <span class='ocrx_word' id='word_1_974' title='bbox 2858 5311 3112 5373; x_wconf 85' lang='lat' dir='ltr'><strong>operetur</strong></span> <span class='ocrx_word' id='word_1_975' title='bbox 3156 5316 3369 5356; x_wconf 88' lang='lat' dir='ltr'><strong>omnem</strong></span> <span class='ocrx_word' id='word_1_976' title='bbox 3421 5299 3916 5370; x_wconf 84' lang='lat' dir='ltr'><strong>concupiscentiam</strong></span> 
     </span>
    </p>
   </div>
   <div class='ocr_carea' id='block_1_118' title="bbox 2347 5469 3525 5540">
    <p class='ocr_par' dir='ltr' id='par_1_118' title="bbox 2347 5469 3525 5540">
     <span class='ocr_line' id='line_1_118' title="bbox 2347 5469 3525 5540; baseline -0.008 -5"><span class='ocrx_word' id='word_1_977' title='bbox 2347 5469 2351 5473; x_wconf 62' lang='grc'><em>’</em></span> <span class='ocrx_word' id='word_1_978' title='bbox 2393 5488 2410 5520; x_wconf 77' lang='grc' dir='ltr'><strong>ι</strong></span> <span class='ocrx_word' id='word_1_979' title='bbox 2446 5492 2564 5534; x_wconf 81' lang='lat' dir='ltr'><strong>Tres</strong></span> <span class='ocrx_word' id='word_1_980' title='bbox 2589 5497 2618 5534; x_wconf 91' lang='lat' dir='ltr'><strong>e</strong></span> <span class='ocrx_word' id='word_1_981' title='bbox 2638 5482 2876 5533; x_wconf 80' lang='lat' dir='ltr'><strong>Vaticanis</strong></span> <span class='ocrx_word' id='word_1_982' title='bbox 2895 5488 3027 5540; x_wconf 68' lang='lat' dir='ltr'><strong>Mss,</strong></span> <span class='ocrx_word' id='word_1_983' title='bbox 3050 5483 3216 5528; x_wconf 86' lang='lat' dir='ltr'><strong>utrum</strong></span> <span class='ocrx_word' id='word_1_984' title='bbox 3233 5489 3299 5527; x_wconf 75' lang='lat' dir='ltr'><strong>ea:</strong></span> <span class='ocrx_word' id='word_1_985' title='bbox 3321 5485 3421 5526; x_wconf 86' lang='lat' dir='ltr'><strong>Deo</strong></span> <span class='ocrx_word' id='word_1_986' title='bbox 3438 5481 3525 5526; x_wconf 85' lang='lat' dir='ltr'><strong>est.</strong></span> 
     </span>
    </p>
   </div>
   <div class='ocr_carea' id='block_1_119' title="bbox 2393 5543 2910 5603">
    <p class='ocr_par' dir='ltr' id='par_1_119' title="bbox 2393 5543 2910 5603">
     <span class='ocr_line' id='line_1_119' title="bbox 2393 5543 2910 5603; baseline -0.01 -6"><span class='ocrx_word' id='word_1_987' title='bbox 2393 5550 2414 5580; x_wconf 79' lang='grc'><em>³</em></span> <span class='ocrx_word' id='word_1_988' title='bbox 2447 5554 2496 5596; x_wconf 80' lang='grc' dir='ltr'><strong>ιιι</strong></span> <span class='ocrx_word' id='word_1_989' title='bbox 2522 5547 2683 5603; x_wconf 85' lang='lat' dir='ltr'><strong>editis,</strong></span> <span class='ocrx_word' id='word_1_990' title='bbox 2709 5543 2910 5594; x_wconf 69' lang='lat' dir='ltr'><strong>indicat.</strong></span> 
     </span>
    </p>
   </div>
   <div class='ocr_carea' id='block_1_120' title="bbox 2397 5593 3928 5678">
    <p class='ocr_par' dir='ltr' id='par_1_120' title="bbox 2397 5593 3928 5678">
     <span class='ocr_line' id='line_1_120' title="bbox 2397 5593 3928 5678; baseline -0.008 -21"><span class='ocrx_word' id='word_1_991' title='bbox 2397 5611 2417 5642; x_wconf 88' lang='grc'>³</span> <span class='ocrx_word' id='word_1_992' title='bbox 2435 5593 2568 5666; x_wconf 49' lang='lat' dir='ltr'><strong>irini,</strong></span> <span class='ocrx_word' id='word_1_993' title='bbox 2586 5593 2685 5678; x_wconf 61' lang='lat' dir='ltr'><strong>sed</strong></span> <span class='ocrx_word' id='word_1_994' title='bbox 2703 5593 2862 5654; x_wconf 78' lang='lat' dir='ltr'><strong>adhuc</strong></span> <span class='ocrx_word' id='word_1_995' title='bbox 2879 5609 2946 5654; x_wconf 84' lang='lat' dir='ltr'><strong>est</strong></span> <span class='ocrx_word' id='word_1_996' title='bbox 2958 5598 3143 5667; x_wconf 81' lang='lat' dir='ltr'><strong>aliquid</strong></span> <span class='ocrx_word' id='word_1_997' title='bbox 3158 5598 3225 5650; x_wconf 88' lang='lat' dir='ltr'><strong>ad</strong></span> <span class='ocrx_word' id='word_1_998' title='bbox 3241 5595 3628 5650; x_wconf 77' lang='lat' dir='ltr'><strong>discernendum.</strong></span> <span class='ocrx_word' id='word_1_999' title='bbox 3654 5595 3822 5653; x_wconf 79' lang='lat' dir='ltr'><strong>Abest,</strong></span> <span class='ocrx_word' id='word_1_1000' title='bbox 3841 5593 3928 5657; x_wconf 83' lang='lat' dir='ltr'><strong>ad,</strong></span> 
     </span>
    </p>
   </div>
   <div class='ocr_carea' id='block_1_121' title="bbox 2332 5678 3929 5790">
    <p class='ocr_par' dir='ltr' id='par_1_121' title="bbox 2332 5678 3929 5790">
     <span class='ocr_line' id='line_1_121' title="bbox 2332 5678 3926 5730; baseline -0.013 -8"><span class='ocrx_word' id='word_1_1001' title='bbox 2332 5686 2361 5722; x_wconf 84' lang='lat' dir='ltr'><strong>a</strong></span> <span class='ocrx_word' id='word_1_1002' title='bbox 2383 5678 2736 5729; x_wconf 73' lang='lat' dir='ltr'><strong>manuscrtptts.</strong></span> <span class='ocrx_word' id='word_1_1003' title='bbox 3570 5719 3583 5730; x_wconf 53' lang='lat'><strong>.</strong></span> <span class='ocrx_word' id='word_1_1004' title='bbox 3728 5718 3740 5730; x_wconf 44' lang='lat'><strong><em>‘</em></strong></span> <span class='ocrx_word' id='word_1_1005' title='bbox 3917 5720 3926 5729; x_wconf 47' lang='lat'><em>.</em></span> 
     </span>
     <span class='ocr_line' id='line_1_122' title="bbox 2398 5715 3929 5790; baseline -0.01 -9"><span class='ocrx_word' id='word_1_1006' title='bbox 2398 5734 2417 5764; x_wconf 63' lang='grc' dir='ltr'>δ</span> <span class='ocrx_word' id='word_1_1007' title='bbox 2453 5733 2587 5789; x_wconf 75' lang='grc' dir='ltr'>ι-ῑιΙιιὶ,</span> <span class='ocrx_word' id='word_1_1008' title='bbox 2612 5743 2706 5790; x_wconf 79' lang='lat' dir='ltr'><strong>qua</strong></span> <span class='ocrx_word' id='word_1_1009' title='bbox 2729 5740 2820 5778; x_wconf 85' lang='lat' dir='ltr'><strong>non</strong></span> <span class='ocrx_word' id='word_1_1010' title='bbox 2845 5727 2972 5786; x_wconf 79' lang='lat' dir='ltr'><strong>libet,</strong></span> <span class='ocrx_word' id='word_1_1011' title='bbox 3021 5733 3073 5775; x_wconf 81' lang='lat' dir='ltr'><strong>At</strong></span> <span class='ocrx_word' id='word_1_1012' title='bbox 3095 5731 3221 5785; x_wconf 60' lang='lat' dir='ltr'><strong>Mss,</strong></span> <span class='ocrx_word' id='word_1_1013' title='bbox 3244 5733 3390 5786; x_wconf 81' lang='lat' dir='ltr'><strong>quam</strong></span> <span class='ocrx_word' id='word_1_1014' title='bbox 3412 5731 3505 5772; x_wconf 79' lang='lat' dir='ltr'><strong>non</strong></span> <span class='ocrx_word' id='word_1_1015' title='bbox 3544 5719 3678 5771; x_wconf 74' lang='lat' dir='ltr'><strong>.tbtt.</strong></span> <span class='ocrx_word' id='word_1_1016' title='bbox 3698 5725 3773 5771; x_wconf 74' lang='grc' dir='ltr'>διο</span> <span class='ocrx_word' id='word_1_1017' title='bbox 3795 5715 3929 5781; x_wconf 74' lang='lat' dir='ltr'><strong>loqui</strong></span> 
     </span>
    </p>
   </div>
   <div class='ocr_carea' id='block_1_122' title="bbox 2337 5793 2797 5854">
    <p class='ocr_par' dir='ltr' id='par_1_122' title="bbox 2337 5793 2797 5854">
     <span class='ocr_line' id='line_1_123' title="bbox 2337 5793 2797 5854; baseline -0.022 -6"><span class='ocrx_word' id='word_1_1018' title='bbox 2337 5796 2464 5848; x_wconf 79' lang='lat' dir='ltr'><strong>solet</strong></span> <span class='ocrx_word' id='word_1_1019' title='bbox 2491 5793 2797 5854; x_wconf 74' lang='lat' dir='ltr'><strong>Augustinus.</strong></span> 
     </span>
    </p>
   </div>
  </div>
