4202 6524
367 323 481 380 ἳδῖ

364 616 467 682 scit
494 619 775 691 insipiens,
806 626 948 696 quod
981 643 1140 684 nemo
1166 645 1288 688 esse
1325 637 1827 708 possitcontinens,
1862 643 1964 700 nisi

364 709 506 765 Dens
529 711 618 767 det
644 713 798 784 (δαί).
831 732 955 787 vui,
982 718 1116 792 2|)?
1141 721 1252 778 iloc
1283 739 1414 797 ergo
1444 736 1500 782 ut
1542 731 1709 799 sciat,
1737 733 1851 803 ipsa
1883 736 1966 790 in-

361 802 508 875 diget
529 807 816 876 sapientia.
849 810 961 868 Cur
986 814 1165 886 itaque
1186 833 1292 874 non
1317 821 1467 875 audit
1494 821 1666 878 Patris
1691 802 1774 882 sui
1799 829 1961 900 spiri-

362 901 472 949 tum
496 895 760 954 dicentem
787 916 882 971 per
905 907 1205 974 apostolum
1228 908 1457 976 Christi,
1487 913 1571 968 vel
1602 915 1774 987 ipsum
1801 895 1924 974 (iuri
1940 949 1958 962 -

359 995 499 1041 Stum
529 987 622 1058 qui
667 989 802 1046 dicit
829 993 880 1046 iu
909 995 1203 1067 Evangelio
1241 1016 1339 1056 suo
1362 1044 1378 1070 ,
1411 1001 1574 1060 Petito
1593 1047 1606 1072 ,
1631 1017 1678 1061 et
1701 1011 1958 1081 accipietis

359 1077 568 1148 (Matth.
599 1097 673 1138 vn
695 1124 711 1150 ,
743 1085 841 1154 7)?
868 1085 1176 1156 loquentem
1203 1093 1363 1148 etiam
1395 1095 1449 1151 in
1477 1101 1724 1168 apostolo
1751 1077 1870 1168 suo,
1901 1111 1955 1159 et

354 1169 650 1238 dicentem,
687 1175 747 1230 Si
770 1178 882 1247 quis
911 1192 1128 1236 vestrum
1155 1184 1346 1256 indiget
1373 1189 1642 1258 sapientia,
1677 1194 1896 1262 postulet
1921 1211 1954 1248 a

354 1261 492 1330 Deo,
520 1263 605 1334 qui
629 1268 732 1320 dat-
763 1273 994 1328 omnibus
1021 1275 1275 1346 afﬂuenter
1319 1289 1364 1334 et
1390 1298 1490 1336 non
1532 1283 1840 1356 impropero!
1859 1329 1872 1353 ,
1905 1300 1950 1344 et

352 1355 555 1410 dabitur
573 1359 688 1424 illi;
717 1364 932 1430 postulet
957 1377 1122 1420 autem
1153 1369 1204 1423 in
1233 1370 1336 1438 ﬁde
1357 1415 1372 1436 ,
1401 1373 1534 1428 nihil
1559 1377 1798 1432 Inesitans
1825 1377 1946 1452 (Ja-

349 1449 460 1504 cobi
487 1467 523 1519 ι,
545 1453 599 1519 5,
625 1454 681 1526 6)
704 1457 728 1510 ?
756 1456 880 1514 [huc
908 1470 989 1515 Cal
1020 1461 1170 1526 ﬁdes,
1203 1481 1265 1518 ex
1289 1481 1391 1534 qua
1413 1467 1589 1536 justus
1609 1471 1742 1526 vivit
1763 1449 1940 1544 (Rom.

343 1557 399 1608 ι,
430 1545 516 1616 l7)
555 1563 568 1600 :
603 1547 717 1602 lucc
741 1557 826 1604 est
857 1551 988 1606 ﬁdes
1011 1595 1028 1615 ,
1061 1571 1164 1624 qua
1192 1558 1427 1613 creditur
1449 1561 1499 1615 in
1523 1577 1648 1617 eum
1678 1566 1766 1634 qui
1789 1565 1944 1635 justi-

343 1633 465 1690 ﬁcat
489 1637 706 1708 impium
736 1639 844 1710 (Id.
869 1658 941 1707 tv,
976 1645 1028 1716 ii)
1057 1663 1070 1698 :
1103 1647 1217 1702 lnec
1245 1659 1324 1702 est
1355 1649 1505 1718 ﬁdes,
1542 1670 1639 1724 per
1665 1633 1823 1725 quam
1847 1672 1941 1713 ex-

339 1729 570 1785 cluditur
607 1733 856 1803 gloriatio
883 1735 993 1809 (Id.
1029 1755 1110 1804 ιιι,
1140 1739 1266 1812 27);
1297 1743 1412 1799 sive
1440 1753 1499 1800 ut
1540 1747 1792 1804 abscedat
1835 1767 1936 1822 qua

337 1817 392 1874 iu
444 1823 598 1879 nobis
641 1825 922 1895 inﬁamur,
957 1829 1071 1884 sive
1117 1840 1175 1885 ut
1221 1835 1454 1890 emineat
1480 1853 1582 1908 qua
1627 1841 1680 1894 in
1709 1841 1937 1898 Domino

333 1914 627 1984 gloriamur
651 1935 666 1972 :
699 1918 814 1976 haec
836 1931 918 1976 est
941 1923 1092 1990 lides,
1117 1941 1218 1995 qua
1246 1928 1562 1998 impetratur
1589 1927 1805 2004 largitas
1821 1939 1931 2007 spi-

299 2005 471 2072 gitus
494 2048 510 2072 ,
535 2007 605 2064 de
631 2025 736 2080 quo
778 2010 1004 2076 dicitur,
1033 2014 1144 2071 Nos
1187 2018 1320 2072 enim
1353 2021 1535 2090 spiritu
1563 2040 1626 2078 ex
1649 2026 1752 2094 fide
1789 2005 1931 2097 spem

325 2097 540 2168 institit:
582 2112 930 2170 exspectamus
952 2104 1146 2175 (Colat.
1176 2123 1229 2173 ν,
1261 2109 1338 2180 5).
1373 2109 1472 2167 Ubi
1499 2115 1714 2184 quidem
1759 2121 1927 2188 qmrri

328 2189 506 2245 adhuc
535 2201 707 2260 potest
728 2235 746 2259 ,
775 2205 952 2251 utrum
977 2213 1131 2269 spem
1157 2199 1382 2271 iustitia:
1411 2203 1644 2276 dixerit,
1670 2224 1776 2280 qua
1797 2227 1926 2282 spe-

330 2293 412 2338 rat
433 2282 637 2352 justitia
669 2287 718 2352 ¹,
751 2303 819 2343 an
849 2305 950 2361 qua
981 2302 1228 2362 speratur
1255 2294 1369 2366 ipsa
1399 2296 1603 2366 justitia
1627 2319 1643 2356 :
1671 2305 1922 2373 quoniam

323 2371 497 2442 justus
521 2392 583 2433 ex
637 2378 741 2436 ﬁde
770 2382 986 2448 vivens,
1010 2393 1191 2454 Sperat
1226 2387 1409 2458 utique
1435 2389 1598 2446 vitam
1624 2371 1879 2450 aeternam
1904 2414 1918 2462 ;

326 2466 558 2539 itemque
608 2472 741 2528 ﬁdes
782 2477 1026 2532 esuriens
1066 2477 1363 2552 sitiensque
1384 2483 1646 2552 justitiam
1693 2503 1922 2546 renova-

325 2562 470 2620 tione
495 2568 514 2598 ³
533 2566 602 2622 de
635 2567 721 2623 die
751 2569 804 2623 in
843 2569 986 2626 diem
1017 2571 1289 2630 interioris
1313 2575 1544 2634 hominis
1588 2576 1656 2652 (ll
1677 2579 1795 2636 Cor.
1829 2597 1913 2653 tv,

322 2653 414 2724 16)
446 2660 650 2726 prolicit
677 2661 728 2715 in
759 2678 843 2728 ea,
866 2674 920 2718 et
945 2674 1124 2733 sperat
1152 2666 1206 2722 in
1251 2683 1314 2724 ea
1333 2669 1518 2726 satiari
1549 2671 1602 2726 in
1626 2672 1730 2726 vita
1753 2683 1914 2730 teter-

321 2761 411 2813 na,
438 2749 522 2802 ubi
549 2749 638 2805 ﬁet
657 2751 706 2806 id
730 2755 873 2822 quod
898 2754 948 2810 in
970 2756 1180 2814 Psalmo
1195 2759 1263 2815 de
1283 2759 1396 2816 Deo
1414 2761 1628 2829 dicitur,
1649 2762 1749 2830 Qui
1761 2768 1913 2822 satiat

317 2836 370 2892 in
392 2838 533 2894 bonis
557 2841 859 2898 desiderium
889 2857 1029 2900 tuum
1051 2846 1222 2921 (Paul.
1255 2865 1323 2905 cn
1344 2892 1358 2916 ,
1381 2850 1470 2926 5).
1495 2853 1621 2910 Haec
1649 2863 1731 2911 est
1754 2856 1908 2924 ﬁdes,

315 2944 417 2998 qua
445 2930 575 2984 salvi
591 2932 742 3000 ﬁunt,
762 2935 953 3004 quibus
969 2937 1163 2994 dicitur
1179 2959 1193 2996 :
1209 2939 1387 2998 Gratia
1407 2945 1534 2999 salui
1547 2945 1672 3015 facti
1687 2950 1805 3004 estis
1822 2967 1911 3020 per

312 3020 491 3089 ﬁdem;
505 3032 552 3078 et
566 3023 660 3079 hoc
679 3042 782 3081 non
797 3044 860 3082 ca:
881 3029 1130 3096 vobis,sed
1146 3031 1244 3088 Dei
1257 3035 1446 3090 donum
1464 3047 1534 3092 est
1555 3054 1576 3094 :
1593 3056 1691 3095 non
1712 3058 1776 3096 ea:
1789 3060 1910 3112 ορε-

310 3111 468 3180 ribus,
491 3132 552 3169 ne
570 3117 700 3184 forte
719 3120 829 3189 quis
848 3123 1139 3178 extollatur.
1155 3124 1330 3195 Ipsius
1350 3129 1482 3184 enim
1497 3147 1672 3187 sumus
1688 3111 1906 3206 figmen-

309 3213 436 3269 tum,
453 3209 608 3260 creati
631 3209 683 3262 in
706 3207 906 3266 Christo
921 3212 957 3266 .l
962 3232 1048 3269 esu
1063 3217 1115 3270 in
1134 3219 1366 3286 operibus
1391 3221 1552 3288 bonis,
1567 3239 1680 3294 qua:
1698 3243 1902 3298 prcepa-

306 3297 436 3350 ravit
469 3296 600 3355 Deus
625 3310 677 3354 ut
707 3302 760 3357 in
787 3305 889 3359 illis
911 3307 1224 3364 ambulemus
1250 3310 1467 3383 (Ep/tes.
1495 3331 1532 3370 ιι
1551 3358 1568 3384 ,
1601 3296 1766 3390 840).
1801 3296 1906 3376 Ρο-

305 3398 510 3446 stremo
542 3391 654 3448 hanc
677 3405 761 3448 est
807 3397 938 3453 ﬁdes
958 3439 972 3464 ,
1006 3415 1126 3471 qua:
1157 3417 1253 3472 per
1277 3403 1622 3464 dilectionem
1649 3421 1902 3480 operatur

307 3477 501 3552 (Galat.
527 3499 579 3546 ν,
614 3485 690 3555 6),
721 3502 825 3542 non
854 3504 953 3558 per
981 3491 1251 3560 timorem;
1282 3511 1388 3550 non
1421 3477 1756 3556 formidando
1783 3519 1898 3573 pm-

303 3586 459 3638 nam,
490 3573 582 3627 sed
609 3578 838 3632 amando
859 3581 1144 3650 justitiam.
1181 3583 1332 3642 Unde
1355 3602 1484 3659 ergo
1509 3589 1608 3645 ista
1636 3591 1860 3650 dilectio
1879 3637 1894 3662 ,

301 3660 355 3715 id
382 3671 494 3726 est,
531 3665 763 3723 charitas
791 3686 883 3739 per
934 3689 1092 3742 quam
1122 3675 1253 3731 tides
1297 3689 1580 3749 operatur,
1613 3685 1715 3739 nisi
1755 3660 1898 3744 unde

299 3751 447 3810 illam
471 3756 603 3813 ﬁdes
630 3759 742 3832 ipsa
786 3764 1124 3834 impetravit?
1154 3768 1337 3840 Neque
1366 3773 1510 3829 enim
1541 3787 1686 3832 esset
1716 3778 1768 3832 in
1799 3795 1896 3836 no-

297 3844 382 3902 bis
407 3889 422 3912 ,
449 3860 876 3926 quantacumque
901 3859 971 3913 sit
996 3859 1047 3913 in
1074 3861 1228 3917 nobis
1249 3903 1265 3930 ,
1296 3863 1396 3918 nisi
1421 3865 1811 3927 diﬁ'undcretur
1835 3873 1890 3928 in

294 3941 547 3999 cordibus
579 3948 775 4003 nostris
804 3964 900 4019 per
923 3951 1183 4021 Spiritum
1211 3966 1478 4022 sanctum,
1505 3961 1594 4028 qui
1621 3961 1776 4018 datus
1807 3974 1892 4021 est

297 4033 450 4088 nobis
473 4036 646 4108 (Rom.
682 4055 717 4093 v
736 4082 752 4105 ,
774 4042 853 4114 5).
875 4044 1124 4102 Charitas
1141 4049 1340 4120 quippe
1368 4051 1463 4108 Dei
1505 4054 1649 4111 dicta
1673 4066 1758 4114 est
1781 4057 1887 4114 dif-

294 4125 441 4184 fundi
469 4129 522 4184 iu
567 4131 819 4190 cordibus
870 4139 1104 4206 nostris,
1131 4155 1238 4197 non
1272 4151 1375 4214 qua
1418 4159 1516 4201 nos
1537 4147 1653 4217 ipse
1678 4149 1882 4220 diligit,

291 4221 386 4277 sed
414 4237 518 4293 qua
546 4239 644 4282 nos
665 4225 788 4282 facit
826 4227 1117 4288 dilectores
1150 4247 1313 4289 suos:
1345 4237 1485 4292 sicut
1515 4238 1720 4310 justitia
1749 4243 1841 4299 Dei
1866 4285 1880 4308 .

289 4330 391 4385 qua
416 4315 546 4388 justi
575 4318 692 4388 ejus
721 4335 945 4378 munere
984 4323 1246 4382 efﬁcimur
1275 4325 1392 4401 (Id.
1417 4344 1501 4396 ιιι,
1533 4329 1672 4405 24);
1695 4341 1751 4389 et.
1781 4335 1884 4391 Do-

291 4405 419 4461 mini
444 4408 622 4474 salus,
653 4426 756 4482 qua
781 4427 882 4468 nos
917 4414 1095 4471 salvos
1117 4415 1244 4473 facit
1273 4418 1447 4488 (Psal.
1484 4437 1574 4490 ιιι,
1603 4423 1693 4496 9);
1723 4435 1780 4480 ει
1813 4426 1880 4480 ll-

285 4497 381 4556 des
408 4499 534 4558 Jesu
557 4501 785 4572 Christi,
817 4523 920 4577 qua
951 4523 1050 4564 nos
1075 4509 1258 4567 ﬁdeles
1284 4512 1410 4569 facit
1432 4512 1628 4585 (Galat.
1661 4533 1700 4574 ιι
1721 4560 1735 4585 ,
1763 4519 1873 4592 l6).

286 4588 410 4646 llmc
454 4601 538 4649 est
569 4592 772 4664 justitia
819 4597 953 4666 Dei,
1003 4615 1160 4670 quam
1205 4619 1313 4658 non
1354 4605 1527 4661 solum
1570 4607 1729 4664 docet
1782 4588 1877 4679 per

281 4684 412 4756 legis
457 4697 815 4760 praereptum,
845 4706 1034 4748 verum
1078 4694 1240 4750 etiam
1275 4695 1364 4751 dat
1394 4713 1488 4768 per
1527 4699 1746 4771 spiritus
1770 4702 1872 4760 do-

281 4795 426 4835 num.

348 4871 574 4932 CAPUT
610 4874 850 4934 XXXIII.
906 4909 959 4923 —
999 4879 1089 4936 57.
1127 4882 1373 4940 Voluntas
1425 4887 1663 4944 credendi
1710 4891 1862 4946 unde.

274 4961 378 5020 Sed
405 4979 737 5040 consequens
762 4978 840 5025 est
871 4973 1140 5041 paululum
1168 4991 1446 5046 qumrere,
1479 4989 1654 5036 utrum
1678 4982 1867 5038 volun-

273 5062 356 5110 tas
381 5055 467 5111 illa
493 5073 595 5130 qua
621 5060 888 5118 credimus
907 5103 922 5128 ,
951 5064 1112 5120 etiam
1158 5067 1272 5136 ipsa
1303 5068 1396 5124 Dei
1416 5069 1614 5126 donum
1661 5074 1768 5142 sit,
1794 5089 1862 5130 an

269 5161 337 5202 es
378 5148 470 5202 illo
514 5151 824 5208 naturaliter
867 5154 1027 5212 insito
1055 5156 1222 5213 libero
1258 5159 1574 5218 adhibeatur
1617 5164 1858 5220 arbitrio.

267 5233 322 5294 Si
341 5240 480 5294 enim
507 5240 800 5299 dixerimus
819 5261 934 5302 eam
963 5263 1070 5302 non
1093 5263 1212 5305 esse
1241 5249 1438 5306 donum
1468 5253 1594 5320 Dei,
1619 5265 1862 5312 metuen-

1795 346 1998 404 ιιιιειι
2041 351 2241 409 UNUS.

323 453 347 482 υ
372 433 548 504 (ηοω.
582 453 654 496 vu
673 482 688 505 ,
719 439 808 512 8),
834 457 864 498 a
893 460 999 514 quo
1027 447 1253 516 petenda
1283 460 1363 505 est
1389 455 1714 512 continentia
1739 500 1750 521 ,
1776 459 1874 514 uisi
1903 463 1970 517 ab

365 525 457 580 illo
485 528 576 598 qui
604 532 750 587 novit
779 533 916 588 bona
945 535 1067 591 data
1103 538 1234 596 dare
1266 542 1386 598 ﬁliis
1420 546 1570 601 suis?
1595 550 1676 602 Au
1704 547 1842 606 forte
1871 567 1967 608 nec

3573 389 3679 450 εδει

2085 480 2223 535 mus,
2259 469 2395 528 Ecce
2427 473 2681 535 habemus
2713 484 3037 546 voluntatem
3061 495 3346 566 credendi,
3379 519 3535 573 quam
3564 523 3670 565 non

2077 564 2380 633 accepimus
2416 585 2581 628 :ecce
2609 575 2696 632 ubi
2736 579 3048 655 gloriamur,
3081 591 3220 660 quod
3260 610 3365 652 non
3396 607 3672 672 acceperi-

2073 669 2214 710 mus.
2243 657 2296 713 Si
2323 671 2502 718 autem
2529 665 2849 739 dixerimus,
2885 680 3043 736 etiam
3084 681 3388 756 hujusmodi
3419 693 3668 753 volunta-

2073 753 2178 800 tem
2224 765 2328 805 non
2377 769 2498 812 esse
2542 759 2643 815 nisi
2691 763 2890 822 donum
2939 771 3066 840 Dei,
3098 792 3282 834 rursus
3325 787 3668 844 metuendum

2062 925 2205 996 juste
2232 947 2490 993 excusare
2519 941 2832 1016 videantur,
2865 950 2986 1008 ideo
3029 971 3135 1010 non
3163 953 3455 1022 credidisse
3474 1010 3489 1036 ,
3521 971 3663 1041 quod

2377 1031 2411 1041 η
2560 1035 2572 1041 -

2064 1021 2192 1079 dare
2245 1027 2350 1084 illis
2377 1031 2518 1088 Deus
2559 1035 2714 1096 istam
2766 1045 2936 1120 noluit
2965 1051 3312 1111 voluntatem.
3352 1058 3485 1115 Nam
3528 1021 3661 1122 illud

2061 1115 2202 1183 quod
2229 1117 2426 1178 dictum
2457 1135 2538 1181 est
2559 1169 2574 1193 ,
2605 1128 2750 1189 Deus
2782 1115 2855 1190 est
2885 1139 3014 1194 enim
3042 1144 3132 1213 qui
3164 1161 3406 1216 operatur
3437 1155 3490 1209 in
3518 1149 3662 1214 nobis

2059 1215 2107 1310 et
2132 1210 2257 1265 velle
2275 1223 2322 1268 et
2341 1222 2544 1287 operari
2565 1265 2580 1288 ,
2613 1242 2706 1295 pro
2730 1229 2862 1285 bona
2891 1210 3146 1293 voluntate
3168 1210 3426 1318 (Philipp.
3444 1265 3502 1316 ιι,

3171 1298 3184 1314 \
3337 1298 3350 1317 σ
3374 1298 3396 1318 Γ
3417 1298 3425 1301 '
3445 1298 3502 1316 "’
3532 1298 3594 1309 ’ν
3642 1298 3654 1310 ⁸

2050 1298 2162 1368 jam
2205 1309 2388 1374 gratia:
2433 1324 2510 1369 est
2545 1317 2605 1383 ⁸,
2633 1335 2790 1390 quam
2845 1324 2976 1380 ﬁdes
3032 1328 3317 1401 impetrat,
3352 1351 3407 1394 ut
3451 1298 3658 1412 possint
3713 1404 3724 1418 ρ

2055 1405 2173 1418 MM
2207 1395 2346 1418 LM.
2393 1403 2403 1412 .
2648 1411 2659 1418 .

2055 1405 2174 1448 esse
2205 1395 2434 1457 hominis
2456 1422 2616 1476 opera
2647 1411 2804 1477 bona,
2839 1432 2956 1485 qum
2984 1433 3234 1488 operatur
3275 1431 3405 1486 fides
3449 1451 3543 1503 per
3569 1439 3655 1492 di-

2055 1481 2172 1503 1--ι“
2215 1502 2220 1503 γ
2597 1499 2626 1503 “
2649 1501 2676 1503 ⁸⁸

2055 1481 2373 1557 lectionem,
2407 1511 2525 1564 qua:
2578 1481 2895 1560 ditl‘unditur
2937 1481 3196 1592 infcorde
3244 1533 3342 1589 per
3393 1481 3650 1594 spiritum

2049 1589 2291 1637 Sanctum
2323 1588 2412 1656 qui
2439 1589 2594 1646 datus
2624 1604 2706 1650 est
2745 1597 2918 1654 nobis.
2947 1588 3012 1659 Si
3033 1605 3057 1637 ³
3081 1588 3352 1668 credimus
3384 1625 3440 1670 ut
3476 1617 3650 1689 impe-

2051 1675 2250 1728 tremus
2282 1674 2419 1734 hanc
2447 1685 2669 1752 gratiam
2691 1731 2705 1754 ,
2741 1699 2794 1746 et
2833 1695 3013 1765 utique
3041 1701 3312 1761 voluntate
3343 1711 3645 1780 credimus,

2045 1763 2114 1820 de
2143 1765 2242 1823 hac
2269 1775 2526 1841 quasritur
2555 1780 2696 1837 unde
2725 1783 2793 1838 sit
2822 1788 2994 1843 nobis.
3039 1792 3093 1847 Si
3117 1808 3322 1864 natura,
3347 1817 3511 1872 quare
3536 1824 3643 1863 non

2043 1858 2290 1914 omnibus
2315 1903 2329 1927 ,
2371 1878 2492 1920 cum
2543 1869 2612 1924 sit
2666 1872 2807 1930 idem
2860 1877 2998 1936 Deus
3023 1885 3261 1942 omnium
3305 1858 3640 1954 creator?Si

2041 1948 2184 2007 dono
2208 1952 2300 2008 Dei
2325 1998 2340 2023 ,
2367 1959 2528 2015 etiam
2552 1961 2655 2020 hoc
2683 1982 2848 2037 quare
2877 1988 2980 2027 non
3009 1978 3276 2046 omnibus,
3297 1999 3416 2040 cum
3447 2003 3636 2048 omnes

2040 2038 2284 2102 homines
2309 2049 2437 2104 velit
2479 2053 2658 2111 salvos
2687 2057 2800 2114 ﬁeri
2827 2103 2842 2128 ,
2874 2072 2928 2118 et
2955 2063 3006 2120 in
3033 2070 3356 2139 agnitionem
3386 2079 3631 2140 veritatis

2036 2133 2220 2191 venire
2243 2137 2282 2207 (Ι
2313 2135 2448 2196 Tim.
2490 2159 2564 2212 ιι,
2597 2147 2693 2219 4)?

2128 2227 2218 2283 58.
2272 2229 2508 2288 Liberata
2563 2239 2828 2297 arbitrium
2885 2248 3054 2302 media
3104 2253 3194 2307 vis.
3266 2255 3418 2315 Prius
3474 2263 3634 2334 igitur

2033 2316 2160 2372 illud
2207 2319 2446 2380 dicamus
2481 2367 2497 2392 ,
2529 2338 2583 2384 et
2620 2331 2898 2390 videamus
2948 2347 3124 2396 utrum
3173 2343 3295 2402 huic
3342 2316 3632 2412 satisfaciat

2029 2414 2368 2482 quaestioni,
2439 2421 2581 2491 quod
2655 2423 2882 2482 liberum
2965 2432 3242 2492 arbitrium
3315 2447 3628 2504 naturaliter

2027 2506 2338 2563 attributum
2383 2525 2413 2564 a
2473 2513 2728 2574 Creatore
2775 2521 2967 2577 auimzn
3028 2527 3312 2597 rationali,
3362 2535 3450 2591 illa
3515 2557 3630 2597 me-

2025 2595 2110 2650 dia
2138 2599 2218 2652 vis
2238 2609 2354 2667 est,
2381 2619 2500 2672 qure
2529 2606 2610 2660 vel
2639 2608 2839 2665 intendi
2861 2613 2927 2668 ad
2959 2613 3147 2686 ﬁdem,
3181 2622 3261 2677 vel
3291 2595 3530 2685 inclinari
3557 2595 3622 2688 ad

2025 2685 2391 2747 inﬁdelitatem
2437 2705 2610 2764 potest
2643 2709 2738 2755 :et
2775 2702 2894 2759 ideo
2939 2722 3038 2764 nec
3059 2709 3081 2742 ⁵
3105 2685 3262 2768 iStam
3293 2719 3618 2779 voluntatem

2021 2795 2122 2849 qua
2149 2784 2318 2839 credit
2363 2785 2508 2854 Deo,
2535 2789 2637 2846 dici
2667 2803 2845 2864 potest
2871 2797 3032 2856 homo
3074 2803 3274 2864 habere
3320 2825 3480 2882 quam
3510 2832 3617 2874 non

2017 2877 2304 2944 acceperit;
2331 2880 2760 2952 quandoquidem
2784 2901 3008 2947 vocante
3031 2893 3144 2950 Deo
3169 2877 3426 2970 surgit‘de
3448 2905 3618 2963 lihero

2016 2967 2259 3034 arbitrio,
2284 2971 2422 3040 quod
2453 2977 2764 3032 naturaliter
2789 2994 2909 3036 cum
2932 2983 3210 3044 crearetur
3237 2967 3464 3064 accepit.
3493 2997 3613 3056 \‘ult

2015 3069 2193 3116 autem
2224 3061 2366 3118 Deus
2389 3078 2576 3120 omnes
2607 3067 2849 3127 homines
2889 3073 3070 3132 salvos
3098 3078 3212 3134 ﬁeri
3239 3123 3252 3148 ,
3282 3092 3338 3139 et
3369 3061 3428 3140 in
3457 3093 3610 3159 agni.

2015 3153 2213 3209 tionem
2240 3156 2481 3216 veritatis
2508 3161 2724 3228 venire;
2749 3179 2853 3218 non
2885 3167 2964 3221 sic
2990 3178 3190 3238 tamen,
3221 3185 3281 3230 ut
3307 3179 3384 3232 eis
3411 3182 3612 3238 adimat

2014 3242 2238 3300 liberum
2261 3248 2557 3316 arbitrium,
2586 3266 2692 3322 quo
2715 3255 2798 3309 vel
2839 3256 2974 3314 bene
3004 3261 3086 3316 vel
3128 3266 3264 3320 male
3294 3277 3502 3328 utentes
3522 3273 3609 3343 ju-

2010 3337 2245 3392 stissime
2277 3337 2605 3408 judicentur.
2646 3343 2799 3412 Quod
2843 3363 2966 3405 cum
2989 3352 3048 3407 ﬁt
3074 3396 3090 3422 ,
3121 3354 3364 3416 inﬁdeles
3389 3337 3603 3434 quidem

2008 3441 2192 3484 contra
2219 3432 2542 3489 voluntatem
2585 3435 2676 3492 Dei
2726 3437 2958 3509 faciunt,
2991 3459 3110 3501 cum
3164 3449 3281 3518 ejus
3311 3432 3602 3526 Evangelia

2007 3534 2115 3574 non
2139 3521 2365 3577 credunt
2395 3541 2410 3578 :
2434 3540 2535 3580 nec
2563 3525 2682 3582 ideo
2714 3538 2890 3586 tamen
2914 3549 3030 3590 eam
3058 3538 3296 3606 vincunt,
3327 3559 3510 3602 verum
3539 3564 3598 3604 sc

2006 3611 2156 3682 ipsos
2185 3612 2430 3670 fraudant
2454 3633 2646 3688 magno
2677 3630 2728 3676 et
2753 3637 2964 3680 summo
2990 3630 3129 3684 bono
3150 3673 3163 3696 ,
3197 3635 3458 3707 malisque
3493 3657 3603 3712 pm-

2003 3707 2214 3764 nalibus
2240 3709 2547 3782 implicant,
2575 3720 2842 3784 expcrturi
2886 3721 2937 3776 in
2978 3724 3250 3795 suppliciis
3277 3707 3594 3800 potestatem

2001 3799 2153 3868 ejus,
2194 3801 2344 3871 cujus
2389 3803 2440 3858 in
2484 3804 2640 3860 donis
2685 3809 3103 3871 misericordiam
3138 3831 3591 3897 contempserunt.

2000 3889 2075 3945 lta
2101 3893 2346 3948 Voluntas
2399 3895 2488 3951 Dei
2517 3913 2731 3970 semper
2772 3902 2964 3960 invicta
2995 3917 3079 3964 est
3109 3928 3124 3964 :
3157 3889 3462 3976 vinceretur
3495 3938 3594 3979 au.

1997 3992 2129 4052 tem,
2163 3985 2208 4041 si
2250 4002 2354 4042 non
2387 3989 2648 4047 inveniret
2676 3995 2799 4064 quid
2843 3999 2910 4053 de
2950 4009 3405 4078 ccntemptorihus
3445 4013 3592 4074 face-

1995 4085 2108 4144 ret,
2136 4085 2227 4133 aut
2259 4079 2366 4134 ullo
2393 4081 2550 4136 modo
2583 4096 2806 4156 possent
2850 4092 3076 4152 evadere
3119 4100 3259 4170 quod
3296 4103 3365 4160 de
3400 4107 3593 4166 talibus

1994 4165 2086 4223 ille
2118 4170 2411 4226 constituit.
2443 4172 2580 4242 Quid
2612 4177 2752 4232 enim
2784 4179 2946 4249 dicit,
2977 4165 3336 4262 verbi-gratia,
3367 4193 3501 4256 Volo

1991 4259 2046 4315 hi
2074 4275 2262 4318 omnes
2287 4265 2428 4320 servi
2470 4267 2574 4322 mei
2604 4281 2894 4338 operentur
2915 4275 2966 4332 in
2996 4259 3184 4350 vinea,
3213 4293 3268 4342 et
3297 4301 3414 4358 post
3441 4291 3589 4350 labo-

1989 4365 2103 4410 rem
2141 4357 2536 4426 requiescentes
2578 4363 2880 4437 epulentur,
2913 4368 2982 4424 ita
3028 4382 3084 4428 ut
3121 4357 3360 4450 quisquis
3397 4400 3584 4444 eorum

1987 4444 2091 4502 hoc
2117 4447 2344 4503 noluerit
2365 4489 2381 4514 ,
2409 4448 2461 4504 in
2485 4449 2711 4522 pistrino
2747 4471 2962 4530 semper
2989 4444 3156 4522 molat
3183 4486 3198 4525 :
3221 4444 3428 4532 videtur
3465 4479 3582 4550 quio

1984 4536 2108 4594 dem
2165 4540 2488 4614 quicumque
2538 4553 2953 4622 contempserit,
3011 4567 3193 4616 contra
3249 4536 3576 4626 voluntalem

1982 4628 2193 4686 Domini
2223 4631 2303 4688 sui
2346 4631 2557 4701 facere;
2589 4638 2683 4694 sed
2708 4649 2834 4696 tunc
2855 4660 2972 4702 eam
3009 4651 3188 4708 vinrct
3209 4697 3225 4722 ,
3254 4656 3299 4714 si
3325 4667 3379 4714 ει
3403 4663 3580 4731 νίειι-ῖ-

1981 4735 2108 4776 num
2157 4732 2508 4781 contemnens
2555 4729 2802 4801 ell‘ugerit
2836 4738 3012 4807 :quod
3063 4741 3210 4801 nullo
3257 4729 3416 4805 modo
3459 4752 3576 4812 ﬁeri

1977 4820 2157 4882 potest
2191 4813 2293 4869 sub
2325 4815 2416 4871 Dei
2459 4827 2740 4888 potestate.
2775 4823 2929 4884 Unde
2958 4832 3212 4903 scriptum
3239 4847 3321 4894 est
3344 4879 3360 4909 ,
3399 4841 3575 4901 Semel

1954 4901 2172 4958 'locutus
2209 4915 2280 4960 est
2321 4905 2490 4973 Deus,
2521 4908 2621 4966 hoc
2667 4925 2780 4977 est.
2827 4901 3375 4988 incommutabiliter}
3407 4951 3574 5005 quan-

1975 5010 2134 5065 quam
2164 5005 2217 5052 et
2249 4995 2319 5054 de
2345 4999 2504 5055 unico
2532 5001 2708 5060 Verbo
2737 5011 2904 5078 possit
2933 5012 3171 5090 intelligi.
3207 4995 3570 5084 Deinde-sub-

1966 5087 2196 5160 jungens
2217 5090 2340 5160 quid
2369 5090 2873 5157 incommutabiliter
2899 5103 2969 5160 sit
2995 5087 3205 5168 locutus
3229 5131 3242 5168 :
3274 5115 3392 5172 Duo
3431 5121 3562 5190 hac,

1970 5177 2176 5249 inquit,
2212 5181 2385 5235 audivi
2404 5223 2418 5246 ,
2448 5185 2690 5253 quoniam
2717 5199 2934 5259 potestas
2972 5196 3072 5253 Dei
3094 5209 3170 5256 est
3187 5243 3204 5271 ,
3233 5214 3280 5260 et
3306 5207 3430 5280 tibi,
3461 5177 3567 5268 Do:

1967 5271 2120 5333 mine,
2154 5271 2500 5328 misericordia
2517 5317 2532 5340 ,
2563 5279 2683 5342 quia
2709 5289 2764 5336 tu
2789 5285 2969 5344 reddes
2994 5293 3262 5364 unicuique
3284 5271 3560 5361 secundum

2109 5327 2118 5333 ν
2418 5327 2421 5328 ν
2452 5327 2457 5328 ν
2486 5327 2493 5328 ί
2518 5327 2532 5340 ιι
2565 5327 2682 5342 τν-νν-
2710 5327 2764 5336 --ν
2789 5327 2968 5344 ’νισι-νυ
2995 5327 3178 5348 uisu-ll"
3199 5327 3261 5352 π
3284 5327 3554 5361 secundum

260 5327 390 5384 dum
428 5341 512 5386 est
537 5349 604 5388 ne
631 5335 1003 5392 existimemus
1028 5337 1294 5395 invenisse
1319 5358 1416 5397 nos
1448 5344 1646 5416 aliquid
1667 5387 1683 5411 ,
1715 5347 1856 5417 quod
1965 5377 2120 5431 opem
2143 5379 2236 5418 ma
2279 5363 2451 5434 (pud.
2485 5382 2595 5434 ιη,
2629 5369 2716 5438 η’
2751 5373 2860 5446 15).
2893 5377 2986 5434 me
3022 5327 3328 5454 igiturlrcus
3358 5394 3462 5450 em
3488 5397 3554 5451 ad

270 5421 524 5454 Allia-Inan
547 5426 839 5454 ann-annui:
861 5436 910 5454 ι..
938 5427 1130 5454 ,ΙῖΑιι-ιε
1200 5431 1336 5454 τιμε)
1379 5435 1501 5454 ,νειμ
1540 5436 1558 5454 ι
1580 5435 1627 5454 AL
1671 5453 1676 5454 ,
1734 5453 1740 5454 ,
1844 5440 1857 5454 ι

261 5421 524 5491 Apustoto
547 5426 841 5494 Increpanti
858 5436 914 5483 et
936 5427 1130 5484 dicenti
1151 5469 1169 5498 ,
1199 5431 1336 5498 Quid
1370 5435 1502 5502 enim
1533 5435 1684 5491 habes
1720 5440 1857 5508 quod

261 5527 364 5566 non
415 5516 694 5586 accepisti?
741 5515 806 5574 Si
855 5529 1023 5574 autem
1063 5530 1110 5576 et
1152 5525 1422 5594 accepisti,
1459 5527 1583 5598 quid
1617 5529 1854 5598 gloriaris

261 5603 404 5673 quasi
431 5621 532 5660 non
569 5609 821 5678 acceperis
847 5608 908 5684 (1
933 5609 1050 5667 Car.
1083 5627 1154 5680 tv,
1188 5615 1260 5689 7)
1281 5616 1304 5670 ?
1329 5617 1654 5690 respondere
1685 5622 1852 5689 possi-

2029 5517 2044 5549 ι
2081 5522 2152 5564 Er.
2179 5522 2232 5568 et
2249 5523 2380 5576 Lov.,
2405 5519 2492 5570 sed
2515 5519 2676 5572 veluti.

2025 5578 2050 5650 ξ
2069 5583 2211 5652 ιρι,
2231 5579 2392 5652 gratia
2406 5587 2495 5652 est.
2521 5584 2638 5652 Editi
2663 5585 2760 5648 alii,
2793 5590 2968 5652 gratiis
2987 5601 3075 5644 est.
3113 5599 3187 5649 sic
3217 5603 3363 5650 etiam
3384 5614 3553 5652 manu-

1958 5639 2122 5724 gipti
2145 5652 2160 5688 :
2297 5642 2346 5690 in
2368 5641 2444 5692 his
2465 5639 2870 5714 constanter'p'i'o,
2887 5639 3202 5723 tiu—umidas“,-
3215 5639 3553 5724 {danai}?

2057 5697 2067 5700 ν
2766 5697 2812 5712 Γ
2827 5697 2870 5714 η
2889 5697 3092 5718 ,__-.-,-.

1956 5697 2282 5836 ﬁdfss'atiqtni
2308 5762 2809 5836 alii-queomnesfere
2833 5781 2966 5836 Mss,
2992 5780 3092 5830 sed.

323 5746 340 5779 ³
375 5751 424 5797 In
443 5753 572 5808 Ias,
594 5756 740 5809 quam
761 5756 924 5813 sperat
931 5752 1140 5815 justitia.
1432 5820 1444 5828 _

323 5803 341 5829 '
374 5811 558 5872 Aliquot
581 5819 706 5874 νει,
739 5813 994 5877 sitiensque
1007 5815 1212 5877 justitite
1233 5825 1596 5872 renovatiourm.

2018 5746 2050 5794 ἶ
2062 5746 2282 5812 vvaticani
2308 5762 2488 5827 aliique
2511 5777 2682 5816 omnes
2704 5768 2809 5820 fere
2833 5781 2928 5824 Mss

2020 5822 2042 5852 δ
2074 5821 2175 5871 Scia
2201 5827 2304 5874 fere
2331 5826 2479 5875 editio
2502 5833 2633 5888 Lov.,
2656 5835 2703 5878 et
2723 5829 2831 5882 ideo
2853 5847 2928 5885 ne.

321 5803 341 5829 ⁹
374 5803 706 5874 aliquantam,
739 5803 994 5877 silicnsq'ue
1007 5803 1212 5877 justitite
1233 5820 1596 5872 renovatiourm.
