4202 6524
587 341 692 398 ξδο

589 459 981 517 damnationem
1007 455 1105 512 sub
1132 461 1398 527 potestate
1417 451 1556 523 ejus,
1587 451 1675 522 qui
1702 444 2085 519 contempserit
2107 442 2174 499 ad

590 551 915 609 credendum
932 552 948 584 ί
973 546 1395 605 misericordiam
1415 544 1553 616 ejus.
1577 542 1834 613 Quisquis
1861 547 2037 595 autem
2059 550 2177 592 cre-

587 643 780 699 diderit
798 684 814 710 ,
842 644 1000 713 eique
1020 655 1079 697 se
1098 654 1128 694 a
1152 638 1380 710 peccatis
1407 635 1657 691 erunibus
1676 629 2056 689 absolvendum
2076 668 2092 695 ,
2121 636 2176 683 et

588 736 653 790 ab
675 734 925 790 omnibus
952 732 1094 787 vitiis
1119 728 1436 794 sanandum,
1466 736 1520 782 et
1547 726 1726 782 calore
1754 739 1817 780 ac
1842 722 2041 778 lumine
2059 718 2176 789 ejus

585 824 979 881 accendendum
1022 819 1532 889 illuminandumque
1575 813 1977 878 commiserit”;
2007 809 2175 864 habe-

549 922 563 960 -·
592 915 662 971 ὶείι
683 930 749 971 cx
772 913 889 985 ejus
907 912 1078 984 gratia
1100 926 1262 981 opera
1292 909 1458 975 bona,
1484 922 1549 962 ex
1579 904 1770 977 quibus
1797 903 1956 958 etiam
1984 914 2175 956 secun-

552 1008 557 1015 '
584 1010 710 1061 dum
741 1019 936 1075 corpus
961 1020 990 1058 a
1019 1002 1206 1075 mortis
1234 999 1576 1070 corruptione
1609 996 1923 1058 redimatur,
1950 1007 2178 1048 corone-

586 1110 702 1163 tur,
732 1098 992 1168 bonisque
1021 1094 1263 1159 satietur,
1291 1108 1399 1148 non
1443 1088 1820 1161 temporalibus
1844 1128 1861 1155 ,
1888 1085 1982 1142 sed
2020 1094 2177 1141 teter-

590 1194 699 1258 nis,
726 1205 888 1262 supra
925 1204 1083 1261 quam
1113 1188 1341 1259 petimus
1374 1193 1429 1241 et
1458 1182 1800 1254 intelligimus
1825 1181 1843 1252 (
1864 1179 2052 1253 Ephes.
2077 1193 2171 1245 ιιι,

548 1286 551 1287 ν
590 1283 701 1354 ao).

657 1374 746 1432 59.
782 1374 954 1430 'Huue
1001 1372 1240 1428 ordinem
1297 1369 1464 1426 tenuit
1488 1368 1732 1425 Psalmus
1756 1408 1771 1433 ,
1800 1365 1888 1421 ubi
1930 1363 2126 1420 dicitur
2157 1379 2170 1415 :

593 1464 829 1532 Benedic,
854 1464 1026 1519 anima
1053 1479 1181 1527 mea,
1215 1461 1521 1525 Dominum,
1553 1468 1599 1513 et
1628 1457 1731 1512 noli
1759 1455 1982 1510 oblivisci
2007 1468 2177 1509 omnes

590 1556 939 1611 retributiones
962 1556 1072 1625 ejus
1099 1569 1117 1608 :
1141 1552 1225 1622 qui
1248 1552 1494 1624 propitius
1523 1550 1580 1619 ﬁt
1620 1547 1849 1602 omnibus
1895 1545 2176 1615 iniquitati-

592 1658 681 1703 tnts
718 1648 839 1716 tuis,
860 1647 955 1717 qui.
982 1654 1130 1703 sanat
1155 1660 1329 1699 omnes
1370 1642 1639 1713 languores
1665 1649 1797 1705 tuos,
1815 1636 1902 1707 qui
1927 1634 2125 1690 redimit
2154 1632 2175 1666 ⁸

548 1752 553 1759 ’
590 1748 654 1795 de
680 1739 1003 1809 corruptione
1026 1738 1181 1793 vitam
1201 1745 1360 1802 tuam,
1382 1734 1466 1804 qui
1481 1740 1689 1787 coronat
1713 1741 1762 1786 te
1784 1730 1837 1784 in
1860 1727 2178 1782 miseratione

590 1841 637 1885 et
683 1827 1061 1894 misericordia,
1088 1827 1175 1899 qui
1216 1827 1365 1881 satiat
1408 1825 1460 1878 in
1490 1822 1631 1877 bonis
1674 1820 1977 1876 desiderium
2013 1827 2172 1872 tuum.

546 1922 657 1977 “Et
685 1936 753 1976 ne
773 1921 907 1976 [orte
933 1920 1049 1975 haec
1079 1926 1221 1974 tanta
1262 1917 1401 1972 bona
1428 1915 1588 1986 hujus
1608 1912 1906 1977 vetustatis,
1939 1910 2042 1967 hoc
2061 1921 2174 1979 est,

590 2012 926 2068 mortalitatis
970 2009 1287 2068 deformitas
1302 2008 1611 2079 desperaret
1640 2024 1655 2061 :
1683 2004 2050 2072 Renovabitur,
2092 2005 2177 2059 in-

591 2106 738 2178 quit,
765 2106 894 2161 sicut
941 2104 1126 2176 aquila:
1153 2105 1395 2175 juventus
1444 2110 1552 2154 tua.
1594 2097 1869 2168 Tanquam
1929 2096 2173 2152 diceret:

590 2197 715 2252 Haec
741 2210 862 2267 quae
900 2194 1093 2250 audisti
1115 2233 1132 2261 ,
1161 2192 1227 2248 ad
1253 2206 1449 2247 novum
1478 2189 1749 2244 hominem
1774 2197 1831 2243 et
1874 2186 1941 2242 ad
1968 2186 2177 2242 Novum

593 2287 861 2356 pertinent
903 2285 1329 2341 Testamentum.
1368 2280 1567 2337 Recole
1604 2294 1812 2335 mecum
1851 2278 2038 2334 eadem
2065 2278 2179 2348 ipsa

584 2377 862 2449 paululum
883 2419 898 2444 ,
924 2375 1149 2431 obsecro
1176 2383 1262 2440 te,
1290 2382 1343 2427 et
1389 2372 1591 2443 inspice
1636 2368 2023 2426 delectabiliter
2066 2368 2182 2423 lau-

591 2470 712 2524 dem
734 2465 1121 2524 misericordia:
1140 2507 1158 2533 ,
1188 2463 1292 2519 hoc
1317 2474 1399 2520 est
1418 2503 1436 2531 ,
1464 2464 1651 2535 gratia:
1684 2461 1795 2517 Dei.
1827 2460 2069 2529 Benedic,
2094 2462 2178 2517 in-

591 2564 738 2631 quit,
770 2562 943 2615 anima
961 2575 1093 2627 mea,
1123 2555 1422 2623 Dominum,
1446 2564 1492 2610 et
1521 2554 1629 2609 noli
1648 2553 1873 2609 oblivisci
1894 2569 2066 2608 omnes
2092 2570 2178 2608 re-

593 2651 884 2707 tributiones
920 2651 1030 2721 ejus
1052 2666 1073 2704 :
1114 2663 1220 2704 non
1257 2648 1368 2715 ait,
1395 2646 1737 2705 Tributiones
1754 2690 1768 2716 ,
1799 2647 1857 2715 ‘,
1883 2646 1975 2703 sed
1993 2689 2009 2715 ,
2032 2648 2180 2702 retri-

592 2745 818 2797 butiones
860 2744 1002 2813 ejus;
1044 2740 1167 2812 quia
1212 2738 1460 2796 retribuit
1512 2739 1652 2795 bona
1707 2755 1804 2811 pro
1850 2740 2027 2795 malis.
2078 2740 2181 2806 Qui

593 2838 839 2908 propttius
882 2836 936 2899 ﬁt
983 2835 1213 2892 omnibus
1244 2834 1592 2907 iniquitatibus
1624 2835 1889 2891 tuis:hoc
1927 2835 2101 2907 agitur
2125 2835 2180 2890 in

596 2930 933 3000 ltaptismatis
977 2935 1336 2984 sacramento.
1367 2926 1469 2995 Qui
1508 2935 1656 2982 sanat
1701 2944 1873 2983 omnes
1911 2928 2180 3000 tanquam

592 3036 706 3077 tuos
732 3037 752 3077 :
778 3020 879 3076 hoc
899 3020 1144 3092 agiturin
1169 3018 1270 3075 hac
1290 3020 1398 3074 vita
1426 3018 1599 3075 ﬁdelis
1623 3018 1875 3088 hominis,
1903 3018 2030 3074 dum
2054 3033 2181 3075 caro

593 3112 919 3182 concupiscit
962 3112 1220 3167 adversus
1269 3110 1548 3181 spiritum,
1575 3120 1630 3168 et
1657 3111 1872 3182 spiritus
1922 3111 2182 3167 adversus

592 3222 829 3272 carnem,
857 3214 915 3261 ut
942 3220 1050 3261 non
1069 3220 1188 3276 qua:
1213 3204 1457 3260 volumus
1480 3202 1739 3258 faciamus
1760 3201 1958 3273 (Galat.
1979 3218 2036 3272 v,
2065 3202 2178 3277 l7);

592 3298 719 3352 dum
749 3298 850 3352 alia
880 3297 961 3352 lcx
995 3297 1049 3351 in
1079 3294 1334 3353 membris
1371 3303 1631 3367 repugnat
1670 3295 1771 3366 legi
1801 3296 2026 3361 mentis;
2054 3295 2181 3351 dum

595 3391 732 3447 velle
778 3389 1018 3461 adjacet,
1055 3388 1313 3461 perﬁcere
1355 3396 1534 3443 autem
1574 3386 1907 3443 bonumuon
1936 3388 1958 3420 '
1988 3387 2177 3460 (Rom.

595 3501 665 3541 \‘ll
689 3526 705 3551 ,
734 3483 808 3540 25
829 3526 845 3551 ,
876 3482 964 3556 l8)
993 3499 1008 3537 :
1037 3484 1126 3553 qui
1161 3481 1446 3552 languores
1481 3481 1788 3548 vetustatis,
1835 3481 1881 3535 si
1930 3495 2182 3550 perseve-

595 3587 746 3634 rante
773 3577 1066 3632 intentione
1090 3573 1395 3646 proﬁcimus
1414 3615 1428 3639 ,
1459 3572 1528 3628 de
1549 3572 1638 3628 die
1666 3572 1720 3627 in
1744 3572 1884 3627 diem
1908 3580 2185 3629 crescente

590 3674 830 3726 novitate
856 3676 1132 3735 sanantur,
1151 3683 1217 3724 ex
1245 3666 1350 3722 lidc
1374 3681 1493 3737 qu:e
1507 3680 1605 3737 per
1628 3665 1967 3721 dilectionem
1987 3680 2177 3736 opera-

595 3774 699 3816 tur.
718 3758 832 3827 ξριιὲ
859 3758 1058 3814 redimit
1094 3758 1159 3813 de
1181 3757 1499 3827 corruptione
1524 3757 1678 3810 vitam
1706 3765 1845 3811 tuant
1873 3772 1893 3811 :
1920 3754 2024 3812 hoc
2048 3755 2107 3810 lit
2131 3755 2183 3811 in

597 3853 780 3907 ultima
826 3851 1219 3907 resurrectione
1262 3861 1616 3905 mor‘uorum.
1665 3847 1766 3915 Qui
1791 3857 1999 3902 coronat
2045 3858 2094 3902 te
2132 3848 2186 3902 in

596 3942 916 3998 miseratione
941 3951 987 3996 et
1014 3940 1355 3997 nusericordia
1375 3938 1545 4013 (Psal.
1574 3954 1643 3994 cu
1663 3981 1678 4006 ,
1703 3936 1821 4009 2-4)
1853 3938 1994 3995 :hoc
2033 3938 2091 3993 ﬁt
2129 3939 2184 3994 in

595 4032 815 4103 judicio,
838 4032 927 4089 ubi
957 4048 1079 4088 cum
1106 4047 1201 4089 rex
1223 4032 1398 4102 justus
1422 4030 1619 4087 sederit
1649 4031 1701 4086 in
1731 4029 1922 4087 throno
1947 4030 2188 4088 redditu-

594 4138 688 4179 rus
715 4122 1001 4193 unicuique
1025 4121 1316 4179 secundum
1343 4137 1507 4194 opera
1548 4122 1665 4193 ejus
1689 4163 1704 4188 ,
1731 4123 1849 4194 quis
1874 4123 2188 4194 gloriabitur

594 4224 800 4272 castum
831 4228 890 4272 se
937 4215 1133 4272 habere
1152 4215 1283 4271 cor?
1310 4224 1402 4271 aut
1429 4216 1547 4287 quis
1591 4215 1904 4287 gloriabitur
1929 4217 2186 4275 mundum

594 4322 655 4363 se
678 4321 797 4363 esse
820 4321 851 4362 a
872 4316 1092 4378 peccato
1118 4305 1298 4380 (Prov.
1325 4322 1421 4373 xx,
1452 4307 1507 4371 8,
1540 4305 1595 4374 9,
1617 4316 1666 4361 et
1690 4305 1880 4363 Matth.
1910 4324 2033 4377 xvi,
2052 4308 2188 4381 27)?

598 4398 721 4456 Ideo
750 4399 857 4455 illic
894 4398 1254 4456 necessarium
1290 4398 1386 4453 fuit
1430 4413 1856 4456 commemorare
1884 4401 2186 4457 miseratio-

594 4506 718 4548 nem
738 4501 794 4548 et
812 4490 1232 4547 misericordiam
1256 4490 1498 4558 Domini,
1524 4490 1610 4545 ubi
1627 4490 1737 4561 jam
1769 4491 1907 4563 exigi
1928 4492 2105 4549 debita
2134 4504 2190 4551 et

597 4581 747 4638 reddi
777 4581 964 4638 merita
991 4582 1069 4638 sic
1086 4588 1310 4653 possent
1335 4580 1534 4648 videri,
1566 4590 1625 4637 ut
1650 4582 1826 4638 nullus
1852 4595 1995 4641 esset
2022 4587 2187 4643 mise-

599 4672 844 4728 ricordiae
869 4671 1042 4727 locus.
1065 4671 1299 4727 Coronat
1343 4686 1471 4743 ergo
1498 4672 1549 4726 in
1575 4673 1919 4730 miseratione
1944 4686 2004 4731 et
2024 4678 2187 4734 mise-

598 4765 824 4822 ricordia
844 4804 860 4830 ,
888 4762 984 4820 sed
1031 4765 1193 4819 etiam
1234 4764 1311 4820 sic
1335 4763 1628 4820 secundum
1654 4779 1841 4837 opera.
1870 4766 2187 4839 Segregabi-

596 4870 681 4913 tur
704 4859 845 4914 enim
875 4857 940 4912 ad
966 4856 1262 4924 dexteram,
1293 4857 1379 4911 cui
1408 4856 1635 4926 dicatur,
1669 4856 1873 4915 Esurioi
1892 4900 1907 4927 ,
1934 4869 1981 4914 et
2007 4860 2189 4916 dedisti
2207 4881 2220 4893 δ

661 5036 676 5106 ξ
713 5032 850 5106 ιτλιίιὶ,
872 5032 939 5106 att
955 5030 1265 5106 credendam.
1290 5035 1584 5106 castigantur
1609 5046 1670 5106 e_x
1694 5036 2044 5106 mnuscrlj_.tis.

658 5098 678 5127 ³
714 5103 883 5158 imum
906 5096 1033 5158 hunc
1054 5094 1114 5143 ad
1135 5095 1327 5158 codices
1348 5094 1594 5145 Vaticanos
1616 5094 1755 5157 duos,
1773 5096 1831 5146 ad
1864 5094 2185 5158 Sorbonicum,

605 5159 657 5200 et
687 5154 807 5206 alios
821 5155 1059 5220 quosdam
1094 5154 1359 5220 galbanus
1394 5154 1751 5220 manuscriptos
1778 5154 2185 5219 redintegramusl

599 5228 781 5288 nempe
819 5217 871 5267 in
908 5223 1023 5288 ante
1048 5217 1198 5288 editis
1226 5226 1456 5288 corrupte
1493 5217 1792 5288 legebatur;
1826 5217 2185 5288 rreditlen'tqi,

595 5278 752 5342 quise
769 5292 800 5328 a
822 5278 1269 5342 peccatis
1295 5278 1651 5342 absolvendum,
1675 5286 1722 5331 ct
1743 5282 1803 5330 ab
1824 5283 2040 5334 omnibus
2062 5278 2188 5336 vitiis

598 5339 886 5415 iwuqtduht,
906 5346 952 5390 et
975 5339 1145 5415 calore
1166 5355 1226 5393 ac
1247 5340 1427 5415 lumine
1462 5341 1567 5407 q'us
1603 5339 1966 5394 accendenth
2004 5343 2187 5396 illumi-

596 5401 903 5468 nandumque
924 5414 1017 5451 non
1039 5403 1389 5468 contempserit.

664 5467 683 5495 ³
719 5462 940 5527 r-lerique
966 5472 1091 5524 Mss,
1111 5462 1334 5527 redimet.

667 5528 701 5599 δ.
724 5525 983 5599 loss-{non
1026 5525 1364 5599 ttttributiones.
1390 5531 1454 5599 Ex
1500 5526 1577 5578 his
1610 5528 1983 5599 proximoLlooo
2020 5543 2191 5599 emen-

594 5586 1001 5699 ἓάιιὶῆιι
1024 5588 1200 5650 quibus
1233 5586 1512 5651 legebatur,
1536 5586 1628 5653 qui
1655 5588 1908 5650 retribuit;
1947 5606 2049 5654 pro,
2075 5594 2189 5658 quia

615 5665 649 5697 ,1,
825 5683 837 5695 _

601 5659 837 5700 t‘t'U‘lDttu.

608 5770 617 5779 .
661 5713 682 5744 ⁸
716 5711 852 5781 mliti,
886 5708 1122 5774 perﬁcere
1160 5717 1319 5783 mitem
1366 5711 1536 5762 bonum
1574 5725 1665 5763 non
1706 5712 1985 5766 invenimus.
2028 5719 2186 5778 Abest,

600 5780 877 5835 ctut'ntnttts,
904 5785 930 5822 a
957 5780 1304 5835 nmuuscriptls.

1492 333 1583 391 DE
1620 328 1888 391 SPIRITU
1930 329 2018 386 ET
2056 326 2381 398 LITTERA,
2421 328 2480 385 5.
2523 326 2892 386 AUGUSTINI

2282 443 2407 499 mihi
2431 445 2738 500 manducare
2767 440 2992 517 (Matth.
3015 456 3149 507 xxv,
3176 440 3271 512 55)
3304 457 3316 494 :
3348 441 3597 511 quoniam
3619 440 3878 515 judicium

2280 538 2390 593 sine
2425 538 2802 603 misericordia,
2828 535 2924 591 sed
2949 535 3028 590 illi
3064 534 3153 606 qui
3196 550 3297 588 non
3324 534 3442 605 fecit
3478 535 3877 589 misericordiam

2284 630 2486 702 (Jacobi
2537 647 2605 697 ιι,
2635 631 2724 700 15)
2751 648 2763 683 :
2793 628 2937 683 Beati
2984 640 3161 683 autem
3208 628 3555 683 misericordes
3577 668 3593 695 ,
3634 630 3877 694 quoniam

2281 724 2509 796 ipsorum
2534 725 2846 779 miserebitur
2863 722 3001 779 Deus
3022 721 3239 793 (Matth.
3268 738 3319 787 v,
3345 723 3423 794 7).
3449 722 3567 779 Jam
3597 739 3725 779 vero
3754 741 3878 779 cum

2282 818 2485 874 sinistri
2526 818 2685 874 ierint
2708 818 2759 873 in
2785 817 3175 872 ambustiouem
3215 826 3468 870 aeternam
3492 855 3510 884 ,
3537 816 3665 884 justi
3695 825 3876 872 autem

2283 910 2337 967 in
2377 910 2541 966 vitam
2592 923 2845 966 aeternam
2871 907 2985 982 (Id.
3015 908 3248 975 xxv,-46
3273 907 3291 978 )
3317 924 3330 962 :
3358 907 3483 978 quia
3510 908 3618 962 hate
3661 916 3761 971 est,
3790 908 3874 961 in-

2282 1002 2431 1073 quit,
2458 1002 2559 1057 vita
2578 1011 2786 1068 (eterna,
2816 1010 2871 1055 ut
2890 1008 3193 1072 cognoscant
3220 1009 3267 1053 te
3285 1015 3443 1053 unum
3478 1014 3649 1054 verum
3676 1000 3836 1053 Deum
3858 1039 3876 1064 ,

2283 1103 2330 1149 et
2372 1110 2520 1165 quem
2560 1091 2740 1148 misisti
2777 1092 2955 1147 Jesum
3004 1090 3259 1147 Christum
3283 1090 3461 1163 (Joan.
3489 1108 3633 1158 xvrt,
3660 1091 3749 1163 '5);
3786 1093 3875 1146 illa

2282 1186 2604 1257 cognitione,
2628 1185 2718 1240 illa
2737 1184 2945 1240 visione
2962 1222 2978 1251 ,
3008 1184 3095 1239 illa
3122 1184 3571 1255 contemplatione
3597 1185 3874 1239 satiabitur

2283 1280 2335 1335 in
2376 1279 2533 1335 bonis
2570 1278 2762 1333 anima:
2788 1277 3110 1333 desiderium
3138 1275 3326 1346 (Psal.
3357 1292 3463 1344 cu,
3487 1276 3569 1348 5).
3600 1277 3711 1332 lloc
3730 1279 3876 1332 enim

2282 1371 2454 1425 solum
2501 1369 2552 1426 ei
2595 1379 2674 1425 sat
2701 1378 2802 1437 est,
2833 1370 2968 1423 ultra
2994 1384 3098 1423 non
3128 1367 3287 1423 habet
3312 1368 3452 1439 quod
3481 1379 3715 1440 appetat,
3734 1370 3875 1438 quod

2283 1461 2453 1518 inhict
2474 1503 2490 1528 ,
2517 1461 2658 1533 quod
2684 1461 2938 1532 requirat.
2964 1460 3095 1515 Nam
3135 1460 3405 1515 desiderio
3431 1460 3587 1531 hujus
3613 1462 3877 1517 satietatis

2282 1554 2539 1623 ardebat,
2567 1554 2657 1624 qui
2684 1554 2909 1608 Domino
2953 1552 3166 1607 Christo
3193 1554 3268 1606 ait
3293 1569 3307 1604 :
3340 1551 3560 1607 Ostende
3585 1552 3728 1608 nobis
3764 1551 3874 1607 Pa-

2284 1654 2443 1711 trem,
2473 1655 2520 1700 ct
2552 1644 2730 1715 suﬂ‘icit
2747 1642 2907 1698 nobis.
2932 1642 3028 1697 Cui
3065 1658 3381 1712 responsum
3419 1653 3502 1697 est
3531 1660 3545 1697 :
3573 1642 3673 1710 Qui
3699 1660 3777 1697 me
3801 1644 3879 1699 vi-

2283 1738 2395 1803 dit,
2419 1737 2544 1793 sidit
2583 1747 2631 1792 et
2669 1736 2881 1791 Patrem
2905 1738 2922 1770 ί
2945 1734 3124 1804 (Joan.
3160 1751 3252 1790 xtv
3272 1776 3287 1800 ,
3317 1738 3350 1790 8
3368 1777 3383 1800 ,
3410 1735 3490 1804 9).
3511 1734 3644 1803 Quia
3669 1736 3780 1808 ipsa
3804 1747 3876 1792 est

2283 1830 2386 1883 vita
2404 1839 2613 1895 aeterna,
2631 1836 2685 1882 ut
2700 1838 3007 1899 cognoscant
3026 1842 3182 1880 unum
3202 1841 3370 1880 rerum
3388 1824 3554 1878 Deum
3573 1835 3639 1889 te,
3658 1836 3702 1879 et
3728 1843 3874 1897 quem

2284 1921 2462 1976 misisti
2484 1919 2663 1975 Iesum
2688 1919 2962 1975 Christum.
3004 1919 3111 1974 Sed
3152 1917 3197 1972 si
3237 1919 3325 1972 ille
3349 1917 3442 1987 qui
3483 1917 3610 1972 vidit
3638 1918 3829 1973 Filium
3853 1962 3869 1985 ,

2286 2013 2419 2069 vidit
2434 2021 2487 2069 et
2499 2013 2710 2069 Patrem
2729 2029 2744 2080 ;
2767 2011 3003 2083 profecto
3014 2011 3100 2082 qui
3114 2012 3255 2066 videt
3276 2011 3355 2082 (α)
3371 2010 3578 2065 Patrem
3591 2020 3643 2066 et
3660 2012 3872 2077 Filium,

2283 2104 2427 2159 videt
2454 2113 2509 2160 et
2542 2104 2795 2174 Spiritum
2827 2112 3068 2159 sanctum
3113 2102 3287 2156 Patris
3310 2110 3368 2156 et
3399 2101 3534 2154 Filii.
3569 2102 3639 2155 Ita
3666 2116 3768 2159 nec
3788 2119 3874 2159 ar-

2285 2193 2503 2250 bitrium
2528 2194 2757 2250 liberum
2803 2193 3042 2249 tollimus
3062 2234 3077 2258 ,
3107 2202 3163 2247 et
3186 2190 3454 2247 benedicit
3489 2192 3666 2246 anima
3694 2204 3873 2248 nostra

2286 2286 2590 2354 Dominum,
2621 2302 2728 2343 non
2748 2286 3072 2343 obliviscens
3096 2299 3285 2341 omnes
3314 2283 3695 2340 retributiones
3723 2286 3871 2357 ejus:

2286 2397 2389 2438 nec
2433 2382 2684 2453 ignorans
2728 2382 2820 2437 Dei
2858 2381 3151 2451 justitiam,
3185 2394 3336 2436 suam
3366 2383 3480 2435 vult
3504 2382 3526 2414 ⁸
3552 2382 3875 2436 constituere

2287 2474 2465 2547 (Rom.
2494 2491 2549 2543 x,
2581 2474 2638 2545 3)
2660 2490 2674 2540 ;
2700 2474 2794 2529 sed
2813 2474 2986 2530 credit
3012 2474 3064 2527 in
3094 2488 3215 2527 eum
3242 2474 3330 2543 qui
3353 2473 3605 2543 justiﬁcat
3632 2474 3873 2545 impium,

2286 2576 2342 2624 et
2365 2567 2494 2623 vivit
2533 2581 2601 2623 ex
2643 2565 2780 2633 ﬁde,
2810 2565 2984 2621 donec
3026 2564 3091 2620 ad
3122 2566 3353 2637 speciem
3390 2565 3743 2637 perducatur;
3774 2565 3878 2621 ﬁde

2287 2659 2493 2715 scilicet
2520 2673 2640 2728 quae
2683 2671 2784 2727 per
2829 2656 3169 2712 dilectionem
3197 2667 3467 2729 operatur.
3496 2657 3625 2726 Qure
3663 2657 3877 2712 dilectio

2286 2751 2600 2808 diffunditur
2621 2750 2673 2804 in
2712 2750 2964 2805 cordibus
2993 2750 3219 2814 nostris,
3256 2765 3355 2805 nec
3385 2765 3482 2820 per
3504 2749 3876 2806 sufficientiam

2286 2844 2520 2915 propriae
2545 2843 2835 2898 voluntatis
2855 2884 2870 2908 ,
2912 2858 3011 2897 nec
3039 2858 3139 2915 per
3190 2843 3419 2897 litteram
3463 2843 3629 2914 legis,
3658 2843 3752 2899 sed
3783 2859 3879 2916 per

2288 2937 2544 3010 Spiritum
2572 2946 2816 2991 sanctum
2842 2934 2931 3005 qui
2959 2933 3116 2989 datus
3145 2943 3228 2990 est
3254 2934 3424 2988 nobis.

2358 3026 2584 3083 CAPUT
2611 3024 3017 3081 XXXIV.—60.
3032 3023 3280 3079 Voluntas
3305 3024 3541 3079 credendi
3561 3023 3734 3081 aDeo.
3752 3025 3882 3083 Haec

2287 3141 2597 3213 disputatio,
2617 3141 2660 3197 si
2680 3140 2960 3212 qurcstioni
2991 3140 3068 3195 illi
3089 3139 3361 3195 solvendae
3382 3138 3599 3204 sufﬁcit,
3624 3141 3875 3197 sufﬁciat.

2286 3235 2343 3293 Si
2359 3245 2533 3291 autem
2555 3233 2926 3305 respondetur,
2944 3233 3235 3293 cavendum
3251 3247 3368 3287 esse
3384 3247 3449 3287 ne
3471 3234 3747 3304 quisquam
3770 3234 3880 3289 Deo

2289 3326 2624 3383 tribuendum
2651 3335 2797 3396 putet
2827 3333 3122 3395 peceatum,
3150 3324 3289 3392 quod
3319 3324 3613 3378 admittitur
3627 3340 3721 3395 per
3750 3326 3882 3381 libe-

2289 3434 2409 3475 rum
2438 3417 2713 3472 arbitrium
2734 3458 2748 3482 ,
2771 3416 2817 3473 si
2840 3416 2891 3469 in
2914 3431 2979 3471 eo
3002 3416 3145 3486 quod
3163 3414 3357 3469 dicitur
3375 3455 3391 3481 ,
3418 3416 3554 3481 Quid
3573 3416 3723 3472 habes
3741 3418 3880 3489 quod

2290 3526 2391 3565 non
2417 3508 2691 3578 accepisti?
2712 3515 2990 3578 propterea
3015 3506 3175 3561 etiam
3198 3506 3439 3561 voluntas
3460 3523 3559 3576 qua
3585 3508 3876 3572 credimus,

2282 3602 2433 3659 dono
2464 3601 2559 3657 Dei
2585 3599 2831 3655 tribuitur
2854 3641 2870 3667 ,
2896 3598 3019 3669 quia
3068 3597 3137 3654 de
3181 3599 3350 3653 libero
3394 3599 3574 3655 exisdt
3613 3600 3835 3656 arbitrio
3858 3642 3875 3667 ,

2292 3692 2434 3765 quod
2459 3707 2580 3747 cum
2610 3706 2916 3747 erearemur
2931 3689 3232 3760 accepimus
3261 3706 3274 3742 :
3306 3689 3545 3745 attendat
3564 3733 3580 3757 ,
3610 3700 3664 3747 et
3678 3692 3878 3760 videat,

2292 3782 2547 3840 non‘ideo
2572 3791 2775 3837 tantum
2803 3781 2954 3835 istam
2983 3780 3308 3835 voluntatem
3336 3780 3516 3836 divino
3550 3783 3752 3837 muneri
3783 3784 3881 3838 tri-

2292 3874 2587 3941 buendam,
2617 3874 2738 3943 quia
2758 3889 2823 3928 ex
2851 3872 3018 3928 libero
3045 3873 3265 3928 arbitrio
3293 3882 3411 3940 est,
3440 3873 3581 3946 quod
3610 3875 3759 3930 nobis
3784 3892 3877 3931 na-

2292 3964 2539 4021 turaliter
2563 3971 2903 4019 concreatum
2930 3974 3047 4030 est;
3072 3980 3256 4019 verum
3284 3965 3443 4020 etiam
3470 3965 3610 4036 quod
3645 3968 3881 4023 visorum

2293 4059 2630 4115 suasionibus
2656 4060 2764 4131 agit
2791 4060 2961 4128 Deus,
2997 4066 3056 4113 ut
3080 4059 3343 4123 velimus,
3374 4069 3427 4115 et
3471 4069 3528 4113 ut
3551 4061 3837 4116 credamus
3865 4105 3881 4127 ,

2294 4150 2409 4205 sive
2455 4152 2792 4207 extrinsecus
2838 4165 2938 4219 per
2963 4149 3298 4220 evangelicas
3327 4148 3760 4218 exhortationes,
3791 4152 3882 4207 ubi

2293 4249 2348 4297 et
2371 4240 2618 4296 mandata
2666 4240 2799 4311 legis
2827 4238 3024 4310 aliquid
3052 4248 3250 4310 agunt,
3278 4239 3323 4294 si
3365 4240 3432 4295 ad
3464 4240 3564 4296 hoc
3591 4242 3887 4299 admonent

2296 4335 2569 4392 hominem
2588 4333 2913 4388 infirmitatis
2936 4347 3069 4400 sum,
3087 4342 3145 4387 ut
3169 4333 3235 4387 ad
3257 4333 3479 4403 gratiam
3500 4333 3882 4401 justificautetn

2294 4425 2563 4483 credendo
2588 4424 2892 4496 confugiat;
2924 4425 3036 4480 sive
3067 4424 3419 4490 intrinsecus,
3447 4425 3534 4479 ubi
3550 4440 3707 4480 nemo
3725 4426 3887 4481 habet

2295 4518 2349 4574 in
2382 4526 2644 4589 potestate
2668 4517 2793 4587 quid
2820 4516 2869 4572 ei
2899 4516 3150 4572 veniatin
3181 4525 3412 4572 mentem
3432 4560 3448 4581 ,
3472 4517 3563 4571 sed
3583 4518 3887 4573 consentire

2294 4611 2381 4668 vel
2402 4609 2684 4664 dissentire
2710 4608 2941 4681 preprite
2967 4609 3251 4663 voluntatis
3284 4618 3387 4664 est.
3433 4606 3528 4663 llis
3556 4623 3684 4679 ergo
3713 4609 3887 4664 modis

2228 4732 2231 4733 ν
2294 4702 2508 4776 quando
2540 4702 2681 4756 Deus
2707 4700 2814 4771 agit
2840 4714 2959 4756 cum
2987 4701 3163 4755 anima
3192 4701 3437 4755 rationali
3462 4742 3478 4766 ,
3512 4713 3569 4755 ut
3592 4702 3640 4756 ei
3660 4700 3884 4766 credat;

2295 4809 2469 4865 neque
2498 4793 2640 4848 enim
2663 4792 2884 4847 credere
2913 4801 3087 4861 potest
3109 4791 3385 4861 quodlibet
3409 4791 3577 4847 libero
3605 4792 3883 4858 arbitrio',

2294 4888 2337 4941 si
2369 4886 2508 4940 nulla
2536 4886 2605 4941 sit
2630 4884 2809 4939 suasio
2837 4883 2920 4938 vel
2949 4884 3155 4939 vocatio
3181 4883 3265 4937 cui
3293 4882 3513 4949 credat;
3561 4883 3800 4952 proiecto
3830 4894 3885 4938 et

2295 4980 2466 5049 ipsum
2498 4978 2635 5035 velle
2657 4975 2877 5033 credere
2903 4976 3041 5031 Deus
3061 4985 3317 5045 operatur
3342 4976 3395 5029 in
3430 4974 3681 5039 homine,
3726 4985 3779 5031 et
3833 4977 3886 5029 in

2293 5070 2543 5127 omnibus
2568 5068 2930 5124 misericordia
2959 5068 3076 5137 ejus
3102 5069 3360 5137 przcveuit
3409 5082 3545 5123 nos:
3579 5068 3887 5124 consentire

2292 5171 2471 5218 autem
2503 5161 2765 5217 vocationi
2788 5160 2879 5215 Dei
2899 5201 2916 5228 ,
2949 5160 3035 5214 vel
3065 5161 3133 5213 ab
3160 5174 3222 5214 ea
3252 5157 3570 5225 dissentire,
3593 5159 3731 5213 sicut
3752 5158 3887 5226 dixi,

2293 5255 2524 5327 propria:
2552 5254 2837 5308 voluntatis
2861 5261 2960 5308 est.
2984 5250 3114 5320 Quae
3142 5266 3229 5305 res
3268 5266 3372 5305 non
3398 5250 3570 5305 solum
3597 5266 3704 5305 non
3730 5250 3885 5304 inﬁr-

2360 5412 2375 5443 ⁸
2411 5410 2545 5461 Editi:
2565 5408 2652 5469 oui
2673 5421 2748 5459 me
2769 5406 2913 5469 videt,
2931 5404 3119 5458 videtet
3141 5411 3353 5457 Patrem.
3376 5412 3435 5456 At
3456 5413 3563 5457 uss.
3587 5409 3886 5466 constanter,

2292 5472 2411 5524 uidit
2427 5484 2444 5532 ;
2463 5472 2600 5532 juxta
2622 5484 2851 5533 graecum.

2360 5536 2379 5565 ²
2415 5531 2580 5581 Plures
2604 5531 2727 5593 Mss,
2754 5531 2928 5593 volens.

2360 5595 2381 5627 ³
2405 5602 2476 5643 lir.
2506 5602 2557 5643 et
2577 5590 2935 5655 Lov.,'quolt'bet
2969 5590 3470 5655 -ζὶὺεινολατὺίιήοχιιι
3508 5600 3608 5643 Am.
3637 5597 3693 5642 et
3735 5591 3889 5653 pleri-

2295 5670 2394 5722 que
2431 5652 3069 5722 _mauuseripti',“(quodlibet
3109 5653 3257 5722 libero
3288 5654 3507 5722 arbitria.
3555 5662 3685 5704 Dum
3720 5652 3753 5705 ἑ
3808 5662 3891 5704 Vs-

2298 5715 2469 5766 t'n-aais
2494 5725 2617 5767 3139..
2647 5715 2883 5776 quodlibet
2903 5716 3104 5765 liberum
3127 5715 3401 5767 arbitrium.
3447 5731 3487 5761 ο

2360 5781 2431 5841 (ni
2466 5786 2601 5827 l-‘orte
2623 5779 2698 5829 hic
2723 5788 2772 5828 et
2799 5782 2845 5828 in
2867 5791 2935 5837 ra,
2961 5777 3096 5830 t't'dt't.
