4202 6524
297 515 395 574 ιιι

299 623 577 699 mat'quod
607 624 805 684 dictum
826 635 936 695 est,
963 624 1098 696 Quid
1117 624 1249 681 enim
1275 623 1427 678 habes
1450 619 1584 694 quod
1618 637 1717 677 non
1739 635 1884 676 acce-

301 720 421 791 pisti
440 719 467 774 ?
493 735 682 775 verum
708 717 867 775 etiam
888 716 1187 773 conﬁrmat.
1214 714 1468 786 Accipere
1497 712 1691 785 quippe
1716 723 1769 767 et
1795 712 1891 767 ha-

299 815 432 869 bere
461 813 641 869 anima
669 828 773 867 non
803 820 981 883 potest
1008 810 1144 865 dona
1172 852 1188 877 ,
1241 809 1309 865 de
1352 808 1543 880 quibus
1570 807 1673 862 hoc
1696 806 1841 861 audit
1871 848 1886 872 ,

299 906 401 960 nisi
428 904 814 961 consentiendo
843 921 857 959 :
886 918 951 960 ac
976 918 1071 973 per
1108 903 1209 958 hoc
1251 901 1378 972 quid
1408 900 1634 966 habeat,
1667 907 1721 956 et
1763 899 1889 971 quid

300 998 565 1066 accipiat,
600 997 691 1053 Dei
719 1005 803 1051 est
832 1014 846 1054 :
874 996 1118 1067 accipere
1163 1005 1344 1049 autem
1388 1002 1443 1049 et
1482 992 1679 1047 habere
1709 993 1890 1062 utique

299 1090 609 1157 accipientis
631 1099 682 1144 et
709 1088 951 1143 habentis
980 1095 1081 1142 est.
1108 1085 1226 1142 Jam
1262 1086 1306 1140 si
1332 1085 1397 1139 ad
1427 1085 1569 1139 illam
1611 1082 1887 1155 profundi-

302 1192 463 1237 tatem
491 1181 829 1236 scrutandam
857 1180 1137 1251 quisquam
1170 1192 1266 1232 nos
1297 1185 1562 1240 coarctet,
1586 1192 1681 1231 cur
1710 1175 1786 1230 illi
1817 1176 1889 1231 ita

299 1272 588 1326 suadentur
614 1281 668 1324 ιιι
694 1270 1083 1341 persuadeatur
1111 1269 1127 1300 ⁸
1148 1308 1164 1334 ,
1197 1268 1269 1321 illi
1292 1276 1468 1322 autem
1499 1282 1609 1320 non
1634 1267 1743 1331 ita;
1785 1264 1890 1320 duo

300 1365 413 1418 sola
441 1374 726 1417 occurrunt
756 1363 965 1417 interim
987 1377 1103 1431 qua:
1126 1359 1453 1430 respondere
1479 1357 1607 1413 mihi
1640 1358 1845 1428 placeat
1872 1375 1886 1412 :

306 1453 352 1509 0
381 1454 596 1508 altitudo
622 1454 910 1509 divitiarum
937 1452 1113 1526 (Rom.
1142 1467 1213 1514 ιι,
1236 1452 1324 1521 '53)
1350 1452 1362 1505 !
1392 1458 1465 1514 et,
1506 1447 1771 1519 Numquid
1810 1448 1892 1502 inc

301 1549 487 1615 iqnitns
511 1548 649 1619 apud
683 1546 842 1601 Deum
886 1544 997 1627 (Id.
1039 1561 1129 1613 ιι,
1174 1545 1306 1613 ΗΠ
1333 1543 1432 1600 Cui
1482 1544 1759 1615 responsio
1788 1542 1888 1598 ista

301 1643 778 1714 displicctqumrat
806 1641 1112 1707 doctiores,
1162 1639 1260 1700 sed
1308 1649 1495 1697 caveat
1541 1654 1613 1696 ne
1656 1639 1892 1696 inveniat

301 1748 722 1808 prirsnmptores
741 1740 785 1793 ³.

374 1828 597 1887 CAPUT
635 1829 853 1887 XXXV.
885 1862 954 1872 —
984 1830 1071 1887 ﬁl.
1122 1830 1395 1888 Conclusio
1442 1831 1627 1902 operis.
1657 1828 1888 1887 Conclu-

301 1920 490 1976 damus
522 1922 679 1993 igitur
707 1923 896 1977 librum
927 1922 1246 1993 aliquando,
1291 1922 1445 1993 cujus
1490 1932 1633 1977 tanta
1662 1920 1889 1993 prolixi-

302 2021 411 2067 tate
434 2024 608 2067 utrum
639 2013 837 2084 aliquid
877 2014 1176 2085 egerimus,
1228 2015 1410 2070 nescio
1442 2032 1455 2068 :
1490 2028 1597 2068 non
1625 2012 1766 2083 apud
1792 2021 1845 2069 te
1870 2052 1887 2080 ,

301 2109 455 2175 cujus
486 2106 641 2162 ﬁdem
686 2108 834 2173 scio;
883 2106 976 2162 sed
1021 2107 1157 2179 apud
1188 2108 1399 2162 animos
1446 2121 1633 2163 eorum
1677 2114 1945 2189 propter\

301 2213 438 2267 quos
460 2214 543 2253 me
572 2199 808 2253 scribere
833 2199 1048 2254 voluisti
1084 2218 1096 2253 :
1130 2199 1219 2269 qui
1250 2214 1356 2253 non
1390 2208 1577 2253 contra
1603 2208 1839 2253 nostram
1873 2239 1889 2263 ,

302 2289 400 2345 sed
439 2291 518 2361 (ut
544 2291 724 2345 mitius
743 2290 930 2360 loquar
950 2332 966 2358 ,
998 2299 1053 2346 et
1079 2306 1183 2346 non
1205 2291 1378 2346 dicam
1410 2290 1552 2345 illius
1576 2290 1666 2361 qui
1696 2290 1756 2365 in
1781 2290 1893 2346 suis

305 2382 574 2451 Apostolis
614 2391 699 2438 est
737 2382 965 2454 locutus)
1015 2392 1160 2438 certe
1199 2394 1385 2439 contra
1437 2385 1568 2440 tanti
1595 2384 1617 2418 ³
1664 2385 1892 2456 apostoli

307 2472 489 2539 Pauli,
522 2488 625 2528 non
650 2490 806 2530 unam
833 2475 1150 2530 sententiam
1173 2516 1189 2539 ,
1219 2476 1313 2531 sed
1340 2485 1446 2530 tam
1474 2476 1842 2533 vehementem
1873 2520 1890 2546 ,

306 2574 415 2620 tam
448 2568 701 2621 intentam
721 2566 1040 2638 vigilemque
1053 2567 1501 2624 conﬂictationem
1527 2570 1893 2626 maluntsuam

306 2656 628 2715 defensitare
656 2659 679 2692 "
699 2660 1014 2715 sententiam
1036 2702 1052 2726 ,
1082 2675 1241 2731 quam
1258 2677 1377 2714 eum
1405 2660 1590 2717 audire
1610 2662 1895 2717 obsecran-
1918 2691 1934 2706 -

309 2758 413 2802 tem
444 2768 534 2821 per
556 2751 928 2805 miserationem
957 2750 1057 2805 Dei
1080 2793 1095 2817 ,
1127 2760 1182 2807 et
1210 2751 1477 2806 dicentem
1501 2793 1517 2817 ,
1560 2768 1651 2824 per
1678 2753 1897 2823 gratiam

308 2838 404 2893 Dei
432 2857 542 2911 qut?
565 2843 686 2895 data
739 2854 810 2897 est
858 2843 968 2909 illi,
1012 2860 1113 2896 non
1160 2843 1275 2914 plus
1302 2859 1480 2914 sapere
1527 2853 1710 2913 prazter
1744 2860 1897 2914 quam

307 2946 502 3006 oportet
522 2952 730 3006 sopire.
757 2936 847 2991 sed
865 2953 1043 3007 sapere
1071 2936 1138 2990 ad
1166 2937 1546 3008 temperantiam
1564 2978 1580 3004 ,
1628 2937 1898 3006 unicuique

305 3025 436 3081 sicut
486 3025 622 3080 Deus
642 3027 859 3091 partitus
897 3038 967 3084 est
995 3044 1280 3082 mensuram
1318 3014 1582 3100 ﬁdeilld.
1610 3043 1703 3094 xu,
1736 3028 1789 3094 1,
1814 3027 1894 3099 5).

383 3119 472 3174 69..
496 3119 574 3174 Tu
618 3132 792 3173 :mtem
820 3120 945 3193 quid
975 3120 1102 3175 mihi
1136 3121 1504 3192 proposueris,
1550 3129 1605 3176 et
1636 3120 1762 3192 quid
1790 3132 1900 3177 tam

308 3211 468 3282 longo
491 3214 862 3282 diSpuialittlliS
901 3213 1059 3283 hujus
1106 3229 1270 3284 Opere
1297 3213 1631 3269 effecerimus
1657 3213 1897 3271 adverte.

307 3302 470 3357 Movit
496 3316 546 3359 te
597 3313 745 3360 certe
787 3305 1236 3375 quemadmodum
1290 3305 1491 3360 dictum
1543 3304 1741 3373 fuerit,
1783 3305 1899 3361 ﬁeri

310 3414 470 3468 resse
496 3408 553 3453 ut
574 3400 643 3453 sit
670 3398 831 3454 homo
857 3400 974 3454 sine
1001 3408 1217 3469 peccato
1242 3440 1257 3463 ,
1289 3400 1336 3454 si
1367 3400 1615 3456 voluntas
1648 3399 1764 3470 ejus
1792 3414 1898 3457 non

309 3490 451 3545 desit
472 3529 487 3556 ,
513 3505 615 3560 ape
644 3491 927 3561 adjuvante
951 3491 1157 3549 divina;
1184 3491 1425 3561 quamvis
1455 3506 1613 3546 nemo
1639 3501 1744 3546 tam
1775 3507 1900 3561 per-

311 3578 467 3635 fecta-
489 3580 715 3650 jnstitia:
756 3582 809 3636 in
853 3585 953 3637 hac
997 3583 1101 3636 vita
1135 3583 1324 3648 fuerit,
1353 3583 1436 3638 vel
1458 3582 1564 3649 sit,
1586 3583 1667 3639 vel
1692 3581 1903 3639 futurus

311 3675 399 3727 sit.
434 3674 522 3729 Sic
542 3676 686 3730 enim
711 3675 812 3730 hoc
850 3676 1022 3745 ipsum
1054 3676 1108 3731 in
1130 3676 1232 3731 illis
1259 3677 1405 3746 prius
1424 3675 1490 3731 ad
1513 3685 1564 3733 te
1584 3675 1903 3747 conscriptis

310 3764 462 3821 libris
493 3767 742 3836 proposui
775 3784 790 3822 :
827 3786 848 3821 ι
893 3768 950 3823 Si
993 3782 1025 3822 a
1079 3784 1166 3823 me
1194 3781 1497 3839 qu:cratur,
1560 3788 1581 3822 ι
1638 3769 1900 3840 inquam,

318 3875 340 3909 ι
370 3868 541 3910 utrmn
573 3857 732 3912 homo
763 3860 878 3915 sine
902 3869 1120 3931 peccato
1140 3859 1312 3932 possit
1335 3874 1457 3916 esse
1501 3859 1555 3915 in
1605 3858 1706 3916 hac
1754 3860 1900 3926 vita;

313 3952 613 4007 conlitebor
654 3967 811 4023 pOsse
867 3970 961 4024 per
1008 3954 1102 4008 Dei
1148 3954 1374 4025 gratiam
1425 3962 1479 4008 et
1510 3952 1735 4007 liberum
1787 3952 1905 4022 ejus

318 4044 598 4098 arbitrium
628 4063 642 4098 :
672 4046 843 4121 ipsum
872 4060 1082 4116 quoque
1121 4045 1347 4101 liberum
1392 4043 1673 4100 arbitrium
1715 4042 1781 4098 ad
1812 4043 1905 4100 Dei

314 4139 570 4209 gmtiatn,
601 4139 701 4195 hoc
733 4148 853 4206 est,
903 4140 971 4194 ad
998 4140 1091 4194 Dei
1117 4138 1255 4194 dona
1280 4139 1552 4209 pertinere
1579 4152 1683 4193 non
1734 4137 1904 4193 ambi-

314 4246 479 4302 gens,
509 4247 608 4288 nec
630 4241 835 4288 tantum
864 4244 920 4287 ut
941 4233 1011 4288 sit
1031 4273 1049 4297 ,
1080 4248 1261 4288 verum
1290 4233 1452 4288 etiam
1483 4241 1543 4288 ut
1568 4231 1767 4288 bonum
1799 4231 1902 4298 sit,

315 4324 368 4381 id
408 4336 522 4389 est,
575 4326 640 4379 ad
682 4325 920 4381 facienda
972 4325 1219 4381 mandata
1266 4326 1477 4381 Domini
1525 4333 1903 4392 convertatur;

314 4429 475 4490 atque
505 4418 577 4473 ita
606 4418 697 4473 Dei
726 4420 893 4489 gratia
918 4461 934 4485 ,
962 4435 1066 4473 non
1085 4419 1259 4475 solum
1284 4418 1529 4474 ostendat
1555 4418 1682 4489 quid
1711 4418 1907 4475 facien-

316 4510 441 4564 dunt
472 4511 542 4565 sit
563 4552 580 4573 .
610 4511 702 4564 sed
724 4512 947 4582 adjuvet
969 4512 1164 4577 ctiam,
1192 4523 1248 4566 ut
1278 4510 1393 4567 ﬁeri
1435 4511 1604 4581 possit
1644 4510 1786 4582 quod
1814 4526 1905 4567 osa

316 4600 547 4656 tcuderit
583 4622 603 4654 ι
633 4600 736 4674 (De
766 4601 1097 4657 Peccatorum
1128 4602 1326 4657 Meritis
1349 4644 1365 4670 ,
1391 4602 1477 4657 lib.
1503 4602 1539 4657 2
1562 4644 1579 4670 ,
1610 4620 1664 4657 n.
1689 4603 1767 4676 7).
1786 4602 1906 4659 Tibi

316 4705 494 4748 autem
520 4695 808 4749 ειϋπυΙἸΙιιιιι
844 4695 1012 4749 visum
1036 4702 1153 4761 est,
1198 4695 1314 4749 sine
1342 4695 1593 4764 exemplo
1634 4710 1757 4753 esse
1792 4710 1905 4750 rem

317 4802 434 4855 qtne
466 4785 580 4838 ﬁeri
606 4794 798 4854 potest.
833 4786 965 4841 llinc
990 4795 1177 4840 exorta
1214 4793 1298 4840 est
1328 4785 1485 4854 hujus
1507 4784 1628 4840 libri
1656 4786 1904 4856 quaestio,

317 4894 379 4932 ac
402 4894 496 4947 per
522 4877 624 4933 hoc
663 4877 729 4932 ad
780 4894 877 4933 nos
910 4878 1209 4947 pertinebat
1250 4876 1568 4943 OSIeudere,
1618 4877 1910 4946 ﬁeriposse

318 4969 519 5037 aliquid
547 4970 790 5041 quamvis
814 4969 951 5023 desit
979 4968 1305 5039 exemplum.
1356 4968 1491 5023 lhuc
1510 4966 1583 5023 ex
1622 4968 1910 5037 Evangelio

318 5067 369 5113 et
385 5075 449 5115 cx
470 5059 612 5130 Lege
641 5061 883 5122 quedam
914 5061 1187 5132 pOSIIiIIIUS
1206 5062 1261 5117 in
1278 5061 1545 5116 sermonis
1566 5060 1723 5132 hujus
1748 5077 1907 5117 exor-

316 5152 424 5217 diu,
457 5154 681 5208 sicutde
701 5156 889 5208 t'atncli
915 5159 1138 5209 transitu
1168 5170 1263 5225 per
1288 5156 1527 5211 foramen
1549 5171 1678 5210 acus
1698 5155 1908 5227 (Matth.

318 5258 411 5297 ιιι
434 5285 447 5306 ,
471 5243 563 5316 24)
587 5286 603 5309 ,
636 5247 777 5301 etde
803 5246 1082 5303 duodecim
1115 5247 1352 5302 millibus
1376 5247 1642 5318 legionum
1676 5248 1909 5318 Angelo-

319 5351 467 5402 rmn,
497 5338 585 5406 qui
614 5348 895 5407 potuerunt
919 5380 935 5405 ,
988 5340 1031 5393 si
1059 5342 1219 5394 vellet
1241 5382 1255 5401 .
1291 5356 1527 5412 pugnare
1566 5356 1662 5411 pro
1699 5340 1913 5398 Christo

320 5427 431 5501 (ιιι.
462 5444 610 5498 sxw,
649 5430 828 5495 53),et
844 5431 910 5487 de
934 5430 1040 5487 illis
1062 5433 1309 5503 gentibus
1334 5449 1467 5505 quas
1484 5434 1636 5489 Deus
1664 5434 1791 5490 dicit
1817 5452 1912 5505 po-

319 5521 486 5576 tuisse
510 5536 618 5577 sea
658 5521 791 5578 faeie
815 5525 992 5595 populi
1034 5526 1115 5578 sui
1154 5526 1324 5580 semel
1346 5526 1701 5581 exterminare
1734 5526 1910 5598 (Deut.

320 5627 477 5678 sui,
525 5612 593 5680 5,
628 5622 674 5667 et
716 5612 960 5669 Iudicum
1002 5630 1075 5683 ιι,
1122 5617 1181 5687 5)
1213 5635 1225 5671 :
1256 5632 1375 5689 quze
1414 5618 1594 5674 omnia
1642 5618 1777 5674 facta
1804 5636 1915 5676 non

383 5744 589 5817 {plures
632 5755 763 5817 sese,
791 5746 861 5799 ita
888 5747 1091 5801 suadeat
1110 5763 1146 5817 :_
1164 5753 1356 5815 omisso,
1385 5760 1437 5804 ut
1458 5752 1827 5817 persuadeatur.
1863 5763 1917 5808 Et

319 5807 528 5874 quidam,
550 5809 620 5861 ita
640 5811 838 5862 suadeat
864 5818 916 5862 ut
937 5824 971 5874 p_
997 5807 1244 5864 rsuudeat.

384 5871 406 5937 ξ
428 5877 527 5937 ι)μο
547 5882 671 5931 uss,
689 5871 1095 5937 prwmmptiores.

387 5931 592 6000 fljlures
613 5931 940 6000 nubuscripti,
964 5941 1130 5986 contra
1152 5937 1351 6000 apostoli
1377 5937 1530 5996 Pauli,
1559 5938 1750 5996 omisso,
1777 5946 1913 5991 tanti.

384 5994 402 6024 ⁸
433 5998 483 6043 ιιι
508 6002 635 6059 Ltus,
662 6009 797 6049 utan
822 5994 1094 6062 (defensare
1106 6011 1127 6063 ;
1149 5994 1248 6064 vel,
1272 5994 1860 6064 defendei'ejsementinm.

1735 502 1936 559 LlBEli
1979 504 2183 568 UNUS.‘

3488 519 3594 577 ατε

1998 634 2141 679 sunt.
2163 623 2254 680 llis
2273 624 2397 680 addi
2417 637 2641 697 possunt
2664 629 2823 685 etiam
2847 628 2934 687 illa
2965 646 3085 702 quae
3105 628 3352 704 leguntur
3381 630 3435 688 in
3458 630 3592 688 libro

1980 716 2316 788 Sapientiae,
2344 734 2503 791 quam
2537 722 2699 777 multa
2741 734 2923 794 posset
2965 738 3104 781 nova
3136 732 3401 780 tormenta
3451 722 3593 780 Deus

1994 814 2287 869 exercere‘
2320 815 2372 869 in
2401 814 2595 887 impios
2615 816 2681 870 ad
2713 827 2897 872 nutum
2918 817 3018 873 sibi
3037 815 3311 873 serviente
3346 824 3589 872 creatura

1999 905 2153 977 (Sap.
2188 921 2279 961 xvi
2303 948 2316 971 ,
2358 904 2481 976 24),
2515 923 2636 979 qua}
2677 916 2852 964 tamen
2884 923 2989 965 non
3020 909 3279 966 exercuit.
3331 908 3514 965 Potest
3538 917 3592 965 et

1995 994 2063 1052 de
2109 1006 2289 1052 monte
2332 996 2423 1052 illo
2448 1013 2604 1068 quem
2631 997 2763 1054 ﬁdes
2790 999 2843 1055 in
2871 1014 3016 1055 mare
3041 999 3359 1057 transferret
3388 998 3581 1074 (Mare.

1995 1105 2049 1144 ιι
2076 1132 2091 1156 ,
2122 1088 2216 1161 25)
2249 1108 2262 1145 :
2294 1090 2437 1161 quod
2471 1100 2644 1146 tamen
2668 1108 2927 1164 nusquam
2961 1091 3159 1150 factum
3181 1135 3197 1161 ,
3228 1092 3313 1150 vel
3339 1092 3585 1163 legimus,

1994 1180 2077 1251 vel
2104 1182 2407 1239 audivimus
2433 1182 2534 1257 (a).
2560 1185 2811 1255 Quisquis
2840 1185 2981 1240 enim
3013 1187 3201 1241 horum
3251 1184 3449 1258 aliquid
3480 1186 3593 1243 Deo

1995 1271 2189 1329 dixerit
2214 1290 2334 1332 esse
2362 1275 2695 1348 impossibile
2714 1318 2730 1342 ,
2757 1276 2905 1332 vides
2932 1292 3092 1349 quam
3114 1277 3595 1349 desipiat,aquam-

1995 1379 2099 1434 qne
2141 1364 2399 1423 adversus
2449 1367 2605 1423 ﬁdem
2660 1367 2949 1438 Scriptura:
2977 1367 3094 1439 ejus
3131 1369 3404 1439 loquatur.
3427 1368 3589 1425 Multa

1993 1454 2096 1509 alia
2124 1454 2426 1526 hujusmodi
2451 1467 2674 1528 possunt
2700 1473 2984 1515 occurrere
3012 1459 3096 1516 vel
3134 1459 3332 1532 legenti
3363 1459 3449 1517 vel
3494 1475 3590 1516 co-

1993 1548 2187 1619 gitanti
2206 1589 2223 1616 ,
2248 1564 2367 1620 qua:
2391 1551 2663 1621 possibilia
2714 1552 2826 1608 Deo
2872 1568 3071 1625 negare
3115 1568 3223 1610 non
3255 1567 3545 1627 possumus
3571 1595 3588 1619 .

1993 1640 2236 1711 quamvis
2265 1657 2448 1697 eorum
2471 1642 2612 1699 desit
2638 1644 2971 1716 exemplum.

2064 1731 2154 1788 65.
2179 1732 2283 1789 Sed
2310 1735 2434 1806 quia
2452 1735 2555 1792 dici
2574 1746 2771 1808 potest,
2794 1737 2883 1794 illa
2908 1753 3070 1809 opera
3091 1752 3213 1795 esse
3232 1738 3434 1807 divina,
3447 1738 3592 1811 justo
3612 1790 3617 1794 .

1994 1833 2175 1883 autem
2210 1825 2393 1883 vivere
2419 1825 2487 1882 ad
2514 1837 2697 1885 nostra
2724 1844 2887 1898 opera
2919 1828 3228 1900 pertinere;
3260 1831 3473 1902 suscepi
3499 1844 3591 1887 os-

1995 1918 2217 1975 tendere
2243 1920 2405 1975 etiam
2438 1917 2541 1975 hoc
2564 1934 2698 1991 opus
2728 1935 2846 1977 esse
2874 1920 3134 1988 divinum,
3153 1930 3205 1977 et
3234 1921 3435 1994 hocegi
3450 1922 3588 1978 libro

1994 2009 2100 2066 isto
2123 2010 2399 2083 loquacius
2417 2010 2640 2067 fortasse
2664 2027 2823 2083 quam
2844 2020 2927 2067 sat
2944 2022 3027 2068 est
3056 2030 3071 2067 :
3097 2012 3190 2069 sed
3211 2024 3395 2071 contra
3417 2012 3593 2070 inimi-

1995 2117 2086 2159 cos
2096 2105 2282 2175 gratiae
2297 2104 2389 2161 Dei
2404 2104 2562 2161 etiam
2579 2120 2763 2176 parum
2782 2104 2909 2160 mihi
2922 2105 3121 2162 dixisse
3131 2104 3337 2173 videar;
3355 2105 3592 2179 nihilque

1994 2209 2084 2250 me
2121 2204 2228 2250 tam
2269 2197 2495 2251 multum
2520 2196 2700 2253 dicere
2728 2196 2995 2265 delectat,
3044 2213 3202 2269 quam
3241 2197 3335 2254 ubi
3374 2196 3503 2253 mihi
3536 2206 3594 2254 et

1996 2285 2269 2357 Scriptura
2282 2288 2398 2359 ejus
2412 2288 2695 2360 plurimum
2712 2288 3063 2361 suﬁ‘ragatur;
3086 2297 3141 2346 et
3157 2289 3206 2345 id
3223 2290 3416 2361 agitur,
3434 2299 3490 2346 ut
3501 2289 3591 2361 qni

1994 2378 2255 2450 gloriatur
2273 2380 2325 2435 in
2341 2380 2571 2438 Domino
2585 2381 2843 2453 glbrietur
2863 2381 2929 2453 (ll
2959 2380 3079 2439 Cor.
3109 2398 3163 2451 ι,
3192 2381 3377 2456 l7),et
3396 2382 3449 2438 in
3473 2397 3593 2440 om.

1996 2472 2153 2527 nibus
2177 2473 2379 2544 gratias
2406 2489 2626 2546 agamus
2667 2474 2898 2530 Domino
2928 2474 3038 2531 Deo
3059 2484 3243 2531 nostro
3262 2490 3472 2531 sursum
3499 2490 3596 2532 cor

1997 2561 2279 2633 habentes,
2295 2564 2436 2621 unde
2451 2580 2480 2620 a
2500 2565 2655 2623 Patre
2676 2566 2933 2622 luminum
2952 2580 3111 2622 omne
3131 2566 3310 2623 datum
3332 2567 3591 2638 optimum

1999 2664 2053 2712 et
2074 2671 2234 2712 omne
2253 2655 2453 2713 donum
2484 2658 2775 2727 perlectum
2798 2664 2881 2713 est
2904 2655 3108 2732 (Jacobi
3132 2674 3151 2714 ι
3173 2699 3191 2726 ,
3231 2656 3343 2732 17).
3381 2656 3521 2714 Nam
3542 2660 3627 2717 si.

2000 2756 2281 2820 propterea
2303 2765 2408 2805 non
2430 2757 2514 2804 est
2537 2764 2673 2821 opus
2698 2750 2791 2805 Dei
2816 2791 2832 2815 ,
2864 2749 2988 2822 quia
3014 2764 3113 2821 per
3137 2764 3237 2807 nos
3264 2751 3444 2823 agitur
3460 2790 3477 2817 ,
3505 2751 3590 2807 vel

2001 2841 2121 2913 quia
2144 2841 2235 2897 illo
2258 2841 2492 2898 donante
2518 2857 2617 2899 nos
2644 2844 2851 2914 agimus
2867 2885 2883 2911 ,
2910 2858 3011 2900 nec
3039 2843 3168 2901 illud
3192 2852 3277 2901 est
3294 2859 3432 2916 opus
3456 2844 3551 2901 Dei
3574 2885 3592 2909 ,

2001 2942 2059 2989 ut
2085 2949 2239 2992 mons
2270 2934 2626 2992 transferatur
2647 2936 2701 2991 in
2725 2952 2907 3003 mare;
2930 2938 3056 3009 quia
3089 2953 3185 3010 per
3204 2938 3366 2996 ﬁdem
3412 2938 3593 2996 homi-

2001 3041 2128 3080 num
2160 3026 2275 3082 ﬁcri
2306 3042 2463 3097 posse
2488 3028 2744 3083 Dominus
2770 3027 2942 3094 dixit,
2971 3037 3025 3084 et
3047 3028 3151 3086 hoc
3174 3030 3411 3100 ipsorum
3439 3031 3591 3101 Operi

2001 3118 2282 3185 attribuit,
2311 3119 2500 3177 dicens
2519 3162 2535 3188 ,
2565 3120 2629 3177 Si
2652 3121 2927 3176 habueritis
2948 3123 3001 3177 in
3023 3121 3159 3178 vobis
3179 3122 3333 3192 ﬁdem
3353 3132 3593 3195 tanquam

2002 3228 2220 3284 granum
2245 3213 2438 3285 sinapis
2456 3256 2471 3281 ,
2498 3212 2673 3269 dicetis
2700 3215 2859 3269 monti
2883 3214 3000 3270 huic
3019 3255 3035 3278 ,
3079 3213 3284 3271 Tollere
3324 3228 3372 3270 et
3400 3215 3594 3270 mittere

2001 3304 2058 3359 in
2098 3320 2240 3359 mare
2261 3346 2279 3371 ,
2304 3313 2352 3359 et
2378 3305 2492 3375 ﬁet,
2526 3312 2575 3359 et
2602 3305 2731 3360 nihil
2770 3306 3079 3377 impossibile
3102 3307 3195 3361 erit
3233 3306 3371 3361 vobis
3398 3305 3591 3379 (Marc.

2004 3410 2061 3449 ιι
2081 3436 2095 3459 ,
2121 3394 2224 3460 23,
2247 3395 2348 3460 24,
2370 3405 2418 3449 et
2446 3394 2577 3451 Luc.
2607 3411 2721 3451 xvu
2744 3437 2761 3464 ,
2787 3394 2867 3470 6).
2894 3397 3054 3453 Certe
3086 3396 3223 3452 vobis
3245 3397 3416 3464 dixit;
3447 3413 3555 3452 non
3578 3439 3594 3463 ,

2004 3485 2132 3542 Mihi
2156 3495 2248 3542 aut
2266 3486 2415 3542 Patri
2440 3505 2455 3542 :
2484 3497 2540 3544 et
2570 3495 2748 3545 tamen
2776 3489 2878 3544 hoc
2904 3489 3055 3544 nullo
3087 3488 3247 3545 modo
3272 3488 3594 3558 facithomo,

2006 3577 2108 3632 nisi
2132 3576 2224 3632 illo
2239 3577 2471 3633 donante
2492 3587 2545 3634 et
2559 3590 2837 3650 operante.
2861 3579 3001 3635 Ecce
3017 3579 3464 3651 quemadmodum
3482 3579 3599 3635 sine

2007 3670 2253 3740 exemplo
2278 3680 2362 3726 est
2386 3671 2441 3726 in
2463 3670 2770 3728 hominibus
2796 3671 3033 3743 perfecta
3060 3672 3264 3744 justitia
3286 3714 3303 3742 ,
3338 3682 3390 3730 et
3414 3664 3595 3729 tamen

2006 3759 2354 3832 impossibilis
2380 3777 2487 3817 non
2527 3771 2629 3818 est.
2656 3763 2835 3819 Fieret
2859 3764 3038 3831 enim,
3068 3765 3115 3821 si
3157 3772 3307 3820 tanta
3351 3764 3600 3823 voluntas

2007 3852 2384 3921 adhiberetur,
2412 3863 2609 3924 quanta
2654 3853 2851 3909 sufﬁcit
2877 3863 3038 3910 tanta:
3083 3855 3183 3911 rei.
3215 3854 3372 3912 Esset
3416 3864 3596 3913 autem

2009 3954 2190 4012 tanta,
2219 3946 2264 4001 si
2289 3955 2345 4002 at
2392 3945 2526 4001 nihil
2554 3961 2740 4002 eorum
2770 3962 2890 4018 qua:
2918 3948 3190 4018 pertinent
3235 3948 3303 4004 ad
3336 3949 3596 4020 justitiam

2008 4053 2108 4094 nos
2130 4039 2353 4107 lateret,
2378 4046 2434 4095 et
2452 4054 2515 4094 ea
2531 4039 2608 4095 sic
2622 4039 2953 4096 delectarent
2968 4041 3232 4110 animum,
3261 4051 3322 4098 ut
3341 4041 3600 4114 quidquid

2008 4131 2153 4187 aliud
2205 4130 2494 4204 voluptatis
2519 4132 2787 4190 dolorisve
2814 4135 2835 4167 '
2877 4133 3132 4206 impedit.
3179 4134 3464 4193 delectatio
3514 4134 3604 4190 illa

2009 4234 2288 4297 superaret
2318 4242 2332 4280 :
2362 4225 2503 4297 quod
2529 4237 2589 4283 ut
2614 4242 2721 4283 non
2737 4227 2841 4296 sit,
2871 4244 2980 4286 non
3001 4229 3069 4285 ad
3096 4228 3606 4300 impossibilitatem,

2009 4317 2105 4374 sed
2132 4317 2197 4374 ad
2219 4318 2478 4391 judicium
2508 4319 2599 4376 Dei
2625 4321 2879 4391 pertinet.
2910 4319 3042 4390 Quis
3070 4321 3217 4378 enim
3242 4320 3467 4388 nesciat,
3496 4334 3618 4376 nona

2011 4425 2133 4467 esse
2161 4410 2214 4465 in
2246 4410 2478 4467 hominis
2507 4419 2771 4482 potestate
2790 4411 2918 4483 quid
2944 4412 3112 4479 sciat,
3142 4425 3243 4468 nec
3261 4426 3382 4469 esse
3409 4425 3603 4468 conse-

2011 4516 2183 4574 quens
2213 4512 2272 4558 ut
2298 4502 2441 4574 quod
2467 4503 2828 4573 appetendum
2884 4503 3156 4573 cognitum
3187 4502 3348 4559 fuerit
3384 4514 3608 4575 appetao

2012 4600 2101 4648 tur
2118 4634 2135 4661 ,
2166 4592 2268 4648 nisi
2294 4603 2499 4648 tantum
2527 4593 2757 4650 delectet
2777 4636 2791 4661 ,
2813 4602 3071 4665 quantum
3084 4590 3411 4665 diligendum
3439 4590 3605 4650 est'?

2014 4683 2128 4741 Hoc
2147 4694 2329 4741 autem
2347 4685 2594 4741 sanitatis
2620 4694 2702 4741 est
2725 4686 2940 4741 animm.

2085 4775 2310 4833 CAPUT
2332 4774 2757 4833 XXXVl.—6t.
2778 4774 3096 4847 Praceptum
3110 4775 3610 4848 dilectionisquando

2014 4868 2544 4939 perfecteimplebitur.
2555 4866 2870 4941 Ignorantia:
2878 4868 3319 4940 peccataJustitia
3330 4869 3484 4940 hujus
3496 4869 3614 4925 vita

2014 4961 2124 5015 sine
2145 4970 2348 5032 peccato
2372 4959 2545 5030 qualis
2565 4960 2686 5031 poni
2719 4960 2895 5031 possit.
2928 4958 3164 5029 Perfecta
3192 4960 3397 5033 justitia
3412 4960 3505 5015 etsi
3529 4960 3604 5016 hit

2018 5067 2117 5105 non
2157 5050 2462 5115 inveniatur,
2512 5066 2614 5105 non
2656 5057 2822 5103 tamen
2864 5049 3209 5119 impossibilis.
3241 5049 3348 5106 Sed
3387 5050 3613 5108 fortasse

2017 5141 2280 5212 quispiam
2311 5140 2600 5211 putaverit,
2624 5138 2756 5196 nihil
2777 5138 2933 5196 nobis
2951 5138 3140 5197 deesse
3168 5140 3235 5197 ad
3255 5140 3592 5213 cognitionen

2015 5233 2238 5303 iustitia:
2261 5274 2277 5302 ,
2302 5232 2443 5304 quod
2477 5233 2733 5289 Dominus
2760 5231 2987 5291 verbum
3006 5248 3383 5291 consumntans
3410 5242 3466 5290 et
3489 5233 3603 5291 bre-
3644 5226 3649 5237 ’

2086 5427 2239 5499 [λιες.
2257 5461 2273 5489 ,
2316 5438 2544 5479 exserere
2592 5438 2613 5479 :

2022 5496 2261 5639 filium,
2300 5547 2514 5616 voluptas
2564 5549 2665 5604 sive
2700 5549 2857 5603 dolor.
2895 5558 2951 5603 Αι
3117 5584 3134 5614 ,
3177 5549 3430 5616 uoluptati;
3484 5550 3619 5602 άοιο.

2022 5612 2313 5739 ὡῖῖὶοιείοί
2328 5673 2426 5725 duo
2445 5680 2576 5733 1155.,
2593 5674 2931 5726 delectandum
2950 5679 3038 5727 est.

2087 5758 2161 5824 (rt)
2194 5759 2407 5824 Nondum
2432 5758 2481 5824 in
2527 5759 2637 5821 ejus
2679 5772 2849 5824 manus
2872 5764 3079 5824 venerat
3115 5755 3351 5824 [Eusebius
3383 5763 3562 5824 versus
3593 5764 3620 5801 a

2024 5817 2204 5877 Ruﬁno,
2221 5822 2302 5884 qui
2327 5822 2374 5870 in
2392 5820 2422 5884 ῆι
2441 5817 2773 5884 siusitistorize
2790 5821 2911 5871 libro
2926 5822 2973 5884 7,
2993 5832 3098 5884 cap.
3116 5817 3491 5884 2t,§reg_orium
3502 5820 3622 5884 Neo-

2024 5874 2254 5949 εει-δυτέεὺ
2279 5874 2702 5949 νυιιιίὐιιιὶδιίιεω
2742 5884 2899 5945 prodit
2924 5874 2971 5930 id
3012 5874 3229 5949 tit-iracull
3271 5874 3621 5949 επεοξξςρὲεμιξξ

2027 5958 2166 5993 mons
2182 5946 2285 5992 sive
2310 5955 2461 6003 rupes
2480 5943 2583 5991 loco
2607 5933 2888 6005 moveretur
2913 5956 2926 5991 :
2952 5943 3091 6005 cujus
3110 5940 3256 5988 etiam
3271 5935 3377 5984 facti
3400 5933 3617 5983 meminit

2030 6007 2173 6068 Beda,
2200 6005 2281 6055 lin.
2303 6006 2333 6056 5
2356 6012 2621 6055 conmuent.
2648 6004 2698 6054 in
2722 6012 2842 6054 Marc
2885 6014 2989 6067 cap.
3014 6003 3095 6052 ‘ll.

2657 5434 2712 5479 et
2765 5426 2916 5490 Infra,
2974 5426 3227 5490 exseruit;
3283 5440 3404 5493 pro,
3470 5441 3613 5483 mr-
