4202 6524
289 478 396 548 tu

288 606 453 659 circus
479 602 653 675 (Psal.
675 618 835 672 cxw,
855 600 954 674 2)?
977 609 1032 658 et
1056 596 1205 663 illud,
1227 596 1290 653 Si
1314 595 1594 650 dixerimus
1614 594 1732 659 quin
1759 603 1907 663 μεθ-ο

286 705 455 748 catum
486 711 589 750 non
620 694 890 759 habemus,
922 690 1254 759 nosmetipsos
1282 686 1560 757 decipimus
1578 677 1667 752 [ει
1694 684 1877 738 veritas

287 788 341 840 in
368 787 511 842 nobis
539 804 640 841 non
665 796 737 841 est
764 783 994 857 (lJoan.
1021 799 1069 846 ι,
1097 781 1202 851 8)?
1231 789 1285 836 et
1310 778 1465 843 illud,
1502 776 1636 845 Quia
1670 793 1771 830 non
1804 784 1877 830 est

286 876 439 932 homo
480 880 569 951 qui
611 895 712 933 non
751 876 970 947 peccabit
1000 873 1088 948 (lll
1120 868 1244 944 Reg.
1284 887 1412 938 vut,
1444 869 1581 941 46)?
1625 879 1681 925 et
1722 868 1873 933 illud,

291 967 411 1024 Non
451 981 523 1026 est
550 972 725 1039 justus
758 970 811 1024 in
839 977 970 1025 terra
993 968 1077 1040 qui
1102 967 1254 1041 faciet
1290 963 1475 1019 bonum
1500 973 1545 1018 et
1572 979 1671 1017 non
1694 977 1874 1032 pecea-

289 1065 358 1119 bit
384 1062 570 1132 (Eccli.
593 1080 685 1130 vu,
715 1064 850 1136 θην
877 1063 1185 1134 (utrumque
1209 1058 1350 1115 enim
1380 1057 1481 1112 hoc
1510 1055 1876 1112 testimonium

290 1172 395 1210 non
422 1156 489 1211 de
529 1155 796 1226 prmlerito
823 1155 979 1220 dicit,
1024 1153 1075 1207 id
1106 1159 1214 1216 est,
1246 1149 1525 1212 Peccavit;
1570 1147 1665 1203 sed
1693 1147 1758 1202 dc
1787 1145 1873 1201 fu~

268 1256 429 1314 .turo,
458 1248 508 1304 id
531 1258 631 1315 est,
661 1247 899 1318 peccabit)
921 1254 974 1301 et
997 1246 1040 1300 si
1068 1259 1168 1315 qua
1190 1244 1292 1298 alia
1320 1238 1371 1296 in
1401 1243 1535 1295 hanc
1555 1238 1874 1295 sententiam

288 1349 472 1393 sarcta
515 1338 786 1408 Scriptura
835 1332 1262 1391 commemorat?
1314 1332 1419 1387 Sed
1464 1331 1714 1403 quoniam
1759 1329 1873 1383 lucc

286 1429 414 1483 false
448 1444 566 1485 esse
595 1446 697 1484 non
726 1436 978 1499 possunt,
1014 1426 1142 1481 illud
1172 1440 1294 1482 esse
1322 1438 1656 1494 consequens
1693 1422 1870 1488 video,

289 1533 339 1575 ut
371 1522 717 1592 qualemlibet
753 1522 834 1578 vel
863 1520 1245 1592 quantamlibet
1280 1518 1332 1573 in
1362 1518 1463 1572 hac
1488 1519 1590 1571 vita
1631 1516 1869 1587 potueri-

287 1627 406 1666 mus
435 1612 657 1666 delinire
681 1612 976 1682 justitiam,
1014 1611 1192 1666 nullus
1216 1610 1270 1665 in
1297 1624 1359 1665 ea
1386 1609 1754 1664 sit’homiuum
1782 1608 1870 1678 qui

283 1702 489 1757 nullum
534 1702 726 1759 habeat
775 1703 994 1758 omnino
1035 1711 1349 1772 peccatum;
1391 1699 1642 1771 omnique
1668 1698 1869 1753 homini

284 1795 354 1847 sit
385 1793 740 1848 necessarium
767 1794 895 1848 dare
924 1802 979 1848 ut
1007 1794 1161 1847 detur
1191 1792 1284 1857 illi,
1311 1791 1580 1846 dimittere
1606 1797 1665 1844 ut
1693 1789 1873 1845 dimit~

287 1894 427 1939 tatur
450 1885 522 1939 illi
554 1884 707 1955 (Luc.
729 1902 810 1951 vn,
842 1886 910 1942 '58
929 1926 944 1951 ,
974 1882 1097 1958 57);
1134 1893 1189 1940 et
1215 1884 1259 1939 si
1288 1883 1414 1954 quid
1440 1882 1599 1938 habet
1626 1879 1865 1952 justitiaa,

285 1992 389 2030 non
418 1976 483 2031 de
512 1992 609 2033 suo
637 1977 735 2032 sibi
760 1993 878 2033 esse
921 1991 1267 2047 prmsumere,
1307 1973 1399 2029 sed
1434 1973 1502 2029 de
1523 1972 1688 2044 gratia
1713 1971 1870 2043 justi-

287 2070 493 2124 licantis
518 2071 611 2125 Dei
637 2113 650 2133 .
697 2078 749 2125 et
777 2069 949 2125 adhuc
990 2079 1165 2124 tamen
1196 2069 1262 2124 ab
1289 2068 1380 2122 illo
1408 2068 1615 2123 esurire
1639 2074 1698 2123 et
1719 2066 1870 2122 sitire

278 2160 534 2230 justitiam
563 2160 771 2233 (Matth.
796 2177 856 2224 ν,
885 2161 971 2232 ϐ),
998 2161 1086 2230 qui
1115 2169 1197 2215 est
1230 2160 1383 2230 panis
1407 2159 1559 2213 vivus
1588 2155 1766 2229 (Joan.
1792 2172 1870 2225 vt,

284 2251 374 2320 5|)
403 2293 417 2317 ,
446 2260 500 2307 et
536 2252 675 2323 apud
713 2268 869 2323 quent
904 2261 987 2307 est
1029 2252 1146 2305 fons
1175 2252 1296 2305 vitze
1323 2248 1494 2324 (Psul.
1525 2264 1698 2315 xxxv,
1724 2248 1818 2320 10)
1848 2264 1864 2304 :

283 2341 373 2411 qui
400 2343 474 2397 sic
500 2354 751 2413 operatur
771 2343 1205 2413 justilieationem
1230 2341 1282 2396 in
1313 2342 1511 2396 sanctis
1540 2340 1651 2395 suis
1683 2341 1737 2395 in
1762 2339 1866 2395 hu-

277 2435 367 2505 jus
391 2435 512 2490 vitae
537 2437 821 2490 tentatione
850 2436 1232 2502 laborantibus,
1260 2442 1319 2490 ut
1345 2443 1520 2489 tamen
1547 2435 1618 2489 sit
1643 2441 1699 2489 et
1725 2433 1867 2504 quod

246 2526 257 2534 ’
284 2530 585 2601 petentibus
614 2530 830 2600 largiter
849 2529 1078 2599 adjiciat,
1108 2538 1161 2584 et
1186 2527 1328 2600 quod
1355 2526 1734 2584 conﬁtentibus
1756 2525 1868 2583 cle-

281 2630 492 2677 menter
516 2622 774 2693 ignoscat.

353 2713 443 2769 66.
484 2714 590 2769 Sed
630 2714 899 2769 inveniant
937 2714 1065 2779 isti,
1107 2713 1152 2769 si
1193 2720 1451 2783 possunt,
1494 2710 1725 2782 aliquem
1765 2710 1868 2766 sub

281 2819 444 2859 onere
467 2806 824 2873 corruptionis
855 2805 1010 2876 hujus
1038 2804 1333 2871 viventem,
1360 2803 1446 2859 cui
1482 2803 1593 2875 jam
1629 2818 1735 2857 non
1770 2801 1868 2859 lia-

281 2895 403 2950 beat
434 2895 572 2950 Deus
610 2896 751 2967 quod
797 2898 1034 2965 ignoscat
1063 2916 1075 2951 :
1106 2897 1206 2951 nisi
1247 2904 1423 2951 tamen
1451 2910 1574 2951 eum
1602 2894 1868 2950 fateantur

281 3002 388 3041 non
434 2987 675 3043 doctrina
718 2988 851 3059 legis
890 2988 1029 3043 datm
1055 2989 1110 3056 ⁸,
1141 2988 1235 3043 sed
1272 2987 1433 3042 etiam
1474 2987 1649 3042 infuso
1677 2986 1864 3056 spiritu

280 3081 492 3149 gratiae,
539 3090 599 3136 ut
644 3080 763 3136 talis
810 3089 979 3146 esset,
1026 3080 1301 3151 adjutum;
1348 3093 1456 3134 non
1504 3076 1863 3149 cujuscemodi

281 3171 480 3239 peccati
524 3172 724 3225 crimen
756 3170 850 3226 sed
881 3171 1048 3243 ipsius
1073 3168 1361 3240 impietatis
1386 3162 1677 3224 incurrent.
1723 3166 1866 3223 Sane

280 3276 579 3332 quanquam
605 3262 760 3316 talem
786 3301 802 3328 ,
835 3261 879 3315 si
912 3261 1211 3316 testimonia
1241 3260 1329 3315 illa
1349 3258 1527 3315 divina
1555 3265 1868 3329 competen-

281 3362 361 3407 ter
395 3353 679 3423 accipiant,
718 3367 941 3426 prorsus
982 3353 1225 3410 invenire
1263 3368 1375 3408 non
1416 3360 1684 3423 possunt:
1717 3350 1865 3407 nullo

340 3464 358 3495 ⁸
391 3464 591 3523 Quidam
612 3472 737 3527 Mss,
762 3464 948 3517 datunt.
973 3463 1198 3529 Plerique
1217 3462 1321 3529 alii,
1343 3462 1477 3517 data.

1219 476 1585 537 ADMONlTlO
1637 476 1702 533 ΙΝ
1752 473 2195 543 SUBSEQUENS
2244 473 2679 535 OPL'SCIJLUM.

1983 591 2148 648 modo
2176 603 2353 671 tamen
2394 590 2715 663 dicendum,
2760 595 2873 652 Deo
2912 595 3103 653 deesse
3139 596 3570 668 possibilitatem,

1984 700 2088 753 qua
2121 685 2367 740 voluntas
2405 685 2484 741 sic
2524 685 2806 756 adjuvetur
2851 686 3081 744 humana
3106 728 3123 757 ,
3170 696 3227 744 ut
3256 705 3365 745 non
3396 688 3570 746 solum
3616 732 3625 737 -

1976 773 2186 844 justitia
2207 775 2307 831 ista
2328 792 2448 847 qua:
2472 791 2536 833 ex
2556 776 2660 833 ﬁde
2676 786 2757 834 est
2782 777 2959 853 (Rom.
2988 795 3043 847 ι,
3067 779 3147 850 6),
3170 780 3315 836 omni
3332 796 3398 836 ex
3419 791 3571 851 parte

1984 867 2145 924 modo
2160 868 2463 938 perﬁciatur
2479 870 2531 925 in
2550 868 2978 939 liomiue,vcrum
2993 870 3153 928 etiam
3171 871 3259 928 illa
3274 871 3568 928 secundum
3608 908 3613 913 ι

1984 977 2142 1034 quam
2173 972 2356 1032 postea
2385 964 2439 1018 in
2463 972 2721 1019 internum
2754 964 2808 1019 in
2840 968 2953 1035 ipsa
2979 958 3097 1037 ejus
3119 964 3611 1036 contemplatione-7

1981 1054 2264 1110 vivendum
2287 1064 2387 1110 est.
2406 1055 2843 1133 Quandoquidem
2866 1056 2911 1112 si
2931 1070 3074 1113 nunc
3085 1056 3211 1113 velit
3227 1056 3280 1112 in
3296 1070 3566 1129 quoquam

1982 1148 2141 1202 etiam
2166 1145 2267 1201 hoc
2291 1147 2637 1218 corruptibile
2662 1146 2887 1203 induere
2912 1148 3362 1219 incorruptionem
3386 1145 3428 1220 (l
3445 1145 3566 1202 Cor.

1983 1255 2081 1305 xv,
2095 1238 2212 1311 55),
2228 1249 2387 1310 atque
2408 1240 2495 1295 hic
2515 1243 2655 1294 inter
2675 1240 2919 1296 homines
2937 1240 3224 1296 morituros
3240 1254 3362 1295 eum
3378 1238 3570 1310 jubere

1980 1331 2162 1388 vivere
2203 1332 2421 1386 minime
2456 1318 2795 1398 moriturum,
2839 1340 2895 1386 ut
2931 1340 3037 1387 tota
3075 1331 3287 1401 penitus
3307 1337 3570 1387 vetustate

1977 1431 2295 1494 consumpta
2333 1422 2477 1478 nulla
2506 1422 2593 1478 lex
2622 1422 2677 1478 in
2715 1422 2973 1479 membris
3007 1421 3124 1494 ejus
3163 1430 3422 1494 repugnet
3463 1420 3569 1491 legi

1977 1516 2174 1572 mentis
2215 1515 2391 1585 (Rom.
2422 1506 2515 1579 in,
2542 1515 2661 1586 2'5),
2692 1515 2967 1586 Deumque
3008 1514 3204 1586 ubique
3246 1522 3568 1586 praesentem

1978 1616 2049 1661 ita
2075 1616 2384 1677 cognoscat,
2415 1608 2552 1663 sicut
2578 1606 2751 1663 sancti
2775 1616 2961 1680 postea
2990 1607 3253 1679 cognituri
3279 1616 3425 1675 sunt,
3448 1607 3569 1679 quis

1975 1698 2200 1755 demens
2225 1699 2419 1755 audeat
2441 1699 2730 1769 afﬁrmare,
2772 1715 2877 1755 non
2908 1699 3107 1771 posse?
3142 1698 3248 1756 Sed
3271 1712 3440 1771 quare
3459 1714 3567 1755 non

1977 1791 2156 1860 faciat,
2184 1800 2431 1863 quaerunt
2455 1792 2701 1847 homines
2725 1810 2738 1847 :
2767 1807 2869 1848 nec
2896 1792 2987 1863 qui
3011 1798 3277 1863 quazrunt,
3303 1805 3364 1846 se
3387 1798 3563 1845 atten-

1975 1883 2109 1940 dunt
2144 1898 2265 1940 esse
2310 1883 2577 1940 homines.
2621 1884 2747 1940 Scio
2790 1884 2929 1955 quod
2968 1885 3107 1939 sicut
3143 1882 3564 1954 impossibilitas,

1975 1975 2045 2033 ita
2084 1985 2139 2033 et
2173 1976 2424 2046 iniquitas
2466 1990 2574 2031 non
2616 1985 2697 2030 est
2734 1974 2875 2047 apud
2906 1976 3071 2031 Deum
3110 1973 3218 2048 (Id.
3245 1989 3322 2041 ix,
3354 1975 3467 2046 14).
3499 1975 3567 2031 Et

1973 2069 2087 2125 scio
2110 2067 2255 2140 quod
2280 2067 2525 2140 superbis
2555 2067 2775 2132 resistit,
2808 2067 3100 2124 humilibus
3125 2075 3303 2122 autem
3328 2065 3419 2122 dat
3443 2081 3564 2138 gra-

1977 2161 2103 2216 tiam
2143 2160 2349 2232 (Jacobi
2374 2176 2446 2227 tv,
2472 2157 2553 2233 6).
2598 2159 2665 2215 Et
2692 2159 2803 2215 scio
2830 2158 2971 2230 quod
2998 2159 3108 2225 illi,
3136 2159 3220 2214 cui
3247 2174 3314 2215 ne
3340 2159 3566 2216 extolle-

1972 2263 2124 2309 retur
2173 2251 2331 2307 datus
2365 2261 2479 2306 erat
2507 2251 2754 2305 stimulus
2802 2250 3018 2317 carnis,
3064 2248 3300 2325 Angelus
3339 2257 3560 2313 satanze.

1971 2345 2063 2418 qui
2090 2360 2213 2401 eum
2244 2343 2605 2414 colaphizaret
2631 2384 2645 2409 ,
2678 2343 2845 2398 semel
2887 2351 2940 2398 et
2972 2344 3164 2397 iterum
3193 2351 3250 2398 et
3281 2341 3440 2398 tertio
3469 2341 3564 2398 de-

1976 2435 2216 2507 precanti
2241 2434 2443 2491 dictum
2473 2441 2580 2501 est,
2604 2432 2806 2504 Suﬁicit
2830 2432 2919 2487 tibi
2944 2433 3111 2503 gratia
3142 2447 3292 2497 mea;
3320 2448 3441 2486 nam
3463 2433 3565 2488 eir-

1972 2541 2053 2585 tus
2076 2531 2130 2585 in
2160 2530 2456 2600 inﬁmitate
2485 2530 2747 2600 perﬁcitur
2772 2529 2849 2600 (ll
2880 2528 2995 2585 Cor.
3032 2545 3129 2598 xu,
3160 2526 3305 2604 7-9).
3351 2529 3562 2599 Aliquid

1971 2636 2101 2693 ergo
2143 2630 2228 2678 est
2273 2621 2326 2676 in
2368 2620 2549 2676 abdito
2594 2628 2649 2676 et
2692 2619 2954 2691 profundo
2992 2619 3313 2691 judiciorum
3340 2617 3458 2687 Dei,
3504 2630 3564 2674 ut

1970 2713 2129 2768 etiam
2154 2713 2418 2785 justorum
2448 2727 2608 2767 omne
2635 2726 2697 2767 os
2724 2711 3031 2767 obstruatur
3058 2711 3112 2766 in
3148 2708 3307 2766 laude
3350 2725 3477 2778 sua,
3507 2718 3574 2766 et

1971 2822 2078 2861 non
2109 2806 2380 2876 aperiatur
2411 2804 2510 2858 nisi
2541 2804 2591 2859 in
2621 2803 2830 2860 laudem
2867 2802 2979 2857 Dei.
3010 2802 3126 2858 Hoc
3151 2811 3331 2858 autem
3361 2800 3559 2874 aliquid

1970 2899 2089 2970 quis
2127 2898 2297 2971 possit
2338 2897 2564 2952 scrutari
2587 2939 2600 2962 ,
2644 2897 2764 2968 quis
2809 2895 3130 2966 investigare
3153 2933 3170 2962 ,
3200 2894 3320 2966 quis
3358 2894 3561 2950 nosse?

1973 2999 2080 3046 tam
2106 2997 2234 3045 sunt
2257 2988 2606 3043 inscrutabilia
2625 2988 2826 3059 judicia
2855 2988 2985 3058 ejus,
3009 2996 3053 3041 et
3082 2986 3446 3059 inuestigabilcs
3471 2988 3565 3042 vite

1969 3083 2125 3156 ejus!
2169 3083 2296 3150 Quis
2341 3083 2475 3137 enim
2518 3082 2749 3153 cognouit
2790 3098 2993 3137 sensum
3026 3079 3275 3135 Domini?
3318 3088 3409 3135 aut
3449 3081 3562 3150 quis

1969 3176 2288 3233 consiliarius
2316 3174 2395 3228 illi
2422 3173 2566 3246 fuit?
2592 3173 2695 3228 Aut
2723 3173 2836 3245 quis
2870 3174 3010 3245 prior
3038 3172 3175 3227 dedit
3198 3172 3299 3241 illi,
3330 3181 3378 3226 ct
3406 3172 3559 3227 retri-

1969 3268 2148 3323 buetur
2176 3265 2263 3321 ei?
2303 3263 2558 3330 Quoniam
2595 3280 2657 3320 ex
2692 3264 2826 3336 ipso,
2863 3272 2914 3319 et
2945 3280 3034 3333 per
3063 3261 3252 3333 ipsum,
3289 3271 3334 3318 et
3367 3262 3420 3317 in
3449 3262 3559 3331 ipso

1967 3370 2084 3418 sunt
2121 3358 2333 3424 omnia;
2372 3358 2472 3428 ipsi
2510 3356 2676 3430 gloria
2715 3357 2770 3411 in
2807 3355 2994 3412 sweula
3032 3355 3355 3411 saeculorum.
3399 3355 3569 3409 Amen

1971 3454 2146 3527 (Rom.
2174 3468 2253 3521 xl,
2280 3451 2475 3523 354:6)
2488 3491 2503 3507 .

1373 3843 2425 4000 ADMONITIO
2626 3777 2634 3785 ’

1342 4059 1427 4124 IN
1468 4059 1966 4137 SUBSEQUENS
2007 4060 2500 4127 OPUSCULUM.

280 4256 294 4275 ‘
341 4250 502 4324 Libro
524 4248 799 4324 (deNatuga
820 4256 882 4324 et
892 4248 1102 4324 _Gratia
1131 4249 1311 4305 locum
1352 4248 1493 4324 inter
1531 4248 1904 4324 aliquotaimi
1920 4250 2025 4306 415
2053 4249 2381 4324 scriptiones
2421 4256 2761 4324 postremum
2793 4250 3087 4324 assignavit
3138 4253 3468 4324 Augustinus
3496 4256 3565 4311 in-

269 4321 488 4405 epist'ola
513 4322 632 4405 lii9,
652 4324 717 4375 ad
741 4319 1275 4405 Eyodiumqgrtente
1309 4320 1507 4405 eodem
1537 4335 1678 4405 antro
1704 4321 1808 4376 M5
1833 4319 1954 4405 data
1987 4338 2003 4376 :
2041 4319 2239 4405 scripsi
2272 4321 2570 4405 etiam,‘ait.,
2588 4322 2841 4405 grandem
2868 4319 3352 4405 quemdamlibrum
3370 4327 3554 4405 adscr.

269 4390 353 4446 sus
383 4393 578 4462 Pelagii
607 4392 857 4465 Itfrresim,
885 4391 1170 4465 cogentibus
1190 4390 1449 4465 nonnullis
1477 4390 1755 4465 fratribus,
1771 4390 1954 4460 quibus
1978 4390 2169 4465 contra
2187 4392 2413 4465 gratiam.
2430 4390 2915 4465 Citristiopinionem
2960 4395 3441 4465 perniciosissimam
3461 4398 3551 4453 ille

270 4459 598 4536 persuaserat.
623 4460 747 4536 dum
773 4470 887 4517 erat
915 4459 1293 4536 emptusidem
1316 4459 1591 4524 liber,'sed
1618 4459 1851 4536 nondum
1876 4459 2320 4536 perfectusL'cum
2352 4459 2669 4536 Orosius‘ex'
2712 4462 2891 4519 Africa
2920 4459 3185 4536 navigavit
3208 4466 3260 4520 in
3308 4467 3552 4524 Palicstio

270 4547 413 4599 nam,
438 4534 553 4602 ipso
583 4532 829 4609 videlicet
876 4547 1017 4609 anno
1042 4532 1165 4609 “5-.
1196 4547 1356 4609 verna
1376 4539 1702 4609 tempestate
1730 4532 1859 4609 :Ihic
1884 4531 2024 4609 enim
2061 4532 2218 4609 paulo
2252 4541 2549 4609 postquam
2575 4533 2699 4589 illuc
2708 4535 2987 4609 pervenit,
3018 4531 3070 4589 in
3096 4536 3551 4609 Jerqsolymitano

271 4615 553 4679 conventu,
581 4604 960 4679 euiprmsens“
982 4602 1436 4679 Pelagiusadl‘uit,
1470 4603 1684 4679 disertis
1713 4601 1891 4679 verbis
1937 4601 2271 4679 afﬁrmavit,"
2291 4601 2466 4679 contra
2493 4602 2677 4679 librum
2696 4601 2897 4679 Pelagii
2944 4606 3147 4660 beatum
3184 4601 3544 4679 Augustinum,

271 4675 530 4745 discipulis
579 4674 736 4743 ipsius
761 4674 961 4745 Pelagii
986 4672 1311 4745 prodentibus
1335 4689 1401 4745 ac
1420 4672 1718 4742 petentibus,
1742 4672 2373 4745 plenissimerespondere.
2400 4674 2575 4743 Atque
2628 4676 2729 4732 hoc
2775 4672 2892 4745 ipso
2920 4682 3161 4745 tempore
3199 4672 3546 4735 de'lttcuhra;

273 4743 413 4818 tione
439 4746 663 4818 quadam
694 4743 972 4818 Augustini
991 4744 1322 4818 loquebatur
1344 4743 1718 4818 Hieronymus,
1746 4758 1870 4818 quae
1910 4743 2147 4818 nondum
2194 4744 2292 4797 sibi
2340 4745 2455 4818 visa
2481 4753 2617 4818 erat,
2649 4760 2753 4818 qua
2799 4743 2891 4802 ille
2920 4743 3192 4818 Pelagium
3222 4749 3557 4805 nominatim.

271 4813 584 4889 impugnare
613 4813 1076 4889 ferebaturuﬂlios
1118 4830 1333 4889 quoque,
1375 4813 1622 4889 inquiens
1649 4815 1701 4889 in
1724 4813 1944 4889 dialogo
1974 4814 2131 4868 tertio
2185 4821 2391 4889 contra_
2425 4814 2623 4889 Pelagii
2659 4813 2928 4889 hzeresim,
2970 4813 3435 4889 libros‘specialiter
3459 4828 3561 4875 tuo.

269 4887 459 4940 nonu'ni
486 4885 666 4957 cudere
684 4886 885 4957 dicitur.
930 4884 1241 4957 Quanquam
1286 4886 1609 4957 Augustinus
1630 4885 1769 4957 huic
1798 4884 1948 4953 operi
1976 4898 2078 4957 suo
2133 4899 2326 4957 nomen
2359 4884 2578 4957 Pelagii,
2602 4886 2754 4957 cujus
2780 4887 2974 4942 librtun
3006 4884 3305 4955 refellebat,
3335 4906 3440 4945 non
3465 4890 3547 4946 in,-

267 4959 454 5019 seruit,
483 4971 550 5013 ne
577 4955 811 5010 otl'eusus
860 4948 1203 5010 insatiabilior
1230 4948 1546 5011 redderetur
1578 4948 1934 5025 adversarius.
1974 4954 2105 5009 Nam
2131 4956 2177 5010 ei
2206 4969 2265 5009 se
2296 4948 2627 5025 profuturum
2666 4948 3033 5020 'existimahat,
3058 4958 3102 5013 si
3126 4948 3334 5015 servata
3356 4960 3544 5017 amici-

270 5028 338 5079 tia
377 5027 549 5082 adhuc
584 5025 700 5095 ejus
728 5025 1063 5081 verecundia:
1108 5036 1369 5095 parceret,
1414 5026 1563 5093 cujus
1594 5026 1786 5079 litteris
1811 5024 1920 5094 jam
1948 5040 2168 5095 parcere
2196 5024 2305 5079 non
2328 5025 2568 5082 deberet.
2611 5026 2702 5082 Sic
2724 5028 2973 5083 nimirum
3004 5028 3058 5083 in
3102 5029 3242 5085 libro
3261 5029 3330 5087 de
3366 5029 3561 5089 Gestis.

267 5095 485 5168 Pelagii,
517 5096 674 5163 n.47,
703 5107 934 5151 mentem
969 5112 1118 5168 suam
1165 5097 1445 5166 expromit.
1478 5095 1596 5164 Quo
1628 5097 1927 5166 posteriore
1955 5095 2070 5151 loco
2102 5096 2660 5168 proximegsubjuugit
2681 5097 2963 5168 epistolam
2993 5100 3094 5155 sibi
3142 5115 3171 5153 a
3218 5099 3454 5157 Timasio
3489 5111 3560 5160 et

264 5165 464 5246 incubo
488 5167 621 5246 grati
648 5168 809 5246 animi
856 5165 1242 5246 signiﬁcatione
1261 5167 1595 5246 rescriptam,
1619 5165 1688 5221 ab
1705 5175 1980 5237 acceptum
1996 5168 2246 5246 volumen
2270 5166 2340 5222 de
2360 5166 2554 5222 Natura
2573 5165 2628 5224 et
2663 5165 2869 5237 Gratia,
2902 5184 3012 5240 quo
3037 5169 3334 5243 Pelagianae
3357 5172 3546 5246 dispuv

267 5183 464 5221 sacuuo
488 5183 621 5237 grati
648 5183 809 5221 anum
856 5183 1239 5237 suguntcauone
1261 5183 1595 5291 rescriptam,
1619 5183 1688 5221 oo
1705 5183 1980 5237 acceptum
1996 5183 2246 5222 vonumen
2270 5183 2340 5222 ae
2360 5183 2554 5222 natura
2573 5183 2628 5224 et
2663 5183 2869 5237 uratta,
2902 5184 3012 5240 quo
3037 5183 3043 5226 l

267 5239 449 5309 talioni
480 5238 545 5292 ad
574 5238 1006 5309 singulosapices
1030 5251 1283 5309 responsa
1313 5237 1404 5293 red
1450 5240 1518 5291 ita
1542 5247 1829 5309 stuperese
1857 5238 2028 5309 testati
2058 5248 2201 5309 sunt.
2330 5306 2342 5309 _
3030 5284 3043 5292 .

286 5352 297 5361 .
337 5308 555 5391 ldiopus
580 5306 822 5391 sequenti
850 5306 1013 5391 anno,
1028 5306 1448 5391 ips—(unqueuna
1483 5307 1692 5391 Pelagii
1709 5306 2113 5391 librum‘doanni
2140 5306 2592 5391 lerosolymorum
2620 5309 2873 5391 episcopo
2892 5350 2909 5376 ,
2929 5318 2994 5391 _ut
3017 5308 3573 5391 novi_hpres;iafclta-

265 5377 498 5450 tuentem
523 5377 756 5450 Joannes
785 5377 1373 5450 tandemgiutelligeret,
1406 5379 1699 5450 transmisit
1724 5378 2077 5450 Augustinus,
2118 5380 2314 5449 scripta
2344 5377 2443 5448 ipsi
2472 5379 2611 5433 hanc
2639 5377 2831 5450 iurem
2858 5381 3085 5450 epistola
3130 5382 3256 5438 179.
3305 5383 3536 5439 Eosdem

266 5447 454 5523 libros,
472 5450 636 5523 (illum
667 5444 886 5523 Pelagii,
919 5458 973 5504 et
1002 5448 1144 5523 hunc
1167 5444 1341 5523 suum,
1361 5444 1516 5503 anno
1546 5448 1726 5523 itidem
1753 5444 1858 5503 41⁷6
1883 5444 2559 5523 adulanocent'ium‘papam
2586 5444 2936 5523 perferendos
2964 5451 3130 5518 dedit,
3164 5468 3287 5523 eum
3315 5455 3550 5523 epistola.

267 5521 389 5579 177.
418 5520 484 5575 ad
515 5520 685 5590 ipsum
710 5518 928 5590 nomine
953 5520 1186 5590 quinque
1212 5520 1580 5590 epiSCOpoi-um
1606 5520 1808 5572 directa
1832 5534 1848 5582 ;
1878 5519 2071 5589 quibus
2099 5518 2687 5590 Innocentiusepist'ola
2716 5520 2820 5576 185
2845 5523 3137 5590 respondit.
3166 5518 3283 5580 Huc
3311 5518 3539 5590 pertinet

224 5654 235 5659 ἰ
264 5591 317 5646 in
348 5591 459 5660 ipsa
489 5588 716 5660 epistola
744 5590 849 5645 185
873 5589 1021 5644 locus
1046 5588 1165 5645 n.‘5
1188 5607 1203 5655 ;
1229 5600 1283 5643 at
1308 5591 1360 5644 in
1389 5588 1611 5660 epistola
1648 5589 1744 5641 177
1776 5590 1921 5643 locus
1947 5605 2002 5642 n.
2033 5590 2088 5653 6,
2106 5588 2206 5660 (ubi
2232 5603 2353 5645 cum
2384 5589 2540 5660 laude
2565 5590 2909 5647 nominantur
2937 5588 3190 5647 Timasius
3222 5603 3269 5649 et
3292 5588 3536 5660 Iacobus,

264 5658 487 5733 religiosi
513 5658 562 5717 et
595 5661 792 5733 [renati
813 5660 1376 5733 adolescentes,‘servi‘
1392 5659 1486 5713 Dei
1507 5701 1522 5724 ,
1546 5660 1640 5733 qui
1668 5674 1819 5733 spem
1847 5674 2000 5733 quam
2027 5658 2274 5733 habebant
2303 5660 2357 5714 in
2385 5659 2573 5733 stet:qu
2606 5661 2961 5733 reliquerant,
3010 5671 3060 5717 et
3086 5662 3398 5733 continentes
3428 5659 3537 5733 Deo

264 5728 564 5787 seruiebant.
592 5730 755 5801 [idem
780 5731 833 5785 in
864 5729 1238 5801 epistolaAl'i9,
1267 5747 1321 5784 n.
1349 5730 1406 5798 ‘2,
1434 5728 1771 5801 adolescentes
1794 5728 2294 5801 bonestissimenati,
2324 5738 2373 5801 et
2402 5731 2642 5784 institutis
2667 5728 2954 5801 liberalibus
2976 5731 3204 5801 eruditi;
3227 5733 3281 5801 i_n
3309 5730 3446 5801 libro
3472 5728 3539 5801 de

264 5802 439 5859 Gestis
462 5799 683 5872 Pelagii,
710 5815 766 5855 n.
798 5802 826 5872 1
835 5795 1044 5872 ﬁsci-pi
1074 5798 1189 5872 Dei,
1217 5801 1331 5854 boni
1357 5795 1636 5872 et_ltonesti
1660 5798 1753 5852 viri
1777 5797 2057 5872 dicuntur.
2071 5799 2104 5872 _J
2114 5799 2336 5872 ulianus“
2355 5800 2431 5872 in
2451 5814 2614 5872 opere
2645 5799 2714 5857 ad
2745 5800 2981 5872 Florum,
2998 5800 3203 5857 scilicet
3238 5795 3538 5872 lmperfecti

262 5872 450 5943 Operis
473 5867 618 5929 libro
633 5870 689 5941 4,
717 5885 773 5927 n.
808 5868 927 5937 H2,
956 5869 1084 5926 citat
1110 5870 1287 5926 librum
1317 5871 1384 5924 ad
1413 5868 1713 5934 Timasium,
1743 5876 1795 5923 et
1820 5877 1997 5923 contra
2023 5869 2232 5924 liberum
2258 5867 2519 5924 arbitrium
2548 5884 2688 5940 esse,
2714 5867 3044 5929 calumniose
3068 5867 3400 5940 pronuntiat.

437 6107 463 6125 υ
