  <div class='ocr_page' id='page_1' title='image "/cluster/home/n/w/nwhite01/storage/ocr_20150623/44-45/uc1.31175026792435/132.png"; bbox 0 0 4202 6524; ppageno 0'>
   <div class='ocr_carea' id='block_1_1' title="bbox 331 558 1923 648">
    <p class='ocr_par' dir='ltr' id='par_1_1' title="bbox 331 558 1923 648">
     <span class='ocr_line' id='line_1_1' title="bbox 331 558 1923 648; baseline -0.023 -5"><span class='ocrx_word' id='word_1_1' title='bbox 331 583 542 643; x_wconf 80' lang='lat' dir='ltr'><strong>etiamsi</strong></span> <span class='ocrx_word' id='word_1_2' title='bbox 570 582 622 635; x_wconf 90' lang='lat' dir='ltr'><strong>in</strong></span> <span class='ocrx_word' id='word_1_3' title='bbox 655 578 831 648; x_wconf 82' lang='lat' dir='ltr'><strong>aliqua</strong></span> <span class='ocrx_word' id='word_1_4' title='bbox 862 580 1021 645; x_wconf 79' lang='lat' dir='ltr'><strong>gente</strong></span> <span class='ocrx_word' id='word_1_5' title='bbox 1048 576 1142 625; x_wconf 82' lang='lat' dir='ltr'><strong>aut</strong></span> <span class='ocrx_word' id='word_1_6' title='bbox 1170 565 1349 635; x_wconf 81' lang='lat' dir='ltr'><strong>aliquo</strong></span> <span class='ocrx_word' id='word_1_7' title='bbox 1375 558 1654 631; x_wconf 78' lang='lat' dir='ltr'><strong>superiore</strong></span> <span class='ocrx_word' id='word_1_8' title='bbox 1679 565 1923 624; x_wconf 88' lang='lat' dir='ltr'><strong>tempore</strong></span> 
     </span>
    </p>
   </div>
   <div class='ocr_carea' id='block_1_2' title="bbox 332 650 1924 740">
    <p class='ocr_par' dir='ltr' id='par_1_2' title="bbox 332 650 1924 740">
     <span class='ocr_line' id='line_1_2' title="bbox 332 650 1924 740; baseline -0.025 -1"><span class='ocrx_word' id='word_1_9' title='bbox 332 683 466 738; x_wconf 75' lang='lat' dir='ltr'><strong>ﬁdes</strong></span> <span class='ocrx_word' id='word_1_10' title='bbox 495 695 613 735; x_wconf 81' lang='lat' dir='ltr'><strong>eam</strong></span> <span class='ocrx_word' id='word_1_11' title='bbox 644 674 795 732; x_wconf 90' lang='lat' dir='ltr'><strong>latuit</strong></span> <span class='ocrx_word' id='word_1_12' title='bbox 824 666 1098 740; x_wconf 82' lang='lat' dir='ltr'><strong>sanguinis</strong></span> <span class='ocrx_word' id='word_1_13' title='bbox 1125 660 1344 717; x_wconf 86' lang='lat' dir='ltr'><strong>Christi.</strong></span> <span class='ocrx_word' id='word_1_14' title='bbox 1381 655 1495 711; x_wconf 84' lang='lat' dir='ltr'><strong>Non</strong></span> <span class='ocrx_word' id='word_1_15' title='bbox 1525 652 1664 707; x_wconf 88' lang='lat' dir='ltr'><strong>enim</strong></span> <span class='ocrx_word' id='word_1_16' title='bbox 1696 650 1924 716; x_wconf 69' lang='lat' dir='ltr'><strong>iniustus</strong></span> 
     </span>
    </p>
   </div>
   <div class='ocr_carea' id='block_1_3' title="bbox 334 744 1922 843">
    <p class='ocr_par' dir='ltr' id='par_1_3' title="bbox 334 744 1922 843">
     <span class='ocr_line' id='line_1_3' title="bbox 334 744 1922 843; baseline -0.025 -10"><span class='ocrx_word' id='word_1_17' title='bbox 334 777 494 833; x_wconf 88' lang='lat' dir='ltr'><strong>Deus.</strong></span> <span class='ocrx_word' id='word_1_18' title='bbox 525 772 614 843; x_wconf 91' lang='lat' dir='ltr'><strong>qui</strong></span> <span class='ocrx_word' id='word_1_19' title='bbox 641 770 817 838; x_wconf 87' lang='lat' dir='ltr'><strong>justos</strong></span> <span class='ocrx_word' id='word_1_20' title='bbox 846 761 1053 819; x_wconf 74' lang='lat' dir='ltr'><strong>frondet</strong></span> <span class='ocrx_word' id='word_1_21' title='bbox 1083 754 1331 812; x_wconf 86' lang='lat' dir='ltr'><strong>mercede</strong></span> <span class='ocrx_word' id='word_1_22' title='bbox 1351 748 1569 821; x_wconf 76' lang='lat' dir='ltr'><strong>justitia:</strong></span> <span class='ocrx_word' id='word_1_23' title='bbox 1589 785 1605 811; x_wconf 87' lang='lat'><strong>,</strong></span> <span class='ocrx_word' id='word_1_24' title='bbox 1640 744 1681 798; x_wconf 86' lang='lat' dir='ltr'><strong>si</strong></span> <span class='ocrx_word' id='word_1_25' title='bbox 1710 744 1789 796; x_wconf 87' lang='lat' dir='ltr'><strong>cis</strong></span> <span class='ocrx_word' id='word_1_26' title='bbox 1816 756 1922 793; x_wconf 87' lang='lat' dir='ltr'><strong>non</strong></span> 
     </span>
    </p>
   </div>
   <div class='ocr_carea' id='block_1_4' title="bbox 330 835 1922 924">
    <p class='ocr_par' dir='ltr' id='par_1_4' title="bbox 330 835 1922 924">
     <span class='ocr_line' id='line_1_4' title="bbox 330 835 1922 924; baseline -0.023 0"><span class='ocrx_word' id='word_1_27' title='bbox 330 880 413 924; x_wconf 60' lang='lat' dir='ltr'><strong>est</strong></span> <span class='ocrx_word' id='word_1_28' title='bbox 441 835 810 920; x_wconf 75' lang='lat' dir='ltr'><strong>aunimtiatum</strong></span> <span class='ocrx_word' id='word_1_29' title='bbox 839 861 1229 911; x_wconf 75' lang='lat' dir='ltr'><strong>Sacramentum</strong></span> <span class='ocrx_word' id='word_1_30' title='bbox 1260 842 1632 903; x_wconf 24' lang='lat' dir='ltr'><strong>divinitatis-ct</strong></span> <span class='ocrx_word' id='word_1_31' title='bbox 1670 835 1922 891; x_wconf 84' lang='lat' dir='ltr'><strong>immani-</strong></span> 
     </span>
    </p>
   </div>
   <div class='ocr_carea' id='block_1_5' title="bbox 332 929 1917 1025">
    <p class='ocr_par' dir='ltr' id='par_1_5' title="bbox 332 929 1917 1025">
     <span class='ocr_line' id='line_1_5' title="bbox 332 929 1917 1025; baseline -0.025 -6"><span class='ocrx_word' id='word_1_32' title='bbox 332 964 453 1018; x_wconf 54' lang='lat' dir='ltr'><strong>tatis</strong></span> <span class='ocrx_word' id='word_1_33' title='bbox 478 959 700 1021; x_wconf 75' lang='lat' dir='ltr'><strong>Christi,</strong></span> <span class='ocrx_word' id='word_1_34' title='bbox 730 953 868 1025; x_wconf 89' lang='lat' dir='ltr'><strong>quod</strong></span> <span class='ocrx_word' id='word_1_35' title='bbox 901 948 1096 1004; x_wconf 87' lang='lat' dir='ltr'><strong>mauil&#39;e</strong></span> <span class='ocrx_word' id='word_1_36' title='bbox 1130 955 1295 999; x_wconf 80' lang='lat' dir='ltr'><strong>tntum</strong></span> <span class='ocrx_word' id='word_1_37' title='bbox 1322 951 1403 993; x_wconf 89' lang='lat' dir='ltr'><strong>est</strong></span> <span class='ocrx_word' id='word_1_38' title='bbox 1440 937 1490 991; x_wconf 90' lang='lat' dir='ltr'><strong>iu</strong></span> <span class='ocrx_word' id='word_1_39' title='bbox 1518 949 1679 990; x_wconf 87' lang='lat' dir='ltr'><strong>carne</strong></span> <span class='ocrx_word' id='word_1_40' title='bbox 1711 931 1752 1001; x_wconf 93' lang='lat' dir='ltr'><strong>(l</strong></span> <span class='ocrx_word' id='word_1_41' title='bbox 1780 929 1917 983; x_wconf 87' lang='lat' dir='ltr'><strong>Tim.</strong></span> 
     </span>
    </p>
   </div>
   <div class='ocr_carea' id='block_1_6' title="bbox 330 1023 1921 1119">
    <p class='ocr_par' dir='ltr' id='par_1_6' title="bbox 330 1023 1921 1119">
     <span class='ocr_line' id='line_1_6' title="bbox 330 1023 1921 1119; baseline -0.023 -9"><span class='ocrx_word' id='word_1_42' title='bbox 330 1071 387 1110; x_wconf 85' lang='grc' dir='ltr'><strong>ιιι</strong></span> <span class='ocrx_word' id='word_1_43' title='bbox 409 1098 421 1115; x_wconf 91' lang='grc'><strong>.</strong></span> <span class='ocrx_word' id='word_1_44' title='bbox 454 1052 564 1119; x_wconf 80' lang='grc'><strong>16).</strong></span> <span class='ocrx_word' id='word_1_45' title='bbox 611 1023 894 1117; x_wconf 82' lang='lat' dir='ltr'><strong>Quomodo</strong></span> <span class='ocrx_word' id='word_1_46' title='bbox 931 1042 1073 1096; x_wconf 87' lang='lat' dir='ltr'><strong>ettitn</strong></span> <span class='ocrx_word' id='word_1_47' title='bbox 1104 1035 1389 1092; x_wconf 81' lang='lat' dir='ltr'><strong>crederent</strong></span> <span class='ocrx_word' id='word_1_48' title='bbox 1417 1031 1562 1100; x_wconf 86' lang='lat' dir='ltr'><strong>quod</strong></span> <span class='ocrx_word' id='word_1_49' title='bbox 1594 1042 1698 1079; x_wconf 93' lang='lat' dir='ltr'><strong>non</strong></span> <span class='ocrx_word' id='word_1_50' title='bbox 1738 1023 1921 1074; x_wconf 83' lang='lat' dir='ltr'><strong>audie-</strong></span> 
     </span>
    </p>
   </div>
   <div class='ocr_carea' id='block_1_7' title="bbox 329 1114 1919 1210">
    <p class='ocr_par' dir='ltr' id='par_1_7' title="bbox 329 1114 1919 1210">
     <span class='ocr_line' id='line_1_7' title="bbox 329 1114 1919 1210; baseline -0.021 -11"><span class='ocrx_word' id='word_1_51' title='bbox 329 1155 453 1200; x_wconf 88' lang='lat' dir='ltr'><strong>runt</strong></span> <span class='ocrx_word' id='word_1_52' title='bbox 473 1144 497 1197; x_wconf 83' lang='lat'><strong>?</strong></span> <span class='ocrx_word' id='word_1_53' title='bbox 524 1152 614 1195; x_wconf 89' lang='lat' dir='ltr'><strong>aut</strong></span> <span class='ocrx_word' id='word_1_54' title='bbox 636 1136 907 1210; x_wconf 84' lang='lat' dir='ltr'><strong>quomodo</strong></span> <span class='ocrx_word' id='word_1_55' title='bbox 935 1133 1181 1187; x_wconf 89' lang='lat' dir='ltr'><strong>audirent</strong></span> <span class='ocrx_word' id='word_1_56' title='bbox 1207 1127 1323 1182; x_wconf 91' lang='lat' dir='ltr'><strong>sine</strong></span> <span class='ocrx_word' id='word_1_57' title='bbox 1364 1118 1728 1193; x_wconf 71' lang='lat' dir='ltr'><strong>pratdicante?</strong></span> <span class='ocrx_word' id='word_1_58' title='bbox 1764 1114 1919 1168; x_wconf 75' lang='lat' dir='ltr'><strong>Fides</strong></span> 
     </span>
    </p>
   </div>
   <div class='ocr_carea' id='block_1_8' title="bbox 330 1216 1918 1293">
    <p class='ocr_par' dir='ltr' id='par_1_8' title="bbox 330 1216 1918 1293">
     <span class='ocr_line' id='line_1_8' title="bbox 330 1216 1918 1293; baseline -0.019 -4"><span class='ocrx_word' id='word_1_59' title='bbox 330 1238 469 1290; x_wconf 77' lang='lat' dir='ltr'><strong>enim</strong></span> <span class='ocrx_word' id='word_1_60' title='bbox 500 1252 559 1288; x_wconf 78' lang='lat' dir='ltr'><strong>rx</strong></span> <span class='ocrx_word' id='word_1_61' title='bbox 587 1233 786 1293; x_wconf 63' lang='lat' dir='ltr'><strong>audita,</strong></span> <span class='ocrx_word' id='word_1_62' title='bbox 818 1230 957 1281; x_wconf 86' lang='lat' dir='ltr'><strong>sicut</strong></span> <span class='ocrx_word' id='word_1_63' title='bbox 985 1223 1239 1293; x_wconf 78' lang='lat' dir='ltr'><strong>scriptum</strong></span> <span class='ocrx_word' id='word_1_64' title='bbox 1273 1227 1379 1275; x_wconf 78' lang='lat' dir='ltr'><strong>est:</strong></span> <span class='ocrx_word' id='word_1_65' title='bbox 1410 1216 1608 1267; x_wconf 76' lang='lat' dir='ltr'><strong>auditus</strong></span> <span class='ocrx_word' id='word_1_66' title='bbox 1636 1222 1798 1264; x_wconf 74' lang='lat' dir='ltr'><strong>autem</strong></span> <span class='ocrx_word' id='word_1_67' title='bbox 1830 1224 1918 1275; x_wconf 73' lang='lat' dir='ltr'><strong>prr</strong></span> 
     </span>
    </p>
   </div>
   <div class='ocr_carea' id='block_1_9' title="bbox 327 1301 1913 1391">
    <p class='ocr_par' dir='ltr' id='par_1_9' title="bbox 327 1301 1913 1391">
     <span class='ocr_line' id='line_1_9' title="bbox 327 1301 1913 1391; baseline -0.019 -8"><span class='ocrx_word' id='word_1_68' title='bbox 327 1329 525 1383; x_wconf 66' lang='lat' dir='ltr'><strong>verbum</strong></span> <span class='ocrx_word' id='word_1_69' title='bbox 558 1325 744 1381; x_wconf 81' lang='lat' dir='ltr'><strong>Christi</strong></span> <span class='ocrx_word' id='word_1_70' title='bbox 776 1321 946 1391; x_wconf 76' lang='lat' dir='ltr'><strong>(lium.</strong></span> <span class='ocrx_word' id='word_1_71' title='bbox 985 1333 1015 1372; x_wconf 74' lang='grc' dir='ltr'>χ</span> <span class='ocrx_word' id='word_1_72' title='bbox 1042 1358 1057 1381; x_wconf 84' lang='grc'><em>,</em></span> <span class='ocrx_word' id='word_1_73' title='bbox 1093 1316 1158 1369; x_wconf 69' lang='grc'><strong>14</strong></span> <span class='ocrx_word' id='word_1_74' title='bbox 1179 1356 1193 1379; x_wconf 86' lang='grc'><em>,</em></span> <span class='ocrx_word' id='word_1_75' title='bbox 1228 1314 1335 1381; x_wconf 77' lang='lat' dir='ltr'><strong>l7).</strong></span> <span class='ocrx_word' id='word_1_76' title='bbox 1375 1309 1478 1364; x_wconf 72' lang='lat' dir='ltr'><strong>Sed</strong></span> <span class='ocrx_word' id='word_1_77' title='bbox 1507 1308 1626 1359; x_wconf 83' lang='lat' dir='ltr'><strong>dico</strong></span> <span class='ocrx_word' id='word_1_78' title='bbox 1649 1346 1663 1368; x_wconf 92' lang='lat'><strong>,</strong></span> <span class='ocrx_word' id='word_1_79' title='bbox 1710 1301 1875 1372; x_wconf 86' lang='lat' dir='ltr'><strong>inquit</strong></span> <span class='ocrx_word' id='word_1_80' title='bbox 1899 1344 1913 1365; x_wconf 96' lang='lat'><strong>,</strong></span> 
     </span>
    </p>
   </div>
   <div class='ocr_carea' id='block_1_10' title="bbox 328 1396 1914 1491">
    <p class='ocr_par' dir='ltr' id='par_1_10' title="bbox 328 1396 1914 1491">
     <span class='ocr_line' id='line_1_10' title="bbox 328 1396 1914 1491; baseline -0.02 -13"><span class='ocrx_word' id='word_1_81' title='bbox 328 1419 587 1491; x_wconf 73' lang='lat' dir='ltr'><strong>Numquid</strong></span> <span class='ocrx_word' id='word_1_82' title='bbox 619 1433 722 1469; x_wconf 89' lang='lat' dir='ltr'><strong>nou</strong></span> <span class='ocrx_word' id='word_1_83' title='bbox 760 1408 1090 1467; x_wconf 77' lang='lat' dir='ltr'><strong>audierunt?</strong></span> <span class='ocrx_word' id='word_1_84' title='bbox 1122 1405 1184 1459; x_wconf 86' lang='lat' dir='ltr'><strong>lu</strong></span> <span class='ocrx_word' id='word_1_85' title='bbox 1216 1419 1411 1457; x_wconf 83' lang='lat' dir='ltr'><strong>omnem</strong></span> <span class='ocrx_word' id='word_1_86' title='bbox 1440 1411 1622 1453; x_wconf 79' lang='lat' dir='ltr'><strong>terram</strong></span> <span class='ocrx_word' id='word_1_87' title='bbox 1650 1396 1798 1449; x_wconf 68' lang='lat' dir='ltr'><strong>exit-it</strong></span> <span class='ocrx_word' id='word_1_88' title='bbox 1829 1410 1914 1447; x_wconf 82' lang='lat' dir='ltr'><strong>so-</strong></span> 
     </span>
    </p>
   </div>
   <div class='ocr_carea' id='block_1_11' title="bbox 327 1484 1909 1573">
    <p class='ocr_par' dir='ltr' id='par_1_11' title="bbox 327 1484 1909 1573">
     <span class='ocr_line' id='line_1_11' title="bbox 327 1484 1909 1573; baseline -0.018 -8"><span class='ocrx_word' id='word_1_89' title='bbox 327 1532 420 1567; x_wconf 81' lang='lat' dir='ltr'><strong>nus</strong></span> <span class='ocrx_word' id='word_1_90' title='bbox 446 1527 614 1565; x_wconf 86' lang='lat' dir='ltr'><strong>coram</strong></span> <span class='ocrx_word' id='word_1_91' title='bbox 636 1549 651 1573; x_wconf 92' lang='lat'><strong>,</strong></span> <span class='ocrx_word' id='word_1_92' title='bbox 694 1516 739 1560; x_wconf 86' lang='lat' dir='ltr'><strong>ct</strong></span> <span class='ocrx_word' id='word_1_93' title='bbox 772 1506 824 1559; x_wconf 85' lang='lat' dir='ltr'><strong>in</strong></span> <span class='ocrx_word' id='word_1_94' title='bbox 858 1505 979 1562; x_wconf 77' lang='lat' dir='ltr'><strong>lines</strong></span> <span class='ocrx_word' id='word_1_95' title='bbox 1007 1500 1137 1554; x_wconf 80' lang='lat' dir='ltr'><strong>orbis</strong></span> <span class='ocrx_word' id='word_1_96' title='bbox 1177 1507 1323 1550; x_wconf 73' lang='lat' dir='ltr'><strong>terra!</strong></span> <span class='ocrx_word' id='word_1_97' title='bbox 1351 1494 1495 1546; x_wconf 77' lang='lat' dir='ltr'><strong>verba</strong></span> <span class='ocrx_word' id='word_1_98' title='bbox 1525 1505 1697 1543; x_wconf 86' lang='lat' dir='ltr'><strong>corum</strong></span> <span class='ocrx_word' id='word_1_99' title='bbox 1739 1484 1909 1554; x_wconf 77' lang='lat' dir='ltr'><strong>(i’sal.</strong></span> 
     </span>
    </p>
   </div>
   <div class='ocr_carea' id='block_1_12' title="bbox 326 1583 1911 1675">
    <p class='ocr_par' dir='ltr' id='par_1_12' title="bbox 326 1583 1911 1675">
     <span class='ocr_line' id='line_1_12' title="bbox 326 1583 1911 1675; baseline -0.02 -15"><span class='ocrx_word' id='word_1_100' title='bbox 326 1622 458 1662; x_wconf 76' lang='lat' dir='ltr'><strong>xvut</strong></span> <span class='ocrx_word' id='word_1_101' title='bbox 477 1648 488 1665; x_wconf 86' lang='lat'><strong>.</strong></span> <span class='ocrx_word' id='word_1_102' title='bbox 624 1600 729 1657; x_wconf 89' lang='lat' dir='ltr'><strong>Sed</strong></span> <span class='ocrx_word' id='word_1_103' title='bbox 754 1612 1035 1665; x_wconf 84' lang='lat' dir='ltr'><strong>antequam</strong></span> <span class='ocrx_word' id='word_1_104' title='bbox 1065 1594 1164 1646; x_wconf 90' lang='lat' dir='ltr'><strong>hoc</strong></span> <span class='ocrx_word' id='word_1_105' title='bbox 1190 1591 1445 1656; x_wconf 88' lang='lat' dir='ltr'><strong>inciperet</strong></span> <span class='ocrx_word' id='word_1_106' title='bbox 1470 1583 1604 1649; x_wconf 72' lang='lat' dir='ltr'><strong>fieri,</strong></span> <span class='ocrx_word' id='word_1_107' title='bbox 1628 1589 1911 1649; x_wconf 72' lang='lat' dir='ltr'><strong>antequam</strong></span> 
     </span>
    </p>
   </div>
   <div class='ocr_carea' id='block_1_13' title="bbox 325 1669 1912 1767">
    <p class='ocr_par' dir='ltr' id='par_1_13' title="bbox 325 1669 1912 1767">
     <span class='ocr_line' id='line_1_13' title="bbox 325 1669 1912 1767; baseline -0.02 -16"><span class='ocrx_word' id='word_1_108' title='bbox 325 1700 554 1767; x_wconf 80' lang='lat' dir='ltr'><strong>denique</strong></span> <span class='ocrx_word' id='word_1_109' title='bbox 584 1709 749 1763; x_wconf 88' lang='lat' dir='ltr'><strong>usque</strong></span> <span class='ocrx_word' id='word_1_110' title='bbox 776 1689 841 1743; x_wconf 84' lang='lat' dir='ltr'><strong>ad</strong></span> <span class='ocrx_word' id='word_1_111' title='bbox 876 1688 1007 1741; x_wconf 82' lang='lat' dir='ltr'><strong>lines</strong></span> <span class='ocrx_word' id='word_1_112' title='bbox 1037 1685 1197 1739; x_wconf 87' lang='lat' dir='ltr'><strong>totius</strong></span> <span class='ocrx_word' id='word_1_113' title='bbox 1222 1680 1366 1734; x_wconf 86' lang='lat' dir='ltr'><strong>orbis</strong></span> <span class='ocrx_word' id='word_1_114' title='bbox 1412 1690 1566 1731; x_wconf 67' lang='lat' dir='ltr'><strong>terra:</strong></span> <span class='ocrx_word' id='word_1_115' title='bbox 1607 1669 1912 1744; x_wconf 72' lang='lat' dir='ltr'><strong>pnedicatio</strong></span> 
     </span>
    </p>
   </div>
   <div class='ocr_carea' id='block_1_14' title="bbox 327 1764 1912 1861">
    <p class='ocr_par' dir='ltr' id='par_1_14' title="bbox 327 1764 1912 1861">
     <span class='ocr_line' id='line_1_14' title="bbox 327 1764 1912 1861; baseline -0.019 -16"><span class='ocrx_word' id='word_1_116' title='bbox 327 1792 440 1861; x_wconf 83' lang='lat' dir='ltr'><strong>ipsa</strong></span> <span class='ocrx_word' id='word_1_117' title='bbox 473 1764 776 1857; x_wconf 79' lang='lat' dir='ltr'><strong>perveniat;</strong></span> <span class='ocrx_word' id='word_1_118' title='bbox 818 1780 1069 1853; x_wconf 88' lang='lat' dir='ltr'><strong>quoniam</strong></span> <span class='ocrx_word' id='word_1_119' title='bbox 1115 1791 1220 1830; x_wconf 90' lang='lat' dir='ltr'><strong>non</strong></span> <span class='ocrx_word' id='word_1_120' title='bbox 1260 1774 1456 1827; x_wconf 77' lang='lat' dir='ltr'><strong>desunt</strong></span> <span class='ocrx_word' id='word_1_121' title='bbox 1494 1768 1672 1821; x_wconf 87' lang='lat' dir='ltr'><strong>adhuc</strong></span> <span class='ocrx_word' id='word_1_122' title='bbox 1713 1764 1912 1817; x_wconf 72' lang='lat' dir='ltr'><strong>ultima:</strong></span> 
     </span>
    </p>
   </div>
   <div class='ocr_carea' id='block_1_15' title="bbox 324 1854 1911 1952">
    <p class='ocr_par' dir='ltr' id='par_1_15' title="bbox 324 1854 1911 1952">
     <span class='ocr_line' id='line_1_15' title="bbox 324 1854 1911 1952; baseline -0.017 -19"><span class='ocrx_word' id='word_1_123' title='bbox 324 1891 511 1952; x_wconf 81' lang='lat' dir='ltr'><strong>gentes</strong></span> <span class='ocrx_word' id='word_1_124' title='bbox 533 1922 546 1941; x_wconf 87' lang='lat'><strong>,</strong></span> <span class='ocrx_word' id='word_1_125' title='bbox 579 1879 706 1935; x_wconf 88' lang='lat' dir='ltr'><strong>licet</strong></span> <span class='ocrx_word' id='word_1_126' title='bbox 737 1884 791 1928; x_wconf 92' lang='lat' dir='ltr'><strong>ut</strong></span> <span class='ocrx_word' id='word_1_127' title='bbox 833 1872 1140 1943; x_wconf 83' lang='lat' dir='ltr'><strong>perhibetur</strong></span> <span class='ocrx_word' id='word_1_128' title='bbox 1172 1863 1504 1937; x_wconf 67' lang='lat' dir='ltr'><strong>paucissima:</strong></span> <span class='ocrx_word' id='word_1_129' title='bbox 1526 1902 1540 1923; x_wconf 93' lang='lat'><strong>,</strong></span> <span class='ocrx_word' id='word_1_130' title='bbox 1584 1857 1776 1928; x_wconf 82' lang='lat' dir='ltr'><strong>quibus</strong></span> <span class='ocrx_word' id='word_1_131' title='bbox 1808 1854 1911 1908; x_wconf 87' lang='lat' dir='ltr'><strong>hoc</strong></span> 
     </span>
    </p>
   </div>
   <div class='ocr_carea' id='block_1_16' title="bbox 325 1948 1909 2036">
    <p class='ocr_par' dir='ltr' id='par_1_16' title="bbox 325 1948 1909 2036">
     <span class='ocr_line' id='line_1_16' title="bbox 325 1948 1909 2036; baseline -0.02 -8"><span class='ocrx_word' id='word_1_132' title='bbox 325 1948 559 2028; x_wconf 76' lang='lat' dir='ltr'><strong>nendum</strong></span> <span class='ocrx_word' id='word_1_133' title='bbox 608 1969 765 2024; x_wconf 82' lang='lat' dir='ltr'><strong>fuerit</strong></span> <span class='ocrx_word' id='word_1_134' title='bbox 797 1966 1139 2036; x_wconf 63' lang='lat' dir='ltr'><strong>prtedicatutn</strong></span> <span class='ocrx_word' id='word_1_135' title='bbox 1165 1977 1180 2024; x_wconf 87' lang='lat'><strong>;</strong></span> <span class='ocrx_word' id='word_1_136' title='bbox 1213 1956 1336 2029; x_wconf 91' lang='lat' dir='ltr'><strong>quid</strong></span> <span class='ocrx_word' id='word_1_137' title='bbox 1367 1954 1522 2009; x_wconf 74' lang='lat' dir='ltr'><strong>faciet</strong></span> <span class='ocrx_word' id='word_1_138' title='bbox 1553 1948 1781 2005; x_wconf 83' lang='lat' dir='ltr'><strong>ituiuaua</strong></span> <span class='ocrx_word' id='word_1_139' title='bbox 1812 1961 1909 2001; x_wconf 86' lang='lat' dir='ltr'><strong>ua-</strong></span> 
     </span>
    </p>
   </div>
   <div class='ocr_carea' id='block_1_17' title="bbox 326 2037 1911 2131">
    <p class='ocr_par' dir='ltr' id='par_1_17' title="bbox 326 2037 1911 2131">
     <span class='ocr_line' id='line_1_17' title="bbox 326 2037 1911 2131; baseline -0.018 -12"><span class='ocrx_word' id='word_1_140' title='bbox 326 2075 464 2127; x_wconf 84' lang='lat' dir='ltr'><strong>tnra,</strong></span> <span class='ocrx_word' id='word_1_141' title='bbox 494 2063 577 2116; x_wconf 96' lang='lat' dir='ltr'><strong>vel</strong></span> <span class='ocrx_word' id='word_1_142' title='bbox 603 2060 727 2131; x_wconf 91' lang='lat' dir='ltr'><strong>quid</strong></span> <span class='ocrx_word' id='word_1_143' title='bbox 770 2058 926 2121; x_wconf 77' lang='lat' dir='ltr'><strong>fecit,</strong></span> <span class='ocrx_word' id='word_1_144' title='bbox 968 2070 1087 2124; x_wconf 81' lang='lat' dir='ltr'><strong>qme</strong></span> <span class='ocrx_word' id='word_1_145' title='bbox 1125 2052 1204 2104; x_wconf 87' lang='lat' dir='ltr'><strong>vel</strong></span> <span class='ocrx_word' id='word_1_146' title='bbox 1246 2057 1369 2103; x_wconf 83' lang='lat' dir='ltr'><strong>ante</strong></span> <span class='ocrx_word' id='word_1_147' title='bbox 1414 2060 1516 2098; x_wconf 81' lang='lat' dir='ltr'><strong>nan</strong></span> <span class='ocrx_word' id='word_1_148' title='bbox 1545 2043 1782 2095; x_wconf 81' lang='lat' dir='ltr'><strong>audierat</strong></span> <span class='ocrx_word' id='word_1_149' title='bbox 1811 2037 1911 2091; x_wconf 89' lang='lat' dir='ltr'><strong>hoc</strong></span> 
     </span>
    </p>
   </div>
   <div class='ocr_carea' id='block_1_18' title="bbox 323 2134 1911 2217">
    <p class='ocr_par' dir='ltr' id='par_1_18' title="bbox 323 2134 1911 2217">
     <span class='ocr_line' id='line_1_18' title="bbox 323 2134 1911 2217; baseline -0.017 -7"><span class='ocrx_word' id='word_1_150' title='bbox 323 2158 554 2210; x_wconf 79' lang='lat' dir='ltr'><strong>futurum</strong></span> <span class='ocrx_word' id='word_1_151' title='bbox 578 2195 591 2217; x_wconf 91' lang='lat'><strong>,</strong></span> <span class='ocrx_word' id='word_1_152' title='bbox 632 2151 717 2205; x_wconf 91' lang='lat' dir='ltr'><strong>vel</strong></span> <span class='ocrx_word' id='word_1_153' title='bbox 742 2149 914 2202; x_wconf 82' lang='lat' dir='ltr'><strong>adhuc</strong></span> <span class='ocrx_word' id='word_1_154' title='bbox 944 2163 1048 2199; x_wconf 93' lang='lat' dir='ltr'><strong>non</strong></span> <span class='ocrx_word' id='word_1_155' title='bbox 1077 2141 1337 2209; x_wconf 88' lang='lat' dir='ltr'><strong>comperit</strong></span> <span class='ocrx_word' id='word_1_156' title='bbox 1370 2138 1564 2191; x_wconf 76' lang='lat' dir='ltr'><strong>factum</strong></span> <span class='ocrx_word' id='word_1_157' title='bbox 1592 2175 1606 2200; x_wconf 90' lang='lat'><strong>,</strong></span> <span class='ocrx_word' id='word_1_158' title='bbox 1642 2134 1742 2187; x_wconf 82' lang='lat' dir='ltr'><strong>nisi</strong></span> <span class='ocrx_word' id='word_1_159' title='bbox 1786 2144 1911 2185; x_wconf 88' lang='lat' dir='ltr'><strong>cre-</strong></span> 
     </span>
    </p>
   </div>
   <div class='ocr_carea' id='block_1_19' title="bbox 321 2231 1911 2310">
    <p class='ocr_par' dir='ltr' id='par_1_19' title="bbox 321 2231 1911 2310">
     <span class='ocr_line' id='line_1_19' title="bbox 321 2231 1911 2310; baseline -0.018 -5"><span class='ocrx_word' id='word_1_160' title='bbox 321 2249 502 2304; x_wconf 82' lang='lat' dir='ltr'><strong>dendo</strong></span> <span class='ocrx_word' id='word_1_161' title='bbox 528 2248 578 2300; x_wconf 90' lang='lat' dir='ltr'><strong>in</strong></span> <span class='ocrx_word' id='word_1_162' title='bbox 611 2246 798 2308; x_wconf 87' lang='lat' dir='ltr'><strong>Deum,</strong></span> <span class='ocrx_word' id='word_1_163' title='bbox 825 2242 912 2310; x_wconf 87' lang='lat' dir='ltr'><strong>qtti</strong></span> <span class='ocrx_word' id='word_1_164' title='bbox 944 2240 1064 2293; x_wconf 83' lang='lat' dir='ltr'><strong>fecit</strong></span> <span class='ocrx_word' id='word_1_165' title='bbox 1091 2236 1284 2290; x_wconf 65' lang='lat' dir='ltr'><strong>carlqu</strong></span> <span class='ocrx_word' id='word_1_166' title='bbox 1315 2240 1368 2286; x_wconf 90' lang='lat' dir='ltr'><strong>et</strong></span> <span class='ocrx_word' id='word_1_167' title='bbox 1398 2239 1616 2293; x_wconf 86' lang='lat' dir='ltr'><strong>terram,</strong></span> <span class='ocrx_word' id='word_1_168' title='bbox 1663 2242 1691 2280; x_wconf 92' lang='lat' dir='ltr'><strong>a</strong></span> <span class='ocrx_word' id='word_1_169' title='bbox 1722 2240 1827 2295; x_wconf 89' lang='lat' dir='ltr'><strong>quo</strong></span> <span class='ocrx_word' id='word_1_170' title='bbox 1855 2231 1911 2278; x_wconf 87' lang='lat' dir='ltr'><strong>et</strong></span> 
     </span>
    </p>
   </div>
   <div class='ocr_carea' id='block_1_20' title="bbox 322 2316 1911 2396">
    <p class='ocr_par' dir='ltr' id='par_1_20' title="bbox 322 2316 1911 2396">
     <span class='ocr_line' id='line_1_20' title="bbox 322 2316 1911 2396; baseline -0.018 0"><span class='ocrx_word' id='word_1_171' title='bbox 322 2357 381 2396; x_wconf 73' lang='lat' dir='ltr'><strong>si:</strong></span> <span class='ocrx_word' id='word_1_172' title='bbox 405 2340 594 2395; x_wconf 86' lang='lat' dir='ltr'><strong>factam</strong></span> <span class='ocrx_word' id='word_1_173' title='bbox 625 2322 932 2390; x_wconf 88' lang='lat' dir='ltr'><strong>naturaliter</strong></span> <span class='ocrx_word' id='word_1_174' title='bbox 953 2329 1131 2392; x_wconf 67' lang='lat' dir='ltr'><strong>sentit,</strong></span> <span class='ocrx_word' id='word_1_175' title='bbox 1159 2335 1213 2381; x_wconf 92' lang='lat' dir='ltr'><strong>et</strong></span> <span class='ocrx_word' id='word_1_176' title='bbox 1242 2336 1385 2379; x_wconf 85' lang='lat' dir='ltr'><strong>recte</strong></span> <span class='ocrx_word' id='word_1_177' title='bbox 1415 2320 1641 2375; x_wconf 84' lang='lat' dir='ltr'><strong>vivendo</strong></span> <span class='ocrx_word' id='word_1_178' title='bbox 1671 2317 1786 2386; x_wconf 84' lang='lat' dir='ltr'><strong>ejus</strong></span> <span class='ocrx_word' id='word_1_179' title='bbox 1812 2316 1911 2369; x_wconf 88' lang='lat' dir='ltr'><strong>itu-</strong></span> 
     </span>
    </p>
   </div>
   <div class='ocr_carea' id='block_1_21' title="bbox 324 2412 1909 2504">
    <p class='ocr_par' dir='ltr' id='par_1_21' title="bbox 324 2412 1909 2504">
     <span class='ocr_line' id='line_1_21' title="bbox 324 2412 1909 2504; baseline -0.016 -17"><span class='ocrx_word' id='word_1_180' title='bbox 324 2434 467 2504; x_wconf 86' lang='lat' dir='ltr'><strong>pleat</strong></span> <span class='ocrx_word' id='word_1_181' title='bbox 496 2431 860 2491; x_wconf 71' lang='lat' dir='ltr'><strong>voluntatem,</strong></span> <span class='ocrx_word' id='word_1_182' title='bbox 892 2424 1034 2478; x_wconf 91' lang='lat' dir='ltr'><strong>nulla</strong></span> <span class='ocrx_word' id='word_1_183' title='bbox 1072 2421 1173 2475; x_wconf 88' lang='lat' dir='ltr'><strong>lide</strong></span> <span class='ocrx_word' id='word_1_184' title='bbox 1217 2416 1478 2487; x_wconf 71' lang='lat' dir='ltr'><strong>passionis</strong></span> <span class='ocrx_word' id='word_1_185' title='bbox 1516 2412 1711 2468; x_wconf 76' lang='lat' dir='ltr'><strong>Christi</strong></span> <span class='ocrx_word' id='word_1_186' title='bbox 1742 2420 1794 2465; x_wconf 87' lang='lat' dir='ltr'><strong>et</strong></span> <span class='ocrx_word' id='word_1_187' title='bbox 1822 2425 1909 2463; x_wconf 84' lang='lat' dir='ltr'><strong>re-</strong></span> 
     </span>
    </p>
   </div>
   <div class='ocr_carea' id='block_1_22' title="bbox 323 2507 1907 2582">
    <p class='ocr_par' dir='ltr' id='par_1_22' title="bbox 323 2507 1907 2582">
     <span class='ocr_line' id='line_1_22' title="bbox 323 2507 1907 2582; baseline -0.017 -2"><span class='ocrx_word' id='word_1_188' title='bbox 323 2523 670 2580; x_wconf 84' lang='lat' dir='ltr'><strong>surrectionis</strong></span> <span class='ocrx_word' id='word_1_189' title='bbox 702 2517 943 2574; x_wconf 85' lang='lat' dir='ltr'><strong>imbuta?</strong></span> <span class='ocrx_word' id='word_1_190' title='bbox 968 2513 1119 2582; x_wconf 82' lang='lat' dir='ltr'><strong>Quod</strong></span> <span class='ocrx_word' id='word_1_191' title='bbox 1151 2512 1193 2565; x_wconf 92' lang='lat' dir='ltr'><strong>si</strong></span> <span class='ocrx_word' id='word_1_192' title='bbox 1222 2510 1333 2564; x_wconf 86' lang='lat' dir='ltr'><strong>lieri</strong></span> <span class='ocrx_word' id='word_1_193' title='bbox 1363 2507 1537 2579; x_wconf 87' lang='lat' dir='ltr'><strong>potuit</strong></span> <span class='ocrx_word' id='word_1_194' title='bbox 1565 2514 1656 2557; x_wconf 87' lang='lat' dir='ltr'><strong>aut</strong></span> <span class='ocrx_word' id='word_1_195' title='bbox 1695 2511 1866 2573; x_wconf 81' lang='lat' dir='ltr'><strong>potest</strong></span> <span class='ocrx_word' id='word_1_196' title='bbox 1891 2541 1907 2568; x_wconf 92' lang='lat'><strong>,</strong></span> 
     </span>
    </p>
   </div>
   <div class='ocr_carea' id='block_1_23' title="bbox 325 2593 1911 2685">
    <p class='ocr_par' dir='ltr' id='par_1_23' title="bbox 325 2593 1911 2685">
     <span class='ocr_line' id='line_1_23' title="bbox 325 2593 1911 2685; baseline -0.017 -13"><span class='ocrx_word' id='word_1_197' title='bbox 325 2622 425 2672; x_wconf 86' lang='lat' dir='ltr'><strong>hoc</strong></span> <span class='ocrx_word' id='word_1_198' title='bbox 450 2630 498 2671; x_wconf 88' lang='lat' dir='ltr'><strong>et</strong></span> <span class='ocrx_word' id='word_1_199' title='bbox 527 2634 624 2685; x_wconf 85' lang='lat' dir='ltr'><strong>ego</strong></span> <span class='ocrx_word' id='word_1_200' title='bbox 647 2614 766 2669; x_wconf 87' lang='lat' dir='ltr'><strong>dico</strong></span> <span class='ocrx_word' id='word_1_201' title='bbox 790 2656 805 2677; x_wconf 90' lang='lat'><strong>,</strong></span> <span class='ocrx_word' id='word_1_202' title='bbox 836 2610 974 2681; x_wconf 83' lang='lat' dir='ltr'><strong>qu-nl</strong></span> <span class='ocrx_word' id='word_1_203' title='bbox 1007 2616 1071 2661; x_wconf 88' lang='lat' dir='ltr'><strong>de</strong></span> <span class='ocrx_word' id='word_1_204' title='bbox 1104 2607 1219 2675; x_wconf 78' lang='lat' dir='ltr'><strong>lege</strong></span> <span class='ocrx_word' id='word_1_205' title='bbox 1249 2602 1382 2656; x_wconf 76' lang='lat' dir='ltr'><strong>dixit</strong></span> <span class='ocrx_word' id='word_1_206' title='bbox 1409 2597 1696 2670; x_wconf 69' lang='lat' dir='ltr'><strong>Apostolus</strong></span> <span class='ocrx_word' id='word_1_207' title='bbox 1726 2613 1739 2647; x_wconf 88' lang='lat'><strong>:</strong></span> <span class='ocrx_word' id='word_1_208' title='bbox 1773 2593 1911 2664; x_wconf 80' lang='lat' dir='ltr'><strong>Ergo</strong></span> 
     </span>
    </p>
   </div>
   <div class='ocr_carea' id='block_1_24' title="bbox 323 2687 1912 2778">
    <p class='ocr_par' dir='ltr' id='par_1_24' title="bbox 323 2687 1912 2778">
     <span class='ocr_line' id='line_1_24' title="bbox 323 2687 1912 2778; baseline -0.014 -15"><span class='ocrx_word' id='word_1_209' title='bbox 323 2707 550 2765; x_wconf 68' lang='lat' dir='ltr'><strong>Christus</strong></span> <span class='ocrx_word' id='word_1_210' title='bbox 576 2707 734 2778; x_wconf 80' lang='lat' dir='ltr'><strong>gratis</strong></span> <span class='ocrx_word' id='word_1_211' title='bbox 765 2713 992 2757; x_wconf 84' lang='lat' dir='ltr'><strong>mortuus</strong></span> <span class='ocrx_word' id='word_1_212' title='bbox 1022 2709 1112 2754; x_wconf 76' lang='lat' dir='ltr'><strong>est.</strong></span> <span class='ocrx_word' id='word_1_213' title='bbox 1153 2697 1207 2753; x_wconf 84' lang='lat' dir='ltr'><strong>Si</strong></span> <span class='ocrx_word' id='word_1_214' title='bbox 1237 2697 1377 2750; x_wconf 87' lang='lat' dir='ltr'><strong>enim</strong></span> <span class='ocrx_word' id='word_1_215' title='bbox 1422 2692 1523 2746; x_wconf 86' lang='lat' dir='ltr'><strong>huc</strong></span> <span class='ocrx_word' id='word_1_216' title='bbox 1567 2690 1654 2744; x_wconf 86' lang='lat' dir='ltr'><strong>ille</strong></span> <span class='ocrx_word' id='word_1_217' title='bbox 1684 2687 1815 2741; x_wconf 74' lang='lat' dir='ltr'><strong>dixit</strong></span> <span class='ocrx_word' id='word_1_218' title='bbox 1845 2687 1912 2740; x_wconf 87' lang='lat' dir='ltr'><strong>de</strong></span> 
     </span>
    </p>
   </div>
   <div class='ocr_carea' id='block_1_25' title="bbox 326 2780 1909 2874">
    <p class='ocr_par' dir='ltr' id='par_1_25' title="bbox 326 2780 1909 2874">
     <span class='ocr_line' id='line_1_25' title="bbox 326 2780 1909 2874; baseline -0.017 -14"><span class='ocrx_word' id='word_1_219' title='bbox 326 2807 441 2874; x_wconf 80' lang='lat' dir='ltr'><strong>lege</strong></span> <span class='ocrx_word' id='word_1_220' title='bbox 469 2819 625 2872; x_wconf 73' lang='lat' dir='ltr'><strong>quam</strong></span> <span class='ocrx_word' id='word_1_221' title='bbox 657 2801 860 2866; x_wconf 84' lang='lat' dir='ltr'><strong>accepit</strong></span> <span class='ocrx_word' id='word_1_222' title='bbox 900 2812 1030 2864; x_wconf 78' lang='lat' dir='ltr'><strong>gens</strong></span> <span class='ocrx_word' id='word_1_223' title='bbox 1054 2808 1165 2847; x_wconf 85' lang='lat' dir='ltr'><strong>.uua</strong></span> <span class='ocrx_word' id='word_1_224' title='bbox 1204 2790 1553 2850; x_wconf 71' lang='lat' dir='ltr'><strong>.Iudatorunt;</strong></span> <span class='ocrx_word' id='word_1_225' title='bbox 1586 2795 1784 2852; x_wconf 91' lang='lat' dir='ltr'><strong>quanto</strong></span> <span class='ocrx_word' id='word_1_226' title='bbox 1826 2780 1909 2848; x_wconf 83' lang='lat' dir='ltr'><strong>iu-</strong></span> 
     </span>
    </p>
   </div>
   <div class='ocr_carea' id='block_1_26' title="bbox 322 2877 1908 2961">
    <p class='ocr_par' dir='ltr' id='par_1_26' title="bbox 322 2877 1908 2961">
     <span class='ocr_line' id='line_1_26' title="bbox 322 2877 1908 2961; baseline -0.015 -11"><span class='ocrx_word' id='word_1_227' title='bbox 322 2900 457 2950; x_wconf 87' lang='lat' dir='ltr'><strong>stius</strong></span> <span class='ocrx_word' id='word_1_228' title='bbox 484 2895 678 2949; x_wconf 75' lang='lat' dir='ltr'><strong>dicitur</strong></span> <span class='ocrx_word' id='word_1_229' title='bbox 704 2894 768 2946; x_wconf 87' lang='lat' dir='ltr'><strong>de</strong></span> <span class='ocrx_word' id='word_1_230' title='bbox 795 2891 908 2961; x_wconf 77' lang='lat' dir='ltr'><strong>lege</strong></span> <span class='ocrx_word' id='word_1_231' title='bbox 932 2899 1155 2948; x_wconf 85' lang='lat' dir='ltr'><strong>natura-,</strong></span> <span class='ocrx_word' id='word_1_232' title='bbox 1186 2899 1343 2954; x_wconf 89' lang='lat' dir='ltr'><strong>quam</strong></span> <span class='ocrx_word' id='word_1_233' title='bbox 1372 2880 1577 2947; x_wconf 90' lang='lat' dir='ltr'><strong>accepit</strong></span> <span class='ocrx_word' id='word_1_234' title='bbox 1603 2877 1908 2929; x_wconf 75' lang='lat' dir='ltr'><strong>uuiVersum</strong></span> 
     </span>
    </p>
   </div>
   <div class='ocr_carea' id='block_1_27' title="bbox 321 2966 1913 3057">
    <p class='ocr_par' dir='ltr' id='par_1_27' title="bbox 321 2966 1913 3057">
     <span class='ocr_line' id='line_1_27' title="bbox 321 2966 1913 3057; baseline -0.013 -20"><span class='ocrx_word' id='word_1_235' title='bbox 321 3005 489 3057; x_wconf 69' lang='lat' dir='ltr'><strong>genus</strong></span> <span class='ocrx_word' id='word_1_236' title='bbox 518 2988 827 3041; x_wconf 79' lang='lat' dir='ltr'><strong>humanum,</strong></span> <span class='ocrx_word' id='word_1_237' title='bbox 865 2980 921 3036; x_wconf 84' lang='lat' dir='ltr'><strong>Si</strong></span> <span class='ocrx_word' id='word_1_238' title='bbox 956 2996 1047 3048; x_wconf 83' lang='lat' dir='ltr'><strong>per</strong></span> <span class='ocrx_word' id='word_1_239' title='bbox 1078 2988 1317 3030; x_wconf 80' lang='lat' dir='ltr'><strong>naturam</strong></span> <span class='ocrx_word' id='word_1_240' title='bbox 1344 2973 1566 3041; x_wconf 71' lang='lat' dir='ltr'><strong>iustitia,</strong></span> <span class='ocrx_word' id='word_1_241' title='bbox 1598 2984 1725 3037; x_wconf 84' lang='lat' dir='ltr'><strong>ergo</strong></span> <span class='ocrx_word' id='word_1_242' title='bbox 1755 2966 1913 3020; x_wconf 86' lang='lat' dir='ltr'><strong>Chri-</strong></span> 
     </span>
    </p>
   </div>
   <div class='ocr_carea' id='block_1_28' title="bbox 322 3056 1910 3148">
    <p class='ocr_par' dir='ltr' id='par_1_28' title="bbox 322 3056 1910 3148">
     <span class='ocr_line' id='line_1_28' title="bbox 322 3056 1910 3148; baseline -0.016 -13"><span class='ocrx_word' id='word_1_243' title='bbox 322 3056 438 3135; x_wconf 74' lang='lat' dir='ltr'><strong>stus</strong></span> <span class='ocrx_word' id='word_1_244' title='bbox 466 3080 629 3148; x_wconf 67' lang='lat' dir='ltr'><strong>gratis</strong></span> <span class='ocrx_word' id='word_1_245' title='bbox 679 3086 921 3128; x_wconf 79' lang='lat' dir='ltr'><strong>mortuus</strong></span> <span class='ocrx_word' id='word_1_246' title='bbox 953 3071 1069 3126; x_wconf 79' lang='lat' dir='ltr'><strong>est?</strong></span> <span class='ocrx_word' id='word_1_247' title='bbox 1100 3069 1152 3123; x_wconf 85' lang='lat' dir='ltr'><strong>Si</strong></span> <span class='ocrx_word' id='word_1_248' title='bbox 1194 3077 1370 3118; x_wconf 82' lang='lat' dir='ltr'><strong>autem</strong></span> <span class='ocrx_word' id='word_1_249' title='bbox 1418 3080 1520 3114; x_wconf 89' lang='lat' dir='ltr'><strong>non</strong></span> <span class='ocrx_word' id='word_1_250' title='bbox 1555 3059 1719 3130; x_wconf 67' lang='lat' dir='ltr'><strong>gratis</strong></span> <span class='ocrx_word' id='word_1_251' title='bbox 1760 3056 1910 3112; x_wconf 69' lang='lat' dir='ltr'><strong>Chri-</strong></span> 
     </span>
    </p>
   </div>
   <div class='ocr_carea' id='block_1_29' title="bbox 324 3151 1911 3234">
    <p class='ocr_par' dir='ltr' id='par_1_29' title="bbox 324 3151 1911 3234">
     <span class='ocr_line' id='line_1_29' title="bbox 324 3151 1911 3234; baseline -0.016 -7"><span class='ocrx_word' id='word_1_252' title='bbox 324 3184 438 3227; x_wconf 51' lang='lat' dir='ltr'><strong>s&#39;zna</strong></span> <span class='ocrx_word' id='word_1_253' title='bbox 473 3182 714 3224; x_wconf 76' lang='lat' dir='ltr'><strong>innrluus</strong></span> <span class='ocrx_word' id='word_1_254' title='bbox 741 3176 841 3230; x_wconf 62' lang='lat' dir='ltr'><strong>est,</strong></span> <span class='ocrx_word' id='word_1_255' title='bbox 870 3182 996 3234; x_wconf 78' lang='lat' dir='ltr'><strong>ergo</strong></span> <span class='ocrx_word' id='word_1_256' title='bbox 1033 3162 1207 3214; x_wconf 71' lang='lat' dir='ltr'><strong>omnis</strong></span> <span class='ocrx_word' id='word_1_257' title='bbox 1241 3160 1468 3211; x_wconf 71' lang='lat' dir='ltr'><strong>humana</strong></span> <span class='ocrx_word' id='word_1_258' title='bbox 1502 3164 1687 3207; x_wconf 81' lang='lat' dir='ltr'><strong>natura</strong></span> <span class='ocrx_word' id='word_1_259' title='bbox 1711 3151 1911 3221; x_wconf 49' lang='lat' dir='ltr'><strong>justiti-</strong></span> 
     </span>
    </p>
   </div>
   <div class='ocr_carea' id='block_1_30' title="bbox 324 3241 1910 3321">
    <p class='ocr_par' dir='ltr' id='par_1_30' title="bbox 324 3241 1910 3321">
     <span class='ocr_line' id='line_1_30' title="bbox 324 3241 1910 3321; baseline -0.016 -2"><span class='ocrx_word' id='word_1_260' title='bbox 324 3280 355 3319; x_wconf 90' lang='lat' dir='ltr'><strong>c</strong></span> <span class='ocrx_word' id='word_1_261' title='bbox 392 3266 431 3316; x_wconf 88' lang='lat' dir='ltr'><strong>ri</strong></span> <span class='ocrx_word' id='word_1_262' title='bbox 463 3273 513 3317; x_wconf 90' lang='lat' dir='ltr'><strong>et</strong></span> <span class='ocrx_word' id='word_1_263' title='bbox 542 3259 728 3316; x_wconf 82' lang='lat' dir='ltr'><strong>redimi</strong></span> <span class='ocrx_word' id='word_1_264' title='bbox 755 3260 820 3310; x_wconf 87' lang='lat' dir='ltr'><strong>ah</strong></span> <span class='ocrx_word' id='word_1_265' title='bbox 851 3259 924 3310; x_wconf 90' lang='lat' dir='ltr'><strong>ira</strong></span> <span class='ocrx_word' id='word_1_266' title='bbox 959 3253 1046 3309; x_wconf 78' lang='grc' dir='ltr'><strong>Ι)ρί</strong></span> <span class='ocrx_word' id='word_1_267' title='bbox 1071 3251 1383 3321; x_wconf 52' lang='lat' dir='ltr'><strong>justissima.</strong></span> <span class='ocrx_word' id='word_1_268' title='bbox 1415 3246 1516 3300; x_wconf 80' lang='lat' dir='ltr'><strong>huc</strong></span> <span class='ocrx_word' id='word_1_269' title='bbox 1546 3253 1647 3303; x_wconf 74' lang='lat' dir='ltr'><strong>est,</strong></span> <span class='ocrx_word' id='word_1_270' title='bbox 1674 3262 1702 3296; x_wconf 90' lang='lat' dir='ltr'><strong>a</strong></span> <span class='ocrx_word' id='word_1_271' title='bbox 1735 3241 1910 3294; x_wconf 89' lang='lat' dir='ltr'><strong>vindi-</strong></span> 
     </span>
    </p>
   </div>
   <div class='ocr_carea' id='block_1_31' title="bbox 324 3341 1915 3419">
    <p class='ocr_par' dir='ltr' id='par_1_31' title="bbox 324 3341 1915 3419">
     <span class='ocr_line' id='line_1_31' title="bbox 324 3341 1915 3419; baseline -0.014 -8"><span class='ocrx_word' id='word_1_272' title='bbox 324 3358 483 3417; x_wconf 79' lang='lat' dir='ltr'><strong>dicta.</strong></span> <span class='ocrx_word' id='word_1_273' title='bbox 518 3356 660 3409; x_wconf 77' lang='lat' dir='ltr'><strong>nullo</strong></span> <span class='ocrx_word' id='word_1_274' title='bbox 691 3352 848 3405; x_wconf 85' lang='lat' dir='ltr'><strong>modo</strong></span> <span class='ocrx_word' id='word_1_275' title='bbox 876 3358 1071 3419; x_wconf 71' lang='lat' dir='ltr'><strong>potest,</strong></span> <span class='ocrx_word' id='word_1_276' title='bbox 1101 3346 1197 3398; x_wconf 82' lang='lat' dir='ltr'><strong>nisi</strong></span> <span class='ocrx_word' id='word_1_277' title='bbox 1228 3359 1322 3414; x_wconf 88' lang='lat' dir='ltr'><strong>per</strong></span> <span class='ocrx_word' id='word_1_278' title='bbox 1352 3341 1511 3395; x_wconf 83' lang='lat' dir='ltr'><strong>(idem</strong></span> <span class='ocrx_word' id='word_1_279' title='bbox 1536 3348 1587 3392; x_wconf 93' lang='lat' dir='ltr'><strong>ct</strong></span> <span class='ocrx_word' id='word_1_280' title='bbox 1609 3351 1915 3392; x_wconf 84' lang='lat' dir='ltr'><strong>sacramen-</strong></span> 
     </span>
    </p>
   </div>
   <div class='ocr_carea' id='block_1_32' title="bbox 327 3442 982 3511">
    <p class='ocr_par' dir='ltr' id='par_1_32' title="bbox 327 3442 982 3511">
     <span class='ocr_line' id='line_1_32' title="bbox 327 3442 982 3511; baseline -0.012 -7"><span class='ocrx_word' id='word_1_281' title='bbox 327 3462 433 3511; x_wconf 76' lang='lat' dir='ltr'><strong>lnttl</strong></span> <span class='ocrx_word' id='word_1_282' title='bbox 467 3449 736 3503; x_wconf 57' lang='lat' dir='ltr'><strong>Suttuuiais</strong></span> <span class='ocrx_word' id='word_1_283' title='bbox 770 3442 982 3499; x_wconf 65' lang='lat' dir='ltr'><strong>Christi.</strong></span> 
     </span>
    </p>
   </div>
   <div class='ocr_carea' id='block_1_33' title="bbox 397 3520 1915 3595">
    <p class='ocr_par' dir='ltr' id='par_1_33' title="bbox 397 3520 1915 3595">
     <span class='ocr_line' id='line_1_33' title="bbox 397 3520 1915 3595; baseline -0.012 -1"><span class='ocrx_word' id='word_1_284' title='bbox 397 3540 617 3595; x_wconf 69' lang='grc' dir='ltr'>ι;.ιι»υι’</span> <span class='ocrx_word' id='word_1_285' title='bbox 664 3537 746 3592; x_wconf 91' lang='lat' dir='ltr'><strong>Ill.</strong></span> <span class='ocrx_word' id='word_1_286' title='bbox 789 3566 859 3577; x_wconf 92' lang='lat'><strong>—-</strong></span> <span class='ocrx_word' id='word_1_287' title='bbox 897 3535 948 3590; x_wconf 84' lang='grc'><strong>5.</strong></span> <span class='ocrx_word' id='word_1_288' title='bbox 1009 3531 1210 3586; x_wconf 77' lang='lat' dir='ltr'><strong>Natura</strong></span> <span class='ocrx_word' id='word_1_289' title='bbox 1256 3544 1382 3582; x_wconf 82' lang='lat' dir='ltr'><strong>sana</strong></span> <span class='ocrx_word' id='word_1_290' title='bbox 1420 3525 1660 3590; x_wconf 83' lang='lat' dir='ltr'><strong>condita,</strong></span> <span class='ocrx_word' id='word_1_291' title='bbox 1712 3520 1915 3593; x_wconf 76' lang='lat' dir='ltr'><strong>peccato</strong></span> 
     </span>
    </p>
   </div>
   <div class='ocr_carea' id='block_1_34' title="bbox 327 3616 1916 3703">
    <p class='ocr_par' dir='ltr' id='par_1_34' title="bbox 327 3616 1916 3703">
     <span class='ocr_line' id='line_1_34' title="bbox 327 3616 1916 3703; baseline -0.014 -14"><span class='ocrx_word' id='word_1_292' title='bbox 327 3648 397 3691; x_wconf 71' lang='lat' dir='ltr'><strong>est</strong></span> <span class='ocrx_word' id='word_1_293' title='bbox 429 3646 597 3703; x_wconf 62' lang='lat' dir='ltr'><strong>postea</strong></span> <span class='ocrx_word' id='word_1_294' title='bbox 640 3640 898 3697; x_wconf 76' lang='lat' dir='ltr'><strong>corrupta.</strong></span> <span class='ocrx_word' id='word_1_295' title='bbox 933 3627 1127 3681; x_wconf 72' lang='lat' dir='ltr'><strong>Natura</strong></span> <span class='ocrx_word' id='word_1_296' title='bbox 1160 3624 1354 3693; x_wconf 82' lang='lat' dir='ltr'><strong>quippe</strong></span> <span class='ocrx_word' id='word_1_297' title='bbox 1397 3619 1647 3691; x_wconf 21' lang='lat' dir='ltr'><strong>hominis,</strong></span> <span class='ocrx_word' id='word_1_298' title='bbox 1671 3616 1916 3687; x_wconf 84' lang='lat' dir='ltr'><strong>primitus</strong></span> 
     </span>
    </p>
   </div>
   <div class='ocr_carea' id='block_1_35' title="bbox 328 3719 1916 3789">
    <p class='ocr_par' dir='ltr' id='par_1_35' title="bbox 328 3719 1916 3789">
     <span class='ocr_line' id='line_1_35' title="bbox 328 3719 1916 3789; baseline -0.013 -7"><span class='ocrx_word' id='word_1_299' title='bbox 328 3730 588 3789; x_wconf 60' lang='lat' dir='ltr'><strong>incultam</strong></span> <span class='ocrx_word' id='word_1_300' title='bbox 633 3735 686 3780; x_wconf 87' lang='lat' dir='ltr'><strong>et</strong></span> <span class='ocrx_word' id='word_1_301' title='bbox 732 3725 847 3777; x_wconf 70' lang='lat' dir='ltr'><strong>sine</strong></span> <span class='ocrx_word' id='word_1_302' title='bbox 892 3721 997 3773; x_wconf 89' lang='lat' dir='ltr'><strong>tdlo</strong></span> <span class='ocrx_word' id='word_1_303' title='bbox 1039 3720 1163 3772; x_wconf 88' lang='lat' dir='ltr'><strong>vitio</strong></span> <span class='ocrx_word' id='word_1_304' title='bbox 1190 3727 1367 3770; x_wconf 88' lang='lat' dir='ltr'><strong>creata</strong></span> <span class='ocrx_word' id='word_1_305' title='bbox 1399 3722 1480 3767; x_wconf 75' lang='lat' dir='ltr'><strong>e~t</strong></span> <span class='ocrx_word' id='word_1_306' title='bbox 1511 3731 1522 3763; x_wconf 91' lang='lat'>:</span> <span class='ocrx_word' id='word_1_307' title='bbox 1558 3719 1742 3763; x_wconf 86' lang='lat' dir='ltr'><strong>natura</strong></span> <span class='ocrx_word' id='word_1_308' title='bbox 1789 3724 1916 3762; x_wconf 87' lang='lat' dir='ltr'><strong>vero</strong></span> 
     </span>
    </p>
   </div>
   <div class='ocr_carea' id='block_1_36' title="bbox 329 3804 1911 3887">
    <p class='ocr_par' dir='ltr' id='par_1_36' title="bbox 329 3804 1911 3887">
     <span class='ocr_line' id='line_1_36' title="bbox 329 3804 1911 3887; baseline -0.012 -14"><span class='ocrx_word' id='word_1_309' title='bbox 329 3823 427 3885; x_wconf 52' lang='lat' dir='ltr'><strong>ista</strong></span> <span class='ocrx_word' id='word_1_310' title='bbox 476 3819 726 3878; x_wconf 78' lang='lat' dir='ltr'><strong>hominis,</strong></span> <span class='ocrx_word' id='word_1_311' title='bbox 767 3833 866 3887; x_wconf 90' lang='lat' dir='ltr'><strong>qua</strong></span> <span class='ocrx_word' id='word_1_312' title='bbox 914 3812 1273 3880; x_wconf 67' lang='lat' dir='ltr'><strong>ttttttsqttisqtte</strong></span> <span class='ocrx_word' id='word_1_313' title='bbox 1323 3822 1389 3861; x_wconf 80' lang='lat' dir='ltr'><strong>ex</strong></span> <span class='ocrx_word' id='word_1_314' title='bbox 1442 3805 1610 3860; x_wconf 81' lang='lat' dir='ltr'><strong>Adam</strong></span> <span class='ocrx_word' id='word_1_315' title='bbox 1657 3804 1911 3866; x_wconf 83' lang='lat' dir='ltr'><strong>nascitur,</strong></span> 
     </span>
    </p>
   </div>
   <div class='ocr_carea' id='block_1_37' title="bbox 328 3895 1918 3986">
    <p class='ocr_par' dir='ltr' id='par_1_37' title="bbox 328 3895 1918 3986">
     <span class='ocr_line' id='line_1_37' title="bbox 328 3895 1918 3986; baseline -0.013 -18"><span class='ocrx_word' id='word_1_316' title='bbox 328 3914 438 3986; x_wconf 44' lang='lat' dir='ltr'><strong>join</strong></span> <span class='ocrx_word' id='word_1_317' title='bbox 485 3914 692 3968; x_wconf 77' lang='grc' dir='ltr'>ιιιοιιὶιο</span> <span class='ocrx_word' id='word_1_318' title='bbox 733 3911 952 3978; x_wconf 68' lang='lat' dir='ltr'><strong>indiget,</strong></span> <span class='ocrx_word' id='word_1_319' title='bbox 982 3907 1101 3973; x_wconf 86' lang='lat' dir='ltr'><strong>quia</strong></span> <span class='ocrx_word' id='word_1_320' title='bbox 1140 3920 1266 3957; x_wconf 83' lang='lat' dir='ltr'><strong>sana</strong></span> <span class='ocrx_word' id='word_1_321' title='bbox 1314 3917 1414 3953; x_wconf 87' lang='lat' dir='ltr'><strong>non</strong></span> <span class='ocrx_word' id='word_1_322' title='bbox 1448 3910 1548 3954; x_wconf 85' lang='lat' dir='ltr'><strong>est.</strong></span> <span class='ocrx_word' id='word_1_323' title='bbox 1580 3897 1765 3952; x_wconf 86' lang='lat' dir='ltr'><strong>Omnia</strong></span> <span class='ocrx_word' id='word_1_324' title='bbox 1797 3895 1918 3965; x_wconf 85' lang='lat' dir='ltr'><strong>qui-</strong></span> 
     </span>
    </p>
   </div>
   <div class='ocr_carea' id='block_1_38' title="bbox 330 3989 1915 4072">
    <p class='ocr_par' dir='ltr' id='par_1_38' title="bbox 330 3989 1915 4072">
     <span class='ocr_line' id='line_1_38' title="bbox 330 3989 1915 4072; baseline -0.014 -13"><span class='ocrx_word' id='word_1_325' title='bbox 330 4006 450 4060; x_wconf 83' lang='lat' dir='ltr'><strong>dent</strong></span> <span class='ocrx_word' id='word_1_326' title='bbox 486 4007 640 4065; x_wconf 82' lang='lat' dir='ltr'><strong>bona,</strong></span> <span class='ocrx_word' id='word_1_327' title='bbox 673 4020 788 4072; x_wconf 70' lang='lat' dir='ltr'><strong>quae</strong></span> <span class='ocrx_word' id='word_1_328' title='bbox 834 4000 989 4053; x_wconf 82' lang='lat' dir='ltr'><strong>liabet</strong></span> <span class='ocrx_word' id='word_1_329' title='bbox 1032 3995 1439 4052; x_wconf 73' lang='lat' dir='ltr'><strong>informatione.</strong></span> <span class='ocrx_word' id='word_1_330' title='bbox 1481 3991 1609 4054; x_wconf 89' lang='lat' dir='ltr'><strong>vita,</strong></span> <span class='ocrx_word' id='word_1_331' title='bbox 1648 3989 1915 4052; x_wconf 73' lang='lat' dir='ltr'><strong>sensibus,</strong></span> 
     </span>
    </p>
   </div>
   <div class='ocr_carea' id='block_1_39' title="bbox 334 4081 1920 4154">
    <p class='ocr_par' dir='ltr' id='par_1_39' title="bbox 334 4081 1920 4154">
     <span class='ocr_line' id='line_1_39' title="bbox 334 4081 1920 4154; baseline -0.011 -3"><span class='ocrx_word' id='word_1_332' title='bbox 334 4109 549 4154; x_wconf 82' lang='lat' dir='ltr'><strong>mente.</strong></span> <span class='ocrx_word' id='word_1_333' title='bbox 610 4110 639 4149; x_wconf 88' lang='lat' dir='ltr'><strong>a</strong></span> <span class='ocrx_word' id='word_1_334' title='bbox 694 4108 905 4147; x_wconf 85' lang='lat' dir='ltr'><strong>Stttutuo</strong></span> <span class='ocrx_word' id='word_1_335' title='bbox 962 4091 1068 4144; x_wconf 79' lang='lat' dir='ltr'><strong>Deo</strong></span> <span class='ocrx_word' id='word_1_336' title='bbox 1124 4088 1281 4143; x_wconf 78' lang='lat' dir='ltr'><strong>habet</strong></span> <span class='ocrx_word' id='word_1_337' title='bbox 1334 4094 1574 4139; x_wconf 78' lang='lat' dir='ltr'><strong>creatore</strong></span> <span class='ocrx_word' id='word_1_338' title='bbox 1614 4089 1668 4136; x_wconf 90' lang='lat' dir='ltr'><strong>ct</strong></span> <span class='ocrx_word' id='word_1_339' title='bbox 1719 4081 1920 4133; x_wconf 86' lang='lat' dir='ltr'><strong>artitice</strong></span> 
     </span>
    </p>
   </div>
   <div class='ocr_carea' id='block_1_40' title="bbox 335 4174 1920 4251">
    <p class='ocr_par' dir='ltr' id='par_1_40' title="bbox 335 4174 1920 4251">
     <span class='ocr_line' id='line_1_40' title="bbox 335 4174 1920 4251; baseline -0.013 -7"><span class='ocrx_word' id='word_1_340' title='bbox 335 4205 453 4243; x_wconf 68' lang='lat' dir='ltr'><strong>sua.</strong></span> <span class='ocrx_word' id='word_1_341' title='bbox 486 4187 681 4241; x_wconf 75' lang='lat' dir='ltr'><strong>Vitium</strong></span> <span class='ocrx_word' id='word_1_342' title='bbox 728 4202 877 4251; x_wconf 73' lang='lat' dir='ltr'><strong>Vero,</strong></span> <span class='ocrx_word' id='word_1_343' title='bbox 901 4181 1039 4251; x_wconf 86' lang='lat' dir='ltr'><strong>quod</strong></span> <span class='ocrx_word' id='word_1_344' title='bbox 1086 4184 1182 4233; x_wconf 83' lang='lat' dir='ltr'><strong>ista</strong></span> <span class='ocrx_word' id='word_1_345' title='bbox 1236 4177 1492 4231; x_wconf 75' lang='lat' dir='ltr'><strong>naturalia</strong></span> <span class='ocrx_word' id='word_1_346' title='bbox 1546 4174 1681 4229; x_wconf 74' lang='lat' dir='ltr'><strong>bona</strong></span> <span class='ocrx_word' id='word_1_347' title='bbox 1734 4181 1920 4226; x_wconf 80' lang='lat' dir='ltr'><strong>Conte-</strong></span> 
     </span>
    </p>
   </div>
   <div class='ocr_carea' id='block_1_41' title="bbox 333 4264 1923 4340">
    <p class='ocr_par' dir='ltr' id='par_1_41' title="bbox 333 4264 1923 4340">
     <span class='ocr_line' id='line_1_41' title="bbox 333 4264 1923 4340; baseline -0.012 -10"><span class='ocrx_word' id='word_1_348' title='bbox 333 4281 524 4334; x_wconf 67' lang='lat' dir='ltr'><strong>ncbt‘at</strong></span> <span class='ocrx_word' id='word_1_349' title='bbox 573 4288 625 4332; x_wconf 89' lang='lat' dir='ltr'><strong>et</strong></span> <span class='ocrx_word' id='word_1_350' title='bbox 677 4279 938 4340; x_wconf 87' lang='lat' dir='ltr'><strong>ittlirtuat,</strong></span> <span class='ocrx_word' id='word_1_351' title='bbox 992 4282 1048 4326; x_wconf 86' lang='grc' dir='ltr'><strong>ιιι</strong></span> <span class='ocrx_word' id='word_1_352' title='bbox 1100 4269 1488 4326; x_wconf 72' lang='lat' dir='ltr'><strong>ilitttniutttimtc</strong></span> <span class='ocrx_word' id='word_1_353' title='bbox 1537 4275 1589 4320; x_wconf 90' lang='lat' dir='ltr'><strong>et</strong></span> <span class='ocrx_word' id='word_1_354' title='bbox 1645 4264 1923 4319; x_wconf 75' lang='lat' dir='ltr'><strong>curatione</strong></span> 
     </span>
    </p>
   </div>
   <div class='ocr_carea' id='block_1_42' title="bbox 333 4359 1922 4444">
    <p class='ocr_par' dir='ltr' id='par_1_42' title="bbox 333 4359 1922 4444">
     <span class='ocr_line' id='line_1_42' title="bbox 333 4359 1922 4444; baseline -0.009 -21"><span class='ocrx_word' id='word_1_355' title='bbox 333 4388 467 4444; x_wconf 69' lang='lat' dir='ltr'><strong>opus</strong></span> <span class='ocrx_word' id='word_1_356' title='bbox 515 4370 725 4429; x_wconf 63' lang='lat' dir='ltr'><strong>habt-at,</strong></span> <span class='ocrx_word' id='word_1_357' title='bbox 776 4383 880 4420; x_wconf 90' lang='lat' dir='ltr'><strong>nou</strong></span> <span class='ocrx_word' id='word_1_358' title='bbox 920 4366 986 4418; x_wconf 89' lang='lat' dir='ltr'><strong>ab</strong></span> <span class='ocrx_word' id='word_1_359' title='bbox 1026 4363 1329 4432; x_wconf 74' lang='lat' dir='ltr'><strong>inculpabili</strong></span> <span class='ocrx_word' id='word_1_360' title='bbox 1362 4359 1562 4416; x_wconf 76' lang='lat' dir='ltr'><strong>artifice</strong></span> <span class='ocrx_word' id='word_1_361' title='bbox 1592 4367 1922 4411; x_wconf 86' lang='lat' dir='ltr'><strong>contractum</strong></span> 
     </span>
    </p>
   </div>
   <div class='ocr_carea' id='block_1_43' title="bbox 334 4449 1926 4527">
    <p class='ocr_par' dir='ltr' id='par_1_43' title="bbox 334 4449 1926 4527">
     <span class='ocr_line' id='line_1_43' title="bbox 334 4449 1926 4527; baseline -0.01 -12"><span class='ocrx_word' id='word_1_362' title='bbox 334 4472 447 4522; x_wconf 82' lang='lat' dir='ltr'><strong>est;</strong></span> <span class='ocrx_word' id='word_1_363' title='bbox 490 4462 582 4515; x_wconf 78' lang='lat' dir='ltr'><strong>scd</strong></span> <span class='ocrx_word' id='word_1_364' title='bbox 623 4476 685 4513; x_wconf 68' lang='lat' dir='ltr'><strong>es</strong></span> <span class='ocrx_word' id='word_1_365' title='bbox 728 4457 972 4527; x_wconf 75' lang='lat' dir='ltr'><strong>originali</strong></span> <span class='ocrx_word' id='word_1_366' title='bbox 1006 4464 1240 4524; x_wconf 76' lang='lat' dir='ltr'><strong>peccato,</strong></span> <span class='ocrx_word' id='word_1_367' title='bbox 1272 4451 1409 4521; x_wconf 91' lang='lat' dir='ltr'><strong>quod</strong></span> <span class='ocrx_word' id='word_1_368' title='bbox 1456 4449 1803 4503; x_wconf 62' lang='lat' dir='ltr'><strong>enunuissum</strong></span> <span class='ocrx_word' id='word_1_369' title='bbox 1843 4453 1926 4500; x_wconf 82' lang='lat' dir='ltr'><strong>est</strong></span> 
     </span>
    </p>
   </div>
   <div class='ocr_carea' id='block_1_44' title="bbox 336 4538 1927 4617">
    <p class='ocr_par' dir='ltr' id='par_1_44' title="bbox 336 4538 1927 4617">
     <span class='ocr_line' id='line_1_44' title="bbox 336 4538 1927 4617; baseline -0.009 -11"><span class='ocrx_word' id='word_1_370' title='bbox 336 4552 503 4606; x_wconf 86' lang='lat' dir='ltr'><strong>lihern</strong></span> <span class='ocrx_word' id='word_1_371' title='bbox 528 4550 766 4603; x_wconf 60' lang='lat' dir='ltr'><strong>arbttrio.</strong></span> <span class='ocrx_word' id='word_1_372' title='bbox 802 4551 876 4602; x_wconf 72' lang='lat' dir='ltr'><strong>At:</strong></span> <span class='ocrx_word' id='word_1_373' title='bbox 913 4564 1005 4617; x_wconf 80' lang='lat' dir='ltr'><strong>per</strong></span> <span class='ocrx_word' id='word_1_374' title='bbox 1042 4548 1141 4599; x_wconf 87' lang='lat' dir='ltr'><strong>huc</strong></span> <span class='ocrx_word' id='word_1_375' title='bbox 1183 4564 1212 4597; x_wconf 92' lang='grc' dir='ltr'><strong>ιι</strong></span> <span class='ocrx_word' id='word_1_376' title='bbox 1235 4554 1365 4596; x_wconf 83' lang='lat' dir='ltr'><strong>.tura</strong></span> <span class='ocrx_word' id='word_1_377' title='bbox 1397 4542 1618 4610; x_wconf 57' lang='lat' dir='ltr'><strong>[agitans</strong></span> <span class='ocrx_word' id='word_1_378' title='bbox 1653 4540 1716 4593; x_wconf 87' lang='lat' dir='ltr'><strong>ad</strong></span> <span class='ocrx_word' id='word_1_379' title='bbox 1756 4538 1927 4592; x_wconf 68' lang='lat' dir='ltr'><strong>vindiv</strong></span> 
     </span>
    </p>
   </div>
   <div class='ocr_carea' id='block_1_45' title="bbox 336 4634 1926 4711">
    <p class='ocr_par' dir='ltr' id='par_1_45' title="bbox 336 4634 1926 4711">
     <span class='ocr_line' id='line_1_45' title="bbox 336 4634 1926 4711; baseline -0.006 -16"><span class='ocrx_word' id='word_1_380' title='bbox 336 4655 475 4695; x_wconf 84' lang='lat' dir='ltr'><strong>ctam</strong></span> <span class='ocrx_word' id='word_1_381' title='bbox 512 4642 858 4711; x_wconf 65' lang='lat' dir='ltr'><strong>justissiiuaut</strong></span> <span class='ocrx_word' id='word_1_382' title='bbox 899 4639 1144 4707; x_wconf 74' lang='lat' dir='ltr'><strong>pertinet.</strong></span> <span class='ocrx_word' id='word_1_383' title='bbox 1193 4635 1246 4690; x_wconf 87' lang='lat' dir='ltr'><strong>Si</strong></span> <span class='ocrx_word' id='word_1_384' title='bbox 1279 4634 1353 4707; x_wconf 87' lang='grc' dir='ltr'>(ιι)</span> <span class='ocrx_word' id='word_1_385' title='bbox 1379 4638 1517 4689; x_wconf 74' lang='lat' dir='ltr'><strong>enim</strong></span> <span class='ocrx_word' id='word_1_386' title='bbox 1538 4635 1645 4704; x_wconf 81' lang='lat' dir='ltr'><strong>jam</strong></span> <span class='ocrx_word' id='word_1_387' title='bbox 1668 4639 1926 4688; x_wconf 68' lang='lat' dir='ltr'><strong>sumitth</strong></span> 
     </span>
    </p>
   </div>
   <div class='ocr_carea' id='block_1_46' title="bbox 339 4728 1929 4799">
    <p class='ocr_par' dir='ltr' id='par_1_46' title="bbox 339 4728 1929 4799">
     <span class='ocr_line' id='line_1_46' title="bbox 339 4728 1929 4799; baseline -0.008 -8"><span class='ocrx_word' id='word_1_388' title='bbox 339 4738 549 4791; x_wconf 73' lang='lat' dir='ltr'><strong>(.hristo</strong></span> <span class='ocrx_word' id='word_1_389' title='bbox 579 4750 715 4789; x_wconf 87' lang='lat' dir='ltr'><strong>nova</strong></span> <span class='ocrx_word' id='word_1_390' title='bbox 747 4746 988 4787; x_wconf 70' lang='lat' dir='ltr'><strong>creatura</strong></span> <span class='ocrx_word' id='word_1_391' title='bbox 1040 4731 1111 4799; x_wconf 87' lang='lat' dir='ltr'><strong>(ll</strong></span> <span class='ocrx_word' id='word_1_392' title='bbox 1139 4728 1260 4785; x_wconf 87' lang='lat' dir='ltr'><strong>Cor.</strong></span> <span class='ocrx_word' id='word_1_393' title='bbox 1290 4745 1341 4789; x_wconf 76' lang='grc' dir='ltr'><strong>γ.</strong></span> <span class='ocrx_word' id='word_1_394' title='bbox 1382 4730 1489 4798; x_wconf 80' lang='grc'><strong>17),</strong></span> <span class='ocrx_word' id='word_1_395' title='bbox 1525 4738 1696 4781; x_wconf 88' lang='lat' dir='ltr'><strong>tamen</strong></span> <span class='ocrx_word' id='word_1_396' title='bbox 1729 4742 1929 4781; x_wconf 74' lang='lat' dir='ltr'><strong>eramus</strong></span> 
     </span>
    </p>
   </div>
   <div class='ocr_carea' id='block_1_47' title="bbox 341 4819 1929 4896">
    <p class='ocr_par' dir='ltr' id='par_1_47' title="bbox 341 4819 1929 4896">
     <span class='ocr_line' id='line_1_47' title="bbox 341 4819 1929 4896; baseline -0.007 -14"><span class='ocrx_word' id='word_1_397' title='bbox 341 4841 523 4882; x_wconf 80' lang='lat' dir='ltr'><strong>natura</strong></span> <span class='ocrx_word' id='word_1_398' title='bbox 565 4828 658 4896; x_wconf 75' lang='lat' dir='ltr'><strong>[itii</strong></span> <span class='ocrx_word' id='word_1_399' title='bbox 690 4828 798 4889; x_wconf 78' lang='lat' dir='ltr'><strong>irw,</strong></span> <span class='ocrx_word' id='word_1_400' title='bbox 823 4826 949 4877; x_wconf 73' lang='lat' dir='ltr'><strong>sicut</strong></span> <span class='ocrx_word' id='word_1_401' title='bbox 980 4835 1023 4877; x_wconf 84' lang='lat' dir='ltr'><strong>et</strong></span> <span class='ocrx_word' id='word_1_402' title='bbox 1054 4823 1218 4876; x_wconf 77' lang='lat' dir='ltr'><strong>cwtcri</strong></span> <span class='ocrx_word' id='word_1_403' title='bbox 1245 4840 1257 4873; x_wconf 93' lang='lat'><strong>:</strong></span> <span class='ocrx_word' id='word_1_404' title='bbox 1305 4820 1439 4873; x_wconf 72' lang='lat' dir='ltr'><strong>Deus</strong></span> <span class='ocrx_word' id='word_1_405' title='bbox 1468 4834 1635 4871; x_wconf 80' lang='lat' dir='ltr'><strong>autem</strong></span> <span class='ocrx_word' id='word_1_406' title='bbox 1678 4819 1765 4887; x_wconf 84' lang='lat' dir='ltr'><strong>qui</strong></span> <span class='ocrx_word' id='word_1_407' title='bbox 1794 4819 1929 4871; x_wconf 65' lang='lat' dir='ltr'><strong>dives</strong></span> 
     </span>
    </p>
   </div>
   <div class='ocr_carea' id='block_1_48' title="bbox 342 4912 1932 4987">
    <p class='ocr_par' dir='ltr' id='par_1_48' title="bbox 342 4912 1932 4987">
     <span class='ocr_line' id='line_1_48' title="bbox 342 4912 1932 4987; baseline -0.008 -12"><span class='ocrx_word' id='word_1_408' title='bbox 342 4932 412 4976; x_wconf 76' lang='lat' dir='ltr'><strong>est</strong></span> <span class='ocrx_word' id='word_1_409' title='bbox 453 4921 503 4974; x_wconf 83' lang='lat' dir='ltr'><strong>in</strong></span> <span class='ocrx_word' id='word_1_410' title='bbox 554 4918 916 4982; x_wconf 62' lang='lat' dir='ltr'><strong>umrricm&#39;dta,</strong></span> <span class='ocrx_word' id='word_1_411' title='bbox 964 4927 1167 4987; x_wconf 80' lang='lat' dir='ltr'><strong>piOptcr</strong></span> <span class='ocrx_word' id='word_1_412' title='bbox 1224 4916 1432 4966; x_wconf 85' lang='lat' dir='ltr'><strong>multant</strong></span> <span class='ocrx_word' id='word_1_413' title='bbox 1472 4912 1789 4965; x_wconf 61' lang='lat' dir='ltr'><strong>dilationem</strong></span> <span class='ocrx_word' id='word_1_414' title='bbox 1830 4928 1932 4981; x_wconf 82' lang='lat' dir='ltr'><strong>qua</strong></span> 
     </span>
    </p>
   </div>
   <div class='ocr_carea' id='block_1_49' title="bbox 342 5003 1931 5074">
    <p class='ocr_par' dir='ltr' id='par_1_49' title="bbox 342 5003 1931 5074">
     <span class='ocr_line' id='line_1_49' title="bbox 342 5003 1931 5074; baseline -0.007 -9"><span class='ocrx_word' id='word_1_415' title='bbox 342 5013 516 5066; x_wconf 68' lang='lat' dir='ltr'><strong>dilexit</strong></span> <span class='ocrx_word' id='word_1_416' title='bbox 546 5028 655 5074; x_wconf 75' lang='lat' dir='ltr'><strong>nos,</strong></span> <span class='ocrx_word' id='word_1_417' title='bbox 689 5020 732 5062; x_wconf 85' lang='lat' dir='ltr'><strong>ct</strong></span> <span class='ocrx_word' id='word_1_418' title='bbox 759 5026 870 5061; x_wconf 78' lang='lat' dir='ltr'><strong>cum</strong></span> <span class='ocrx_word' id='word_1_419' title='bbox 896 5024 1115 5061; x_wconf 74' lang='lat' dir='ltr'><strong>essemus</strong></span> <span class='ocrx_word' id='word_1_420' title='bbox 1159 5005 1341 5057; x_wconf 88' lang='lat' dir='ltr'><strong>mortui</strong></span> <span class='ocrx_word' id='word_1_421' title='bbox 1367 5004 1579 5065; x_wconf 71' lang='lat' dir='ltr'><strong>delictis,</strong></span> <span class='ocrx_word' id='word_1_422' title='bbox 1612 5003 1931 5068; x_wconf 65' lang='lat' dir='ltr'><strong>rouvit&#39;iﬁca-</strong></span> 
     </span>
    </p>
   </div>
   <div class='ocr_carea' id='block_1_50' title="bbox 342 5095 1929 5172">
    <p class='ocr_par' dir='ltr' id='par_1_50' title="bbox 342 5095 1929 5172">
     <span class='ocr_line' id='line_1_50' title="bbox 342 5095 1929 5172; baseline -0.006 -14"><span class='ocrx_word' id='word_1_423' title='bbox 342 5107 409 5159; x_wconf 72' lang='grc' dir='ltr'><strong>υἰι</strong></span> <span class='ocrx_word' id='word_1_424' title='bbox 443 5122 533 5157; x_wconf 75' lang='lat' dir='ltr'><strong>nos</strong></span> <span class='ocrx_word' id='word_1_425' title='bbox 574 5103 793 5167; x_wconf 67' lang='lat' dir='ltr'><strong>Christo,</strong></span> <span class='ocrx_word' id='word_1_426' title='bbox 835 5103 980 5171; x_wconf 77' lang='lat' dir='ltr'><strong>cujus</strong></span> <span class='ocrx_word' id='word_1_427' title='bbox 1022 5100 1183 5172; x_wconf 74' lang='lat' dir='ltr'><strong>gratia</strong></span> <span class='ocrx_word' id='word_1_428' title='bbox 1212 5115 1384 5152; x_wconf 78' lang='lat' dir='ltr'><strong>sumus</strong></span> <span class='ocrx_word' id='word_1_429' title='bbox 1409 5097 1534 5151; x_wconf 80' lang='lat' dir='ltr'><strong>sulci</strong></span> <span class='ocrx_word' id='word_1_430' title='bbox 1572 5097 1694 5168; x_wconf 75' lang='lat' dir='ltr'><strong>[arti</strong></span> <span class='ocrx_word' id='word_1_431' title='bbox 1715 5095 1929 5168; x_wconf 70' lang='lat' dir='ltr'><strong>(Ep/tes.</strong></span> 
     </span>
    </p>
   </div>
   <div class='ocr_carea' id='block_1_51' title="bbox 345 5198 573 5263">
    <p class='ocr_par' dir='ltr' id='par_1_51' title="bbox 345 5198 573 5263">
     <span class='ocr_line' id='line_1_51' title="bbox 345 5198 573 5263; baseline -0.022 -10"><span class='ocrx_word' id='word_1_432' title='bbox 345 5214 403 5263; x_wconf 87' lang='grc' dir='ltr'>ιι,</span> <span class='ocrx_word' id='word_1_433' title='bbox 432 5198 573 5261; x_wconf 70' lang='lat'><strong>5-5).</strong></span> 
     </span>
    </p>
   </div>
   <div class='ocr_carea' id='block_1_52' title="bbox 415 5281 1933 5357">
    <p class='ocr_par' dir='ltr' id='par_1_52' title="bbox 415 5281 1933 5357">
     <span class='ocr_line' id='line_1_52' title="bbox 415 5281 1933 5357; baseline -0.007 -10"><span class='ocrx_word' id='word_1_434' title='bbox 415 5290 639 5347; x_wconf 62' lang='lat' dir='ltr'><strong>CAPUT</strong></span> <span class='ocrx_word' id='word_1_435' title='bbox 666 5289 895 5344; x_wconf 48' lang='grc' dir='ltr'>ιιι-ι.</span> <span class='ocrx_word' id='word_1_436' title='bbox 920 5286 1095 5341; x_wconf 78' lang='lat' dir='ltr'><strong>Gratia</strong></span> <span class='ocrx_word' id='word_1_437' title='bbox 1122 5287 1362 5357; x_wconf 83' lang='lat' dir='ltr'><strong>gratuita.</strong></span> <span class='ocrx_word' id='word_1_438' title='bbox 1390 5282 1514 5337; x_wconf 68' lang='lat' dir='ltr'><strong>lltcc</strong></span> <span class='ocrx_word' id='word_1_439' title='bbox 1535 5295 1709 5337; x_wconf 85' lang='lat' dir='ltr'><strong>autem</strong></span> <span class='ocrx_word' id='word_1_440' title='bbox 1734 5281 1933 5337; x_wconf 78' lang='lat' dir='ltr'><strong>Christi</strong></span> 
     </span>
    </p>
   </div>
   <div class='ocr_carea' id='block_1_53' title="bbox 344 5368 1936 5457">
    <p class='ocr_par' dir='ltr' id='par_1_53' title="bbox 344 5368 1936 5457">
     <span class='ocr_line' id='line_1_53' title="bbox 344 5368 1936 5457; baseline -0.007 -19"><span class='ocrx_word' id='word_1_441' title='bbox 344 5388 564 5457; x_wconf 71' lang='lat' dir='ltr'><strong>gratia‘,</strong></span> <span class='ocrx_word' id='word_1_442' title='bbox 611 5388 726 5438; x_wconf 88' lang='lat' dir='ltr'><strong>sine</strong></span> <span class='ocrx_word' id='word_1_443' title='bbox 770 5400 871 5456; x_wconf 90' lang='lat' dir='ltr'><strong>qua</strong></span> <span class='ocrx_word' id='word_1_444' title='bbox 918 5397 1015 5436; x_wconf 87' lang='lat' dir='ltr'><strong>nec</strong></span> <span class='ocrx_word' id='word_1_445' title='bbox 1064 5379 1323 5441; x_wconf 77' lang='lat' dir='ltr'><strong>infantes,</strong></span> <span class='ocrx_word' id='word_1_446' title='bbox 1371 5393 1467 5431; x_wconf 88' lang='lat' dir='ltr'><strong>nec</strong></span> <span class='ocrx_word' id='word_1_447' title='bbox 1506 5385 1661 5430; x_wconf 77' lang='lat' dir='ltr'><strong>aetate</strong></span> <span class='ocrx_word' id='word_1_448' title='bbox 1707 5368 1936 5445; x_wconf 75' lang='lat' dir='ltr'><strong>grandes</strong></span> 
     </span>
    </p>
   </div>
   <div class='ocr_carea' id='block_1_54' title="bbox 346 5468 1939 5545">
    <p class='ocr_par' dir='ltr' id='par_1_54' title="bbox 346 5468 1939 5545">
     <span class='ocr_line' id='line_1_54' title="bbox 346 5468 1939 5545; baseline -0.007 -14"><span class='ocrx_word' id='word_1_449' title='bbox 346 5479 473 5531; x_wconf 67' lang='lat' dir='ltr'><strong>salvi</strong></span> <span class='ocrx_word' id='word_1_450' title='bbox 519 5477 631 5531; x_wconf 88' lang='lat' dir='ltr'><strong>licri</strong></span> <span class='ocrx_word' id='word_1_451' title='bbox 687 5484 927 5545; x_wconf 70' lang='lat' dir='ltr'><strong>pessum,</strong></span> <span class='ocrx_word' id='word_1_452' title='bbox 959 5490 1061 5526; x_wconf 85' lang='lat' dir='ltr'><strong>non</strong></span> <span class='ocrx_word' id='word_1_453' title='bbox 1111 5473 1314 5527; x_wconf 79' lang='lat' dir='ltr'><strong>meritis</strong></span> <span class='ocrx_word' id='word_1_454' title='bbox 1342 5471 1598 5532; x_wconf 86' lang='lat' dir='ltr'><strong>redditur,</strong></span> <span class='ocrx_word' id='word_1_455' title='bbox 1633 5470 1726 5522; x_wconf 76' lang='lat' dir='ltr'><strong>srd</strong></span> <span class='ocrx_word' id='word_1_456' title='bbox 1775 5468 1939 5539; x_wconf 88' lang='lat' dir='ltr'><strong>gratis</strong></span> 
     </span>
    </p>
   </div>
   <div class='ocr_carea' id='block_1_55' title="bbox 350 5561 1936 5639">
    <p class='ocr_par' dir='ltr' id='par_1_55' title="bbox 350 5561 1936 5639">
     <span class='ocr_line' id='line_1_55' title="bbox 350 5561 1936 5639; baseline -0.009 -13"><span class='ocrx_word' id='word_1_457' title='bbox 350 5573 534 5634; x_wconf 82' lang='lat' dir='ltr'><strong>datur;</strong></span> <span class='ocrx_word' id='word_1_458' title='bbox 583 5580 798 5639; x_wconf 83' lang='lat' dir='ltr'><strong>pmptcr</strong></span> <span class='ocrx_word' id='word_1_459' title='bbox 828 5567 967 5638; x_wconf 74' lang='lat' dir='ltr'><strong>quod</strong></span> <span class='ocrx_word' id='word_1_460' title='bbox 998 5576 1052 5620; x_wconf 83' lang='lat' dir='ltr'><strong>et</strong></span> <span class='ocrx_word' id='word_1_461' title='bbox 1079 5563 1245 5637; x_wconf 61' lang='lat' dir='ltr'><strong>gratia</strong></span> <span class='ocrx_word' id='word_1_462' title='bbox 1276 5565 1595 5618; x_wconf 76' lang='lat' dir='ltr'><strong>nominatur.</strong></span> <span class='ocrx_word' id='word_1_463' title='bbox 1636 5561 1936 5629; x_wconf 73' lang='lat' dir='ltr'><strong>Iusti/irati,</strong></span> 
     </span>
    </p>
   </div>
   <div class='ocr_carea' id='block_1_56' title="bbox 350 5650 1938 5735">
    <p class='ocr_par' dir='ltr' id='par_1_56' title="bbox 350 5650 1938 5735">
     <span class='ocr_line' id='line_1_56' title="bbox 350 5650 1938 5735; baseline -0.007 -16"><span class='ocrx_word' id='word_1_464' title='bbox 350 5666 538 5734; x_wconf 81' lang='lat' dir='ltr'><strong>inquit,</strong></span> <span class='ocrx_word' id='word_1_465' title='bbox 570 5664 729 5735; x_wconf 78' lang='lat' dir='ltr'><strong>gratis</strong></span> <span class='ocrx_word' id='word_1_466' title='bbox 774 5678 865 5731; x_wconf 81' lang='lat' dir='ltr'><strong>per</strong></span> <span class='ocrx_word' id='word_1_467' title='bbox 904 5650 1197 5732; x_wconf 64' lang='grc' dir='ltr'><strong>ειιιυμιῖιιεεη</strong></span> <span class='ocrx_word' id='word_1_468' title='bbox 1228 5658 1406 5729; x_wconf 77' lang='lat' dir='ltr'><strong>ipsius.</strong></span> <span class='ocrx_word' id='word_1_469' title='bbox 1438 5656 1592 5713; x_wconf 85' lang='lat' dir='ltr'><strong>Unde</strong></span> <span class='ocrx_word' id='word_1_470' title='bbox 1633 5656 1666 5710; x_wconf 92' lang='lat' dir='ltr'><strong>ii</strong></span> <span class='ocrx_word' id='word_1_471' title='bbox 1702 5658 1787 5732; x_wconf 71' lang='lat' dir='ltr'><strong>qpi</strong></span> <span class='ocrx_word' id='word_1_472' title='bbox 1833 5672 1938 5710; x_wconf 85' lang='lat' dir='ltr'><strong>non</strong></span> 
     </span>
    </p>
   </div>
   <div class='ocr_carea' id='block_1_57' title="bbox 414 5789 1941 5855">
    <p class='ocr_par' dir='ltr' id='par_1_57' title="bbox 414 5789 1941 5855">
     <span class='ocr_line' id='line_1_57' title="bbox 414 5789 1941 5855; baseline -0.005 -7"><span class='ocrx_word' id='word_1_473' title='bbox 414 5801 430 5832; x_wconf 77' lang='grc'>³</span> <span class='ocrx_word' id='word_1_474' title='bbox 457 5810 557 5849; x_wconf 76' lang='lat' dir='ltr'><strong>Am.</strong></span> <span class='ocrx_word' id='word_1_475' title='bbox 596 5804 670 5848; x_wconf 86' lang='lat' dir='ltr'><strong>Er.</strong></span> <span class='ocrx_word' id='word_1_476' title='bbox 712 5805 766 5849; x_wconf 87' lang='lat' dir='ltr'><strong>et</strong></span> <span class='ocrx_word' id='word_1_477' title='bbox 801 5795 1025 5846; x_wconf 80' lang='lat' dir='ltr'><strong>Gallicani</strong></span> <span class='ocrx_word' id='word_1_478' title='bbox 1074 5802 1175 5846; x_wconf 68' lang='lat' dir='ltr'><strong>Mss.</strong></span> <span class='ocrx_word' id='word_1_479' title='bbox 1222 5806 1409 5845; x_wconf 78' lang='lat' dir='ltr'><strong>necnon</strong></span> <span class='ocrx_word' id='word_1_480' title='bbox 1457 5792 1693 5855; x_wconf 66' lang='lat' dir='ltr'><strong>Vaticani,</strong></span> <span class='ocrx_word' id='word_1_481' title='bbox 1718 5791 1821 5842; x_wconf 71' lang='lat' dir='ltr'><strong>lucc</strong></span> <span class='ocrx_word' id='word_1_482' title='bbox 1846 5789 1941 5854; x_wconf 77' lang='lat' dir='ltr'><strong>igi-</strong></span> 
     </span>
    </p>
   </div>
   <div class='ocr_carea' id='block_1_58' title="bbox 350 5862 1909 5924">
    <p class='ocr_par' dir='ltr' id='par_1_58' title="bbox 350 5862 1909 5924">
     <span class='ocr_line' id='line_1_58' title="bbox 350 5862 1909 5924; baseline -0.009 -13"><span class='ocrx_word' id='word_1_483' title='bbox 350 5868 425 5911; x_wconf 80' lang='lat' dir='ltr'><strong>tur</strong></span> <span class='ocrx_word' id='word_1_484' title='bbox 439 5862 616 5924; x_wconf 77' lang='lat' dir='ltr'><strong>gratia.</strong></span> <span class='ocrx_word' id='word_1_485' title='bbox 770 5916 781 5924; x_wconf 41' lang='lat'><em>.</em></span> <span class='ocrx_word' id='word_1_486' title='bbox 1902 5879 1909 5886; x_wconf 96' lang='lat'><strong><em>-</em></strong></span> 
     </span>
    </p>
   </div>
   <div class='ocr_carea' id='block_1_59' title="bbox 412 5916 804 5987">
    <p class='ocr_par' dir='ltr' id='par_1_59' title="bbox 412 5916 804 5987">
     <span class='ocr_line' id='line_1_59' title="bbox 412 5916 804 5987; baseline -0.01 -13"><span class='ocrx_word' id='word_1_487' title='bbox 412 5916 485 5987; x_wconf 73' lang='grc' dir='ltr'><strong>(ἃ)</strong></span> <span class='ocrx_word' id='word_1_488' title='bbox 518 5930 673 5985; x_wconf 60' lang='lat' dir='ltr'><strong>rotae,</strong></span> <span class='ocrx_word' id='word_1_489' title='bbox 694 5916 804 5973; x_wconf 74' lang='lat' dir='ltr'><strong>cui.</strong></span> 
     </span>
    </p>
   </div>
   <div class='ocr_carea' id='block_1_60' title="bbox 1759 431 2204 491">
    <p class='ocr_par' dir='ltr' id='par_1_60' title="bbox 1759 431 2204 491">
     <span class='ocr_line' id='line_1_60' title="bbox 1759 431 2204 491; baseline -0.007 0"><span class='ocrx_word' id='word_1_490' title='bbox 1759 432 1962 491; x_wconf 78' lang='lat' dir='ltr'><strong>LlBER</strong></span> <span class='ocrx_word' id='word_1_491' title='bbox 2000 431 2204 491; x_wconf 81' lang='lat' dir='ltr'><strong>UNUS.</strong></span> 
     </span>
    </p>
   </div>
   <div class='ocr_carea' id='block_1_61' title="bbox 2035 551 3626 629">
    <p class='ocr_par' dir='ltr' id='par_1_61' title="bbox 2035 551 3626 629">
     <span class='ocr_line' id='line_1_61' title="bbox 2035 551 3626 629; baseline 0.006 -25"><span class='ocrx_word' id='word_1_492' title='bbox 2035 567 2131 622; x_wconf 81' lang='lat' dir='ltr'><strong>per</strong></span> <span class='ocrx_word' id='word_1_493' title='bbox 2156 551 2295 607; x_wconf 86' lang='lat' dir='ltr'><strong>illam</strong></span> <span class='ocrx_word' id='word_1_494' title='bbox 2326 552 2634 619; x_wconf 80' lang='lat' dir='ltr'><strong>liberantur,</strong></span> <span class='ocrx_word' id='word_1_495' title='bbox 2664 554 2777 609; x_wconf 84' lang='lat' dir='ltr'><strong>sive</strong></span> <span class='ocrx_word' id='word_1_496' title='bbox 2804 553 2926 625; x_wconf 80' lang='lat' dir='ltr'><strong>quia</strong></span> <span class='ocrx_word' id='word_1_497' title='bbox 2954 555 3137 611; x_wconf 85' lang='lat' dir='ltr'><strong>audire</strong></span> <span class='ocrx_word' id='word_1_498' title='bbox 3168 556 3404 613; x_wconf 82' lang='lat' dir='ltr'><strong>nondum</strong></span> <span class='ocrx_word' id='word_1_499' title='bbox 3439 566 3626 629; x_wconf 83' lang='lat' dir='ltr'><strong>potue-</strong></span> 
     </span>
    </p>
   </div>
   <div class='ocr_carea' id='block_1_62' title="bbox 2034 644 3620 713">
    <p class='ocr_par' dir='ltr' id='par_1_62' title="bbox 2034 644 3620 713">
     <span class='ocr_line' id='line_1_62' title="bbox 2034 644 3620 713; baseline 0.004 -16"><span class='ocrx_word' id='word_1_500' title='bbox 2034 652 2178 709; x_wconf 91' lang='lat' dir='ltr'><strong>runt,</strong></span> <span class='ocrx_word' id='word_1_501' title='bbox 2208 644 2321 699; x_wconf 86' lang='lat' dir='ltr'><strong>sive</strong></span> <span class='ocrx_word' id='word_1_502' title='bbox 2363 644 2484 713; x_wconf 89' lang='lat' dir='ltr'><strong>quia</strong></span> <span class='ocrx_word' id='word_1_503' title='bbox 2530 644 2749 702; x_wconf 89' lang='lat' dir='ltr'><strong>obedire</strong></span> <span class='ocrx_word' id='word_1_504' title='bbox 2798 648 3102 713; x_wconf 90' lang='lat' dir='ltr'><strong>noluerunt,</strong></span> <span class='ocrx_word' id='word_1_505' title='bbox 3139 649 3254 705; x_wconf 83' lang='lat' dir='ltr'><strong>sive</strong></span> <span class='ocrx_word' id='word_1_506' title='bbox 3299 650 3461 704; x_wconf 82' lang='lat' dir='ltr'><strong>etiam</strong></span> <span class='ocrx_word' id='word_1_507' title='bbox 3499 665 3620 705; x_wconf 87' lang='lat' dir='ltr'><strong>cum</strong></span> 
     </span>
    </p>
   </div>
   <div class='ocr_carea' id='block_1_63' title="bbox 2034 736 3628 810">
    <p class='ocr_par' dir='ltr' id='par_1_63' title="bbox 2034 736 3628 810">
     <span class='ocr_line' id='line_1_63' title="bbox 2034 736 3628 810; baseline 0.006 -23"><span class='ocrx_word' id='word_1_508' title='bbox 2034 751 2128 805; x_wconf 88' lang='lat' dir='ltr'><strong>per</strong></span> <span class='ocrx_word' id='word_1_509' title='bbox 2156 745 2367 790; x_wconf 79' lang='lat' dir='ltr'><strong>:rtatem</strong></span> <span class='ocrx_word' id='word_1_510' title='bbox 2398 736 2583 793; x_wconf 84' lang='lat' dir='ltr'><strong>audire</strong></span> <span class='ocrx_word' id='word_1_511' title='bbox 2620 754 2724 792; x_wconf 89' lang='lat' dir='ltr'><strong>non</strong></span> <span class='ocrx_word' id='word_1_512' title='bbox 2763 750 3002 809; x_wconf 89' lang='lat' dir='ltr'><strong>possent,</strong></span> <span class='ocrx_word' id='word_1_513' title='bbox 3037 741 3305 795; x_wconf 79' lang='lat' dir='ltr'><strong>lavacrum</strong></span> <span class='ocrx_word' id='word_1_514' title='bbox 3342 757 3628 810; x_wconf 81' lang='lat' dir='ltr'><strong>regenera-</strong></span> 
     </span>
    </p>
   </div>
   <div class='ocr_carea' id='block_1_64' title="bbox 2034 827 3621 903">
    <p class='ocr_par' dir='ltr' id='par_1_64' title="bbox 2034 827 3621 903">
     <span class='ocr_line' id='line_1_64' title="bbox 2034 827 3621 903; baseline 0.004 -21"><span class='ocrx_word' id='word_1_515' title='bbox 2034 827 2193 882; x_wconf 87' lang='lat' dir='ltr'><strong>tionis</strong></span> <span class='ocrx_word' id='word_1_516' title='bbox 2219 828 2356 896; x_wconf 86' lang='lat' dir='ltr'><strong>quod</strong></span> <span class='ocrx_word' id='word_1_517' title='bbox 2387 830 2630 898; x_wconf 88' lang='lat' dir='ltr'><strong>accipere</strong></span> <span class='ocrx_word' id='word_1_518' title='bbox 2671 842 2910 901; x_wconf 80' lang='lat' dir='ltr'><strong>possent,</strong></span> <span class='ocrx_word' id='word_1_519' title='bbox 2943 848 3039 903; x_wconf 83' lang='lat' dir='ltr'><strong>per</strong></span> <span class='ocrx_word' id='word_1_520' title='bbox 3065 834 3203 902; x_wconf 88' lang='lat' dir='ltr'><strong>quod</strong></span> <span class='ocrx_word' id='word_1_521' title='bbox 3232 833 3361 888; x_wconf 84' lang='lat' dir='ltr'><strong>salvi</strong></span> <span class='ocrx_word' id='word_1_522' title='bbox 3408 835 3621 901; x_wconf 77' lang='lat' dir='ltr'><strong>tierent,</strong></span> 
     </span>
    </p>
   </div>
   <div class='ocr_carea' id='block_1_65' title="bbox 2030 923 3624 996">
    <p class='ocr_par' dir='ltr' id='par_1_65' title="bbox 2030 923 3624 996">
     <span class='ocr_line' id='line_1_65' title="bbox 2030 923 3624 996; baseline 0.004 -22"><span class='ocrx_word' id='word_1_523' title='bbox 2030 937 2137 974; x_wconf 88' lang='lat' dir='ltr'><strong>non</strong></span> <span class='ocrx_word' id='word_1_524' title='bbox 2175 933 2517 990; x_wconf 77' lang='lat' dir='ltr'><strong>acceperunt,</strong></span> <span class='ocrx_word' id='word_1_525' title='bbox 2544 923 2687 992; x_wconf 87' lang='lat' dir='ltr'><strong>juste</strong></span> <span class='ocrx_word' id='word_1_526' title='bbox 2733 925 2914 993; x_wconf 91' lang='lat' dir='ltr'><strong>utique</strong></span> <span class='ocrx_word' id='word_1_527' title='bbox 2943 925 3265 980; x_wconf 85' lang='lat' dir='ltr'><strong>damnantur</strong></span> <span class='ocrx_word' id='word_1_528' title='bbox 3293 944 3305 979; x_wconf 94' lang='lat'><strong>:</strong></span> <span class='ocrx_word' id='word_1_529' title='bbox 3335 927 3456 996; x_wconf 89' lang='lat' dir='ltr'><strong>quia</strong></span> <span class='ocrx_word' id='word_1_530' title='bbox 3505 928 3624 981; x_wconf 87' lang='lat' dir='ltr'><strong>sine</strong></span> 
     </span>
    </p>
   </div>
   <div class='ocr_carea' id='block_1_66' title="bbox 2029 1016 3620 1087">
    <p class='ocr_par' dir='ltr' id='par_1_66' title="bbox 2029 1016 3620 1087">
     <span class='ocr_line' id='line_1_66' title="bbox 2029 1016 3620 1087; baseline 0.005 -20"><span class='ocrx_word' id='word_1_531' title='bbox 2029 1023 2249 1083; x_wconf 84' lang='lat' dir='ltr'><strong>peccato</strong></span> <span class='ocrx_word' id='word_1_532' title='bbox 2281 1032 2384 1067; x_wconf 90' lang='lat' dir='ltr'><strong>non</strong></span> <span class='ocrx_word' id='word_1_533' title='bbox 2422 1026 2561 1079; x_wconf 88' lang='lat' dir='ltr'><strong>sunt,</strong></span> <span class='ocrx_word' id='word_1_534' title='bbox 2591 1016 2674 1070; x_wconf 90' lang='lat' dir='ltr'><strong>vel</strong></span> <span class='ocrx_word' id='word_1_535' title='bbox 2697 1017 2838 1085; x_wconf 87' lang='lat' dir='ltr'><strong>quod</strong></span> <span class='ocrx_word' id='word_1_536' title='bbox 2867 1018 3193 1087; x_wconf 81' lang='lat' dir='ltr'><strong>originaliter</strong></span> <span class='ocrx_word' id='word_1_537' title='bbox 3222 1029 3513 1084; x_wconf 78' lang='lat' dir='ltr'><strong>traxerunt,</strong></span> <span class='ocrx_word' id='word_1_538' title='bbox 3540 1021 3620 1075; x_wconf 88' lang='lat' dir='ltr'><strong>vel</strong></span> 
     </span>
    </p>
   </div>
   <div class='ocr_carea' id='block_1_67' title="bbox 2027 1105 3613 1177">
    <p class='ocr_par' dir='ltr' id='par_1_67' title="bbox 2027 1105 3613 1177">
     <span class='ocr_line' id='line_1_67' title="bbox 2027 1105 3613 1177; baseline 0.008 -24"><span class='ocrx_word' id='word_1_539' title='bbox 2027 1105 2165 1172; x_wconf 90' lang='lat' dir='ltr'><strong>quod</strong></span> <span class='ocrx_word' id='word_1_540' title='bbox 2197 1106 2348 1159; x_wconf 79' lang='lat' dir='ltr'><strong>malis</strong></span> <span class='ocrx_word' id='word_1_541' title='bbox 2376 1108 2609 1159; x_wconf 87' lang='lat' dir='ltr'><strong>moribus</strong></span> <span class='ocrx_word' id='word_1_542' title='bbox 2637 1108 2971 1162; x_wconf 83' lang='lat' dir='ltr'><strong>addiderunt.</strong></span> <span class='ocrx_word' id='word_1_543' title='bbox 3009 1108 3195 1162; x_wconf 79' lang='lat' dir='ltr'><strong>Omnes</strong></span> <span class='ocrx_word' id='word_1_544' title='bbox 3224 1112 3355 1163; x_wconf 84' lang='lat' dir='ltr'><strong>enim</strong></span> <span class='ocrx_word' id='word_1_545' title='bbox 3381 1128 3613 1177; x_wconf 68' lang='lat' dir='ltr'><strong>perennc-</strong></span> 
     </span>
    </p>
   </div>
   <div class='ocr_carea' id='block_1_68' title="bbox 2026 1198 3614 1272">
    <p class='ocr_par' dir='ltr' id='par_1_68' title="bbox 2026 1198 3614 1272">
     <span class='ocr_line' id='line_1_68' title="bbox 2026 1198 3614 1272; baseline 0.006 -25"><span class='ocrx_word' id='word_1_546' title='bbox 2026 1207 2162 1260; x_wconf 83' lang='lat' dir='ltr'><strong>ruut,</strong></span> <span class='ocrx_word' id='word_1_547' title='bbox 2192 1198 2303 1252; x_wconf 87' lang='lat' dir='ltr'><strong>sive</strong></span> <span class='ocrx_word' id='word_1_548' title='bbox 2334 1199 2383 1251; x_wconf 92' lang='lat' dir='ltr'><strong>in</strong></span> <span class='ocrx_word' id='word_1_549' title='bbox 2404 1199 2592 1263; x_wconf 80' lang='lat' dir='ltr'><strong>Adam,</strong></span> <span class='ocrx_word' id='word_1_550' title='bbox 2617 1201 2800 1253; x_wconf 89' lang='lat' dir='ltr'><strong>sivciu</strong></span> <span class='ocrx_word' id='word_1_551' title='bbox 2823 1217 2881 1253; x_wconf 86' lang='lat' dir='ltr'><strong>se</strong></span> <span class='ocrx_word' id='word_1_552' title='bbox 2913 1202 3120 1268; x_wconf 83' lang='lat' dir='ltr'><strong>ipsis,et</strong></span> <span class='ocrx_word' id='word_1_553' title='bbox 3140 1213 3279 1272; x_wconf 72' lang='lat' dir='ltr'><strong>rgent</strong></span> <span class='ocrx_word' id='word_1_554' title='bbox 3309 1203 3470 1272; x_wconf 86' lang='lat' dir='ltr'><strong>glorm</strong></span> <span class='ocrx_word' id='word_1_555' title='bbox 3499 1202 3614 1257; x_wconf 85' lang='lat' dir='ltr'><strong>Dei.</strong></span> 
     </span>
    </p>
   </div>
   <div class='ocr_carea' id='block_1_69' title="bbox 2095 1288 3618 1348">
    <p class='ocr_par' dir='ltr' id='par_1_69' title="bbox 2095 1288 3618 1348">
     <span class='ocr_line' id='line_1_69' title="bbox 2095 1288 3618 1348; baseline 0.007 -11"><span class='ocrx_word' id='word_1_556' title='bbox 2095 1288 2322 1344; x_wconf 67' lang='lat' dir='ltr'><strong>(JAI&#39;UT</strong></span> <span class='ocrx_word' id='word_1_557' title='bbox 2382 1289 2442 1341; x_wconf 73' lang='grc' dir='ltr'><strong>ν.</strong></span> <span class='ocrx_word' id='word_1_558' title='bbox 2490 1320 2564 1330; x_wconf 90' lang='grc'><strong><em>-</em></strong></span> <span class='ocrx_word' id='word_1_559' title='bbox 2715 1290 2939 1344; x_wconf 74' lang='lat' dir='ltr'><strong>Justitiw</strong></span> <span class='ocrx_word' id='word_1_560' title='bbox 2988 1300 3093 1344; x_wconf 74' lang='lat' dir='ltr'><strong>erat</strong></span> <span class='ocrx_word' id='word_1_561' title='bbox 3140 1293 3370 1344; x_wconf 81' lang='lat' dir='ltr'><strong>damnari</strong></span> <span class='ocrx_word' id='word_1_562' title='bbox 3424 1309 3618 1348; x_wconf 74' lang='lat' dir='ltr'><strong>outncs.</strong></span> 
     </span>
    </p>
   </div>
   <div class='ocr_carea' id='block_1_70' title="bbox 2027 1378 3618 1452">
    <p class='ocr_par' dir='ltr' id='par_1_70' title="bbox 2027 1378 3618 1452">
     <span class='ocr_line' id='line_1_70' title="bbox 2027 1378 3618 1452; baseline 0.004 -18"><span class='ocrx_word' id='word_1_563' title='bbox 2027 1378 2284 1434; x_wconf 83' lang='lat' dir='ltr'><strong>Uuiversa</strong></span> <span class='ocrx_word' id='word_1_564' title='bbox 2315 1382 2472 1450; x_wconf 81' lang='lat' dir='ltr'><strong>igitur</strong></span> <span class='ocrx_word' id='word_1_565' title='bbox 2511 1398 2684 1437; x_wconf 80' lang='lat' dir='ltr'><strong>massa</strong></span> <span class='ocrx_word' id='word_1_566' title='bbox 2732 1399 2916 1452; x_wconf 64' lang='lat' dir='ltr'><strong>poenas</strong></span> <span class='ocrx_word' id='word_1_567' title='bbox 2959 1384 3161 1438; x_wconf 88' lang='lat' dir='ltr'><strong>debet:</strong></span> <span class='ocrx_word' id='word_1_568' title='bbox 3194 1394 3245 1437; x_wconf 92' lang='lat' dir='ltr'><strong>cl</strong></span> <span class='ocrx_word' id='word_1_569' title='bbox 3288 1385 3333 1438; x_wconf 89' lang='lat' dir='ltr'><strong>si</strong></span> <span class='ocrx_word' id='word_1_570' title='bbox 3372 1386 3618 1440; x_wconf 73' lang='lat' dir='ltr'><strong>omnibus</strong></span> 
     </span>
    </p>
   </div>
   <div class='ocr_carea' id='block_1_71' title="bbox 2024 1472 3619 1546">
    <p class='ocr_par' dir='ltr' id='par_1_71' title="bbox 2024 1472 3619 1546">
     <span class='ocr_line' id='line_1_71' title="bbox 2024 1472 3619 1546; baseline 0.004 -21"><span class='ocrx_word' id='word_1_571' title='bbox 2024 1472 2258 1527; x_wconf 79' lang='lat' dir='ltr'><strong>debituza</strong></span> <span class='ocrx_word' id='word_1_572' title='bbox 2291 1474 2649 1530; x_wconf 84' lang='lat' dir='ltr'><strong>damnationis</strong></span> <span class='ocrx_word' id='word_1_573' title='bbox 2684 1478 3001 1546; x_wconf 69' lang='lat' dir='ltr'><strong>supplicium</strong></span> <span class='ocrx_word' id='word_1_574' title='bbox 3039 1479 3370 1542; x_wconf 81' lang='lat' dir='ltr'><strong>redderetur,</strong></span> <span class='ocrx_word' id='word_1_575' title='bbox 3405 1494 3509 1532; x_wconf 80' lang='lat' dir='ltr'><strong>non</strong></span> <span class='ocrx_word' id='word_1_576' title='bbox 3538 1478 3619 1532; x_wconf 81' lang='lat' dir='ltr'><strong>iu-</strong></span> 
     </span>
    </p>
   </div>
   <div class='ocr_carea' id='block_1_72' title="bbox 2017 1565 3615 1641">
    <p class='ocr_par' dir='ltr' id='par_1_72' title="bbox 2017 1565 3615 1641">
     <span class='ocr_line' id='line_1_72' title="bbox 2017 1565 3615 1641; baseline 0.003 -24"><span class='ocrx_word' id='word_1_577' title='bbox 2017 1565 2160 1635; x_wconf 74' lang='lat' dir='ltr'><strong>jttsle</strong></span> <span class='ocrx_word' id='word_1_578' title='bbox 2192 1570 2375 1638; x_wconf 85' lang='lat' dir='ltr'><strong>procul</strong></span> <span class='ocrx_word' id='word_1_579' title='bbox 2398 1569 2559 1623; x_wconf 84' lang='lat' dir='ltr'><strong>dubio</strong></span> <span class='ocrx_word' id='word_1_580' title='bbox 2583 1571 2913 1625; x_wconf 78' lang='lat' dir='ltr'><strong>redderetur.</strong></span> <span class='ocrx_word' id='word_1_581' title='bbox 2938 1572 3036 1637; x_wconf 75' lang='lat' dir='ltr'><strong>Qui</strong></span> <span class='ocrx_word' id='word_1_582' title='bbox 3068 1587 3194 1641; x_wconf 81' lang='lat' dir='ltr'><strong>ergo</strong></span> <span class='ocrx_word' id='word_1_583' title='bbox 3226 1571 3349 1625; x_wconf 88' lang='lat' dir='ltr'><strong>inde</strong></span> <span class='ocrx_word' id='word_1_584' title='bbox 3376 1587 3471 1639; x_wconf 86' lang='lat' dir='ltr'><strong>per</strong></span> <span class='ocrx_word' id='word_1_585' title='bbox 3494 1586 3615 1641; x_wconf 83' lang='lat' dir='ltr'><strong>gra-</strong></span> 
     </span>
    </p>
   </div>
   <div class='ocr_carea' id='block_1_73' title="bbox 2025 1660 3614 1728">
    <p class='ocr_par' dir='ltr' id='par_1_73' title="bbox 2025 1660 3614 1728">
     <span class='ocr_line' id='line_1_73' title="bbox 2025 1660 3614 1728; baseline 0.004 -17"><span class='ocrx_word' id='word_1_586' title='bbox 2025 1660 2148 1712; x_wconf 84' lang='lat' dir='ltr'><strong>tiam</strong></span> <span class='ocrx_word' id='word_1_587' title='bbox 2203 1661 2512 1725; x_wconf 80' lang='lat' dir='ltr'><strong>liberantur,</strong></span> <span class='ocrx_word' id='word_1_588' title='bbox 2567 1678 2673 1717; x_wconf 88' lang='lat' dir='ltr'><strong>non</strong></span> <span class='ocrx_word' id='word_1_589' title='bbox 2714 1679 2838 1716; x_wconf 82' lang='lat' dir='ltr'><strong>vasa</strong></span> <span class='ocrx_word' id='word_1_590' title='bbox 2872 1665 3182 1718; x_wconf 83' lang='lat' dir='ltr'><strong>meritorum</strong></span> <span class='ocrx_word' id='word_1_591' title='bbox 3231 1678 3471 1728; x_wconf 85' lang='lat' dir='ltr'><strong>suorum,</strong></span> <span class='ocrx_word' id='word_1_592' title='bbox 3522 1665 3614 1719; x_wconf 81' lang='lat' dir='ltr'><strong>sed</strong></span> 
     </span>
    </p>
   </div>
   <div class='ocr_carea' id='block_1_74' title="bbox 2021 1752 3615 1824">
    <p class='ocr_par' dir='ltr' id='par_1_74' title="bbox 2021 1752 3615 1824">
     <span class='ocr_line' id='line_1_74' title="bbox 2021 1752 3615 1824; baseline 0.005 -23"><span class='ocrx_word' id='word_1_593' title='bbox 2021 1764 2145 1803; x_wconf 89' lang='lat' dir='ltr'><strong>vasa</strong></span> <span class='ocrx_word' id='word_1_594' title='bbox 2192 1752 2572 1807; x_wconf 67' lang='lat' dir='ltr'><strong>misericordia:</strong></span> <span class='ocrx_word' id='word_1_595' title='bbox 2616 1755 2954 1809; x_wconf 88' lang='lat' dir='ltr'><strong>nominantur</strong></span> <span class='ocrx_word' id='word_1_596' title='bbox 2982 1753 3156 1824; x_wconf 79' lang='lat' dir='ltr'><strong>(ltom.</strong></span> <span class='ocrx_word' id='word_1_597' title='bbox 3185 1770 3257 1816; x_wconf 71' lang='grc' dir='ltr'>ιχ.</span> <span class='ocrx_word' id='word_1_598' title='bbox 3295 1754 3409 1824; x_wconf 75' lang='lat'><strong>‘23).</strong></span> <span class='ocrx_word' id='word_1_599' title='bbox 3452 1756 3615 1823; x_wconf 82' lang='lat' dir='ltr'><strong>Cujus</strong></span> 
     </span>
    </p>
   </div>
   <div class='ocr_carea' id='block_1_75' title="bbox 2021 1845 3613 1918">
    <p class='ocr_par' dir='ltr' id='par_1_75' title="bbox 2021 1845 3613 1918">
     <span class='ocr_line' id='line_1_75' title="bbox 2021 1845 3613 1918; baseline 0.001 -19"><span class='ocrx_word' id='word_1_600' title='bbox 2021 1845 2424 1914; x_wconf 63' lang='lat' dir='ltr'><strong>misericordia),</strong></span> <span class='ocrx_word' id='word_1_601' title='bbox 2454 1847 2554 1901; x_wconf 81' lang='lat' dir='ltr'><strong>nisi</strong></span> <span class='ocrx_word' id='word_1_602' title='bbox 2595 1848 2735 1901; x_wconf 88' lang='lat' dir='ltr'><strong>illius</strong></span> <span class='ocrx_word' id='word_1_603' title='bbox 2757 1849 2845 1918; x_wconf 93' lang='lat' dir='ltr'><strong>qni</strong></span> <span class='ocrx_word' id='word_1_604' title='bbox 2874 1848 3142 1903; x_wconf 75' lang='lat' dir='ltr'><strong>Christum</strong></span> <span class='ocrx_word' id='word_1_605' title='bbox 3181 1847 3360 1901; x_wconf 83' lang='lat' dir='ltr'><strong>Jesum</strong></span> <span class='ocrx_word' id='word_1_606' title='bbox 3390 1849 3533 1901; x_wconf 88' lang='lat' dir='ltr'><strong>misit</strong></span> <span class='ocrx_word' id='word_1_607' title='bbox 3561 1849 3613 1901; x_wconf 92' lang='lat' dir='ltr'><strong>iu</strong></span> 
     </span>
    </p>
   </div>
   <div class='ocr_carea' id='block_1_76' title="bbox 2020 1933 3608 2009">
    <p class='ocr_par' dir='ltr' id='par_1_76' title="bbox 2020 1933 3608 2009">
     <span class='ocr_line' id='line_1_76' title="bbox 2020 1933 3608 2009; baseline 0.003 -21"><span class='ocrx_word' id='word_1_608' title='bbox 2020 1933 2159 1990; x_wconf 87' lang='lat' dir='ltr'><strong>hunc</strong></span> <span class='ocrx_word' id='word_1_609' title='bbox 2186 1937 2439 1991; x_wconf 88' lang='lat' dir='ltr'><strong>mundum</strong></span> <span class='ocrx_word' id='word_1_610' title='bbox 2466 1947 2774 2009; x_wconf 83' lang='lat' dir='ltr'><strong>peccatores</strong></span> <span class='ocrx_word' id='word_1_611' title='bbox 2796 1938 2972 1991; x_wconf 75' lang='lat' dir='ltr'><strong>Salvos</strong></span> <span class='ocrx_word' id='word_1_612' title='bbox 2998 1936 3174 1992; x_wconf 76' lang='lat' dir='ltr'><strong>facere</strong></span> <span class='ocrx_word' id='word_1_613' title='bbox 3197 1937 3249 2004; x_wconf 89' lang='lat' dir='ltr'><strong>(l</strong></span> <span class='ocrx_word' id='word_1_614' title='bbox 3275 1937 3406 1990; x_wconf 81' lang='lat' dir='ltr'><strong>Tim.</strong></span> <span class='ocrx_word' id='word_1_615' title='bbox 3432 1953 3468 1999; x_wconf 86' lang='grc' dir='ltr'>ι.</span> <span class='ocrx_word' id='word_1_616' title='bbox 3489 1939 3608 2009; x_wconf 79' lang='lat' dir='ltr'><strong>l5),</strong></span> 
     </span>
    </p>
   </div>
   <div class='ocr_carea' id='block_1_77' title="bbox 2018 2029 3609 2098">
    <p class='ocr_par' dir='ltr' id='par_1_77' title="bbox 2018 2029 3609 2098">
     <span class='ocr_line' id='line_1_77' title="bbox 2018 2029 3609 2098; baseline 0.003 -19"><span class='ocrx_word' id='word_1_617' title='bbox 2018 2042 2154 2097; x_wconf 90' lang='lat' dir='ltr'><strong>quos</strong></span> <span class='ocrx_word' id='word_1_618' title='bbox 2189 2030 2470 2097; x_wconf 81' lang='lat' dir='ltr'><strong>pra-scivit.</strong></span> <span class='ocrx_word' id='word_1_619' title='bbox 2500 2038 2554 2083; x_wconf 92' lang='lat' dir='ltr'><strong>ct</strong></span> <span class='ocrx_word' id='word_1_620' title='bbox 2584 2029 2996 2098; x_wconf 77' lang='lat' dir='ltr'><strong>przedestiuavit,</strong></span> <span class='ocrx_word' id='word_1_621' title='bbox 3026 2038 3080 2083; x_wconf 89' lang='lat' dir='ltr'><strong>et</strong></span> <span class='ocrx_word' id='word_1_622' title='bbox 3110 2031 3336 2093; x_wconf 82' lang='lat' dir='ltr'><strong>vocavit,</strong></span> <span class='ocrx_word' id='word_1_623' title='bbox 3366 2039 3420 2084; x_wconf 90' lang='lat' dir='ltr'><strong>et</strong></span> <span class='ocrx_word' id='word_1_624' title='bbox 3452 2029 3609 2097; x_wconf 84' lang='lat' dir='ltr'><strong>justi-</strong></span> 
     </span>
    </p>
   </div>
   <div class='ocr_carea' id='block_1_78' title="bbox 2019 2118 3606 2190">
    <p class='ocr_par' dir='ltr' id='par_1_78' title="bbox 2019 2118 3606 2190">
     <span class='ocr_line' id='line_1_78' title="bbox 2019 2118 3606 2190; baseline 0.001 -17"><span class='ocrx_word' id='word_1_625' title='bbox 2019 2118 2215 2187; x_wconf 80' lang='lat' dir='ltr'><strong>iicavit,</strong></span> <span class='ocrx_word' id='word_1_626' title='bbox 2239 2127 2293 2175; x_wconf 92' lang='lat' dir='ltr'><strong>ct</strong></span> <span class='ocrx_word' id='word_1_627' title='bbox 2319 2120 2634 2190; x_wconf 83' lang='lat' dir='ltr'><strong>gloriﬁcavit</strong></span> <span class='ocrx_word' id='word_1_628' title='bbox 2663 2120 2841 2189; x_wconf 85' lang='lat' dir='ltr'><strong>(Rom.</strong></span> <span class='ocrx_word' id='word_1_629' title='bbox 2865 2136 2979 2187; x_wconf 78' lang='lat' dir='ltr'><strong>vni,</strong></span> <span class='ocrx_word' id='word_1_630' title='bbox 3006 2120 3100 2184; x_wconf 56' lang='grc' dir='ltr'><strong>ἓξ),</strong></span> <span class='ocrx_word' id='word_1_631' title='bbox 3124 2121 3246 2189; x_wconf 85' lang='lat'><strong>&#39;50)?</strong></span> <span class='ocrx_word' id='word_1_632' title='bbox 3291 2120 3421 2187; x_wconf 77' lang='lat' dir='ltr'><strong>Quis</strong></span> <span class='ocrx_word' id='word_1_633' title='bbox 3452 2121 3606 2189; x_wconf 81' lang='lat' dir='ltr'><strong>igitur</strong></span> 
     </span>
    </p>
   </div>
   <div class='ocr_carea' id='block_1_79' title="bbox 2020 2210 3612 2281">
    <p class='ocr_par' dir='ltr' id='par_1_79' title="bbox 2020 2210 3612 2281">
     <span class='ocr_line' id='line_1_79' title="bbox 2020 2210 3612 2281; baseline -0.001 -15"><span class='ocrx_word' id='word_1_634' title='bbox 2020 2227 2186 2281; x_wconf 88' lang='lat' dir='ltr'><strong>usque</strong></span> <span class='ocrx_word' id='word_1_635' title='bbox 2208 2212 2342 2266; x_wconf 87' lang='lat' dir='ltr'><strong>adeo</strong></span> <span class='ocrx_word' id='word_1_636' title='bbox 2371 2212 2773 2267; x_wconf 90' lang='lat' dir='ltr'><strong>dementissime</strong></span> <span class='ocrx_word' id='word_1_637' title='bbox 2796 2212 3041 2274; x_wconf 86' lang='lat' dir='ltr'><strong>insaniat,</strong></span> <span class='ocrx_word' id='word_1_638' title='bbox 3073 2222 3129 2263; x_wconf 93' lang='lat' dir='ltr'><strong>ut</strong></span> <span class='ocrx_word' id='word_1_639' title='bbox 3156 2226 3259 2263; x_wconf 91' lang='lat' dir='ltr'><strong>non</strong></span> <span class='ocrx_word' id='word_1_640' title='bbox 3283 2221 3403 2280; x_wconf 85' lang='lat' dir='ltr'><strong>agat</strong></span> <span class='ocrx_word' id='word_1_641' title='bbox 3429 2210 3612 2264; x_wconf 77' lang='lat' dir='ltr'><strong>inell&#39;a—</strong></span> 
     </span>
    </p>
   </div>
   <div class='ocr_carea' id='block_1_80' title="bbox 2019 2302 3611 2374">
    <p class='ocr_par' dir='ltr' id='par_1_80' title="bbox 2019 2302 3611 2374">
     <span class='ocr_line' id='line_1_80' title="bbox 2019 2302 3611 2374; baseline 0.001 -17"><span class='ocrx_word' id='word_1_642' title='bbox 2019 2302 2152 2358; x_wconf 82' lang='lat' dir='ltr'><strong>biles</strong></span> <span class='ocrx_word' id='word_1_643' title='bbox 2179 2305 2379 2374; x_wconf 79' lang='lat' dir='ltr'><strong>gratias</strong></span> <span class='ocrx_word' id='word_1_644' title='bbox 2419 2305 2798 2358; x_wconf 73' lang='lat' dir='ltr'><strong>misericordia:</strong></span> <span class='ocrx_word' id='word_1_645' title='bbox 2827 2318 2959 2373; x_wconf 88' lang='lat' dir='ltr'><strong>quos</strong></span> <span class='ocrx_word' id='word_1_646' title='bbox 3002 2304 3163 2356; x_wconf 87' lang='lat' dir='ltr'><strong>voluit</strong></span> <span class='ocrx_word' id='word_1_647' title='bbox 3198 2303 3492 2365; x_wconf 85' lang='lat' dir='ltr'><strong>liberantis,</strong></span> <span class='ocrx_word' id='word_1_648' title='bbox 3521 2305 3611 2373; x_wconf 90' lang='lat' dir='ltr'><strong>qui</strong></span> 
     </span>
    </p>
   </div>
   <div class='ocr_carea' id='block_1_81' title="bbox 2018 2396 3612 2465">
    <p class='ocr_par' dir='ltr' id='par_1_81' title="bbox 2018 2396 3612 2465">
     <span class='ocr_line' id='line_1_81' title="bbox 2018 2396 3612 2465; baseline 0 -15"><span class='ocrx_word' id='word_1_649' title='bbox 2018 2406 2164 2451; x_wconf 89' lang='lat' dir='ltr'><strong>recte</strong></span> <span class='ocrx_word' id='word_1_650' title='bbox 2192 2396 2337 2450; x_wconf 90' lang='lat' dir='ltr'><strong>nullo</strong></span> <span class='ocrx_word' id='word_1_651' title='bbox 2369 2396 2528 2450; x_wconf 90' lang='lat' dir='ltr'><strong>modo</strong></span> <span class='ocrx_word' id='word_1_652' title='bbox 2559 2405 2739 2465; x_wconf 86' lang='lat' dir='ltr'><strong>posset</strong></span> <span class='ocrx_word' id='word_1_653' title='bbox 2780 2396 2999 2465; x_wconf 85' lang='lat' dir='ltr'><strong>culpare</strong></span> <span class='ocrx_word' id='word_1_654' title='bbox 3033 2396 3294 2465; x_wconf 89' lang='lat' dir='ltr'><strong>justitiam</strong></span> <span class='ocrx_word' id='word_1_655' title='bbox 3335 2396 3612 2450; x_wconf 85' lang='lat' dir='ltr'><strong>universos</strong></span> 
     </span>
    </p>
   </div>
   <div class='ocr_carea' id='block_1_82' title="bbox 2021 2487 2614 2543">
    <p class='ocr_par' dir='ltr' id='par_1_82' title="bbox 2021 2487 2614 2543">
     <span class='ocr_line' id='line_1_82' title="bbox 2021 2487 2614 2543; baseline -0.003 0"><span class='ocrx_word' id='word_1_656' title='bbox 2021 2490 2241 2543; x_wconf 87' lang='lat' dir='ltr'><strong>omnino</strong></span> <span class='ocrx_word' id='word_1_657' title='bbox 2268 2487 2614 2543; x_wconf 79' lang='lat' dir='ltr'><strong>damnantis?</strong></span> 
     </span>
    </p>
   </div>
   <div class='ocr_carea' id='block_1_83' title="bbox 2113 2578 3611 2650">
    <p class='ocr_par' dir='ltr' id='par_1_83' title="bbox 2113 2578 3611 2650">
     <span class='ocr_line' id='line_1_83' title="bbox 2113 2578 3611 2650; baseline -0.002 -15"><span class='ocrx_word' id='word_1_658' title='bbox 2113 2580 2340 2636; x_wconf 79' lang='lat' dir='ltr'><strong>CAPUT</strong></span> <span class='ocrx_word' id='word_1_659' title='bbox 2403 2580 2492 2634; x_wconf 81' lang='lat' dir='ltr'><strong>Vl.</strong></span> <span class='ocrx_word' id='word_1_660' title='bbox 2533 2609 2605 2621; x_wconf 90' lang='lat'><strong>——</strong></span> <span class='ocrx_word' id='word_1_661' title='bbox 2647 2580 2702 2635; x_wconf 82' lang='grc'><strong>6.</strong></span> <span class='ocrx_word' id='word_1_662' title='bbox 2745 2579 3136 2648; x_wconf 72' lang='lat' dir='ltr'><strong>Pelagianorum</strong></span> <span class='ocrx_word' id='word_1_663' title='bbox 3180 2578 3381 2649; x_wconf 73' lang='lat' dir='ltr'><strong>ingenia</strong></span> <span class='ocrx_word' id='word_1_664' title='bbox 3432 2578 3611 2650; x_wconf 70' lang='lat' dir='ltr'><strong>fortis-</strong></span> 
     </span>
    </p>
   </div>
   <div class='ocr_carea' id='block_1_84' title="bbox 2017 2669 3613 2737">
    <p class='ocr_par' dir='ltr' id='par_1_84' title="bbox 2017 2669 3613 2737">
     <span class='ocr_line' id='line_1_84' title="bbox 2017 2669 3613 2737; baseline -0.002 -10"><span class='ocrx_word' id='word_1_665' title='bbox 2017 2672 2145 2727; x_wconf 73' lang='lat' dir='ltr'><strong>sima</strong></span> <span class='ocrx_word' id='word_1_666' title='bbox 2184 2681 2228 2727; x_wconf 85' lang='lat' dir='ltr'><strong>et</strong></span> <span class='ocrx_word' id='word_1_667' title='bbox 2274 2673 2566 2730; x_wconf 72' lang='lat' dir='ltr'><strong>celerrima.</strong></span> <span class='ocrx_word' id='word_1_668' title='bbox 2600 2672 2710 2726; x_wconf 86' lang='lat' dir='ltr'><strong>lloc</strong></span> <span class='ocrx_word' id='word_1_669' title='bbox 2762 2672 2804 2725; x_wconf 93' lang='lat' dir='ltr'><strong>si</strong></span> <span class='ocrx_word' id='word_1_670' title='bbox 2839 2670 3131 2724; x_wconf 84' lang='lat' dir='ltr'><strong>secundum</strong></span> <span class='ocrx_word' id='word_1_671' title='bbox 3175 2669 3275 2723; x_wconf 89' lang='lat' dir='ltr'><strong>Scr</strong></span> <span class='ocrx_word' id='word_1_672' title='bbox 3299 2677 3478 2737; x_wconf 87' lang='lat' dir='ltr'><strong>pturas</strong></span> <span class='ocrx_word' id='word_1_673' title='bbox 3527 2684 3613 2724; x_wconf 86' lang='lat' dir='ltr'><strong>sa-</strong></span> 
     </span>
    </p>
   </div>
   <div class='ocr_carea' id='block_1_85' title="bbox 2020 2761 3606 2833">
    <p class='ocr_par' dir='ltr' id='par_1_85' title="bbox 2020 2761 3606 2833">
     <span class='ocr_line' id='line_1_85' title="bbox 2020 2761 3606 2833; baseline 0.001 -20"><span class='ocrx_word' id='word_1_674' title='bbox 2020 2763 2259 2833; x_wconf 87' lang='lat' dir='ltr'><strong>piamus;</strong></span> <span class='ocrx_word' id='word_1_675' title='bbox 2308 2778 2412 2817; x_wconf 91' lang='lat' dir='ltr'><strong>non</strong></span> <span class='ocrx_word' id='word_1_676' title='bbox 2462 2764 2705 2830; x_wconf 76' lang='lat' dir='ltr'><strong>regimur</strong></span> <span class='ocrx_word' id='word_1_677' title='bbox 2747 2772 2931 2815; x_wconf 85' lang='lat' dir='ltr'><strong>eontra</strong></span> <span class='ocrx_word' id='word_1_678' title='bbox 2978 2761 3321 2814; x_wconf 63' lang='lat' dir='ltr'><strong>Christianam</strong></span> <span class='ocrx_word' id='word_1_679' title='bbox 3380 2761 3606 2830; x_wconf 84' lang='lat' dir='ltr'><strong>gratiam</strong></span> 
     </span>
    </p>
   </div>
   <div class='ocr_carea' id='block_1_86' title="bbox 2016 2853 3588 2923">
    <p class='ocr_par' dir='ltr' id='par_1_86' title="bbox 2016 2853 3588 2923">
     <span class='ocr_line' id='line_1_86' title="bbox 2016 2853 3588 2923; baseline -0.003 -14"><span class='ocrx_word' id='word_1_680' title='bbox 2016 2854 2312 2923; x_wconf 83' lang='lat' dir='ltr'><strong>disputare,</strong></span> <span class='ocrx_word' id='word_1_681' title='bbox 2374 2863 2427 2907; x_wconf 92' lang='lat' dir='ltr'><strong>ct</strong></span> <span class='ocrx_word' id='word_1_682' title='bbox 2465 2870 2525 2906; x_wconf 89' lang='lat' dir='ltr'><strong>ca</strong></span> <span class='ocrx_word' id='word_1_683' title='bbox 2565 2853 2744 2907; x_wconf 85' lang='lat' dir='ltr'><strong>dicere</strong></span> <span class='ocrx_word' id='word_1_684' title='bbox 2796 2853 2987 2923; x_wconf 83' lang='lat' dir='ltr'><strong>quibus</strong></span> <span class='ocrx_word' id='word_1_685' title='bbox 3033 2854 3401 2905; x_wconf 60' lang='lat' dir='ltr'><strong>demenstrare</strong></span> <span class='ocrx_word' id='word_1_686' title='bbox 3452 2866 3588 2906; x_wconf 88' lang='lat' dir='ltr'><strong>coue</strong></span> 
     </span>
    </p>
   </div>
   <div class='ocr_carea' id='block_1_87' title="bbox 2017 2944 3609 3014">
    <p class='ocr_par' dir='ltr' id='par_1_87' title="bbox 2017 2944 3609 3014">
     <span class='ocr_line' id='line_1_87' title="bbox 2017 2944 3609 3014; baseline -0.001 -13"><span class='ocrx_word' id='word_1_687' title='bbox 2017 2963 2184 3012; x_wconf 86' lang='lat' dir='ltr'><strong>mur,</strong></span> <span class='ocrx_word' id='word_1_688' title='bbox 2239 2956 2481 3001; x_wconf 87' lang='lat' dir='ltr'><strong>naturam</strong></span> <span class='ocrx_word' id='word_1_689' title='bbox 2532 2950 2812 3000; x_wconf 80' lang='lat' dir='ltr'><strong>humanam</strong></span> <span class='ocrx_word' id='word_1_690' title='bbox 2868 2961 3038 3014; x_wconf 84' lang='lat' dir='ltr'><strong>neque</strong></span> <span class='ocrx_word' id='word_1_691' title='bbox 3092 2946 3140 2998; x_wconf 91' lang='lat' dir='ltr'><strong>in</strong></span> <span class='ocrx_word' id='word_1_692' title='bbox 3212 2944 3446 3013; x_wconf 77' lang='lat' dir='ltr'><strong>parvulis</strong></span> <span class='ocrx_word' id='word_1_693' title='bbox 3494 2960 3609 3000; x_wconf 81' lang='lat' dir='ltr'><strong>tne-</strong></span> 
     </span>
    </p>
   </div>
   <div class='ocr_carea' id='block_1_88' title="bbox 2017 3036 3612 3108">
    <p class='ocr_par' dir='ltr' id='par_1_88' title="bbox 2017 3036 3612 3108">
     <span class='ocr_line' id='line_1_88' title="bbox 2017 3036 3612 3108; baseline -0.001 -18"><span class='ocrx_word' id='word_1_694' title='bbox 2017 3037 2396 3107; x_wconf 82' lang='lat' dir='ltr'><strong>dicoiudigcre</strong></span> <span class='ocrx_word' id='word_1_695' title='bbox 2418 3037 2539 3108; x_wconf 84' lang='lat' dir='ltr'><strong>quia</strong></span> <span class='ocrx_word' id='word_1_696' title='bbox 2563 3051 2690 3090; x_wconf 86' lang='lat' dir='ltr'><strong>sana</strong></span> <span class='ocrx_word' id='word_1_697' title='bbox 2718 3048 2818 3101; x_wconf 79' lang='lat' dir='ltr'><strong>est,</strong></span> <span class='ocrx_word' id='word_1_698' title='bbox 2837 3046 2891 3090; x_wconf 90' lang='lat' dir='ltr'><strong>et</strong></span> <span class='ocrx_word' id='word_1_699' title='bbox 2920 3038 2969 3089; x_wconf 91' lang='lat' dir='ltr'><strong>in</strong></span> <span class='ocrx_word' id='word_1_700' title='bbox 3003 3036 3289 3104; x_wconf 82' lang='lat' dir='ltr'><strong>majoribus</strong></span> <span class='ocrx_word' id='word_1_701' title='bbox 3311 3037 3406 3089; x_wconf 83' lang='lat' dir='ltr'><strong>sibi</strong></span> <span class='ocrx_word' id='word_1_702' title='bbox 3443 3036 3612 3103; x_wconf 83' lang='lat' dir='ltr'><strong>ipsam</strong></span> 
     </span>
    </p>
   </div>
   <div class='ocr_carea' id='block_1_89' title="bbox 2017 3128 3613 3198">
    <p class='ocr_par' dir='ltr' id='par_1_89' title="bbox 2017 3128 3613 3198">
     <span class='ocr_line' id='line_1_89' title="bbox 2017 3128 3613 3198; baseline -0.002 -15"><span class='ocrx_word' id='word_1_703' title='bbox 2017 3130 2084 3183; x_wconf 85' lang='lat' dir='ltr'><strong>ad</strong></span> <span class='ocrx_word' id='word_1_704' title='bbox 2128 3130 2411 3198; x_wconf 82' lang='lat' dir='ltr'><strong>justitiam,</strong></span> <span class='ocrx_word' id='word_1_705' title='bbox 2444 3131 2488 3184; x_wconf 92' lang='lat' dir='ltr'><strong>si</strong></span> <span class='ocrx_word' id='word_1_706' title='bbox 2529 3131 2673 3189; x_wconf 84' lang='lat' dir='ltr'><strong>velit.</strong></span> <span class='ocrx_word' id='word_1_707' title='bbox 2709 3144 2863 3197; x_wconf 86' lang='lat' dir='ltr'><strong>posse</strong></span> <span class='ocrx_word' id='word_1_708' title='bbox 2911 3128 3177 3182; x_wconf 79' lang='lat' dir='ltr'><strong>suiliccre.</strong></span> <span class='ocrx_word' id='word_1_709' title='bbox 3209 3129 3375 3182; x_wconf 79' lang='lat' dir='ltr'><strong>Arutc</strong></span> <span class='ocrx_word' id='word_1_710' title='bbox 3419 3129 3613 3197; x_wconf 87' lang='lat' dir='ltr'><strong>quippe</strong></span> 
     </span>
    </p>
   </div>
   <div class='ocr_carea' id='block_1_90' title="bbox 2016 3221 3615 3290">
    <p class='ocr_par' dir='ltr' id='par_1_90' title="bbox 2016 3221 3615 3290">
     <span class='ocr_line' id='line_1_90' title="bbox 2016 3221 3615 3290; baseline -0.004 -11"><span class='ocrx_word' id='word_1_711' title='bbox 2016 3224 2262 3279; x_wconf 78' lang='lat' dir='ltr'><strong>videntur</strong></span> <span class='ocrx_word' id='word_1_712' title='bbox 2309 3223 2421 3277; x_wconf 77' lang='lat' dir='ltr'><strong>lure</strong></span> <span class='ocrx_word' id='word_1_713' title='bbox 2448 3224 2573 3279; x_wconf 89' lang='lat' dir='ltr'><strong>dici.</strong></span> <span class='ocrx_word' id='word_1_714' title='bbox 2605 3223 2697 3276; x_wconf 91' lang='lat' dir='ltr'><strong>sed</strong></span> <span class='ocrx_word' id='word_1_715' title='bbox 2745 3223 2795 3275; x_wconf 91' lang='lat' dir='ltr'><strong>iu</strong></span> <span class='ocrx_word' id='word_1_716' title='bbox 2844 3223 3101 3289; x_wconf 71' lang='lat' dir='ltr'><strong>sapientia</strong></span> <span class='ocrx_word' id='word_1_717' title='bbox 3148 3221 3316 3283; x_wconf 85' lang='lat' dir='ltr'><strong>verbi,</strong></span> <span class='ocrx_word' id='word_1_718' title='bbox 3344 3236 3445 3290; x_wconf 89' lang='lat' dir='ltr'><strong>qua</strong></span> <span class='ocrx_word' id='word_1_719' title='bbox 3490 3235 3615 3273; x_wconf 82' lang='lat' dir='ltr'><strong>eva-</strong></span> 
     </span>
    </p>
   </div>
   <div class='ocr_carea' id='block_1_91' title="bbox 2017 3311 3612 3385">
    <p class='ocr_par' dir='ltr' id='par_1_91' title="bbox 2017 3311 3612 3385">
     <span class='ocr_line' id='line_1_91' title="bbox 2017 3311 3612 3385; baseline -0.006 -12"><span class='ocrx_word' id='word_1_720' title='bbox 2017 3328 2205 3373; x_wconf 87' lang='lat' dir='ltr'><strong>Cuatur</strong></span> <span class='ocrx_word' id='word_1_721' title='bbox 2234 3333 2361 3370; x_wconf 76' lang='lat' dir='ltr'><strong>crux</strong></span> <span class='ocrx_word' id='word_1_722' title='bbox 2390 3315 2586 3371; x_wconf 80' lang='lat' dir='ltr'><strong>Christi</strong></span> <span class='ocrx_word' id='word_1_723' title='bbox 2613 3315 2660 3385; x_wconf 91' lang='lat' dir='ltr'><strong>(I</strong></span> <span class='ocrx_word' id='word_1_724' title='bbox 2692 3313 2811 3371; x_wconf 86' lang='lat' dir='ltr'><strong>Cor.</strong></span> <span class='ocrx_word' id='word_1_725' title='bbox 2840 3330 2881 3380; x_wconf 83' lang='grc' dir='ltr'>ι,</span> <span class='ocrx_word' id='word_1_726' title='bbox 2917 3316 3025 3382; x_wconf 78' lang='grc'><strong>1⁸7).</strong></span> <span class='ocrx_word' id='word_1_727' title='bbox 3060 3311 3178 3366; x_wconf 84' lang='grc' dir='ltr'>Νοιι</span> <span class='ocrx_word' id='word_1_728' title='bbox 3207 3323 3278 3365; x_wconf 79' lang='lat' dir='ltr'><strong>est</strong></span> <span class='ocrx_word' id='word_1_729' title='bbox 3310 3314 3403 3364; x_wconf 74' lang='lat' dir='ltr'><strong>ista</strong></span> <span class='ocrx_word' id='word_1_730' title='bbox 3429 3312 3612 3363; x_wconf 78' lang='lat' dir='ltr'><strong>desur-</strong></span> 
     </span>
    </p>
   </div>
   <div class='ocr_carea' id='block_1_92' title="bbox 2018 3402 3612 3477">
    <p class='ocr_par' dir='ltr' id='par_1_92' title="bbox 2018 3402 3612 3477">
     <span class='ocr_line' id='line_1_92' title="bbox 2018 3402 3612 3477; baseline -0.005 -12"><span class='ocrx_word' id='word_1_731' title='bbox 2018 3426 2129 3465; x_wconf 77' lang='lat' dir='ltr'><strong>sum</strong></span> <span class='ocrx_word' id='word_1_732' title='bbox 2168 3410 2416 3477; x_wconf 69' lang='lat' dir='ltr'><strong>sapientia</strong></span> <span class='ocrx_word' id='word_1_733' title='bbox 2456 3407 2758 3461; x_wconf 70' lang='lat' dir='ltr'><strong>descrudcns</strong></span> <span class='ocrx_word' id='word_1_734' title='bbox 2799 3404 3002 3474; x_wconf 84' lang='lat' dir='ltr'><strong>(Jacobi</strong></span> <span class='ocrx_word' id='word_1_735' title='bbox 3043 3421 3122 3469; x_wconf 88' lang='lat' dir='ltr'><strong>ut,</strong></span> <span class='ocrx_word' id='word_1_736' title='bbox 3158 3406 3263 3472; x_wconf 78' lang='grc'><strong>15).</strong></span> <span class='ocrx_word' id='word_1_737' title='bbox 3294 3403 3438 3476; x_wconf 24' lang='lat' dir='ltr'><strong>‘Nolo</strong></span> <span class='ocrx_word' id='word_1_738' title='bbox 3469 3402 3612 3472; x_wconf 90' lang='lat' dir='ltr'><strong>quod</strong></span> 
     </span>
    </p>
   </div>
   <div class='ocr_carea' id='block_1_93' title="bbox 2020 3476 3612 3574">
    <p class='ocr_par' dir='ltr' id='par_1_93' title="bbox 2020 3497 3612 3574">
     <span class='ocr_line' id='line_1_93' title="bbox 2020 3497 3612 3574; baseline -0.006 -15"><span class='ocrx_word' id='word_1_739' title='bbox 2020 3504 2259 3574; x_wconf 82' lang='lat' dir='ltr'><strong>Sequitur</strong></span> <span class='ocrx_word' id='word_1_740' title='bbox 2291 3502 2488 3564; x_wconf 82' lang='lat' dir='ltr'><strong>dicere,</strong></span> <span class='ocrx_word' id='word_1_741' title='bbox 2516 3516 2582 3554; x_wconf 92' lang='lat' dir='ltr'><strong>uc</strong></span> <span class='ocrx_word' id='word_1_742' title='bbox 2615 3500 2801 3552; x_wconf 82' lang='lat' dir='ltr'><strong>amicis</strong></span> <span class='ocrx_word' id='word_1_743' title='bbox 2832 3500 3030 3552; x_wconf 88' lang='lat' dir='ltr'><strong>nostris</strong></span> <span class='ocrx_word' id='word_1_744' title='bbox 3066 3515 3291 3567; x_wconf 84' lang='lat' dir='ltr'><strong>tptornm</strong></span> <span class='ocrx_word' id='word_1_745' title='bbox 3326 3497 3612 3550; x_wconf 75' lang='lat' dir='ltr'><strong>fortissima</strong></span> 
     </span>
    </p>
   </div>
   <div class='ocr_carea' id='block_1_94' title="bbox 2021 3588 3614 3660">
    <p class='ocr_par' dir='ltr' id='par_1_94' title="bbox 2021 3588 3614 3660">
     <span class='ocr_line' id='line_1_94' title="bbox 2021 3588 3614 3660; baseline -0.003 -12"><span class='ocrx_word' id='word_1_746' title='bbox 2021 3605 2074 3648; x_wconf 89' lang='lat' dir='ltr'><strong>ct</strong></span> <span class='ocrx_word' id='word_1_747' title='bbox 2100 3593 2377 3647; x_wconf 84' lang='lat' dir='ltr'><strong>celerrima</strong></span> <span class='ocrx_word' id='word_1_748' title='bbox 2408 3591 2616 3660; x_wconf 82' lang='lat' dir='ltr'><strong>ingenia</strong></span> <span class='ocrx_word' id='word_1_749' title='bbox 2660 3605 2764 3643; x_wconf 87' lang='lat' dir='ltr'><strong>non</strong></span> <span class='ocrx_word' id='word_1_750' title='bbox 2808 3590 2859 3643; x_wconf 91' lang='lat' dir='ltr'><strong>in</strong></span> <span class='ocrx_word' id='word_1_751' title='bbox 2908 3605 3236 3658; x_wconf 76' lang='lat' dir='ltr'><strong>perversum,</strong></span> <span class='ocrx_word' id='word_1_752' title='bbox 3262 3588 3354 3642; x_wconf 85' lang='lat' dir='ltr'><strong>scd</strong></span> <span class='ocrx_word' id='word_1_753' title='bbox 3390 3591 3439 3640; x_wconf 92' lang='lat' dir='ltr'><strong>in</strong></span> <span class='ocrx_word' id='word_1_754' title='bbox 3468 3589 3614 3643; x_wconf 86' lang='lat' dir='ltr'><strong>dire-</strong></span> 
     </span>
    </p>
   </div>
   <div class='ocr_carea' id='block_1_95' title="bbox 2020 3678 3614 3747">
    <p class='ocr_par' dir='ltr' id='par_1_95' title="bbox 2020 3678 3614 3747">
     <span class='ocr_line' id='line_1_95' title="bbox 2020 3678 3614 3747; baseline -0.007 -5"><span class='ocrx_word' id='word_1_755' title='bbox 2020 3695 2166 3742; x_wconf 86' lang='lat' dir='ltr'><strong>ctum</strong></span> <span class='ocrx_word' id='word_1_756' title='bbox 2194 3686 2412 3739; x_wconf 74' lang='lat' dir='ltr'><strong>ciu&#39;rcre</strong></span> <span class='ocrx_word' id='word_1_757' title='bbox 2443 3684 2706 3745; x_wconf 88' lang='lat' dir='ltr'><strong>volumus,</strong></span> <span class='ocrx_word' id='word_1_758' title='bbox 2743 3680 2918 3734; x_wconf 75' lang='lat' dir='ltr'><strong>facere</strong></span> <span class='ocrx_word' id='word_1_759' title='bbox 2948 3681 3314 3734; x_wconf 68' lang='lat' dir='ltr'><strong>existimemur</strong></span> <span class='ocrx_word' id='word_1_760' title='bbox 3342 3678 3614 3747; x_wconf 79' lang='lat' dir='ltr'><strong>injuriam.</strong></span> 
     </span>
    </p>
   </div>
   <div class='ocr_carea' id='block_1_96' title="bbox 2094 3769 3617 3843">
    <p class='ocr_par' dir='ltr' id='par_1_96' title="bbox 2094 3769 3617 3843">
     <span class='ocr_line' id='line_1_96' title="bbox 2094 3769 3617 3843; baseline -0.008 -11"><span class='ocrx_word' id='word_1_761' title='bbox 2094 3776 2319 3832; x_wconf 73' lang='lat' dir='ltr'><strong>CAPUT</strong></span> <span class='ocrx_word' id='word_1_762' title='bbox 2363 3774 2563 3828; x_wconf 65' lang='lat' dir='ltr'><strong>\&quot;|l.——</strong></span> <span class='ocrx_word' id='word_1_763' title='bbox 2597 3774 2651 3826; x_wconf 81' lang='lat'><strong>7.</strong></span> <span class='ocrx_word' id='word_1_764' title='bbox 2695 3773 2997 3843; x_wconf 79' lang='lat' dir='ltr'><strong>Aggrcdilur</strong></span> <span class='ocrx_word' id='word_1_765' title='bbox 3024 3770 3137 3824; x_wconf 69' lang='lat' dir='ltr'><strong>libri</strong></span> <span class='ocrx_word' id='word_1_766' title='bbox 3183 3769 3382 3840; x_wconf 76' lang='lat' dir='ltr'><strong>l-‘rlagii</strong></span> <span class='ocrx_word' id='word_1_767' title='bbox 3422 3776 3617 3835; x_wconf 66' lang='lat' dir='ltr'><strong>refuta-</strong></span> 
     </span>
    </p>
   </div>
   <div class='ocr_carea' id='block_1_97' title="bbox 2025 3859 3620 3933">
    <p class='ocr_par' dir='ltr' id='par_1_97' title="bbox 2025 3859 3620 3933">
     <span class='ocr_line' id='line_1_97' title="bbox 2025 3859 3620 3933; baseline -0.007 -9"><span class='ocrx_word' id='word_1_768' title='bbox 2025 3866 2392 3924; x_wconf 85' lang='lat' dir='ltr'><strong>tioncm.luter</strong></span> <span class='ocrx_word' id='word_1_769' title='bbox 2410 3882 2514 3920; x_wconf 75' lang='lat' dir='ltr'><strong>esse</strong></span> <span class='ocrx_word' id='word_1_770' title='bbox 2565 3874 2610 3918; x_wconf 80' lang='lat' dir='ltr'><strong>et</strong></span> <span class='ocrx_word' id='word_1_771' title='bbox 2641 3880 2786 3933; x_wconf 76' lang='lat' dir='ltr'><strong>posse</strong></span> <span class='ocrx_word' id='word_1_772' title='bbox 2836 3863 3088 3915; x_wconf 80' lang='lat' dir='ltr'><strong>distinctio</strong></span> <span class='ocrx_word' id='word_1_773' title='bbox 3140 3859 3353 3931; x_wconf 75' lang='lat' dir='ltr'><strong>Pelagii.</strong></span> <span class='ocrx_word' id='word_1_774' title='bbox 3411 3864 3620 3927; x_wconf 68' lang='lat' dir='ltr'><strong>Quanto</strong></span> 
     </span>
    </p>
   </div>
   <div class='ocr_carea' id='block_1_98' title="bbox 2026 3953 3620 4032">
    <p class='ocr_par' dir='ltr' id='par_1_98' title="bbox 2026 3953 3620 4032">
     <span class='ocr_line' id='line_1_98' title="bbox 2026 3953 3620 4032; baseline -0.005 -18"><span class='ocrx_word' id='word_1_775' title='bbox 2026 3962 2188 4032; x_wconf 86' lang='lat' dir='ltr'><strong>igitur</strong></span> <span class='ocrx_word' id='word_1_776' title='bbox 2239 3960 2358 4014; x_wconf 83' lang='lat' dir='ltr'><strong>zelo</strong></span> <span class='ocrx_word' id='word_1_777' title='bbox 2431 3971 2689 4013; x_wconf 88' lang='lat' dir='ltr'><strong>accensus</strong></span> <span class='ocrx_word' id='word_1_778' title='bbox 2730 3965 2815 4008; x_wconf 82' lang='lat' dir='ltr'><strong>est</strong></span> <span class='ocrx_word' id='word_1_779' title='bbox 2866 3953 2988 4009; x_wconf 87' lang='lat' dir='ltr'><strong>libri</strong></span> <span class='ocrx_word' id='word_1_780' title='bbox 3035 3953 3189 4022; x_wconf 85' lang='lat' dir='ltr'><strong>hujus</strong></span> <span class='ocrx_word' id='word_1_781' title='bbox 3220 3994 3238 4016; x_wconf 94' lang='lat'><strong>,</strong></span> <span class='ocrx_word' id='word_1_782' title='bbox 3288 3970 3445 4022; x_wconf 84' lang='lat' dir='ltr'><strong>quem</strong></span> <span class='ocrx_word' id='word_1_783' title='bbox 3517 3954 3620 4006; x_wconf 90' lang='lat' dir='ltr'><strong>mi-</strong></span> 
     </span>
    </p>
   </div>
   <div class='ocr_carea' id='block_1_99' title="bbox 2027 4047 3624 4117">
    <p class='ocr_par' dir='ltr' id='par_1_99' title="bbox 2027 4047 3624 4117">
     <span class='ocr_line' id='line_1_99' title="bbox 2027 4047 3624 4117; baseline -0.006 -7"><span class='ocrx_word' id='word_1_784' title='bbox 2027 4056 2192 4115; x_wconf 84' lang='lat' dir='ltr'><strong>sistis,</strong></span> <span class='ocrx_word' id='word_1_785' title='bbox 2223 4052 2489 4115; x_wconf 89' lang='lat' dir='ltr'><strong>conditor,</strong></span> <span class='ocrx_word' id='word_1_786' title='bbox 2511 4051 2768 4105; x_wconf 80' lang='lat' dir='ltr'><strong>adversus</strong></span> <span class='ocrx_word' id='word_1_787' title='bbox 2794 4064 2887 4103; x_wconf 86' lang='lat' dir='ltr'><strong>eos</strong></span> <span class='ocrx_word' id='word_1_788' title='bbox 2919 4049 3006 4117; x_wconf 92' lang='lat' dir='ltr'><strong>qui</strong></span> <span class='ocrx_word' id='word_1_789' title='bbox 3041 4047 3268 4116; x_wconf 76' lang='lat' dir='ltr'><strong>peccatis</strong></span> <span class='ocrx_word' id='word_1_790' title='bbox 3306 4049 3416 4099; x_wconf 83' lang='lat' dir='ltr'><strong>sais</strong></span> <span class='ocrx_word' id='word_1_791' title='bbox 3447 4057 3624 4114; x_wconf 83' lang='lat' dir='ltr'><strong>patro-</strong></span> 
     </span>
    </p>
   </div>
   <div class='ocr_carea' id='block_1_100' title="bbox 2026 4138 3619 4205">
    <p class='ocr_par' dir='ltr' id='par_1_100' title="bbox 2026 4138 3619 4205">
     <span class='ocr_line' id='line_1_100' title="bbox 2026 4138 3619 4205; baseline -0.006 -6"><span class='ocrx_word' id='word_1_792' title='bbox 2026 4145 2226 4199; x_wconf 88' lang='lat' dir='ltr'><strong>cinium</strong></span> <span class='ocrx_word' id='word_1_793' title='bbox 2263 4143 2333 4197; x_wconf 89' lang='lat' dir='ltr'><strong>de</strong></span> <span class='ocrx_word' id='word_1_794' title='bbox 2376 4152 2578 4194; x_wconf 73' lang='lat' dir='ltr'><strong>natura:</strong></span> <span class='ocrx_word' id='word_1_795' title='bbox 2624 4140 2871 4192; x_wconf 63' lang='lat' dir='ltr'><strong>humanae</strong></span> <span class='ocrx_word' id='word_1_796' title='bbox 2919 4139 3226 4191; x_wconf 87' lang='lat' dir='ltr'><strong>iutirmitatc</strong></span> <span class='ocrx_word' id='word_1_797' title='bbox 3278 4138 3619 4205; x_wconf 74' lang='lat' dir='ltr'><strong>perquirunt;</strong></span> 
     </span>
    </p>
   </div>
   <div class='ocr_carea' id='block_1_101' title="bbox 2030 4228 3619 4297">
    <p class='ocr_par' dir='ltr' id='par_1_101' title="bbox 2030 4228 3619 4297">
     <span class='ocr_line' id='line_1_101' title="bbox 2030 4228 3619 4297; baseline -0.007 -5"><span class='ocrx_word' id='word_1_798' title='bbox 2030 4245 2179 4292; x_wconf 87' lang='lat' dir='ltr'><strong>tanto</strong></span> <span class='ocrx_word' id='word_1_799' title='bbox 2211 4244 2268 4290; x_wconf 91' lang='lat' dir='ltr'><strong>et</strong></span> <span class='ocrx_word' id='word_1_800' title='bbox 2310 4235 2477 4287; x_wconf 90' lang='lat' dir='ltr'><strong>multo</strong></span> <span class='ocrx_word' id='word_1_801' title='bbox 2515 4232 2823 4287; x_wconf 66' lang='lat' dir='ltr'><strong>ardentiore</strong></span> <span class='ocrx_word' id='word_1_802' title='bbox 2865 4231 2980 4283; x_wconf 84' lang='lat' dir='ltr'><strong>zelo</strong></span> <span class='ocrx_word' id='word_1_803' title='bbox 3020 4245 3117 4284; x_wconf 69' lang='lat' dir='ltr'><strong>nos</strong></span> <span class='ocrx_word' id='word_1_804' title='bbox 3147 4237 3356 4297; x_wconf 75' lang='lat' dir='ltr'><strong>oportet</strong></span> <span class='ocrx_word' id='word_1_805' title='bbox 3381 4228 3619 4293; x_wconf 85' lang='lat' dir='ltr'><strong>accendi,</strong></span> 
     </span>
    </p>
   </div>
   <div class='ocr_carea' id='block_1_102' title="bbox 2033 4320 3616 4385">
    <p class='ocr_par' dir='ltr' id='par_1_102' title="bbox 2033 4320 3616 4385">
     <span class='ocr_line' id='line_1_102' title="bbox 2033 4320 3616 4385; baseline -0.008 -2"><span class='ocrx_word' id='word_1_806' title='bbox 2033 4344 2099 4385; x_wconf 89' lang='lat' dir='ltr'><strong>uc</strong></span> <span class='ocrx_word' id='word_1_807' title='bbox 2128 4335 2416 4382; x_wconf 81' lang='lat' dir='ltr'><strong>evacm-tur</strong></span> <span class='ocrx_word' id='word_1_808' title='bbox 2452 4340 2581 4378; x_wconf 76' lang='lat' dir='ltr'><strong>crux</strong></span> <span class='ocrx_word' id='word_1_809' title='bbox 2609 4323 2827 4377; x_wconf 80' lang='lat' dir='ltr'><strong>Christi.</strong></span> <span class='ocrx_word' id='word_1_810' title='bbox 2862 4322 3158 4375; x_wconf 80' lang='lat' dir='ltr'><strong>Evaeuatnr</strong></span> <span class='ocrx_word' id='word_1_811' title='bbox 3206 4332 3402 4382; x_wconf 75' lang='lat' dir='ltr'><strong>autem,</strong></span> <span class='ocrx_word' id='word_1_812' title='bbox 3434 4321 3478 4372; x_wconf 84' lang='lat' dir='ltr'><strong>si</strong></span> <span class='ocrx_word' id='word_1_813' title='bbox 3523 4320 3616 4372; x_wconf 87' lang='lat' dir='ltr'><strong>ali-</strong></span> 
     </span>
    </p>
   </div>
   <div class='ocr_carea' id='block_1_103' title="bbox 2032 4409 3653 4494">
    <p class='ocr_par' dir='ltr' id='par_1_103' title="bbox 2032 4409 3653 4494">
     <span class='ocr_line' id='line_1_103' title="bbox 2032 4409 3653 4494; baseline -0.009 -19"><span class='ocrx_word' id='word_1_814' title='bbox 2032 4438 2140 4494; x_wconf 90' lang='lat' dir='ltr'><strong>quo</strong></span> <span class='ocrx_word' id='word_1_815' title='bbox 2185 4419 2343 4474; x_wconf 88' lang='lat' dir='ltr'><strong>modo</strong></span> <span class='ocrx_word' id='word_1_816' title='bbox 2394 4425 2586 4488; x_wconf 65' lang='lat' dir='ltr'><strong>pratter</strong></span> <span class='ocrx_word' id='word_1_817' title='bbox 2633 4416 2773 4469; x_wconf 78' lang='lat' dir='ltr'><strong>illius</strong></span> <span class='ocrx_word' id='word_1_818' title='bbox 2819 4414 3223 4469; x_wconf 83' lang='lat' dir='ltr'><strong>Sacramenttnn</strong></span> <span class='ocrx_word' id='word_1_819' title='bbox 3271 4410 3337 4464; x_wconf 90' lang='lat' dir='ltr'><strong>ad</strong></span> <span class='ocrx_word' id='word_1_820' title='bbox 3364 4409 3653 4489; x_wconf 75' lang='lat' dir='ltr'><strong>justitiaml</strong></span> 
     </span>
    </p>
   </div>
   <div class='ocr_carea' id='block_1_104' title="bbox 2033 4505 3625 4582">
    <p class='ocr_par' dir='ltr' id='par_1_104' title="bbox 2033 4505 3625 4582">
     <span class='ocr_line' id='line_1_104' title="bbox 2033 4505 3625 4582; baseline -0.008 -12"><span class='ocrx_word' id='word_1_821' title='bbox 2033 4518 2301 4582; x_wconf 88' lang='lat' dir='ltr'><strong>vitamque</strong></span> <span class='ocrx_word' id='word_1_822' title='bbox 2327 4524 2580 4568; x_wconf 81' lang='lat' dir='ltr'><strong>:cternam</strong></span> <span class='ocrx_word' id='word_1_823' title='bbox 2626 4509 2886 4581; x_wconf 81' lang='lat' dir='ltr'><strong>perveniri</strong></span> <span class='ocrx_word' id='word_1_824' title='bbox 2928 4512 3092 4576; x_wconf 77' lang='lat' dir='ltr'><strong>posse</strong></span> <span class='ocrx_word' id='word_1_825' title='bbox 3119 4507 3329 4561; x_wconf 89' lang='lat' dir='ltr'><strong>dicatur</strong></span> <span class='ocrx_word' id='word_1_826' title='bbox 3359 4523 3372 4560; x_wconf 91' lang='lat'><strong>:</strong></span> <span class='ocrx_word' id='word_1_827' title='bbox 3402 4505 3542 4574; x_wconf 88' lang='lat' dir='ltr'><strong>quod</strong></span> <span class='ocrx_word' id='word_1_828' title='bbox 3575 4505 3625 4558; x_wconf 92' lang='lat' dir='ltr'><strong>in</strong></span> 
     </span>
    </p>
   </div>
   <div class='ocr_carea' id='block_1_105' title="bbox 2036 4598 3627 4678">
    <p class='ocr_par' dir='ltr' id='par_1_105' title="bbox 2036 4598 3627 4678">
     <span class='ocr_line' id='line_1_105' title="bbox 2036 4598 3627 4678; baseline -0.008 -13"><span class='ocrx_word' id='word_1_829' title='bbox 2036 4612 2171 4666; x_wconf 86' lang='lat' dir='ltr'><strong>libro</strong></span> <span class='ocrx_word' id='word_1_830' title='bbox 2203 4610 2304 4663; x_wconf 81' lang='lat' dir='ltr'><strong>isto</strong></span> <span class='ocrx_word' id='word_1_831' title='bbox 2328 4610 2520 4678; x_wconf 84' lang='lat' dir='ltr'><strong>agitur,</strong></span> <span class='ocrx_word' id='word_1_832' title='bbox 2552 4607 2677 4661; x_wconf 89' lang='lat' dir='ltr'><strong>nolo</strong></span> <span class='ocrx_word' id='word_1_833' title='bbox 2702 4606 2883 4659; x_wconf 81' lang='lat' dir='ltr'><strong>dicere</strong></span> <span class='ocrx_word' id='word_1_834' title='bbox 2912 4605 2977 4657; x_wconf 81' lang='lat' dir='ltr'><strong>ab</strong></span> <span class='ocrx_word' id='word_1_835' title='bbox 3003 4604 3229 4661; x_wconf 86' lang='lat' dir='ltr'><strong>sciente.</strong></span> <span class='ocrx_word' id='word_1_836' title='bbox 3260 4618 3325 4655; x_wconf 89' lang='lat' dir='ltr'><strong>ne</strong></span> <span class='ocrx_word' id='word_1_837' title='bbox 3355 4602 3498 4655; x_wconf 87' lang='lat' dir='ltr'><strong>illum</strong></span> <span class='ocrx_word' id='word_1_838' title='bbox 3537 4598 3627 4668; x_wconf 92' lang='lat' dir='ltr'><strong>qni</strong></span> 
     </span>
    </p>
   </div>
   <div class='ocr_carea' id='block_1_106' title="bbox 2036 4690 3628 4769">
    <p class='ocr_par' dir='ltr' id='par_1_106' title="bbox 2036 4690 3628 4769">
     <span class='ocr_line' id='line_1_106' title="bbox 2036 4690 3628 4769; baseline -0.009 -15"><span class='ocrx_word' id='word_1_839' title='bbox 2036 4719 2157 4755; x_wconf 86' lang='lat' dir='ltr'><strong>eum</strong></span> <span class='ocrx_word' id='word_1_840' title='bbox 2201 4702 2436 4769; x_wconf 81' lang='lat' dir='ltr'><strong>scripsit,</strong></span> <span class='ocrx_word' id='word_1_841' title='bbox 2471 4716 2536 4753; x_wconf 92' lang='lat' dir='ltr'><strong>ne</strong></span> <span class='ocrx_word' id='word_1_842' title='bbox 2563 4699 2910 4752; x_wconf 68' lang='lat' dir='ltr'><strong>christianum</strong></span> <span class='ocrx_word' id='word_1_843' title='bbox 2941 4694 3155 4764; x_wconf 90' lang='lat' dir='ltr'><strong>quidem</strong></span> <span class='ocrx_word' id='word_1_844' title='bbox 3208 4690 3510 4745; x_wconf 80' lang='lat' dir='ltr'><strong>habendum</strong></span> <span class='ocrx_word' id='word_1_845' title='bbox 3546 4691 3628 4753; x_wconf 86' lang='lat' dir='ltr'><strong>itt-</strong></span> 
     </span>
    </p>
   </div>
   <div class='ocr_carea' id='block_1_107' title="bbox 2036 4780 3630 4860">
    <p class='ocr_par' dir='ltr' id='par_1_107' title="bbox 2036 4780 3630 4860">
     <span class='ocr_line' id='line_1_107' title="bbox 2036 4780 3630 4860; baseline -0.008 -12"><span class='ocrx_word' id='word_1_846' title='bbox 2036 4794 2247 4856; x_wconf 74' lang='lat' dir='ltr'><strong>dlcetn;</strong></span> <span class='ocrx_word' id='word_1_847' title='bbox 2292 4792 2385 4845; x_wconf 84' lang='lat' dir='ltr'><strong>scd</strong></span> <span class='ocrx_word' id='word_1_848' title='bbox 2414 4790 2552 4860; x_wconf 83' lang='lat' dir='ltr'><strong>quod</strong></span> <span class='ocrx_word' id='word_1_849' title='bbox 2597 4790 2765 4858; x_wconf 86' lang='lat' dir='ltr'><strong>magis</strong></span> <span class='ocrx_word' id='word_1_850' title='bbox 2805 4786 2985 4848; x_wconf 86' lang='lat' dir='ltr'><strong>credo,</strong></span> <span class='ocrx_word' id='word_1_851' title='bbox 3017 4801 3045 4837; x_wconf 88' lang='lat' dir='ltr'><strong>a</strong></span> <span class='ocrx_word' id='word_1_852' title='bbox 3076 4780 3347 4838; x_wconf 73' lang='lat' dir='ltr'><strong>nesciente</strong></span> <span class='ocrx_word' id='word_1_853' title='bbox 3376 4783 3630 4851; x_wconf 81' lang='lat' dir='ltr'><strong>:niagnis</strong></span> 
     </span>
    </p>
   </div>
   <div class='ocr_carea' id='block_1_108' title="bbox 2038 4871 3630 4945">
    <p class='ocr_par' dir='ltr' id='par_1_108' title="bbox 2038 4871 3630 4945">
     <span class='ocr_line' id='line_1_108' title="bbox 2038 4871 3630 4945; baseline -0.007 -7"><span class='ocrx_word' id='word_1_854' title='bbox 2038 4901 2166 4938; x_wconf 75' lang='lat' dir='ltr'><strong>sane</strong></span> <span class='ocrx_word' id='word_1_855' title='bbox 2194 4883 2424 4945; x_wconf 74' lang='lat' dir='ltr'><strong>vii-ilius;</strong></span> <span class='ocrx_word' id='word_1_856' title='bbox 2457 4880 2550 4934; x_wconf 90' lang='lat' dir='ltr'><strong>sed</strong></span> <span class='ocrx_word' id='word_1_857' title='bbox 2585 4897 2676 4934; x_wconf 88' lang='lat' dir='ltr'><strong>eas</strong></span> <span class='ocrx_word' id='word_1_858' title='bbox 2698 4893 2857 4932; x_wconf 86' lang='lat' dir='ltr'><strong>sanas</strong></span> <span class='ocrx_word' id='word_1_859' title='bbox 2878 4878 3018 4939; x_wconf 86' lang='lat' dir='ltr'><strong>volo,</strong></span> <span class='ocrx_word' id='word_1_860' title='bbox 3052 4890 3156 4929; x_wconf 92' lang='lat' dir='ltr'><strong>non</strong></span> <span class='ocrx_word' id='word_1_861' title='bbox 3185 4874 3368 4945; x_wconf 85' lang='lat' dir='ltr'><strong>quales</strong></span> <span class='ocrx_word' id='word_1_862' title='bbox 3398 4871 3630 4942; x_wconf 86' lang='lat' dir='ltr'><strong>phrene-</strong></span> 
     </span>
    </p>
   </div>
   <div class='ocr_carea' id='block_1_109' title="bbox 2042 4974 2733 5031">
    <p class='ocr_par' dir='ltr' id='par_1_109' title="bbox 2042 4974 2733 5031">
     <span class='ocr_line' id='line_1_109' title="bbox 2042 4974 2733 5031; baseline -0.012 0"><span class='ocrx_word' id='word_1_863' title='bbox 2042 4977 2129 5031; x_wconf 89' lang='lat' dir='ltr'><strong>tiei</strong></span> <span class='ocrx_word' id='word_1_864' title='bbox 2160 4974 2357 5029; x_wconf 91' lang='lat' dir='ltr'><strong>habere</strong></span> <span class='ocrx_word' id='word_1_865' title='bbox 2386 4978 2733 5026; x_wconf 85' lang='lat' dir='ltr'><strong>consuerunt.</strong></span> 
     </span>
    </p>
   </div>
   <div class='ocr_carea' id='block_1_110' title="bbox 2113 5058 3633 5133">
    <p class='ocr_par' dir='ltr' id='par_1_110' title="bbox 2113 5058 3633 5133">
     <span class='ocr_line' id='line_1_110' title="bbox 2113 5058 3633 5133; baseline -0.01 -10"><span class='ocrx_word' id='word_1_866' title='bbox 2113 5070 2168 5123; x_wconf 84' lang='lat'><strong>8.</strong></span> <span class='ocrx_word' id='word_1_867' title='bbox 2220 5067 2349 5121; x_wconf 60' lang='lat' dir='ltr'><strong>Nam</strong></span> <span class='ocrx_word' id='word_1_868' title='bbox 2403 5065 2550 5133; x_wconf 90' lang='lat' dir='ltr'><strong>prius</strong></span> <span class='ocrx_word' id='word_1_869' title='bbox 2588 5061 2898 5132; x_wconf 85' lang='lat' dir='ltr'><strong>distinguit,</strong></span> <span class='ocrx_word' id='word_1_870' title='bbox 2939 5058 3081 5113; x_wconf 84' lang='lat' dir='ltr'><strong>aliud</strong></span> <span class='ocrx_word' id='word_1_871' title='bbox 3127 5076 3234 5113; x_wconf 70' lang='lat' dir='ltr'><strong>esse</strong></span> <span class='ocrx_word' id='word_1_872' title='bbox 3269 5072 3525 5125; x_wconf 73' lang='lat' dir='ltr'><strong>qawrere,</strong></span> <span class='ocrx_word' id='word_1_873' title='bbox 3570 5073 3633 5109; x_wconf 84' lang='lat' dir='ltr'><strong>an</strong></span> 
     </span>
    </p>
   </div>
   <div class='ocr_carea' id='block_1_111' title="bbox 2042 5153 3632 5234">
    <p class='ocr_par' dir='ltr' id='par_1_111' title="bbox 2042 5153 3632 5234">
     <span class='ocr_line' id='line_1_111' title="bbox 2042 5153 3632 5234; baseline -0.008 -18"><span class='ocrx_word' id='word_1_874' title='bbox 2042 5163 2201 5234; x_wconf 78' lang='lat' dir='ltr'><strong>possit</strong></span> <span class='ocrx_word' id='word_1_875' title='bbox 2227 5160 2420 5230; x_wconf 82' lang='lat' dir='ltr'><strong>aliquid</strong></span> <span class='ocrx_word' id='word_1_876' title='bbox 2450 5173 2575 5221; x_wconf 79' lang='lat' dir='ltr'><strong>esse,</strong></span> <span class='ocrx_word' id='word_1_877' title='bbox 2612 5159 2746 5226; x_wconf 80' lang='lat' dir='ltr'><strong>quod</strong></span> <span class='ocrx_word' id='word_1_878' title='bbox 2786 5156 2852 5208; x_wconf 81' lang='lat' dir='ltr'><strong>ml</strong></span> <span class='ocrx_word' id='word_1_879' title='bbox 2880 5157 3040 5210; x_wconf 76' lang='lat' dir='ltr'><strong>solam</strong></span> <span class='ocrx_word' id='word_1_880' title='bbox 3093 5153 3473 5224; x_wconf 70' lang='lat' dir='ltr'><strong>possibilitatem</strong></span> <span class='ocrx_word' id='word_1_881' title='bbox 3516 5170 3632 5221; x_wconf 76' lang='lat' dir='ltr'><strong>per—</strong></span> 
     </span>
    </p>
   </div>
   <div class='ocr_carea' id='block_1_112' title="bbox 2044 5249 3636 5319">
    <p class='ocr_par' dir='ltr' id='par_1_112' title="bbox 2044 5249 3636 5319">
     <span class='ocr_line' id='line_1_112' title="bbox 2044 5249 3636 5319; baseline -0.008 -9"><span class='ocrx_word' id='word_1_882' title='bbox 2044 5257 2202 5310; x_wconf 70' lang='lat' dir='ltr'><strong>tiu&#39;et:</strong></span> <span class='ocrx_word' id='word_1_883' title='bbox 2246 5255 2345 5308; x_wconf 59' lang='lat' dir='ltr'><strong>alia</strong></span> <span class='ocrx_word' id='word_1_884' title='bbox 2371 5254 2409 5319; x_wconf 69' lang='grc' dir='ltr'><strong>ί,</strong></span> <span class='ocrx_word' id='word_1_885' title='bbox 2443 5267 2680 5305; x_wconf 82' lang='lat' dir='ltr'><strong>utrumne</strong></span> <span class='ocrx_word' id='word_1_886' title='bbox 2708 5252 2793 5304; x_wconf 78' lang='lat' dir='ltr'><strong>sit.</strong></span> <span class='ocrx_word' id='word_1_887' title='bbox 2838 5249 2985 5304; x_wconf 90' lang='lat' dir='ltr'><strong>Ilauc</strong></span> <span class='ocrx_word' id='word_1_888' title='bbox 3014 5249 3408 5302; x_wconf 78' lang='lat' dir='ltr'><strong>distinctionem</strong></span> <span class='ocrx_word' id='word_1_889' title='bbox 3456 5260 3636 5298; x_wconf 84' lang='lat' dir='ltr'><strong>verant</strong></span> 
     </span>
    </p>
   </div>
   <div class='ocr_carea' id='block_1_113' title="bbox 2044 5338 3637 5413">
    <p class='ocr_par' dir='ltr' id='par_1_113' title="bbox 2044 5338 3637 5413">
     <span class='ocr_line' id='line_1_113' title="bbox 2044 5338 3637 5413; baseline -0.009 -10"><span class='ocrx_word' id='word_1_890' title='bbox 2044 5363 2164 5403; x_wconf 61' lang='lat' dir='ltr'><strong>csre</strong></span> <span class='ocrx_word' id='word_1_891' title='bbox 2188 5363 2344 5400; x_wconf 84' lang='lat' dir='ltr'><strong>nemo</strong></span> <span class='ocrx_word' id='word_1_892' title='bbox 2368 5343 2621 5413; x_wconf 79' lang='lat' dir='ltr'><strong>.nnbigit:</strong></span> <span class='ocrx_word' id='word_1_893' title='bbox 2645 5357 2982 5413; x_wconf 75' lang='lat' dir='ltr'><strong>Consequens</strong></span> <span class='ocrx_word' id='word_1_894' title='bbox 3002 5342 3144 5395; x_wconf 83' lang='lat' dir='ltr'><strong>enim</strong></span> <span class='ocrx_word' id='word_1_895' title='bbox 3175 5348 3257 5394; x_wconf 85' lang='lat' dir='ltr'><strong>est</strong></span> <span class='ocrx_word' id='word_1_896' title='bbox 3287 5348 3341 5391; x_wconf 93' lang='lat' dir='ltr'><strong>ut</strong></span> <span class='ocrx_word' id='word_1_897' title='bbox 3366 5338 3503 5406; x_wconf 87' lang='lat' dir='ltr'><strong>quod</strong></span> <span class='ocrx_word' id='word_1_898' title='bbox 3533 5346 3637 5399; x_wconf 87' lang='lat' dir='ltr'><strong>e.-t,</strong></span> 
     </span>
    </p>
   </div>
   <div class='ocr_carea' id='block_1_114' title="bbox 2045 5428 3638 5510">
    <p class='ocr_par' dir='ltr' id='par_1_114' title="bbox 2045 5428 3638 5510">
     <span class='ocr_line' id='line_1_114' title="bbox 2045 5428 3638 5510; baseline -0.008 -15"><span class='ocrx_word' id='word_1_899' title='bbox 2045 5457 2166 5496; x_wconf 86' lang='lat' dir='ltr'><strong>esse</strong></span> <span class='ocrx_word' id='word_1_900' title='bbox 2214 5441 2477 5510; x_wconf 79' lang='lat' dir='ltr'><strong>petuerit;</strong></span> <span class='ocrx_word' id='word_1_901' title='bbox 2525 5454 2629 5490; x_wconf 90' lang='lat' dir='ltr'><strong>non</strong></span> <span class='ocrx_word' id='word_1_902' title='bbox 2674 5447 2756 5491; x_wconf 88' lang='lat' dir='ltr'><strong>est</strong></span> <span class='ocrx_word' id='word_1_903' title='bbox 2798 5445 2974 5490; x_wconf 82' lang='lat' dir='ltr'><strong>autem</strong></span> <span class='ocrx_word' id='word_1_904' title='bbox 3024 5448 3358 5501; x_wconf 77' lang='lat' dir='ltr'><strong>consequens</strong></span> <span class='ocrx_word' id='word_1_905' title='bbox 3400 5440 3455 5483; x_wconf 93' lang='lat' dir='ltr'><strong>ut</strong></span> <span class='ocrx_word' id='word_1_906' title='bbox 3497 5428 3638 5496; x_wconf 83' lang='lat' dir='ltr'><strong>quod</strong></span> 
     </span>
    </p>
   </div>
   <div class='ocr_carea' id='block_1_115' title="bbox 2046 5522 3636 5602">
    <p class='ocr_par' dir='ltr' id='par_1_115' title="bbox 2046 5522 3636 5602">
     <span class='ocr_line' id='line_1_115' title="bbox 2046 5522 3636 5602; baseline -0.01 -12"><span class='ocrx_word' id='word_1_907' title='bbox 2046 5550 2167 5590; x_wconf 84' lang='lat' dir='ltr'><strong>esse</strong></span> <span class='ocrx_word' id='word_1_908' title='bbox 2209 5541 2402 5602; x_wconf 84' lang='lat' dir='ltr'><strong>potest,</strong></span> <span class='ocrx_word' id='word_1_909' title='bbox 2436 5529 2595 5584; x_wconf 86' lang='lat' dir='ltr'><strong>etiam</strong></span> <span class='ocrx_word' id='word_1_910' title='bbox 2627 5530 2717 5583; x_wconf 87' lang='lat' dir='ltr'><strong>sit.</strong></span> <span class='ocrx_word' id='word_1_911' title='bbox 2755 5528 2889 5595; x_wconf 82' lang='lat' dir='ltr'><strong>Quia</strong></span> <span class='ocrx_word' id='word_1_912' title='bbox 2918 5527 3058 5582; x_wconf 90' lang='lat' dir='ltr'><strong>enim</strong></span> <span class='ocrx_word' id='word_1_913' title='bbox 3096 5525 3348 5578; x_wconf 66' lang='lat' dir='ltr'><strong>Dotuimis</strong></span> <span class='ocrx_word' id='word_1_914' title='bbox 3380 5522 3636 5575; x_wconf 82' lang='lat' dir='ltr'><strong>Lazarum</strong></span> 
     </span>
    </p>
   </div>
   <div class='ocr_carea' id='block_1_116' title="bbox 2050 5614 3636 5694">
    <p class='ocr_par' dir='ltr' id='par_1_116' title="bbox 2050 5614 3636 5694">
     <span class='ocr_line' id='line_1_116' title="bbox 2050 5614 3636 5694; baseline -0.01 -11"><span class='ocrx_word' id='word_1_915' title='bbox 2050 5628 2322 5683; x_wconf 77' lang='lat' dir='ltr'><strong>suscitavit</strong></span> <span class='ocrx_word' id='word_1_916' title='bbox 2353 5624 2531 5692; x_wconf 85' lang='lat' dir='ltr'><strong>(Joau.</strong></span> <span class='ocrx_word' id='word_1_917' title='bbox 2562 5640 2638 5691; x_wconf 75' lang='lat' dir='ltr'><strong>XI,</strong></span> <span class='ocrx_word' id='word_1_918' title='bbox 2670 5626 2759 5687; x_wconf 68' lang='grc'><strong>45,</strong></span> <span class='ocrx_word' id='word_1_919' title='bbox 2784 5622 2897 5694; x_wconf 60' lang='grc'><strong>44).</strong></span> <span class='ocrx_word' id='word_1_920' title='bbox 2925 5623 3041 5676; x_wconf 84' lang='lat' dir='ltr'><strong>sine</strong></span> <span class='ocrx_word' id='word_1_921' title='bbox 3075 5620 3237 5672; x_wconf 80' lang='lat' dir='ltr'><strong>dubio</strong></span> <span class='ocrx_word' id='word_1_922' title='bbox 3270 5618 3438 5685; x_wconf 84' lang='lat' dir='ltr'><strong>potuit</strong></span> <span class='ocrx_word' id='word_1_923' title='bbox 3468 5636 3479 5669; x_wconf 87' lang='lat'><strong>:</strong></span> <span class='ocrx_word' id='word_1_924' title='bbox 3511 5614 3636 5682; x_wconf 78' lang='lat' dir='ltr'><strong>quia</strong></span> 
     </span>
    </p>
   </div>
   <div class='ocr_carea' id='block_1_117' title="bbox 2051 5706 3639 5786">
    <p class='ocr_par' dir='ltr' id='par_1_117' title="bbox 2051 5706 3639 5786">
     <span class='ocr_line' id='line_1_117' title="bbox 2051 5706 3639 5786; baseline -0.01 -13"><span class='ocrx_word' id='word_1_925' title='bbox 2051 5735 2180 5775; x_wconf 88' lang='lat' dir='ltr'><strong>vero</strong></span> <span class='ocrx_word' id='word_1_926' title='bbox 2226 5717 2416 5774; x_wconf 83' lang='lat' dir='ltr'><strong>Judam</strong></span> <span class='ocrx_word' id='word_1_927' title='bbox 2469 5732 2573 5770; x_wconf 80' lang='lat' dir='ltr'><strong>non</strong></span> <span class='ocrx_word' id='word_1_928' title='bbox 2624 5714 3013 5786; x_wconf 84' lang='lat' dir='ltr'><strong>suscitavit(a),</strong></span> <span class='ocrx_word' id='word_1_929' title='bbox 3058 5710 3309 5780; x_wconf 88' lang='lat' dir='ltr'><strong>mnuqnid</strong></span> <span class='ocrx_word' id='word_1_930' title='bbox 3354 5706 3639 5760; x_wconf 84' lang='lat' dir='ltr'><strong>dicendqu</strong></span> 
     </span>
    </p>
   </div>
   <div class='ocr_carea' id='block_1_118' title="bbox 2114 5838 3648 5910">
    <p class='ocr_par' dir='ltr' id='par_1_118' title="bbox 2114 5838 3648 5910">
     <span class='ocr_line' id='line_1_118' title="bbox 2114 5838 3648 5910; baseline -0.01 -11"><span class='ocrx_word' id='word_1_931' title='bbox 2114 5849 2187 5910; x_wconf 83' lang='grc' dir='ltr'><strong>(α)</strong></span> <span class='ocrx_word' id='word_1_932' title='bbox 2221 5856 2394 5899; x_wconf 82' lang='lat' dir='ltr'><strong>Petrus</strong></span> <span class='ocrx_word' id='word_1_933' title='bbox 2415 5846 2707 5910; x_wconf 69' lang='lat' dir='ltr'><strong>Lombardus</strong></span> <span class='ocrx_word' id='word_1_934' title='bbox 2745 5848 2793 5896; x_wconf 89' lang='lat' dir='ltr'><strong>in</strong></span> <span class='ocrx_word' id='word_1_935' title='bbox 2835 5847 2858 5910; x_wconf 7' lang='lat' dir='ltr'><strong>lg</strong></span> <span class='ocrx_word' id='word_1_936' title='bbox 2879 5852 3012 5894; x_wconf 81' lang='lat' dir='ltr'><strong>Sent.</strong></span> <span class='ocrx_word' id='word_1_937' title='bbox 3038 5842 3151 5890; x_wconf 78' lang='lat' dir='ltr'><strong>dist.</strong></span> <span class='ocrx_word' id='word_1_938' title='bbox 3194 5838 3286 5896; x_wconf 73' lang='grc'><strong>43,</strong></span> <span class='ocrx_word' id='word_1_939' title='bbox 3323 5850 3426 5910; x_wconf 73' lang='lat' dir='ltr'><strong>cap.</strong></span> <span class='ocrx_word' id='word_1_940' title='bbox 3455 5842 3565 5910; x_wconf 77' lang='lat' dir='ltr'><strong>ult.,</strong></span> <span class='ocrx_word' id='word_1_941' title='bbox 3594 5844 3648 5884; x_wconf 87' lang='lat' dir='ltr'><strong>ut</strong></span> 
     </span>
    </p>
   </div>
   <div class='ocr_carea' id='block_1_119' title="bbox 2056 5897 3656 5972">
    <p class='ocr_par' dir='ltr' id='par_1_119' title="bbox 2056 5897 3656 5972">
     <span class='ocr_line' id='line_1_119' title="bbox 2056 5897 3656 5972; baseline -0.011 -10"><span class='ocrx_word' id='word_1_942' title='bbox 2056 5897 2285 5963; x_wconf 65' lang='lat' dir='ltr'><strong>ostendat</strong></span> <span class='ocrx_word' id='word_1_943' title='bbox 2309 5897 2460 5961; x_wconf 76' lang='lat' dir='ltr'><strong>Deum</strong></span> <span class='ocrx_word' id='word_1_944' title='bbox 2486 5907 2635 5958; x_wconf 81' lang='lat' dir='ltr'><strong>multa</strong></span> <span class='ocrx_word' id='word_1_945' title='bbox 2671 5921 2817 5972; x_wconf 81' lang='lat' dir='ltr'><strong>posse</strong></span> <span class='ocrx_word' id='word_1_946' title='bbox 2842 5908 3002 5958; x_wconf 77' lang='lat' dir='ltr'><strong>facere</strong></span> <span class='ocrx_word' id='word_1_947' title='bbox 3029 5914 3137 5966; x_wconf 72' lang='lat' dir='ltr'><strong>qua:</strong></span> <span class='ocrx_word' id='word_1_948' title='bbox 3177 5915 3272 5950; x_wconf 65' lang='lat' dir='ltr'><strong>acu</strong></span> <span class='ocrx_word' id='word_1_949' title='bbox 3297 5897 3396 5947; x_wconf 72' lang='lat' dir='ltr'><strong>vult</strong></span> <span class='ocrx_word' id='word_1_950' title='bbox 3418 5930 3430 5954; x_wconf 82' lang='lat'><strong>,</strong></span> <span class='ocrx_word' id='word_1_951' title='bbox 3457 5908 3656 5955; x_wconf 61' lang='lat' dir='ltr'><strong>i-osma.</strong></span> 
     </span>
    </p>
   </div>
  </div>
