4202 6524
587 451 683 506 “2:1

585 575 686 627 est,
727 561 842 618 Non
883 560 1090 632 potuit?
1119 559 1296 616 Potuit
1322 572 1470 628 ergo,
1505 556 1596 611 sed
1631 557 1816 610 noluit.
1838 555 1968 610 Nam
1995 555 2040 612 si
2068 569 2160 608 vo-

587 657 790 722 luisset,
815 655 999 712 eadem
1030 655 1190 709 etiam
1235 653 1338 707 hoc
1381 660 1643 722 potestate
1673 647 1919 710 iecisset:
1950 650 2070 719 quia
2111 657 2166 704 ct

594 747 758 804 Filius
815 763 948 818 quos
995 747 1109 801 vult
1145 745 1377 801 viviﬁcat
1420 742 1704 812 (Joansv,
1751 743 1866 808 2|).
1907 740 2010 795 Sed
2069 741 2166 794 hac

589 842 929 896 distinctione
959 855 1083 894 vera
1107 847 1266 908 atque
1297 836 1572 890 manifesta
1599 848 1704 903 quo
1731 831 1930 896 tendat,
1963 842 2014 886 et
2041 831 2164 900 quid

589 933 805 986 efﬁcere
835 940 1076 995 conetur,
1109 929 1366 983 advertite
1393 946 1406 980 :
1439 925 1570 992 Nos,
1605 926 1788 994 inquit.
1822 924 1883 978 de
1909 925 2017 978 sola
2046 940 2165 992 pos-

589 1022 825 1074 sibilitate
853 1032 1157 1080 tractamus;
1205 1023 1269 1071 de
1305 1034 1402 1088 qua
1432 1017 1528 1070 nisi
1554 1015 1674 1085 quid
1717 1026 1905 1069 certum
1931 1015 2166 1068 constite-

590 1115 674 1168 rit.
705 1112 987 1181 transgredi
1029 1111 1095 1163 ad
1133 1109 1294 1172 aliud,
1323 1108 1670 1178 gravissimum
1708 1123 1812 1160 esse
1851 1114 1998 1172 atque
2025 1113 2168 1156 extra

592 1203 816 1255 ordinem
862 1203 1112 1254 ducimus.
1158 1200 1266 1252 Iluc
1304 1209 1478 1252 Versat
1528 1198 1707 1250 multis
1747 1196 1918 1249 modis
1955 1205 2008 1250 et
2050 1210 2167 1248 scr-

590 1307 750 1346 mouc
795 1292 1066 1351 diuturno,
1095 1307 1163 1344 ne
1213 1291 1332 1360 quis
1378 1305 1498 1343 cum
1549 1287 1710 1347 aliud,
1749 1303 1906 1355 quam
1951 1285 2019 1340 de
2063 1302 2167 1340 non

587 1384 842 1454 peccandi
891 1385 1237 1454 possibilitate
1271 1398 1510 1452 quaerere
1537 1379 1822 1433 existimet.
1851 1377 2002 1434 Unde
2033 1379 2170 1431 inter

590 1478 753 1532 multa
775 1478 964 1546 quibus
991 1477 1039 1531 id
1065 1477 1192 1546 agit,
1211 1477 1368 1530 etiam
1395 1475 1492 1528 hoc
1519 1473 1645 1527 dicit
1673 1491 1686 1526 :
1723 1471 1866 1524 Idem
1891 1471 2070 1524 iterum
2091 1486 2169 1524 re-

592 1577 726 1637 peto,
763 1566 870 1636 Ego
900 1567 1011 1620 dita
1057 1581 1201 1635 posse
1238 1582 1344 1619 esse
1389 1565 1642 1617 hominem
1689 1565 1798 1618 sine
1840 1559 2170 1628 peccatc.'1'u

589 1660 713 1728 quid
763 1660 931 1713 dicis?
975 1658 1095 1714 Non
1143 1673 1288 1728 posse
1329 1674 1434 1712 esse
1476 1657 1728 1710 hominem
1780 1655 1888 1710 sine
1929 1655 2170 1724 peccato?

597 1750 775 1824 Neque
813 1767 902 1822 ego
943 1751 1074 1817 dico,
1119 1749 1308 1818 inquit,
1358 1749 1611 1802 hominem
1647 1763 1754 1802 esse
1794 1747 1903 1800 sine
1943 1755 2167 1816 peccato,

589 1860 750 1915 neque
773 1853 826 1896 tu
849 1843 976 1897 dicis
1005 1859 1103 1896 non
1124 1858 1230 1897 esse
1255 1841 1509 1896 hominem
1537 1841 1644 1894 sine
1672 1848 1874 1909 peccato
1893 1855 1912 1892 :
1941 1837 2004 1892 de
2026 1853 2172 1909 posse

590 1947 634 1988 et
656 1951 754 1986 non
779 1951 940 2002 posse,
958 1951 1056 1986 non
1075 1933 1136 1986 de
1149 1949 1256 1986 esse
1272 1944 1317 1986 et
1339 1950 1436 1986 non
1455 1948 1561 1985 esse
1582 1932 1949 1984 contendimus.
1971 1930 2170 1986 Deinde

589 2026 839 2080 nonnulla
866 2042 1048 2079 eorum
1079 2041 1199 2094 quae
1234 2024 1490 2078 adversus
1521 2038 1614 2077 eos
1637 2023 1702 2076 de
1729 2023 2016 2092 Scripturis
2044 2037 2169 2091 pro-

586 2117 710 2172 ferri
748 2118 943 2178 solent,
972 2115 1037 2170 ad
1079 2117 1233 2170 istam
1283 2116 1630 2184 quaestionem
1661 2130 1764 2168 non
1797 2115 2083 2184 pertinere,
2117 2114 2170 2168 in

589 2224 690 2278 qua
723 2208 998 2278 qumritur,
1021 2208 1258 2278 possitne
1281 2223 1346 2260 an
1375 2221 1480 2260 non
1513 2207 1678 2276 possit
1704 2207 1868 2260 homo
1899 2222 2020 2262 esse
2055 2209 2171 2262 sine

589 2308 828 2368 peccato.
861 2299 931 2352 ita
977 2307 1399 2354 commemorat:
1435 2297 1574 2352 Nam
1609 2316 1628 2350 ι
1682 2299 1872 2360 nullus,
1911 2316 1930 2350 s
1976 2300 2166 2369 inquit,

597 2409 616 2443 ι
663 2390 878 2443 ntundus
904 2399 974 2442 est
1017 2406 1048 2442 a
1085 2389 1230 2444 sorde
1273 2409 1290 2442 ι
1326 2387 1452 2460 (Job
1472 2406 1579 2456 xlv,
1619 2391 1674 2458 4,
1701 2406 1803 2448 sec.
1845 2390 2039 2462 LXX).
2081 2391 2168 2458 Et,

591 2497 612 2530 ‹
663 2479 780 2533 Non
810 2491 883 2534 est
905 2479 1053 2532 homo
1073 2482 1160 2548 qui
1179 2497 1278 2534 non
1300 2491 1465 2550 peccet
1494 2500 1513 2532 ι
1541 2482 1628 2552 (ΙΙΙ
1659 2481 1783 2552 Reg.
1807 2499 1916 2548 vm,
1937 2484 2066 2552 46);
2097 2492 2166 2550 et,

594 2590 614 2622 ‹
667 2571 783 2625 Non
801 2582 869 2625 est
891 2575 1061 2642 justus
1083 2573 1133 2626 in
1157 2583 1290 2626 terra
1317 2571 1538 2642 1(Ecrle.
1563 2591 1655 2635 vn,
1674 2575 1798 2647 2|);
1827 2587 1922 2640 et,t
1951 2575 2069 2630 Non
2098 2586 2170 2632 est

595 2684 615 2715 ι
660 2665 744 2732 qui
779 2665 931 2732 faciat
958 2664 1141 2718 bonum
1175 2685 1194 2717 ι
1229 2664 1400 2738 (Psal.
1429 2683 1544 2730 xm,
1567 2665 1656 2739 5);
1689 2679 1734 2722 et
1770 2680 1948 2723 uetera
1978 2669 2056 2722 his
2095 2669 2168 2723 si-

590 2757 751 2817 milia,
773 2756 958 2826 inquit,
985 2756 1050 2808 ad
1076 2773 1176 2810 non
1201 2774 1326 2822 esse,
1351 2775 1451 2812 non
1478 2759 1546 2811 ad
1571 2776 1670 2812 non
1706 2777 1850 2828 posse
1871 2761 2165 2830 proﬁciunt.

597 2845 908 2918 Hujusmodi
951 2847 1082 2900 enim
1123 2849 1366 2916 exentplis
1408 2850 1704 2912 ostenditur,
1731 2851 1906 2920 quales
1948 2853 2171 2907 homines

587 2940 793 3010 quidam
837 2950 1058 3010 tempore
1093 2941 1266 3011 aliquo
1311 2942 1532 3009 fuerint;
1573 2959 1673 2997 non
1719 2947 1856 3015 quod
1895 2945 2038 2998 aliud
2065 2961 2172 3000 esse

530 3056 543 3067 ι
591 3047 693 3085 non
717 3033 1002 3102 potuerint:
1024 3032 1156 3086 unde
1181 3043 1226 3086 et
1242 3033 1359 3105 jure
1389 3034 1713 3088 inveniuntur
1740 3053 1846 3090 esse
1867 3037 2166 3106 culpabiles.

590 3121 731 3176 Nam
757 3124 800 3177 si
840 3125 1029 3177 idcirco
1073 3123 1198 3178 tales
1231 3128 1456 3198 fuerunt,
1497 3128 1617 3198 quia
1646 3128 1788 3182 aliud
1814 3144 1920 3184 esse
1946 3145 2046 3184 non
2073 3145 2168 3201 po-

589 3225 814 3280 tuerunt,
844 3218 995 3283 culpa
1025 3226 1214 3272 carent.

661 3305 885 3362 CAPUT
907 3305 1034 3362 VIII.
1053 3339 1122 3348 —
1138 3309 1192 3363 9.
1211 3307 1526 3364 Damnantur
1543 3320 1588 3363 et
1607 3311 1644 3364 ii
1661 3312 1746 3380 qui
1759 3313 2041 3382 justi/icari
2069 3331 2170 3368 non

589 3405 874 3465 potuerunt.
901 3397 1083 3456 Videte
1101 3398 1224 3469 quiti
1243 3400 1452 3456 dixerit.
1475 3401 1588 3472 Ego
1613 3413 1790 3458 autem
1811 3405 1949 3469 dico,
1979 3422 2172 3475 parvu-

584 3489 696 3543 lum
717 3500 892 3544 natum
923 3491 971 3545 in
990 3509 1052 3546 eo
1073 3493 1190 3547 loco
1217 3493 1302 3546 ubi
1325 3495 1372 3548 ei
1405 3510 1510 3548 non
1529 3495 1698 3563 potuit
1727 3511 1822 3565 per
1837 3497 2033 3552 Christi
2063 3498 2166 3552 Ba-

588 3582 838 3651 ptismum
879 3583 1169 3646 subveniri,
1201 3595 1370 3641 morte
1397 3596 1746 3656 przcventum,
1777 3589 1974 3645 idcirco
2005 3591 2167 3646 talem

581 3673 770 3739 fuisse,
794 3675 843 3730 id
873 3685 974 3742 est,
1002 3679 1118 3732 sine
1141 3677 1351 3733 lavacro
1376 3680 1798 3748 regenerationis
1825 3681 2021 3749 exisse,
2045 3683 2166 3754 quia

585 3781 707 3820 esse
731 3766 873 3820 aliud
903 3781 1005 3821 nou
1035 3770 1220 3836 potuit.
1251 3769 1512 3824 Absolvat
1555 3785 1684 3840 ergo
1715 3787 1861 3836 cum,
1883 3781 1937 3828 ct
1965 3774 2172 3841 aperiat

581 3857 638 3910 ci
663 3866 847 3911 contra
873 3861 1192 3914 sententiam
1217 3859 1426 3914 Domini
1452 3877 1671 3931 regnum
1700 3862 1956 3918 cmlorum
1988 3863 2165 3934 (loan.

587 3963 664 4014 ut,
687 3948 764 4020 5).
790 3947 895 4004 Sed
926 3965 1029 4006 non
1061 3967 1182 4006 emn
1213 3952 1441 4006 abSolvit
1476 3953 1782 4022 Apostolus,
1806 3955 1892 4024 qui
1917 3955 1990 4008 ait
2021 3971 2033 4008 :
2065 3953 2168 4010 Per

586 4055 742 4092 unum
775 4041 1025 4096 hominem
1072 4053 1330 4114 peccatum
1371 4043 1576 4096 intravit
1617 4043 1670 4097 in
1699 4044 1963 4113 mundum,
1997 4056 2044 4099 et
2081 4063 2170 4114 per

584 4143 842 4201 peccatum
883 4150 1053 4198 mors;
1099 4145 1146 4188 et
1183 4134 1255 4187 ita
1284 4135 1336 4188 in
1381 4151 1554 4188 omnes
1583 4135 1806 4190 homines
1851 4138 2162 4204 pertransiit,

578 4223 634 4275 in
657 4240 756 4294 quo
801 4241 970 4278 omnes
1014 4234 1341 4295 peccaverunt
1385 4223 1559 4298 (Rom.
1594 4242 1645 4292 γ,
1681 4225 1794 4296 1‘2).
1826 4227 1991 4284 Recte
2037 4245 2164 4299 ergo

577 4329 644 4368 ea
672 4315 1042 4378 damnatione,
1073 4332 1190 4386 qua:
1239 4331 1333 4386 per
1369 4316 1668 4372 universam
1719 4333 1948 4373 massam
1979 4320 2164 4387 currit,

582 4421 684 4458 non
711 4406 1007 4462 admittitur
1033 4408 1084 4461 in
1117 4421 1335 4476 regnum
1366 4407 1904 4478 cmlorum,quamvis
1923 4410 2166 4466 christia-

573 4511 682 4550 inus
714 4513 816 4551 non
845 4497 1016 4551 solum
1044 4513 1146 4550 non
1175 4495 1350 4562 fuerit,
1379 4496 1471 4550 sed
1504 4511 1601 4550 nec
1626 4513 1744 4552 csse
1773 4501 2019 4568 potuerit.

651 4590 877 4646 CAPUT
937 4589 1026 4644 IX.
1085 4618 1160 4630 —-—
1225 4591 1306 4644 I0.
1364 4588 1651 4657 .Iusti/icari
1700 4609 1798 4646 non
1868 4595 2028 4658 potuit
2079 4597 2166 4664 qui

568 4678 764 4737 Christi
804 4697 982 4734 nomen
1032 4697 1132 4733 non
1161 4679 1372 4733 audivit.
1411 4679 1621 4734 Crucem
1667 4679 1857 4738 Christi
1897 4703 2160 4741 eracuare.

577 4772 706 4837 Sed,
741 4771 860 4827 Non
893 4773 1186 4836 damnatur,
1220 4772 1462 4841 inquiunt
1487 4791 1500 4826 :
1531 4775 1648 4843 quia
1673 4775 1724 4826 in
1749 4775 1906 4828 Adam
1933 4795 2165 4848 peccasse

574 4881 768 4926 ontnes,
787 4881 886 4917 non
905 4873 1112 4934 propter
1129 4873 1386 4932 peccatum
1410 4865 1646 4917 nascendi
1661 4867 1852 4938 origine
1867 4878 2159 4934 attractum,

569 4956 670 5016 sed
697 4965 902 5025 propter
927 4955 1273 5021 imitationem,
1301 4956 1489 5009 dictum
1520 4967 1610 5011 est.
1638 4956 1694 5014 Si
1721 4976 1848 5030 ergo
1886 4961 2006 5016 ideo
2029 4961 2164 5017 dici-

571 5059 670 5121 attr
697 5045 865 5101 Adam
897 5055 1085 5100 auctor
1123 5047 1382 5114 omnium,
1424 5049 1512 5120 qui
1561 5049 1828 5106 subsecuti
1871 5061 2016 5117 sunt,
2048 5068 2162 5121 pec-

568 5118 841 5204 ,catorum,
870 5138 990 5208 quia
1042 5137 1243 5208 primus
1289 5118 1538 5210 peccator
1565 5141 1636 5194 -in
1687 5141 1988 5198 hominibus
2029 5143 2158 5209 fuit;

577 5247 674 5286 cur
716 5247 820 5286 non
867 5232 1038 5301 potius
1080 5231 1230 5296 Abel,
1261 5247 1418 5302 quam
1459 5232 1722 5299 Christus,
1767 5235 1978 5304 ponitur
2005 5229 2163 5305 caput

569 5325 814 5378 omnium
855 5323 1137 5390 justorum,
1171 5323 1290 5393 quia
1337 5324 1540 5394 primus
1571 5324 1620 5377 in
1663 5324 1964 5378 hominibus
1987 5326 2163 5394 justus

568 5415 711 5471 fuit?
752 5415 857 5472 Sed
897 5417 962 5472 de
1003 5416 1201 5471 infante
1233 5431 1338 5470 non
1368 5417 1592 5487 loquor:
1620 5416 1832 5486 juvrnis
1873 5419 1956 5472 vel
1997 5433 2162 5474 scncx

568 5522 718 5573 quam
743 5509 857 5559 illud
883 5522 943 5559 cx
970 5510 1249 5566 Enchiridio,
1277 5524 1324 5558 u.
1345 5508 1422 5566 ‘25,
1447 5508 1675 5573 dc'l‘yriis
1698 5516 1748 5557 et
1764 5509 1961 5573 Sidoniis
1982 5509 2162 5560 dictum

568 5568 758 5630 retulit,
802 5580 932 5635 «Nec
954 5574 1123 5635 utique
1149 5573 1326 5635 injuste
1352 5577 1492 5635 Deus
1519 5568 1668 5635 uoluit
1713 5568 1825 5635 salvi
1845 5585 1870 5618 s
1905 5570 2162 5635 tieri,_cum

575 5651 606 5684 ,ι
621 5641 818 5697 possent
839 5633 956 5684 salvi
982 5631 1093 5683 csée
1116 5635 1155 5683 si
1183 5631 1394 5697 \‘cllctp
1411 5631 1674 5697 subiunxit
1699 5632 2006 5697 continenter
2035 5633 2162 5683 hunc

567 5693 731 5758 ipsum
755 5694 911 5746 locum
935 5698 1190 5758 prmsentis
1213 5695 1348 5751 lil.ri,
1392 5693 1456 5741 de
1496 5694 1631 5758 .ludze
1662 5693 1930 5758 secundum
1952 5701 2162 5758 annuum

567 5752 884 5808 suscitatione
927 5752 998 5806 sic
1041 5759 1411 5824 interpretatum
1437 5767 1452 5824 ς
1483 5753 1645 5800 «Idem
1691 5757 1736 5800 in
1783 5752 1930 5824 lilu-o,
1971 5755 2156 5824 inquit,

581 5839 601 5860 α
626 5821 690 5870 de
711 5829 876 5868 natura
905 5827 952 5869 ct
976 5819 1127 5866 Gratia
1154 5831 1165 5865 :
1194 5818 1419 5864 Dominus
1442 5822 1658 5862 Lazarum
1690 5817 1932 5864 suscitavit
1970 5817 2016 5864 in
2054 5831 2160 5866 cor-

575 5901 597 5931 ,ι
627 5896 762 5942 τωο,
787 5879 1010 5940 tuiinquid
1033 5879 1288 5942 dini-udum
1315 5885 1384 5925 ost
1403 5913 1419 5942 ._
1441 5885 1534 5942 non
1565 5879 1711 5942 potuit
1748 5878 1902 5927 ludam
1926 5881 2158 5928 suscitare

587 5965 599 5986 ι
627 5935 670 5992 in
699 5935 896 5992 tuente?
919 5935 1072 5991 l‘otuit
1093 5941 1308 6002 quidem,
1335 5939 1421 5988 sed
1449 5935 1614 5985 noluit.
1635 5953 1654 5980 ι

1546 443 1628 496 DL
1655 431 1942 493 NATURA
1979 437 2067 490 δί·
2110 440 2387 505 GRATIA,
2429 437 2487 496 S.
2521 439 2886 496 AUGUSTINI

3746 450 3860 506 252

2274 551 2324 604 in
2352 565 2412 604 ea
2448 551 2664 620 regione
2705 551 2985 607 defunctus
3029 563 3132 620 est,
3165 559 3257 615 ubi
3297 572 3400 610 non
3448 558 3618 626 potuit
3659 556 3860 616 Christi

2273 656 2464 695 nomen
2490 642 2707 707 audire;
2756 645 2923 710 potuit
2950 642 3061 698 ﬁeri
3098 643 3272 714 justus
3311 663 3404 714 per
3433 658 3673 704 naturam
3703 664 3758 706 ct
3787 651 3858 706 li-

2271 732 2456 787 berum
2488 733 2785 800 arbitrium,
2813 749 2876 787 an
2908 749 3010 787 non
3044 735 3255 803 potuit?
3287 737 3342 792 Si
3375 739 3610 806 potuisse
3635 741 3856 809 dicunt;

2273 839 2398 878 ecce
2444 823 2584 894 quod
2628 833 2730 888 est,
2772 840 2983 878 (τηατ-ιη
3030 825 3226 881 Christi
3277 845 3553 893 evacuare,
3601 834 3718 889 sine
3767 835 3857 891 illa

2273 924 2589 978 quemquam
2626 925 2716 975 per
2744 912 3038 964 naturalem
3068 910 3238 981 legem
3286 924 3339 968 et
3373 917 3670 971 uoluntatis
3713 920 3858 972 arbi-

2277 1000 2431 1053 trium
2477 999 2751 1066 justiﬁcari
2798 1015 2951 1069 ρωεεια
2991 1003 3333 1057 contendere.
3370 1007 3614 1062 Dic-amns
3655 1019 3708 1063 et
3754 1011 3859 1076 hic,

2279 1088 2414 1160 Ergo
2460 1088 2688 1144 Christus
2732 1091 2889 1161 gratis
2935 1104 3161 1148 mortuus
3207 1105 3320 1150 est:
3366 1095 3468 1152 hoc
3503 1099 3643 1153 enim
3675 1118 3860 1156 omnes

2278 1191 2510 1250 pinu-iit,
2541 1182 3020 1236 ctiamsimoriuus
3050 1185 3136 1240 ille
3167 1201 3270 1240 non
3297 1199 3466 1252 esset;
3505 1199 3559 1244 et
3601 1192 3645 1245 si
3677 1175 3859 1260 iniusti

2275 1283 2475 1336 essent,
2505 1273 2625 1340 quia
2656 1274 2868 1340 vellent,
2903 1287 3102 1341 essent,
3141 1293 3242 1329 non
3283 1278 3404 1346 quia
3443 1279 3569 1346 justi
3600 1296 3722 1336 esse
3755 1299 3861 1338 non

2278 1371 2512 1430 possunt.
2542 1363 2596 1416 Si
2642 1374 2819 1418 autem
2863 1365 2980 1420 sine
3005 1366 3198 1418 Christi
3245 1369 3410 1436 gratia
3433 1368 3710 1438 justilit-ari
3742 1389 3862 1429 om-

2276 1452 2402 1507 nino
2448 1470 2550 1506 non
2598 1455 2786 1524 potuit,
2816 1455 2974 1510 etiam
3020 1455 3176 1508 istum
3223 1455 3268 1509 si
3297 1457 3456 1512 audet
3503 1459 3743 1516 absolvat
3772 1478 3862 1517 se-

2275 1545 2504 1599 cundum
2533 1545 2687 1599 verba
2716 1561 2808 1600 sua
2831 1563 2842 1599 :
2868 1546 2986 1615 quia
3009 1547 3052 1599 si
3074 1547 3258 1600 idcirco
3281 1549 3395 1601 talis
3420 1549 3538 1618 fuit,
3561 1550 3698 1622 quod
3723 1552 3864 1607 aliud

2277 1651 2386 1688 esse
2415 1639 2620 1688 omnino
2649 1653 2750 1688 non
2779 1637 2960 1707 potuit,
2985 1637 3136 1706 culpa
3163 1639 3346 1691 caruit.

2345 1724 2569 1780 CAI'UT
2609 1724 2678 1780 Χ.
2718 1756 2787 1767 -
2826 1727 2913 1782 Il.
2968 1726 3172 1781 Ver-sate
3212 1731 3426 1800 gratiam
3464 1732 3732 1801 conﬁtetur
3758 1732 3862 1790 Pc-

2275 1816 2459 1888 lagius.
2501 1818 2605 1874 Sed
2645 1819 2828 1888 objicit
2865 1820 2962 1874 sibi
2995 1822 3143 1890 quasi
3174 1824 3240 1876 ab
3278 1823 3384 1876 alio
3412 1823 3636 1889 dictum,
3671 1837 3721 1880 et
3749 1829 3861 1884 ait:

2282 1908 2448 1992 Potest
2465 1910 2662 1978 quidem
2688 1927 2814 1977 esse,
2832 1913 2920 1964 sed
2941 1929 3029 1981 per
3052 1915 3269 1983 gratiam
3289 1913 3404 1982 Dei,
3424 1917 3634 1986 inquies.
3663 1919 3863 1977 Deinde

2275 2001 2420 2054 velut
2466 2002 2837 2070 restiondcudo
2882 2005 3200 2075 subiungit:
3243 2007 3352 2078 Ago
3397 2007 3718 2065 Iluntauitati
3762 2021 3865 2069 tua

2275 2093 2484 2164 gratias,
2512 2095 2648 2163 quod
2683 2096 3010 2150 assertionem
3051 2113 3236 2165 meam,
3267 2115 3418 2170 quam
3457 2101 3652 2156 dudum
3693 2121 3854 2172 oppu-

2275 2187 2486 2254 gnabas,
2515 2203 2616 2240 non
2655 2188 2804 2242 modo
2843 2205 2944 2242 non
2978 2206 3294 2260 oppugnare,
3331 2203 3418 2245 aut
3443 2195 3673 2264 conﬁteri
3697 2197 3863 2252 solum

2275 2285 2535 2328 contentus
2574 2279 2801 2344 nones‘,
2846 2293 3016 2332 verum
3054 2281 3206 2334 etiam
3236 2298 3336 2336 non
3379 2285 3574 2354 refugis
3627 2303 3864 2356 compro-

2275 2367 2411 2422 bare.
2459 2367 2600 2422 Nam
2639 2370 2824 2436 dicere,
2857 2370 3026 2426 Potest
3061 2374 3284 2442 quidem,
3305 2375 3392 2429 sed
3418 2394 3507 2446 per
3531 2379 3662 2431 illud
3687 2391 3775 2433 aut
3795 2380 3863 2435 il-

2277 2460 2366 2514 lud
2386 2475 2405 2514 :
2445 2461 2568 2532 quid
2599 2461 2744 2514 aliud
2769 2472 2862 2527 est,
2893 2481 3043 2532 quam
3076 2481 3175 2518 non
3205 2465 3368 2520 solunt
3403 2471 3684 2524 consentire
3723 2473 3864 2540 quod

2277 2553 2433 2623 possit
2479 2569 2605 2617 esse,
2639 2569 2809 2606 rerum
2851 2557 2998 2608 etiam
3028 2558 3278 2625 quomodo
3324 2559 3400 2612 vel
3426 2560 3644 2628 qualiter
3682 2564 3862 2631 possit,

2276 2645 2576 2700 ostendere?
2618 2644 2810 2700 Nullus
2854 2648 3022 2715 itaque
3061 2650 3221 2719 magis
3257 2651 3474 2721 alicujus
3513 2654 3582 2707 rei
3613 2655 3866 2724 possibili-

2275 2741 2427 2789 tatem
2453 2736 2650 2805 probat,
2681 2752 2829 2804 quam
2865 2737 2951 2806 qui
2985 2739 3096 2808 ejus
3123 2739 3274 2792 etiam
3311 2742 3602 2808 qualitatem
3633 2749 3864 2815 fatetur;

2276 2825 2396 2891 quia
2420 2840 2575 2892 neque
2602 2823 2791 2895 absque
2811 2843 2864 2877 re
2883 2843 2990 2880 esse
3007 2829 3227 2893 qualitas
3254 2841 3434 2900 potest.
3467 2833 3557 2886 llis
3587 2833 3742 2889 dictis
3768 2836 3870 2892 ite-

2277 2929 2394 2968 rum
2418 2914 2515 2969 sibi
2543 2915 2725 2981 objicit
2753 2934 2767 2970 :
2797 2914 2902 2971 Sed
2935 2927 3006 2982 tu,
3042 2918 3259 2988 inquies,
3289 2921 3382 2975 hoc
3415 2923 3465 2977 in
3498 2925 3608 2978 loco
3633 2925 3724 2979 Dei
3744 2945 3866 2998 gra-

2277 3004 2421 3069 tiam,
2449 3006 2852 3076 quandoquidem
2877 3025 2989 3060 eam
3020 3026 3120 3062 non
3146 3026 3528 3081 commemoras,
3561 3016 3744 3072 videris
3772 3020 3865 3074 ab-

2277 3112 2449 3150 nuere.
2481 3097 2680 3152 Deinde
2707 3100 2993 3167 respondet
3017 3118 3030 3154 :
3062 3099 3238 3172 Egone
3259 3104 3444 3170 abnuo,
3461 3109 3544 3178 qui
3570 3125 3674 3162 rem
3700 3111 3864 3180 confi-

2276 3189 2448 3256 tendo,
2466 3191 2713 3259 confitear
2737 3207 2932 3245 necesse
2967 3204 3036 3247 est
3062 3204 3107 3247 et
3145 3212 3234 3264 per
3252 3199 3386 3264 quod
3409 3215 3488 3254 res
3517 3201 3641 3271 i/ﬁri
3671 3213 3862 3272 potest;

2275 3295 2342 3334 an
2367 3289 2441 3345 tu,
2465 3281 2552 3349 qui
2585 3297 2690 3334 rem
2724 3283 2976 3352 negando,
3011 3293 3057 3338 et
3082 3285 3327 3357 quidquid
3362 3290 3490 3342 illud
3516 3301 3585 3344 est
3613 3309 3702 3361 per
3727 3293 3868 3364 quod

2275 3387 2356 3426 res
2371 3373 2578 3443 efﬁcitur
2607 3374 2788 3465 pfocul
2811 3373 2964 3429 dubio
2994 3377 3188 3446 negas?
3213 3378 3419 3433 Oblitus
3448 3392 3549 3448 est,
3574 3383 3681 3451 jam
3708 3399 3766 3440 Sc
3789 3387 3862 3442 illi

2275 3465 2622 3534 respondere,
2653 3467 2741 3537 qui
2789 3474 2902 3522 rem
2950 3483 3055 3523 non
3103 3481 3279 3540 negat,
3307 3473 3460 3541 cujus
3506 3477 3859 3545 objectiouem

2276 3557 2433 3627 paulo
2461 3566 2584 3612 ante
2629 3568 2975 3626 proposuerat
3001 3559 3248 3627 dicentis,
3293 3561 3468 3619 Potest
3505 3569 3706 3639 quidem
3732 3587 3858 3639 esse,

2275 3650 2364 3704 sed
2392 3667 2481 3720 per
2503 3653 2720 3719 qratiant
2739 3649 2853 3704 Dei.
2877 3651 3155 3720 Quomodo
3176 3671 3306 3726 ergo
3330 3656 3494 3722 illam,
3515 3677 3609 3729 pro
3635 3677 3734 3732 qua
3764 3664 3864 3719 iste

2276 3743 2500 3797 multum
2541 3741 2768 3807 laborat,
2803 3745 3206 3812 possibilitatem
3240 3758 3413 3819 negat,
3445 3751 3532 3820 qui
3563 3753 3610 3806 ei
3637 3755 3745 3822 jam
3775 3756 3862 3811 di-

2273 3831 2364 3896 cit,
2399 3830 2572 3885 Potest
2613 3847 2738 3898 esse,
2767 3833 2856 3886 sed
2898 3851 2989 3903 prr
3039 3833 3132 3890 Dei
3171 3840 3435 3908 gratiam?
3488 3841 3858 3901 Verumtamen

2274 3921 2396 3991 quia
2440 3922 2543 3976 isto
2569 3921 2789 3977 dimiSso
2818 3925 2904 3994 qui
2935 3941 3048 3980 rem
3071 3925 3182 3996 jam
3212 3929 3514 3994 confitetur,
3548 3935 3655 4003 agit
3683 3937 3858 3994 adhuc

2273 4014 2530 4069 adversus
2555 4029 2648 4069 eos
2675 4015 2766 4086 qui
2795 4027 2987 4086 negant
3012 4035 3132 4074 esse
3159 4023 3409 4090 possibile
3438 4025 3710 4085 hominem
3739 4047 3860 4090 esse

2273 4106 2390 4162 sine
2421 4116 2656 4177 peccato,
2675 4107 2798 4177 quid
2822 4108 2886 4162 ad
2911 4110 3250 4167 nos?Contra
3278 4131 3415 4184 quos
3435 4117 3547 4172 vult
3571 4131 3712 4190 agat,
3731 4123 3858 4179 dum

2274 4205 2448 4251 ulmeo
2478 4195 2578 4252 hoc
2604 4197 2944 4264 conﬁteatur,
2975 4200 3114 4270 quod
3144 4203 3414 4273 impietate
3448 4210 3858 4270 sceleratissima

2274 4299 2514 4360 negatur,
2546 4291 2662 4346 sine
2706 4291 2873 4358 gratia
2903 4291 2994 4347 Dei
3027 4291 3298 4350 hominem
3327 4298 3443 4354 sine
3483 4313 3702 4370 peccato
3739 4321 3860 4364 esse

2272 4395 2378 4436 non
2420 4397 2598 4452 posse.
2653 4381 2784 4436 Dicit
2827 4397 2996 4452 ergo:
3041 4383 3162 4439 Sive
3206 4404 3297 4456 per
3333 4392 3572 4460 gratiam.
3617 4396 3720 4449 sive
3767 4415 3859 4466 per

2271 4472 2600 4542 adjutorium,
2641 4474 2742 4526 sive
2783 4490 2872 4542 per
2918 4473 3334 4544 misericordiam,
3364 4490 3409 4534 et
3452 4485 3697 4554 quidquid
3725 4489 3859 4544 illud

2270 4576 2342 4620 est
2362 4583 2450 4634 per
2475 4567 2610 4636 quod
2633 4583 2738 4620 esse
2756 4566 2904 4620 homo
2926 4568 3109 4638 absque
3137 4582 3340 4640 peccato
3363 4583 3548 4646 peccat,
3566 4581 3855 4651 conﬁtear,

2270 4659 2493 4730 quisquis
2523 4675 2628 4711 rem
2653 4659 2820 4727 ipsam
2854 4661 3058 4730 fatetur.

2339 4749 2564 4805 CAPUT
2596 4749 2686 4805 Xl.
2719 4781 2788 4792 --
2817 4751 2902 4806 12.
2936 4751 3012 4808 De
3038 4755 3205 4825 gratia
3245 4772 3360 4812 cum
3389 4759 3710 4831 disputatur,
3756 4783 3858 4824 non

2269 4843 2332 4897 de
2368 4860 2428 4897 ea
2455 4843 2705 4911 loquimur
2729 4860 2842 4914 qute
2867 4845 2934 4899 ad
2976 4857 3172 4902 natura:
3198 4851 3409 4920 pertinet
3451 4855 3813 4914 institutionem
3840 4903 3854 4926 ,

2267 4935 2357 4988 sed
2399 4936 2787 5003 reparationem.
2820 4935 3013 4992 Fateor
3038 4939 3315 4998 Dilectioni
3341 4955 3531 5002 vestrm
3551 4991 3564 5015 ,
3595 4966 3714 5006 cum
3757 4952 3859 5009 ista

2268 5029 2520 5099 legerem,
2554 5028 2730 5084 lzctitia
2760 5041 2977 5100 repente
3006 5031 3246 5102 perfusus
3271 5051 3414 5104 sum,
3443 5041 3584 5110 quod
3617 5043 3704 5099 Dei
3733 5062 3858 5116 gra-

2268 5120 2392 5174 tiam
2423 5136 2526 5174 non
2569 5131 2822 5191 negaret,
2853 5137 2947 5192 per
2975 5139 3132 5194 quam
3179 5127 3346 5184 solam
3376 5130 3538 5188 homo
3579 5134 3858 5204 justilicari

2267 5221 2441 5282 potest
2472 5229 2486 5266 :
2521 5213 2622 5266 hoc
2663 5213 2804 5267 cnim
2837 5214 2888 5269 in
2918 5215 3366 5286 disputationibus
3411 5223 3593 5281 talium
3623 5230 3861 5286 maxime
3888 5214 3895 5219 I

2267 5303 2503 5359 detestor
2521 5348 2534 5369 ,
2566 5313 2618 5359 et
2647 5303 2860 5362 horreo.
2894 5305 2998 5362 Sed
3032 5324 3257 5376 pergens
3285 5311 3464 5385 legere
3490 5327 3681 5372 cmtera
3703 5361 3718 5385 ,
3747 5323 3858 5390 pri-

2268 5409 2356 5450 mo
2395 5411 2458 5449 ex
2488 5395 2627 5449 datis
2654 5395 3092 5452 similitudinibus
3133 5401 3270 5470 cmpi
3301 5402 3499 5461 habere
3526 5421 3858 5480 suspectum.

2267 5487 2355 5539 Ait
2380 5486 2519 5540 enim
2555 5501 2568 5538 :
2607 5503 2626 5536 ι
2660 5483 2793 5541 Nam
2815 5488 2834 5518 ‘
2865 5487 2909 5542 si
2935 5486 3141 5554 dixero,
3167 5491 3337 5549 llomo
3364 5494 3638 5568 disputare
3660 5511 3856 5570 potest,

2267 5575 2377 5630 avis
2406 5575 2606 5640 volare,
2626 5575 2776 5646 lepus
2799 5593 3049 5646 currere;
3078 5590 3132 5635 et
3159 5596 3264 5636 non
3295 5585 3454 5642 etiam
3484 5603 3580 5658 per
3601 5605 3718 5660 qua:
3741 5593 3860 5650 haec

2268 5821 2316 5862 ιη
2332 5753 2346 5784 ³
2365 5757 2573 5864 ’ἔτευξα
2601 5760 2652 5802 et
2673 5751 2854 5817 aliquot
2876 5761 3004 5816 Mss,
3029 5765 3110 5808 aut
3134 5771 3226 5808 non
3248 5759 3468 5826 conﬁteri
3497 5763 3650 5816 solum
3671 5774 3866 5818 comen-

2319 5829 2342 5861 δ
2497 5853 2501 5857 .
2535 5849 2545 5860 .

2319 5829 2342 5861 8
2365 5829 2455 5861 non
2478 5829 2545 5861 εδ.

2334 5880 2350 5904 ¹
2383 5887 2475 5923 sm.
2499 5876 2846 5948 tirqvetaliqttot
2871 5885 2996 5940 Mss,
3025 5895 3165 5934 nunc.
3211 5883 3292 5934 Alii
3327 5893 3453 5948 3:55.,
3482 5899 3614 5938 num.
3649 5895 3702 5941 Et
3740 5889 3863 5941 intra

2272 5950 2384 5988 num
2407 5949 2518 6000 ergo
2541 5937 2816 6001 offiriorum,
2846 5951 2944 5992 etc.

2805 6067 2838 6097 ἱ
