4202 6528
313 461 421 520 953

319 574 457 631 ειιιει
483 580 709 644 possunt
731 579 1240 632 commemorarem,
1267 564 1318 620 id
1349 571 1449 628 est,
1482 561 1736 630 linguam,
1765 557 1896 622 alas,

322 668 518 742 pedes;
550 681 677 720 num
707 679 805 735 ego
831 663 1126 718 officiorum
1155 657 1438 728 qualitates
1465 652 1670 722 negavi,
1703 649 1792 720 qui
1821 647 1902 701 of.

323 759 439 814 licia
471 758 583 827 ipsa
609 755 886 810 confessus
909 750 1086 806 sum?
1120 769 1141 803 ι
1180 749 1399 802 \‘idetur
1422 754 1566 800 certe
1587 783 1602 805 ,
1637 742 1750 795 lure
1778 755 1901 794 cum

322 861 793 910 commemorasse,
814 859 933 916 qua:
956 852 1142 897 natura
1167 839 1346 894 valent
1368 855 1380 890 :
1405 844 1580 890 creata
1607 841 1730 888 sunt
1757 831 1900 886 enim

324 941 438 996 ιιωο
479 937 718 994 membra
748 933 1049 1005 hujusmodi
1079 932 1299 996 naturis,
1331 929 1524 997 lingua,
1551 926 1668 988 a|.e,
1699 922 1897 992 pedes:

326 1047 429 1086 non
458 1030 560 1084 tale
588 1025 785 1098 aliquid
813 1025 1009 1096 posuit,
1032 1022 1189 1094 quale
1214 1021 1282 1076 de
1307 1018 1471 1089 gratia
1498 1015 1714 1084 intelligi
1745 1014 1899 1068 volu-

326 1136 476 1186 iuus,
507 1122 622 1174 sine
647 1134 748 1188 qua
779 1117 939 1172 homo
967 1129 1072 1169 non
1113 1111 1462 1182 juStilicatur;
1496 1107 1585 1161 ubi
1611 1106 1676 1161 de
1703 1121 1899 1160 sanan-

324 1211 427 1271 dis,
458 1225 561 1264 non
587 1208 653 1263 de
680 1205 1016 1262 instituendis
1043 1202 1244 1258 naturis
1265 1202 1455 1272 agitur.
1483 1197 1617 1268 Iliuc
1638 1196 1748 1265 jam
1773 1211 1901 1264 ergo

325 1303 578 1356 sollicitus
617 1300 754 1367 carpi
784 1299 960 1369 legere
987 1305 1180 1352 canora
1199 1335 1215 1358 ,
1243 1303 1298 1349 et
1324 1307 1408 1347 me
1435 1306 1541 1346 non
1570 1290 1702 1344 falso
1747 1305 1898 1344 com-

328 1393 438 1464 peri
467 1393 816 1460 suspicatum.

395 1482 478 1538 CA
487 1483 617 1540 PUT
637 1481 852 1538 Xll.—I
863 1481 1124 1546 5.8c0pus
1139 1479 1388 1534 minarum
1407 1476 1548 1546 legis.
1567 1473 1786 1545 Perfecti
1803 1473 1904 1528 via-

325 1585 476 1630 tores.
492 1574 606 1642 Quo
623 1574 928 1642 priusquam
949 1571 1178 1632 veniam,
1195 1569 1370 1623 videte
1385 1567 1510 1637 quid
1533 1566 1744 1620 dixerit.
1765 1565 1900 1620 Cum

327 1672 573 1720 tractaret
601 1663 942 1733 qumstionem
959 1661 1026 1716 de
1041 1660 1337 1715 dilferentia
1351 1667 1708 1726 peccatorum,
1728 1665 1781 1710 et
1806 1655 1902 1710 οι)⁴

320 1753 509 1825 jiceret
532 1753 654 1816 sibi,
673 1751 811 1820 quod
835 1751 1047 1821 quidam
1077 1750 1281 1815 dicunt,
1308 1767 1327 1800 ι
1353 1749 1485 1805 levia
1514 1747 1754 1818 qumdam
1781 1761 1904 1816 pec-

323 1854 442 1903 cata
468 1847 578 1914 ipsa
607 1845 972 1906 tnultitudinc,
1007 1841 1145 1912 quod
1175 1857 1315 1911 smpe
1342 1841 1546 1896 irritant
1565 1881 1580 1906 ,
1611 1856 1713 1893 non
1747 1854 1901 1908 posse

325 1947 512 1993 cuneta
553 1935 744 1999 vitari;
783 1955 802 1988 t
839 1936 1044 2006 negavit
1079 1953 1098 1986 ι
1134 1933 1330 1988 debere
1369 1933 1517 2002 argui
1546 1947 1612 1986 ne
1639 1932 1738 1986 levi
1781 1931 1901 2000 qui-

323 2029 447 2085 dem
487 2029 856 2097 correptioue,
902 2028 946 2081 si
991 2025 1140 2080 vitari
1183 2024 1402 2078 omnino
1431 2039 1536 2078 non
1569 2025 1834 2092 possunt:
1877 2040 1896 2073 t

327 2121 616 2190 scripturas
640 2119 821 2189 utique
848 2132 950 2172 non
973 2117 1256 2170 advertens
1280 2114 1410 2170 Novi
1436 2112 1779 2174 Testamenti,
1813 2111 1901 2166 ubi

323 2211 547 2267 dicimus
585 2211 662 2278 (ιι)
707 2209 842 2262 hanc
866 2222 982 2262 esse
1021 2205 1362 2261 intentionem
1392 2203 1519 2272 legis
1538 2201 1826 2273 arguentis,
1847 2211 1904 2258 ut

325 2315 540 2374 pmpter
562 2303 646 2356 illa
665 2318 783 2370 qum
805 2315 1076 2370 [u‘rperant
1097 2300 1244 2360 Iiitttl,
1260 2295 1588 2365 confugiatur
1601 2294 1661 2348 ad
1681 2295 1902 2364 gratiam

328 2393 532 2450 Dottttni
579 2393 916 2455 miserantis;
949 2390 1090 2446 velut
1133 2389 1417 2458 pzt-dagogo
1454 2385 1803 2442 concludente
1848 2386 1900 2440 in

326 2483 508 2539 cadem
539 2481 640 2536 Iide
663 2483 677 2513 ¹
700 2524 716 2548 ,
747 2497 864 2552 qu.e
898 2492 1077 2550 postea
1110 2480 1339 2535 revelata
1366 2488 1478 2542 est;
1510 2478 1594 2532 tibi
1638 2485 1692 2532 et
1716 2477 1901 2532 remit-

327 2583 503 2629 tantur
526 2589 644 2642 qu:e
673 2573 809 2626 male
853 2573 978 2626 liuul
1000 2613 1014 2635 ,
1047 2581 1100 2625 et
1140 2569 1323 2625 eadem
1351 2569 1515 2640 gratia
1541 2570 1760 2637 juvanle
1787 2581 1900 2623 non

331 2666 479 2719 liant.
507 2665 662 2718 I‘rolii
682 2662 898 2717 ientiunt
921 2673 996 2716 est
1027 2660 1168 2716 enim
1195 2663 1275 2714 via
1303 2679 1314 2714 :
1347 2659 1588 2728 quamvis
1617 2659 1750 2713 bette
1782 2673 1903 2727 pro-

329 2755 565 2809 ficientes
609 2755 852 2809 dicantur
898 2755 1113 2824 pet-lecti
1161 2757 1408 2807 viatores.
1461 2753 1550 2808 Illa
1597 2763 1680 2807 est
1724 2763 1900 2806 autent

325 2857 530 2898 summa
560 2843 812 2913 perfectio
835 2845 917 2897 cui
950 2843 1077 2898 tnlnl
1103 2842 1346 2906 addatur,
1375 2859 1495 2898 cum
1527 2841 1577 2897 id
1603 2856 1708 2912 quo
1732 2842 1901 2898 tendi-

329 2945 444 2992 tur.
477 2946 696 3006 cu-perit
729 2933 1007 3006 possideri.

395 3026 620 3083 CAI'L’T
677 3025 808 3082 XIII.
854 3055 921 3066 —
979 3026 1064 3080 Η.
1119 3025 1359 3095 Sequitur
1399 3022 1599 3094 Pelagii
1643 3024 1898 3093 refutatio.

324 3118 441 3175 Jaut
469 3134 596 3173 vero
625 3115 748 3173 illud
775 3115 912 3190 quod
939 3117 986 3172 ei
1027 3115 1256 3171 dicitur’
1277 3157 1292 3180 ,
1331 3133 1350 3167 ι
1391 3115 1504 3184 Ipse
1547 3124 1600 3169 tu
1632 3113 1747 3169 sine
1773 3130 1900 3184 pec-

324 3219 445 3265 cato
483 3211 581 3266 es?
617 3229 636 3264 ο
671 3225 850 3264 revera
889 3224 994 3263 non
1039 3210 1266 3278 pertinet
1309 3207 1374 3263 ad
1401 3223 1519 3262 eam
1559 3223 1671 3262 rem
1699 3208 1767 3262 de
1795 3223 1900 3278 qua

327 3310 546 3356 vertitur
573 3301 815 3371 quaestio.
845 3298 951 3356 Sed
979 3299 1118 3369 quod
1163 3297 1324 3363 dicit,
1362 3315 1382 3350 ι
1419 3297 1751 3368 negligentia:
1789 3313 1900 3352 sua:

326 3392 502 3465 potius
526 3393 802 3462 imputari,
836 3389 975 3462 quod
1004 3405 1108 3444 non
1147 3389 1371 3444 estsine
1408 3399 1626 3459 peccato
1654 3403 1670 3442 :
1709 3407 1730 3442 t
1764 3388 1901 3444 bene

324 3481 535 3553 quidem
563 3481 722 3544 dicit;
749 3479 844 3536 sed
882 3480 1127 3550 dignetur
1156 3478 1278 3532 inde
1307 3487 1361 3533 et
1403 3492 1560 3553 orare
1604 3478 1802 3543 Deum,
1833 3493 1902 3533 ne

326 3551 400 3628 illi
431 3572 544 3628 Ita-c
574 3573 748 3642 iniqua
777 3571 1086 3642 negligentia
1111 3569 1416 3624 dominetur
1447 3586 1462 3623 :
1494 3551 1654 3639 quem
1683 3568 1902 3639 rogabat

323 3665 558 3736 quidam,
585 3663 795 3734 quando
819 3663 1046 3730 dicebat,
1079 3659 1267 3714 ltinera
1301 3677 1411 3714 mea
1436 3659 1597 3731 dirige
1624 3661 1900 3714 secundant

323 3755 524 3809 t'erbum
565 3755 740 3820 tuum,
778 3763 950 3808 etnon
994 3751 1278 3806 dominetur
1305 3750 1432 3804 mihi
1471 3750 1634 3804 omnis
1661 3751 1900 3820 iniquitas

325 3842 496 3914 (Psal.
522 3858 703 3909 cxvui,
726 3843 846 3912 I33)
873 3861 884 3894 :
909 3857 978 3896 ne
1001 3841 1126 3896 dum
1149 3855 1259 3896 suae
1285 3839 1573 3912 diligentia:
1598 3842 1748 3911 quasi
1773 3856 1898 3911 pro-

324 3936 454 4005 priis
475 3934 672 3988 viribus
689 3932 822 3998 Iidit,
842 3948 1014 4002 neque
1034 3930 1122 3986 hic
1142 3931 1208 3986 ad
1231 3938 1408 3994 veram
1425 3931 1708 4002 justitiam,
1727 3948 1900 4003 neque

324 4028 431 4082 illic
450 4069 464 4092 ,
493 4027 579 4082 ubi
608 4027 720 4082 sine
745 4025 904 4081 dubio
945 4023 1176 4095 pcrl‘ecta
1205 4022 1555 4080 desideranda
1583 4033 1666 4080 est
1690 4032 1744 4081 et
1771 4040 1898 4096 spe-

324 4119 486 4174 randa
507 4159 522 4183 ,
553 4118 843 4189 perveniat.

391 4210 614 4267 CAPUT
657 4210 795 4266 XIV.
845 4240 918 4253 -
972 4211 1056 4268 15.
1116 4209 1234 4263 Non
1279 4209 1447 4263 omnia
1513 4209 1699 4277 scripta
1760 4217 1898 4262 sunt.

324 4304 388 4359 Et
416 4301 540 4356 illttd
564 4301 702 4373 quod
728 4303 775 4358 ei
805 4318 834 4357 a
864 4301 1173 4372 quibusdam
1201 4300 1412 4364 dicitur,
1444 4317 1461 4351 ι
1493 4314 1751 4369 nusquam
1780 4314 1900 4354 esse

321 4396 574 4465 scriptum
600 4393 682 4448 his
703 4393 920 4448 oumino
945 4391 1138 4456 verbis,
1158 4405 1313 4460 posse
1339 4405 1462 4444 esse
1487 4389 1756 4444 hominem
1784 4391 1900 4444 sine

323 4499 574 4559 peccato,
613 4505 632 4540 t
670 4486 819 4542 facile
846 4485 1071 4551 refellit,
1109 4503 1127 4536 ι
1165 4483 1285 4554 quia
1313 4499 1416 4538 non
1446 4492 1522 4537 est
1545 4481 1616 4536 ibi
1637 4470 1859 4552 quaestio
1883 4523 1898 4545 ,

323 4579 516 4650 quibus
559 4577 737 4634 verbis
777 4577 984 4633 dicatur
1027 4589 1372 4647 quaecumque
1411 4573 1692 4629 sententia.
1733 4591 1752 4626 ι
1786 4571 1900 4628 Non

326 4680 498 4724 tamen
529 4668 750 4724 fortasse
779 4669 896 4723 siue
924 4681 1106 4732 causa,
1131 4681 1253 4722 cum
1283 4665 1562 4736 aliquoties
1591 4665 1640 4718 in
1667 4665 1902 4735 Scriptu-

325 4761 397 4818 ris
425 4761 728 4816 inveniatur
754 4760 996 4814 homines
1021 4759 1190 4814 dictos
1229 4772 1349 4812 esse
1374 4758 1488 4813 sine
1515 4757 1764 4826 querela,
1797 4773 1902 4812 non

326 4855 592 4908 invenitur
618 4854 704 4922 qui
729 4853 797 4907 sit
824 4852 996 4907 dictus
1022 4851 1138 4905 sine
1175 4859 1391 4921 peccato
1413 4891 1426 4914 ,
1457 4849 1555 4904 nisi
1592 4865 1727 4904 unus
1755 4850 1904 4905 solus

324 4945 390 5000 de
415 4959 522 5014 quo
559 4953 743 5013 aperte
771 4943 969 4998 dictum
999 4951 1078 4997 cst
1101 4982 1116 5006 ,
1148 4939 1277 4994 lium
1309 4940 1392 5008 qui
1423 4955 1522 4994 non
1548 4949 1748 4992 noverat
1784 4955 1902 5008 pec-

325 5048 488 5090 catum
520 5035 584 5102 (ll
614 5035 728 5090 Cor.
749 5051 800 5100 v,
821 5034 934 5103 2t).
970 5033 1033 5088 Et
1053 5048 1117 5089 c0
1141 5032 1256 5086 loco
1285 5031 1370 5086 ubi
1397 5030 1464 5084 de
1495 5028 1856 5084 sacerdotibus
1881 5030 1902 5062 ³

326 5128 610 5200 agebatur,
663 5125 858 5180 Etenim
916 5136 1147 5196 expertus
1194 5132 1263 5177 est
1289 5122 1491 5186 omnia,
1521 5120 1792 5174 secundum
1831 5122 1902 5176 si-

327 5221 657 5274 militudinem
682 5219 868 5286 absque
895 5229 1095 5290 peccato
1126 5217 1306 5287 (llebr.
1335 5233 1408 5282 tv,
1434 5215 1524 5287 13)
1558 5234 1570 5270 :
1605 5215 1656 5270 in
1686 5215 1774 5272 illa
1800 5217 1906 5272 sci-

327 5313 448 5368 licet
467 5328 646 5376 carne,
669 5329 786 5382 quae
809 5311 1033 5368 habebat
1053 5310 1448 5366 similitudinem
1473 5310 1650 5365 carnis
1679 5310 1900 5380 peceati,

325 5405 567 5474 quamvis
605 5421 708 5459 non
737 5413 878 5460 esset
903 5419 1027 5460 caro
1055 5403 1289 5475 peccati;
1325 5419 1480 5473 quam
1510 5413 1684 5458 tamen
1711 5403 1902 5458 simili-

330 5495 561 5550 tudinem
592 5508 698 5549 non
743 5493 994 5561 haberet,
1045 5493 1143 5548 nisi
1174 5503 1362 5548 ριυιριοιι
1398 5492 1572 5546 omnis
1609 5502 1750 5547 esset
1779 5507 1903 5546 caro

393 5630 408 5692 ε
428 5629 796 5692 Cygiranneusis
811 5635 909 5686 .us.,
929 5627 978 5678 in
995 5641 1099 5678 eam
1133 5627 1298 5691 ﬁtlt‘m.

391 5691 411 5720 ⁸
437 5686 638 5752 Ait—nn.
665 5696 714 5752 et
735 5690 956 5752 plerique
991 5686 1241 5752 nmnniscrq
1262 5695 1294 5736 tt
1335 5686 1412 5738 inc
1435 5696 1486 5738 ct
1527 5686 1666 5750 paulo
1689 5687 1824 5746 infra,
1853 5701 1900 5736 ιι.

329 5751 406 5818 ﬂ.
425 5751 550 5812 quod
570 5750 857 5818 eis_dicuar.
879 5750 953 5800 Sic
975 5760 1118 5818 etiam
1143 5765 1192 5800 ιι.
1216 5751 1293 5799 5t).
1325 5811 1335 5818 _
1643 5809 1672 5818 ﬂ

394 5817 412 5843 ³
435 5810 615 5862 Omnes
645 5811 752 5861 fere
785 5819 888 5860 Mss.
909 5847 922 5868 ,
960 5812 1040 5863 ubi
1073 5812 1132 5863 (le
1163 5810 1491 5862 sacerdotibus
1521 5810 1714 5860 sanctis.

393 5871 468 5936 (ιι)
498 5879 659 5936 t-‘ortc,
679 5872 924 5925 discimus.

1736 443 1939 500 Lllll‘LIl
1981 441 2180 500 L‘NL‘S.

3493 448 3598 505 ξςι

2017 559 2239 628 peccati.
2267 559 2383 614 Iam
2433 559 2558 614 illud
2587 561 2854 632 quomodo
2881 559 3247 632 accipiendum
3284 559 3388 628 sit,
3419 560 3600 615 Omnis

2012 650 2098 715 qui
2128 659 2272 702 natus
2299 661 2369 704 est
2389 667 2454 704 ea:
2477 649 2606 716 Deo,
2629 668 2727 705 non
2759 663 2949 722 peccat,
2981 662 3025 706 et
3051 669 3151 706 non
3178 661 3336 724 potest
3367 668 3596 721 peccare,

2010 740 2129 806 quia
2153 757 2316 794 semen
2338 745 2446 812 ejus
2471 743 2522 797 in
2547 745 2655 810 ipso
2683 754 2845 798 manet
2870 744 2910 814 (Ι
2939 743 3107 804 Joan..
3126 749 3204 811 nl,
3222 744 3312 814 9);
3336 761 3455 800 cum
3481 745 3605 814 ipse-

2010 833 2279 900 apostolus
2298 833 2548 910 Joannes,
2571 837 2720 904 quasi
2751 851 2856 890 non
2885 837 2954 891 sit
2975 846 3130 892 natus
3150 853 3216 892 ex
3243 837 3374 903 Deo,
3404 847 3496 890 aut
3515 853 3548 892 e
3568 853 3596 890 s

2011 929 2318 997 loqueretur
2335 929 2422 998 qui
2447 928 2678 984 nondum
2707 931 2813 984 nati
2841 939 3021 984 essent
3044 947 3109 986 ex
3139 931 3268 990 Deo,
3291 940 3476 997 aperte
3502 945 3568 998 po

2009 1020 2210 1082 suerit,
2241 1019 2301 1074 Si
2333 1021 2607 1075 dixerimus
2634 1021 2752 1090 quia
2779 1031 3037 1092 peccatum
3063 1038 3163 1075 non
3189 1021 3464 1088 hebennus,
3502 1035 3595 1074 nos

2009 1111 2146 1179 ipsos
2173 1111 2458 1165 sedat-imus
2475 1154 2488 1174 ,
2522 1122 2570 1166 et
2595 1113 2776 1167 veritas
2799 1115 2851 1167 in
2879 1114 3020 1167 nobis
3044 1129 3144 1167 non
3167 1123 3240 1167 est
3266 1111 3379 1182 (Id.
3409 1127 3424 1166 t
3447 1154 3460 1178 ,
3495 1112 3553 1180 8)
3581 1128 3596 1176 ;

2011 1201 2061 1255 in
2092 1201 2240 1256 libris
2267 1217 2400 1272 quos
2425 1203 2491 1258 de
2520 1203 2616 1259 hac
2647 1220 2706 1258 re
2732 1204 2797 1258 ad
2830 1204 3191 1259 Marcellinum
3221 1203 3431 1270 scripsi,
3455 1205 3593 1257 sicut

2009 1294 2176 1361 pultti,
2197 1294 2459 1362 explicare
2487 1295 2667 1351 Curavi
2697 1294 2802 1364 (De
2822 1293 3155 1349 Peccatorunt
3182 1293 3400 1358 Meritis,
3421 1293 3509 1346 lib.
3533 1293 3590 1357 2,

2009 1401 2060 1438 η.
2089 1385 2263 1453 8-I0).
2299 1387 2362 1440 Et
2391 1387 2518 1441 illud
2543 1387 2682 1457 quod
2709 1387 2907 1442 dictum
2933 1396 3035 1452 est,
3057 1404 3156 1441 non
3182 1395 3340 1457 potest
3361 1401 3590 1455 peccare,

2009 1489 2105 1545 pro
2125 1492 2188 1529 eo
2206 1475 2404 1531 dictum
2427 1493 2564 1541 esse,
2583 1492 2645 1532 ac
2665 1478 2706 1532 si
2729 1478 3013 1544 diceretur,
3031 1477 3146 1533 Non
3169 1477 3326 1532 debet
3348 1490 3590 1545 peccare;

2010 1581 2115 1620 non
2133 1567 2474 1637 improbanda
2497 1570 2624 1624 mihi
2643 1570 2848 1625 videtur
2863 1569 3018 1636 hujus
3039 1571 3282 1624 assertio.
3303 1569 3431 1636 Quis
3447 1569 3589 1623 enim

2011 1657 2228 1714 insanus
2253 1658 2390 1712 (lieat
2415 1659 2610 1715 debere
2641 1663 2875 1730 peccari;
2899 1676 3022 1716 cum
3053 1661 3172 1716 ideo
3199 1661 3268 1716 sit
3289 1670 3589 1730 peceatum,

2008 1747 2127 1815 quia
2153 1763 2257 1801 non
2280 1748 2437 1802 debet
2459 1749 2613 1803 Iicri?

2077 1836 2304 1894 CAPUT
2335 1839 2446 1894 XV.
2471 1870 2540 1880 —
2564 1840 2648 1895 I6.
2678 1839 2963 1912 Corrumpit
2994 1841 3236 1911 Pelagius
3258 1841 3438 1897 Jacobi
3466 1858 3596 1912 apo-

2007 1929 2126 1984 stoli
2151 1930 2315 1983 locum
2336 1931 2509 1984 addita
2537 1931 2940 2004 interrogationis
2965 1944 3103 1987 uota.
3135 1935 3274 1988 Sane
3297 1933 3437 2003 quod
3467 1948 3598 2004 apo-

2009 2021 2177 2075 stolus
2217 2021 2444 2076 Jacobus
2487 2023 2592 2089 ait,
2626 2022 2877 2094 Linguam
2922 2035 3089 2078 autem
3118 2025 3291 2078 nullus
3335 2025 3592 2077 hominum

2009 2112 2214 2165 domare
2239 2122 2434 2182 potest;
2463 2129 2570 2168 tton
2596 2115 2724 2168 mihi
2753 2115 2962 2169 videtur
2985 2117 3052 2170 ita
3081 2115 3501 2184 intelligendum,
3536 2125 3596 2170 ut

2009 2217 2280 2270 exponere
2299 2203 2484 2267 voluit,
2523 2222 2541 2256 ι
2579 2204 2729 2272 quasi
2757 2220 2852 2274 per
2878 2205 3339 2273 exprobrationem
3367 2205 3589 2270 dictum,

2011 2299 2258 2360 tanquam
2285 2292 2579 2358 diceretur,
2611 2293 2822 2362 Ergone
2850 2294 3078 2362 linguam
3112 2294 3288 2348 nullus
3318 2295 3588 2348 hominum

2010 2381 2228 2436 domare
2255 2383 2460 2451 potest?
2485 2393 2730 2452 tanquam
2755 2383 3042 2452 objurgaus
3067 2393 3119 2437 et
3141 2383 3346 2448 dicens,
3369 2384 3594 2438 Itomarc

2011 2471 2151 2527 feras
2179 2475 2398 2542 potestis
2417 2515 2432 2536 ,
2459 2475 2688 2543 linguam
2717 2491 2820 2528 tton
2849 2475 3274 2546 potestis?quasi
3301 2475 3504 2530 facilius
3527 2478 3596 2530 sit

2011 2564 2239 2636 linguam
2265 2566 2506 2633 domare,
2523 2583 2677 2635 quam
2705 2567 2862 2621 feras.
2894 2588 2912 2620 ι
2943 2567 3057 2623 Non
3084 2579 3211 2638 puto
3237 2569 3375 2638 quod
3405 2567 3504 2622 iste
3525 2570 3594 2622 sit

2009 2671 2198 2711 sensus
2222 2657 2320 2712 hoc
2343 2658 2479 2714 loco.
2503 2657 2558 2713 Si
2578 2661 2718 2714 enim
2747 2661 2845 2715 hoc
2865 2661 3048 2714 sentiri
3073 2663 3230 2716 vellet
3250 2661 3317 2715 de
3345 2661 3592 2716 facilitate

2009 2747 2288 2803 domanda:
2333 2750 2558 2820 lingua},
2607 2762 2797 2806 cmtera
2828 2763 3173 2822 sequerentur
3222 2755 3272 2808 in
3306 2749 3590 2809 bestiarum

2009 2843 2404 2910 comparatione
2429 2859 2442 2896 :
2467 2859 2609 2900 nunc
2631 2861 2758 2900 vero
2783 2847 3041 2914 Sequitur,
3065 2846 3348 2917 lnquietum
3377 2850 3589 2914 malum,

2011 2934 2156 3000 plena
2182 2951 2368 2988 veneno
2407 2939 2662 3007 mortifero
2693 2938 2895 3005 (Jacobi
2934 2955 2986 2993 ιιι
3008 2980 3024 3004 ,
3057 2939 3146 3009 8);
3181 2943 3360 3009 utique
3390 2957 3590 2996 nocen—

2012 3025 2163 3089 tiore,
2185 3042 2342 3096 quant
2374 3026 2660 3082 bestiarum
2691 3039 2772 3084 est
2797 3039 2957 3098 atque
2986 3041 3294 3100 serpentum
3327 3048 3340 3084 :
3376 3049 3496 3086 nam
3529 3033 3593 3086 il-

2008 3115 2096 3172 Iud
2119 3133 2332 3174 carnem
2363 3119 2627 3184 interficit,
2649 3119 2747 3175 hoc
2776 3134 2904 3175 vero
2922 3123 3173 3175 animam.
3207 3121 3277 3177 0s
3294 3123 3434 3177 enim
3457 3125 3593 3191 quod

2011 3211 2277 3275 mentitur,
2309 3211 2491 3264 occidit
2513 3212 2730 3264 animant
2757 3212 2908 3280 (Sap.
2941 3229 2988 3275 t,
3020 3215 3130 3280 II).
3155 3213 3267 3268 Non
3293 3230 3420 3284 ergo
3439 3215 3592 3284 quasi

2009 3298 2059 3354 id
2087 3310 2226 3356 ρει-οι
2259 3299 2462 3356 facilius
2481 3344 2497 3364 ,
2517 3318 2676 3372 quant
2706 3303 3084 3359 mansuefaclio
3106 3304 3393 3359 beSIiarttm
3414 3345 3430 3370 ,
3463 3321 3591 3360 san-

2007 3400 2122 3446 ctus
2137 3391 2366 3446 .lacolnts
2385 3393 2525 3446 illam
2544 3395 2858 3448 sententiain
2881 3396 3254 3463 pronuntiavit,
3273 3405 3363 3449 aut
3379 3412 3438 3450 ea
3457 3412 3591 3451 voce

2008 3483 2170 3538 voluit
2199 3485 2527 3554 pronuntiari
2561 3501 2574 3538 :
2606 3486 2698 3539 sed
2728 3485 2904 3556 potius
2927 3487 3213 3540 ostendens
3237 3483 3488 3553 quantum
3520 3487 3594 3542 sit

2008 3577 2059 3632 in
2087 3575 2302 3633 homine
2341 3577 2532 3646 liugu.e
2558 3579 2785 3639 malum,
2819 3589 2874 3632 ut
2901 3593 2930 3632 a
2963 3579 3112 3632 nuIIo'
3143 3557 3356 3632 honiine
3381 3579 3589 3635 domari

2009 3670 2194 3738 possit,
2222 3685 2341 3724 cuin
2371 3669 2438 3723 ab
2465 3669 2765 3725 hominibus
2791 3671 3074 3726 dotncntur
3097 3681 3148 3726 et
3177 3673 3376 3728 bestia}.
3405 3671 3590 3742 Neque

2009 3761 2110 3816 hoc
2137 3762 2255 3817 ideo
2279 3762 2430 3826 dixit,
2451 3773 2503 3816 ιιι
2535 3763 2690 3832 hujus
2712 3765 2761 3818 in
2795 3779 2890 3818 nos
2915 3765 3036 3819 tuali
3057 3765 3472 3821 dominatimictn
3493 3781 3588 3838 per

2010 3853 2380 3924 negligentiam
2413 3870 2721 3924 permanere
2745 3868 3008 3927 patiamur
3031 3873 3044 3911 :
3068 3856 3160 3912 sed
3189 3869 3241 3911 ιιι
3267 3857 3332 3912 ad
3361 3857 3591 3913 doman-

1999 3946 2127 4006 dam
2160 3947 2388 4012 linguam
2425 3947 2615 4001 divina-
2642 3948 2825 4016 gratia:
2866 3964 3143 4017 poscamus
3167 3949 3440 4004 auxilium.
3472 3948 3589 4004 Non

2005 4036 2146 4091 enim
2173 4037 2246 4090 ait
2266 4078 2281 4100 ,
2315 4036 2568 4108 Linguam
2611 4037 2787 4093 nullus
2801 4039 3028 4096 domare
3067 4049 3240 4108 potest
3271 4054 3285 4093 :
3316 4039 3408 4094 sed
3432 4081 3447 4106 ,
3475 4041 3594 4094 nat-

2009 4127 2087 4182 lus
2112 4128 2409 4189 hominum;
2440 4139 2494 4182 ut
2521 4145 2641 4183 cum
2672 4128 2936 4190 domatur,
2964 4129 3053 4184 llci
3085 4129 3467 4194 misericordia,
3499 4129 3589 4185 [lci

2007 4218 2291 4288 adjutorio,
2317 4219 2405 4273 ltei
2435 4219 2600 4287 gratia
2634 4219 2744 4274 Iicri
2774 4219 3050 4274 fateamur.
3071 4220 3306 4275 Conetur
3332 4236 3462 4291 ergo
3476 4221 3592 4276 ani-

2009 4327 2092 4364 tna
2118 4311 2337 4365 domare
2381 4311 2645 4381 linguam,
2674 4321 2725 4366 et
2765 4311 2890 4366 dum
2933 4323 3191 4378 conatur,
3227 4322 3406 4380 poscat
3433 4313 3588 4366 ausi-

2009 4402 2133 4456 liutn
2159 4419 2172 4454 :
2196 4413 2244 4455 et
2269 4414 2381 4456 oret
2407 4401 2600 4470 lingua,
2627 4411 2682 4456 ιιι
2707 4400 2948 4456 dotttetur
2973 4402 3168 4473 lingua,
3189 4402 3438 4457 domaute
3459 4403 3550 4458 illo
3575 4403 3588 4434 ⁸

2008 4492 2094 4562 qui
2126 4493 2255 4546 divit
2279 4493 2344 4546 ad
2375 4506 2519 4556 suos,
2546 4492 2660 4546 Non
2687 4493 2818 4546 cnim
2841 4508 2925 4547 vos
2947 4495 3060 4547 estis
3087 4495 3174 4563 qui
3198 4492 3478 4562 loquimini,
3503 4494 3591 4546 sed

2011 4583 2232 4652 Spiritus
2253 4581 2421 4636 Patris
2442 4584 2586 4638 rastri
2606 4584 2691 4652 qui
2712 4583 2933 4652 loquitur
2947 4584 2997 4638 iu
3022 4584 3154 4637 vobis
3171 4583 3383 4652 (Matth.
3402 4598 3456 4649 κ,
3473 4582 3590 4652 20).

2013 4675 2190 4745 Itaque
2220 4686 2488 4746 pra'eepto
2517 4676 2689 4732 Iacere
2713 4690 3136 4740 commouemur,
3169 4675 3308 4745 quod
3339 4683 3596 4730 conantes

2010 4776 2065 4820 ct
2093 4767 2287 4820 ιιυδιιιε
2313 4767 2511 4822 viribus
2539 4781 2644 4822 non
2687 4767 2956 4831 valentes,
3003 4765 3326 4837 adjutorium
3353 4765 3593 4842 divinum

2011 4873 2310 4928 lil't‘Ct‘lllllr.

2081 4948 2304 5023 CAI'lI'f
2351 4948 2486 5003 XVI.
2521 4979 2586 4989 —-
2621 4951 2703 5004 17.
2740 4947 2996 5002 lt'rolritur
3037 4948 3171 5002 idem
3210 4947 3392 5003 Jacobi
3431 4947 3596 5008 locus.

2013 5039 2240 5095 Proinde
2267 5049 2320 5094 et
2349 5039 2460 5110 ipse
2483 5055 2604 5094 cum
2631 5048 3002 5108 exaggerasset
3027 5038 3219 5110 lingua:
3245 5039 3439 5093 malum
3463 5081 3477 5105 ,
3511 5040 3598 5094 in-

2013 5143 2092 5188 ter
2114 5133 2224 5187 Iure
2253 5117 2457 5197 dicens,
2484 5129 2602 5186 Non
2633 5140 2847 5199 oportet,
2873 5134 3052 5202 fratres
3083 5132 3198 5196 mei,
3227 5135 3333 5186 haec
3352 5131 3424 5184 ita
3445 5131 3556 5200 fieri
3579 5146 3603 5190 ρ

2011 5224 2263 5279 continuo
2291 5222 2514 5284 monuit,
2543 5221 2926 5277 consmnmatis
2956 5219 3039 5274 his
3067 5237 3186 5292 quae
3211 5221 3335 5277 hinc
3359 5220 3594 5286 dicebat,

2011 5332 2115 5387 quo
2129 5315 2393 5385 adjutorio
2419 5313 2518 5370 ista
2537 5331 2640 5369 non
2671 5315 2874 5376 lict-cut,
2893 5328 3010 5383 qua:
3027 5311 3160 5368 dixit
3177 5313 3289 5367 fieri
3317 5328 3420 5366 non
3441 5327 3602 5380 oper.

2013 5417 2146 5462 tere.
2188 5406 2312 5474 Quis
2349 5406 2480 5460 enim
2509 5406 2710 5475 sapiens
2737 5416 2782 5460 et
2809 5405 3161 5476 disciplinam:
3187 5404 3318 5458 inter
3341 5404 3466 5457 vos?
3498 5401 3598 5455 0s~

2012 5496 2178 5550 tendat
2208 5512 2269 5551 ea:
2290 5496 2417 5550 bona
2437 5497 2811 5552 conversatione
2830 5496 3169 5568 Operationem
3191 5511 3335 5549 suam
3373 5494 3423 5546 in
3453 5509 3596 5544 man-

2011 5585 2272 5640 suetudine
2291 5586 2570 5655 sapientia'.
2615 5585 2764 5653 Quod
2798 5587 2842 5640 si
2867 5585 3029 5639 selum
3055 5601 3285 5638 amarum
3324 5581 3513 5636 libatis
3553 5587 3598 5628 ει

2011 5677 2346 5732 contentiones
2382 5677 2432 5730 in
2462 5677 2694 5734 cordibus
2721 5678 2893 5732 uestris
2913 5717 2928 5742 ,
2961 5676 3117 5730 nolite
3153 5673 3361 5746 gloriari
3384 5682 3428 5721 ct
3456 5683 3594 5718 men-

2078 5870 2091 5898 ’
2121 5867 2288 5918 Plures
2313 5878 2438 5930 \tss.,
2465 5869 2669 5924 donatae
2690 5883 2762 5932 at.
