4202 6518
622 436 730 492 255

627 554 775 606 dates
801 569 907 607 esse
933 545 1171 606 ddaersus
1196 551 1466 604 veritatem.
1501 547 1620 602 Non
1641 556 1712 601 est
1735 545 1833 599 ista
1859 540 2105 615 sapientia
2128 540 2215 593 de-

622 661 823 699 sursum
864 645 1197 710 descendens,
1230 644 1317 696 sed
1365 652 1596 707 terrena,
1643 637 1911 703 animalis,
1943 633 2211 688 diabolica.

626 737 726 792 Ubi
754 738 882 789 enim
910 740 1045 790 zelus
1090 747 1135 789 et
1164 737 1411 790 contentio
1432 778 1445 796 .
1477 736 1546 788 ibi
1582 734 1918 787 inconstantia
1937 771 1951 795 ,
1985 739 2029 781 et
2068 741 2216 781 omne

622 844 750 896 Opus
788 846 1014 897 prat'ttm.
1060 827 1186 894 ρ’ίιε
1209 838 1375 879 autem
1402 828 1661 879 desursum
1690 832 1760 877 est
1798 821 2044 891 sapientia
2063 860 2078 885 ,
2110 818 2216 888 pri-

622 935 758 970 mum
783 920 980 984 quidem
1012 919 1194 987 pudiea
1219 927 1309 975 est.
1345 918 1522 969 aeinde
1550 917 1784 985 paci/ica,
1813 914 2057 976 modesta,
2086 928 2212 966 sua-

622 1009 789 1062 dihilis
808 1053 821 1065 .
852 1011 997 1077 plena
1025 1010 1366 1062 misericordia
1389 1022 1432 1061 et
1460 1008 1703 1079 fructibus
1737 1006 1875 1059 bonis
1896 1046 1911 1069 ,
1939 1003 2214 1057 itiwstima-

621 1099 733 1151 bilis
754 1142 768 1162 ,
797 1102 903 1151 sine
924 1103 1240 1153 simulatione
1268 1100 1468 1157 (Jacobi
1498 1116 1548 1152 ιιι
1573 1141 1584 1157 ,
1624 1099 1719 1161 κιο.
1763 1098 1954 1165 lli-l7).
1992 1097 2113 1148 Ila-c
2131 1103 2214 1149 est

620 1191 874 1256 sapientia
908 1207 1023 1257 qna-
1056 1195 1193 1259 lingu
1216 1209 1281 1242 un
1315 1200 1514 1254 tl-nnat,
1547 1190 1826 1244 desursum
1856 1188 2207 1251 descendens,

621 1296 725 1331 lion
757 1283 822 1329 ab
868 1281 1097 1333 humano
1127 1282 1287 1334 Corde
1318 1283 1619 1350 prosilit-ns.
1652 1283 1730 1333 An
1764 1289 1816 1333 et
1862 1280 2014 1332 issam
2058 1292 2207 1348 qius-

619 1386 775 1437 qnani
804 1371 1060 1439 abrogare
1084 1376 1243 1425 audet
1271 1374 1451 1438 gratia:
1483 1372 1594 1435 Dei,
1616 1380 1666 1424 et
1694 1386 1809 1424 eam
1832 1370 2208 1437 snperbis'sima
2250 1443 2263 1455 .

621 1473 852 1513 \attllL-lt}
886 1462 1025 1527 po..it
1056 1463 1106 1514 in
1155 1462 1383 1516 hominis
1412 1462 1707 1529 potestate?
1735 1458 1844 1514 Cur
1872 1476 1997 1529 ergo
2027 1471 2211 1513 oratur

620 1560 677 1604 ut
703 1553 1009 1620 aet-ipiatttr,
1029 1553 1070 1607 si
1097 1556 1162 1605 ah
1186 1554 1397 1607 lumine
1418 1564 1497 1606 est
1522 1566 1575 1606 ιιι
1607 1553 1894 1606 habeatur?
1914 1556 1992 1605 An
2015 1564 2066 1605 et
2090 1552 2209 1606 ltuit:

619 1645 847 1695 Orationi
879 1645 1286 1704 conti-.nlicitur,
1322 1660 1388 1698 ne
1419 1646 1505 1697 liul
1535 1644 1722 1711 injuria
1757 1645 1923 1697 libero
1948 1644 2166 1695 arbitrio
2190 1683 2205 1708 ,

617 1737 757 1803 quod
785 1738 881 1787 sibi
907 1737 1096 1790 sul'ticit
1121 1738 1465 1804 possibilitate
1493 1747 1693 1790 natura:
1721 1737 1785 1789 ad
1811 1736 2071 1805 implenda
2094 1752 2211 1789 om-

620 1828 703 1879 nia
739 1838 997 1895 pra-cepta
1024 1829 1278 1896 juslilize?
1307 1829 1713 1882 Contradicatur
1741 1844 1868 1896 ergo
1893 1828 2063 1882 eidem
2107 1827 2206 1896 ipsi

615 1921 857 1986 apostolo
884 1918 1082 1972 Jacobo
1111 1919 1414 1974 admonenti
1445 1932 1495 1975 et
1524 1920 1719 1972 dicenti
1744 1961 1758 1984 ,
1801 1920 1863 1973 Si
1889 1920 2001 1989 quis
2040 1929 2207 1971 autem

615 2020 828 2061 vestrum
868 2012 1054 2080 indiget
1075 2013 1322 2079 sapientia
1343 2052 1356 2072 .
1388 2013 1602 2080 postulet
1629 2030 1660 2064 a
1695 2011 1798 2064 Deo
1820 2053 1832 2069 ,
1861 2012 1944 2080 qui
1983 2011 2070 2064 dat
2100 2028 2207 2064 0m-

614 2100 759 2153 nibus
783 2103 1039 2171 afﬂuenter
1059 2114 1103 2155 et
1130 2121 1227 2155 non
1250 2104 1579 2173 improperat,
1610 2113 1654 2156 et
1681 2104 1883 2155 dabitur
1913 2104 1958 2155 ei
1988 2119 2006 2157 :
2034 2112 2211 2171 postit-

613 2191 679 2244 let
700 2206 867 2246 autem
887 2194 938 2246 iu
966 2195 1067 2261 [ide
1092 2195 1219 2247 nihil
1242 2196 1476 2247 lia-situas
1507 2194 1616 2261 (ld.
1642 2211 1676 2255 I.
1698 2194 1753 2265 5)
1808 2194 1928 2248 Ihec
1948 2204 2030 2249 est
2053 2195 2204 2259 Iides,

613 2282 679 2335 ad
708 2299 862 2349 quam
885 2295 1145 2355 przecepta
1174 2286 1522 2352 compellunt.
1542 2295 1598 2340 ut
1625 2286 1706 2339 lex
1738 2287 1980 2353 imperet,
2001 2295 2053 2339 et
2076 2286 2206 2340 Iitles

615 2383 881 2439 Impetret.
927 2375 1026 2426 l‘er
1053 2376 1285 2443 linguatn
1314 2375 1454 2429 enim
1479 2418 1492 2439 ,
1522 2392 1680 2446 quam
1722 2378 1898 2430 nullus
1928 2377 2202 2431 hominum

613 2462 832 2519 domare
892 2476 1109 2533 potest,
1171 2470 1263 2519 sed
1321 2468 1579 2535 sapientia
1636 2462 1913 2521 desursdm
1974 2470 2202 2523 descen-

613 2557 782 2620 dens,
823 2558 874 2610 in
915 2559 1086 2611 multis
1124 2560 1427 2625 o/fendiums
1466 2577 1634 2613 omnes
1682 2559 1788 2625 (Id.
1837 2577 1924 2624 Ill,
1964 2560 2042 2629 Ξ).
2091 2562 2203 2617 Non

613 2651 755 2704 enim
779 2661 829 2703 et
858 2651 956 2704 hoc
987 2650 1085 2705 iste
1111 2654 1381 2719 apostolus
1407 2653 1511 2705 alio
1530 2653 1686 2704 modo
1706 2654 2076 2722 pronuntiavit.
2107 2654 2203 2707 tic-

615 2749 671 2794 ιιι
720 2742 844 2795 illud
891 2743 1030 2811 quod
1075 2744 1181 2809 ait,
1210 2743 1461 2815 Linguam
1504 2746 1675 2798 nullus
1716 2747 1972 2799 hominum
1998 2746 2204 2800 donare

613 2843 791 2902 potest.

684 2927 907 2981 CAPUT
954 2926 1118 2982 XVII.
1149 2958 1222 2969 —
1254 2927 1336 2983 l8.
1376 2924 1436 2982 In
1483 2946 1631 2983 carne
1673 2946 1777 2982 esse
1817 2931 1903 2999 qui
1947 2930 2200 2982 dicantur.

613 3015 924 3087 Ignorantia:
956 3029 1170 3085 peccata.
1205 3019 1397 3083 Quibus
1442 3020 1716 3086 petentibus
1747 3021 1892 3072 detur
1919 3037 1950 3072 a
1986 3020 2085 3073 Deo
2113 3036 2198 3075 sa-

613 3111 800 3180 pientia
854 3112 959 3165 Nec
1004 3113 1125 3164 illud
1159 3118 1433 3181 quisquam
1478 3114 1590 3165 istis
1635 3129 1729 3181 pro
1775 3113 2201 3183 llllplhsillllilllle

613 3218 730 3253 tioir
752 3203 999 3270 peccandi
1025 3204 1268 3256 similiter
1287 3204 1560 3271 ohjecerit,
1581 3205 1720 3272 quinl
1744 3203 1939 3257 dictum
1962 3211 2075 3257 est:
2100 3202 2174 3257 Sa
2191 3233 2202 3241 ο

613 3294 799 3360 pientia
829 3294 992 3345 carnis
1019 3295 1220 3345 inimica
1249 3305 1321 3347 est
1361 3295 1410 3346 in
1442 3294 1601 3345 Deum
1632 3309 1651 3347 :
1682 3296 1775 3363 legi
1804 3296 1937 3347 enim
1979 3293 2073 3347 Dei
2100 3310 2201 3348 non

612 3395 682 3436 est
711 3386 969 3448 subiecta;
998 3404 1085 3439 nec
1113 3388 1241 3440 enim
1270 3398 1443 3455 potest.
1476 3387 1575 3455 Qui
1599 3399 1764 3441 autem
1790 3389 1839 3441 iu
1867 3406 2016 3442 carne
2042 3399 2159 3443 sunt
2181 3430 2197 3455 ,

612 3472 718 3527 Ι)εο
740 3478 935 3544 placere
956 3495 1053 3530 non
1083 3491 1285 3545 possunt
1316 3480 1487 3549 (Rom.
1522 3497 1608 3534 vttl
1630 3522 1644 3544 ,
1679 3482 1708 3533 7
1729 3522 1743 3543 ,
1768 3481 1845 3549 8).
1873 3482 2197 3550 Sapientiam

556 3612 561 3613 ,
609 3568 805 3636 quippe
832 3574 1006 3622 carnis
1028 3571 1180 3633 d.xit,
1206 3587 1308 3623 non
1338 3571 1649 3639 sapientiam
1676 3572 1954 3626 desursum
1977 3574 2201 3629 deSt-en-

610 3658 822 3710 denti-in
846 3678 857 3711 :
880 3672 928 3711 et
957 3662 1006 3712 in
1029 3676 1187 3715 Cat-iw
1214 3678 1353 3724 esse,
1377 3680 1478 3716 non
1505 3680 1597 3716 eos
1624 3667 1712 3730 qui
1741 3666 1972 3718 no..dum
1998 3666 2064 3719 de
2079 3681 2200 3718 eur-

614 3764 738 3813 pore
769 3751 1036 3815 exierunt,
1067 3753 1158 3803 Sed
1190 3768 1282 3805 0th
1310 3753 1398 3821 qui
1428 3756 1718 3807 secundum
1749 3770 1963 3809 eat-nem
1994 3757 2195 3821 vivont,

609 3839 933 3907 signiﬁcatus
971 3858 1089 3895 esse
1122 3846 1455 3895 mandes-Iunt
1485 3854 1587 3897 est.
1636 3845 1748 3897 Non
1779 3855 1954 3898 autem
2004 3847 2071 3899 ibi
2117 3854 2201 3901 est

610 3938 833 3997 qna-stin
860 3946 976 3998 qua:
1006 3944 1264 3986 versatur.
1293 3932 1420 3985 Illud
1451 3934 1693 4002 estquod
1727 3947 1979 4002 cxsttecm
2009 3936 2076 3988 ab
2099 3938 2200 3990 isto

608 4019 794 4071 audire
819 4022 861 4072 si
898 4023 1090 4087 possint
1111 4061 1127 4087 ,
1155 4038 1247 4076 eos
1273 4024 1359 4091 qni
1389 4025 1679 4097 secundum
1706 4025 1947 4092 spiritum
1977 4028 2192 4091 vivunt,

608 4118 663 4161 ct
688 4111 757 4159 ob
786 4110 884 4163 hnc
905 4113 1062 4164 etiam
1098 4115 1179 4165 hic
1201 4114 1371 4166 adhuc
1397 4115 1628 4168 viventes
1650 4115 1757 4184 jam
1788 4117 2014 4186 quodam
2040 4119 2197 4174 modo

610 4201 660 4252 in
687 4216 847 4253 carne
878 4219 981 4254 non
1009 4213 1154 4265 sunt,
1187 4217 1359 4256 utrum
1387 4208 1552 4275 gratia
1584 4207 1672 4259 Dei
1705 4209 1879 4260 vivant
1904 4210 2196 4264 secundum

607 4290 889 4356 spiritum;
921 4307 986 4344 an
1028 4294 1125 4345 sibi
1160 4295 1419 4348 sul'lieiant
1443 4338 1456 4357 ,
1498 4298 1605 4365 jam
1634 4298 1752 4350 data
1798 4314 1918 4352 CUllt
1948 4311 2199 4356 creditur

608 4382 955 4450 po-sihilitale
998 4395 1232 4449 uultu-.12,
1265 4398 1319 4441 et
1346 4403 1438 4439 sua
1485 4390 1694 4455 propria
1728 4391 1997 4444 \olnntate
2029 4410 2042 4444 :
2076 4407 2194 4446 cum

607 4474 878 4542 plenitudo
910 4477 1036 4544 legis
1064 4493 1165 4529 ιιιιιι
1198 4479 1389 4530 sitnisi
1417 4481 1648 4532 cbaritas
1679 4478 1785 4548 (Id.
1826 4497 1913 4535 xm
1936 4523 1949 4543 ,
1984 4484 2068 4552 10)
2094 4525 2107 4545 ,
2142 4494 2196 4538 et

604 4567 836 4619 charitas
869 4567 956 4619 Dei
986 4570 1172 4621 dilfusa
1201 4570 1267 4621 sit
1311 4569 1361 4622 in
1390 4571 1641 4625 cordibus
1688 4575 1914 4638 nostris,
1949 4591 2053 4629 non
2097 4592 2196 4647 per

604 4674 701 4712 “0‘
729 4660 890 4727 ipsos,
911 4663 1001 4714 sed
1033 4678 1125 4729 per
1150 4663 1402 4730 Spiritum
1428 4673 1667 4718 sanctum
1695 4666 1782 4734 qui
1810 4665 1963 4720 datus
1992 4679 2075 4722 est
2097 4686 2194 4722 nu-

603 4751 682 4805 bis
707 4753 812 4821 (id.
836 4770 884 4815 ν,
910 4754 987 4816 5).
2143 4758 2151 4764 ’

675 4844 759 4897 10.
794 4845 1005 4899 Tractat
1048 4848 1209 4901 etiam
1238 4848 1337 4901 iste
1370 4847 1437 4902 de
1480 4849 1714 4918 peccatis
1751 4850 2097 4920 ignorantite,
2140 4859 2195 4907 et

601 4935 764 4997 dicit,
803 4956 821 4989 ι
879 4937 1144 4992 hominem
1197 4940 1529 5008 pra-vigilare
1582 4941 1774 4995 debere
1831 4960 1896 4996 ne
1940 4944 2189 5013 ignoret;

606 5044 625 5075 ι
676 5026 899 5096 ideoque
926 5044 1045 5082 esse
1071 5031 1382 5098 culpandum
1409 5032 1777 5100 ignorantiam,
1806 5034 1925 5099 quia
1952 5034 1998 5086 id
2031 5033 2192 5087 homo

607 5135 627 5168 ι
676 5119 839 5170 nescit
868 5120 1181 5189 negligentia
1209 5136 1322 5184 sua,
1353 5122 1492 5188 quod
1529 5121 1760 5177 adhibita
1785 5125 2053 5192 diligentia
2083 5125 2187 5178 sci-

604 5227 625 5260 s
673 5210 1015 5264 rcdebwsset
1051 5230 1065 5266 :
1100 5231 1118 5262 ι
1151 5213 1273 5264 dum
1307 5222 1482 5267 latuen
1519 5217 1693 5266 nuntia
1726 5217 1897 5283 potius
1920 5217 2186 5285 disputet,

598 5290 756 5368 quam
796 5312 853 5353 ut
896 5312 1011 5354 oret
1040 5311 1093 5355 et
1122 5303 1262 5355 dicat
1281 5344 1295 5367 ,
1328 5302 1405 5355 Da
1433 5304 1555 5357 milii
1579 5304 1885 5359 intellectum
1915 5317 1966 5360 ut
1994 5308 2188 5360 discant

602 5391 835 5444 mandata
853 5402 938 5444 tua
963 5390 1129 5462 (Psal.
1148 5410 1328 5471 οιξνιιι,
1353 5395 1472 5466 75).
1498 5397 1649 5451 Aliud
1669 5408 1750 5452 est
1776 5400 1938 5464 enim,
1968 5416 2073 5455 non
2104 5416 2189 5455 cu-

597 5497 741 5536 rasse
768 5483 904 5536 scire
922 5524 938 5546 ,
969 5500 1086 5552 qua:
1109 5484 1442 5554 negligentia:
1474 5498 1684 5554 pereata
1712 5492 1870 5543 etiam
1896 5505 1989 5559 per
2015 5492 2186 5547 sacri-

597 5573 711 5627 licia
736 5574 979 5643 quaedam
1002 5575 1134 5644 legis
1157 5577 1469 5631 videbantur
1489 5579 1689 5649 expiari
1729 5598 1741 5632 :
1779 5582 1920 5636 aliud
1940 5625 1954 5647 ,
1987 5584 2183 5638 intelli-

593 5679 718 5732 gere
752 5665 887 5720 velle
911 5706 927 5727 ,
959 5681 1057 5721 nec
1081 5682 1267 5736 posse,
1315 5678 1366 5723 et
1398 5668 1571 5724 facere
1609 5680 1791 5726 contra
1836 5674 2038 5741 legem,
2080 5688 2183 5729 non

594 5754 940 5826 intelligendo
969 5759 1092 5830 quid
1136 5754 1245 5815 ﬁeri
1289 5763 1433 5816 velit.
1465 5762 1616 5818 Unde
1644 5764 1992 5822 admonemur
2014 5784 2040 5820 ιι
2076 5768 2184 5822 Deo

595 5856 775 5918 petere
804 5850 1152 5922 sapientiam,
1178 5854 1263 5924 qui
1291 5854 1377 5908 dat
1404 5856 1632 5909 omnibus
1657 5857 1923 5927 afﬂuenter
1960 5901 1973 5927 ,
2000 5859 2180 5931 utique

1572 432 1660 487 DE
1699 428 1977 487 NATURA
2017 424 2109 483 ΕΤ
2150 423 2426 489 GBATlA,
2468 424 2533 479 S.
2577 425 2944 484 AUGUSTINI

3802 438 3915 497 256

2324 535 2406 591 his
2427 538 2675 596 omnibus
2698 542 2786 611 qui
2812 541 2889 597 sic
2906 552 3092 610 petunt
3110 553 3164 600 et
3191 553 3391 602 tantum
3414 555 3621 619 petunt,
3643 552 3918 624 quomodo

2320 636 2375 683 et
2411 639 2665 700 quantum
2699 648 2783 688 res
2813 642 2957 688 tanta
2990 635 3216 703 petenda
3238 648 3343 692 est.

2392 721 2619 778 CAPUT
2658 723 2843 780 XVIII.
2863 726 3039 782 —20.
3066 727 3230 796 Quam
3256 731 3534 787 orationem
3556 730 3803 806 Pelagius
3825 752 3915 795 no-

2318 819 2584 871 cessariam
2625 819 2902 874 admiserit.
2946 839 2965 873 ι
3003 822 3261 878 Divinitus
3297 835 3470 881 tamen
3501 842 3621 882 esse
3648 828 3915 898 expianda

2326 926 2347 960 ι
2393 919 2604 978 pet-cata
2631 913 2946 976 commissa,
2979 922 3032 968 et
3069 929 3165 983 pro
3218 917 3297 970 eis
3348 917 3628 972 Dominum
3677 935 3917 975 esttran-

2323 1017 2344 1051 ι
2393 1000 2517 1053 dum
2553 1020 2573 1053 ι
2602 1001 2819 1067 Iittetnr,
2865 1002 3099 1073 propter
3123 1008 3328 1060 veniam
3358 1010 3558 1062 scilicet
3592 1025 3910 1078 promeren-

2316 1090 2479 1151 dam:
2514 1112 2533 1145 ι
2570 1096 2686 1163 quia
2721 1095 2769 1147 id
2810 1096 2948 1164 qtqu
2978 1098 3169 1150 Iaettnn
3193 1108 3302 1161 est,
3336 1100 3510 1156 fm'ere
3552 1102 3803 1156 infectum
3828 1145 3842 1166 ,
3888 1123 3910 1156 ι

2317 1185 2538 1237 multum
2565 1187 2631 1237 ab
2667 1188 2765 1240 isto
2794 1187 2998 1241 laudata
3032 1207 3049 1239 ι
3094 1193 3325 1257 potentia
3361 1210 3380 1242 ι
3417 1191 3501 1245 illa
3538 1212 3555 1243 ι
3605 1205 3810 1248 naturae
3854 1205 3913 1249 et

2316 1275 2557 1327 Voluntas
2603 1275 2862 1342 hominis,
2906 1298 2927 1331 ι
2983 1282 3138 1333 etiam
3182 1283 3294 1350 ipso
3327 1284 3561 1351 fatente,
3606 1303 3626 1336 ι
3668 1301 3773 1338 non
3808 1302 3912 1354 po-

2319 1372 2420 1419 test
2450 1382 2464 1418 :
2515 1386 2533 1417 ι
2570 1384 2732 1435 quare
2764 1370 2861 1422 hac
2889 1372 3204 1426 necessitate
3234 1385 3395 1427 restat
3437 1385 3492 1428 nt
3536 1387 3652 1429 oret
3680 1378 3908 1447 ignosci.

2318 1456 2386 1511 Ut
2413 1466 2586 1511 autem
2617 1459 2894 1527 adjuvetur
2921 1477 2988 1517 ne
3033 1474 3212 1532 peccet
3234 1506 3250 1530 ,
3298 1482 3556 1535 nusquam
3583 1470 3750 1534 dixit,
3798 1485 3907 1524 non

2316 1544 2403 1600 hic
2440 1548 2536 1618 legi
2571 1592 2586 1611 ,
2616 1551 2803 1603 mirum
2844 1552 2913 1607 de
2958 1554 3053 1608 bac
3092 1572 3147 1609 re
3186 1560 3403 1611 omnino
3433 1560 3700 1614 silentium
3735 1580 3747 1613 :
3779 1578 3908 1617 cum

2314 1640 2484 1691 oratio
2526 1639 2786 1694 duninica
2830 1654 3112 1716 utrmnqoe
3155 1649 3438 1716 petendum
3485 1666 3605 1707 esse
3655 1667 3905 1707 Commo-

2315 1744 2456 1799 neat,
2481 1746 2534 1789 et
2563 1747 2616 1788 ιιι
2637 1736 2971 1793 dimittantur
3000 1742 3152 1794 nobis
3175 1744 3349 1796 debita
3380 1755 3558 1797 nostra
3583 1787 3597 1810 ,
3628 1756 3680 1800 et
3709 1758 3763 1799 ιιι
3792 1763 3904 1803 ιιοη

2316 1825 2641 1881 inferamur‘
2673 1830 2723 1882 in
2775 1834 3113 1888 tentationem
3143 1850 3158 1899 ;
3210 1836 3335 1889 illud
3360 1877 3376 1903 ,
3412 1845 3470 1891 ut
3518 1841 3781 1907 pneterita
3810 1857 3909 1897 ex-

2316 1919 2523 1988 pientur
2557 1936 2570 1984 ;
2606 1920 2725 1986 hoc,
2753 1935 2817 1974 ut.
2839 1923 3009 1978 futura
3042 1928 3293 1981 vitentur.
3325 1930 3474 1997 Quod
3505 1931 3627 1986 licet
3656 1950 3760 1986 non
3791 1935 3902 2000 liat,

2313 2011 2411 2063 nisi
2435 2011 2679 2065 voluntas
2708 2014 2843 2067 adsit
2874 2030 2888 2079 ;
2920 2026 3092 2072 tamen
3127 2030 3181 2073 ut
3211 2019 3336 2086 Iiat,
3367 2024 3611 2077 voluntas
3642 2027 3753 2080 sola
3785 2033 3903 2082 “non

2312 2101 2508 2156 Subicit
2541 2121 2553 2155 :
2584 2103 2702 2157 ideo
2734 2120 2828 2173 pro
2858 2106 2953 2159 hac
2981 2124 3039 2163 re
3069 2126 3166 2164 nec
3196 2113 3464 2181 snpvrllua
3496 2131 3593 2170 nec
3618 2118 3904 2186 impudens

2312 2192 2537 2247 Domino
2569 2194 2876 2250 immolatur
2901 2202 3093 2253 oratio.
3132 2201 3262 2256 Nam
3293 2208 3416 2273 quid
3450 2209 3662 2262 stultius
3684 2249 3697 2274 ,
3738 2225 3902 2279 quam

2311 2296 2465 2337 orare
2496 2295 2547 2337 nt
2580 2285 2739 2339 facias
2765 2289 2902 2357 quod
2950 2291 3000 2343 in
3033 2303 3323 2359 postestate
3353 2297 3549 2351 habeas
3579 2298 3603 2352 Υ

2383 2375 2462 2427 CA
2476 2375 2606 2430 l’UT
2648 2376 2785 2431 XIX.
2807 2380 2951 2433 -21
2968 2419 2982 2432 .
3007 2381 3175 2453 Negat
3208 2385 3443 2457 Pelagius
3469 2401 3703 2443 naturam
3728 2393 3904 2446 Imma-

2310 2481 2426 2517 nant
2448 2478 2649 2534 peccato
2666 2468 3089 2538 depravatamuut
3112 2490 3417 2541 corruptam.
3441 2479 3557 2533 .Iain
3591 2498 3730 2535 nunc
3762 2485 3903 2540 vide-

2311 2561 2381 2617 te,
2405 2557 2543 2623 qnod
2574 2558 2637 2610 ad
2670 2576 2779 2612 rem
2806 2564 3033 2617 maxime
3056 2567 3302 2633 pertinet,
3325 2570 3590 2637 quomodo
3613 2574 3903 2628 humanam

2309 2658 2549 2699 naturain
2580 2657 2826 2718 tanquam
2857 2659 3074 2707 oanno
3100 2658 3215 2710 sine
3246 2659 3355 2711 ulla
3388 2661 3511 2713 \itio
3542 2662 3643 2726 sit,
3675 2675 3905 2720 conetur

2307 2741 2587 2795 ostendere
2614 2783 2628 2804 ,
2657 2754 2711 2796 et
2737 2755 2917 2798 contra
2945 2750 3306 2815 apertissintas
3349 2750 3650 2821 Scripturas
3699 2756 3788 2810 llei
3819 2759 3902 2810 lu-

2306 2841 2479 2887 etetur
2521 2838 2777 2903 Sapientia
2830 2841 2997 2904 verhi,
3053 2859 3152 2910 qua
3200 2858 3486 2900 evacnetnr
3534 2863 3662 2903 crux
3693 2850 3893 2908 Christi

2308 2926 2500 2996 (Ιιίοιο.
2536 2942 2581 2990 ι,
2618 2930 2742 3000 17).
2769 2931 2870 2984 Sed
2914 2934 3069 3001 plane
3108 2936 3192 2989 illa
3234 2954 3339 2992 non
3368 2944 3744 3011 evacuabitur,
3802 2948 3905 3005 ista

2307 3019 2487 3087 potius
2517 3021 2775 3088 sapientia
2808 3026 3160 3081 subvertetnr.
3191 3029 3321 3083 Nam
3354 3050 3473 3086 cum
3509 3039 3606 3089 hoc
3641 3040 3903 3095 ostende-

2307 3108 2473 3163 rimus
2495 3153 2509 3172 ,
2542 3113 2709 3166 aderit
2742 3114 2966 3171 fortasse
2996 3121 3355 3175 iniserieordia
3390 3124 3478 3177 Dei
3505 3166 3521 3191 ,
3554 3138 3608 3180 ut
3636 3141 3689 3182 et
3721 3130 3903 3199 ipsum

2306 3201 2420 3255 hmc
2444 3204 2642 3258 dixisse
2670 3208 2938 3275 ptL-niteat.
2978 3229 2995 3261 ι
3026 3202 3203 3267 Primo
3224 3255 3236 3271 .
3268 3231 3286 3265 ι
3320 3216 3504 3286 inquit,
3539 3239 3558 3270 ι
3590 3220 3657 3274 de
3688 3238 3753 3276 eo
3781 3226 3897 3277 dis-

2309 3296 2597 3363 putandum
2624 3307 2722 3359 est,
2752 3301 2889 3367 quod
2916 3318 3006 3369 pcr
3032 3314 3302 3370 peccatum
3326 3308 3592 3363 debilitata
3624 3311 3817 3366 dicitur
3847 3324 3906 3371 et

2306 3385 2579 3442 immutata
2623 3401 2827 3464 natura.
2862 3393 3009 3449 Unde
3038 3409 3159 3451 ante
3200 3402 3375 3453 onmia
3416 3408 3756 3471 qmerendum
3797 3425 3907 3478 pu-

2307 3490 2381 3547 to,
2404 3499 2423 3532 ι
2447 3482 2634 3552 inquit,
2662 3503 2679 3533 ι
2706 3486 2830 3555 quid
2856 3493 2923 3540 sit
2951 3503 3218 3557 peccatum
3253 3510 3265 3547 :
3290 3495 3578 3551 substantia
3608 3502 3801 3570 aliqua,
3831 3519 3903 3559 an

2304 3575 2870 3633 omnino'snbuantia
2912 3596 3101 3637 carens
3154 3601 3383 3651 nomen,
3437 3606 3541 3660 quo
3598 3609 3701 3647 non
3767 3610 3900 3664 res,

2306 3682 2411 3719 non
2448 3671 2728 3725 existentia
2758 3713 2773 3736 ,
2829 3688 2931 3727 non
2961 3691 3155 3745 Corpus
3193 3681 3404 3748 aliquod
3430 3724 3445 3748 ,
3485 3685 3577 3739 sed
3621 3702 3901 3757 perperam

2305 3753 2426 3809 facti
2453 3768 2603 3810 actus
2629 3763 2959 3828 exprimitur.
2995 3785 3013 3817 ι
3039 3767 3234 3823 Deinde
3260 3772 3526 3844 atljungil:
3546 3795 3564 3828 ι
3594 3779 3763 3832 (li-edn
3784 3822 3797 3843 ,
3828 3781 3900 3836 ita

2306 3860 2406 3902 est.
2427 3851 2490 3904 Et
2518 3852 2560 3903 si
2587 3854 2652 3904 ita
2681 3864 2781 3915 est,
2805 3875 2823 3907 ι
2855 3859 3040 3926 inquit,
3063 3879 3080 3910 ι
3106 3865 3371 3929 quomodo
3403 3869 3569 3935 potuit
3613 3871 3899 3929 Innnauun

2307 3939 2583 3997 debilitare
2612 3943 2694 3998 vel
2742 3958 2945 4001 mutare
2977 3961 3252 4019 naturam,
3299 3957 3440 4025 quod
3473 3959 3763 4016 substantia
3803 3980 3899 4019 ca-

2306 4044 2387 4089 rct
2429 4036 2453 4086 'l
2500 4056 2517 4088 ι
2570 4037 2784 4101 Videte,
2837 4057 3046 4111 quaeso,
3093 4048 3359 4113 quomodo
3412 4054 3656 4107 nesciens
3702 4055 3901 4112 nitatur

2304 4138 2545 4184 evertere
2589 4132 2980 4187 medicinalimn
3027 4138 3359 4205 eloquiorum
3402 4158 3560 4197 voces
3600 4148 3900 4202 saluberri-

2305 4234 2439 4273 mas.
2476 4219 2584 4290 Ego
2612 4223 2719 4275 dixi
2744 4239 2764 4276 :
2791 4223 3004 4280 Domine
3024 4269 3035 4281 .
3069 4229 3303 4283 miserere
3336 4234 3433 4285 mei
3466 4252 3483 4298 ;
3512 4252 3636 4287 sana
3674 4238 3901 4293 animam

2302 4328 2463 4365 meam
2490 4355 2504 4377 ,
2536 4316 2652 4376 quia
2680 4319 2875 4380 peccavi
2902 4317 2990 4370 tibi
3016 4320 3032 4387 (
3055 4317 3196 4372 I’sal.
3228 4338 3327 4389 XL,
3360 4324 3428 4394 5)
3484 4326 3617 4394 Quid
3650 4339 3896 4399 sanatur,

2303 4404 2345 4456 si
2380 4404 2508 4458 nihil
2538 4414 2622 4459 est
2662 4408 3026 4470 vulnerattnn,
3062 4411 3192 4465 nihil
3225 4417 3548 4480 Sauciatnm,
3585 4419 3711 4473 nihil
3744 4422 3899 4476 debi-

2302 4494 2507 4550 litatum
2553 4508 2713 4566 atque
2744 4501 2980 4554 vitiatum
3011 4503 3034 4555 ?
3072 4503 3234 4558 Porro
3281 4508 3435 4564 sirst
3471 4511 3612 4581 quod
3644 4525 3894 4585 sanetur,

2304 4589 2444 4646 unde
2480 4591 2723 4646 vitiatum
2749 4606 2824 4648 est
2856 4596 2879 4649 ?
2910 4597 3073 4651 Audis
3103 4602 3442 4656 cmulitentem
3476 4623 3488 4657 :
3518 4607 3642 4674 quid
3672 4608 3893 4663 deside-

2298 4698 2389 4737 ras
2424 4685 2779 4753 disputantem
2810 4688 2833 4742 ‘l
2866 4689 3028 4756 Sana,
3073 4694 3276 4762 inquit,
3318 4698 3541 4751 animum
3580 4718 3759 4754 meum.
3810 4704 3896 4758 AI)

2299 4776 2386 4830 illo
2414 4794 2624 4846 quaere,
2658 4780 2795 4834 unde
2825 4784 3061 4836 vitiatum
3102 4787 3167 4837 sit
3187 4828 3200 4851 ,
3227 4788 3367 4856 quod
3399 4793 3573 4844 sanari
3604 4809 3696 4862 νινε
3716 4806 3752 4846 ιι
3783 4812 3797 4848 :
3835 4809 3890 4849 et

2298 4870 2423 4924 audi
2468 4872 2609 4941 quod
2659 4876 2894 4945 Sequitur
2916 4916 2931 4941 ,
2967 4876 3217 4941 Quoniam
3244 4884 3441 4946 peccavi
3466 4885 3574 4937 tibi.
3615 4884 3763 4939 Iltine
3793 4888 3895 4944 iste.

2297 4961 2621 5033 interroget,
2651 4965 2717 5018 ab
2759 4968 2861 5021 isto
2901 4979 3103 5036 quaerat
3141 4972 3286 5038 quod
3319 4976 3665 5042 quaerendum
3700 4989 3848 5047 putat
3871 5022 3889 5047 ,

2296 5062 2349 5108 et
2379 5055 2519 5109 dicat
2545 5074 2558 5109 :
2586 5056 2630 5110 0
2660 5067 2712 5110 ιιι
2742 5058 2829 5125 ιιιιί
2855 5061 3053 5113 clamas
3075 5103 3088 5124 ,
3120 5060 3264 5116 Sana
3286 5066 3509 5118 animam
3542 5085 3732 5131 meam,
3761 5087 3894 5139 quo-

2297 5149 2433 5202 niam
2458 5151 2657 5219 peccavi
2688 5152 2777 5205 tibi
2803 5194 2818 5216 ,
2860 5154 2983 5222 quid
3028 5165 3107 5209 est
3149 5161 3477 5226 peccatum?
3523 5178 3543 5211 ι
3593 5163 3889 5218 ευιι-ιτιιιιὶςι

2295 5243 2505 5312 aliqua,
2544 5260 2610 5297 an
2654 5248 2872 5301 omnino
2916 5249 3207 5303 suhsmntia
3258 5267 3448 5308 carens
3494 5271 3688 5311 nomen
3717 5299 3734 5323 ,
3782 5274 3892 5326 quo

2294 5351 2400 5390 non
2449 5353 2538 5394 res
2561 5380 2577 5401 ,
2623 5354 2730 5392 non
2770 5341 3047 5394 existentia
3075 5384 3091 5408 ,
3124 5357 3227 5396 non
3271 5360 3467 5413 corpus
3497 5348 3748 5415 aliquod,
3792 5350 3891 5404 Sed

2296 5438 2498 5483 tantum
2537 5445 2813 5499 perperam
2858 5430 2979 5486 facti
3007 5442 3154 5488 actus
3182 5437 3546 5503 exprimitur?
3583 5458 3602 5490 ι
3642 5440 3890 5507 llespon-

2293 5520 2381 5576 det
2410 5522 2496 5576 ille
2542 5540 2556 5576 :
2592 5521 2665 5575 Ita
2703 5534 2785 5578 est
2824 5532 2880 5577 ut
2919 5524 3097 5586 dicis;
3141 5541 3245 5581 non
3284 5538 3365 5582 est
3392 5541 3664 5597 peccatum
3708 5531 3890 5603 aliqua

2293 5613 2606 5680 substantia,
2629 5616 2722 5670 sed
2752 5623 2953 5670 tantum
2975 5615 3074 5672 hoc
3099 5619 3312 5677 nomine
3334 5636 3614 5693 perperam
3642 5621 3767 5678 facti
3793 5638 3885 5681 ac-

2357 5809 2370 5841 ¹
2399 5815 2578 5858 Omnes
2595 5805 2704 5858 fere
2724 5816 2849 5865 Mss...
2866 5807 3156 5861 inducantur

2356 5873 2375 5902 ³
2412 5870 2636 5933 Plerique
2653 5877 2742 5921 Mss
2766 5905 2780 5933 ,
2803 5884 2947 5923 omni.
