4202 6526
294 330 398 388 257

296 461 382 506 tus
422 452 764 522 exprimitur.
810 452 876 507 Et
914 451 1223 508 contraiste
1261 470 1276 507 :
1318 451 1455 521 Quid
1499 466 1625 522 ergo
1656 453 1894 515 clamas,

299 544 443 601 Sana
480 546 709 600 animum
734 562 895 600 meam
919 586 936 612 ,
962 546 1203 616 quoniam
1229 545 1433 616 peccari
1462 544 1546 598 tibi
1574 543 1901 623 ?>Qupmodo

304 638 472 709 potuit
510 638 703 694 vitiare
740 637 970 692 animam
1016 648 1158 692 tuam
1202 638 1342 709 quod
1371 639 1663 692 substantia
1707 637 1902 694 caret?

303 725 490 786 Nonne
518 728 606 782 ille
642 743 874 783 interere
898 727 1176 783 confectus
1205 729 1438 783 vulneris
1470 731 1548 784 sui
1574 770 1589 791 ,
1622 745 1687 784 ne
1711 728 1898 799 dispu-

304 822 503 877 tatione
539 821 609 875 ab
646 823 889 876 oratione
923 830 1257 877 averteretur
1283 863 1297 884 ,
1333 823 1565 894 breviter
1607 824 1901 891 resttoude-

304 912 382 968 ret
412 922 468 967 et
492 913 695 968 diceret
729 931 744 968 :
777 913 988 969 Recede
1015 929 1047 969 a
1079 929 1199 978 me,
1242 914 1467 969 obsecro
1497 931 1509 966 :
1542 930 1662 967 cum
1688 915 1777 968 illo
1805 928 1900 985 po-

304 1008 407 1061 tius
434 1008 643 1077 disputa
667 1047 683 1073 ,
713 1007 756 1061 si
798 988 950 1077 poies
974 1049 988 1073 ,
1026 1008 1115 1078 qui
1147 1006 1279 1061 dixit
1301 1047 1316 1070 ,
1359 1006 1477 1061 Non
1508 1017 1579 1061 est
1605 1024 1731 1075 opus
1759 1008 1899 1061 sanis

301 1099 539 1165 medicus,
567 1098 655 1153 sed
674 1099 1037 1170 a’grotantibus
1069 1115 1087 1153 :
1112 1117 1213 1153 non
1242 1100 1351 1153 veni
1375 1117 1553 1154 vocare
1568 1102 1735 1169 justas
1758 1140 1774 1165 ,
1806 1098 1897 1153 sed

302 1202 582 1259 peccatores
607 1190 836 1263 (Matth.
862 1208 946 1256 ιχ,
977 1191 1063 1256 12,
1096 1192 1192 1265 15)
1224 1209 1238 1255 ;
1274 1193 1359 1247 tibi
1388 1192 1561 1263 jusms
1590 1193 1771 1264 utique
1809 1206 1897 1248 sa-

300 1299 404 1339 nos
422 1324 438 1350 ,
470 1294 773 1350 peccatores
800 1296 977 1338 autem
1014 1285 1298 1352 appellavit
1325 1292 1554 1354 a‘grotos
1578 1283 1603 1337 ‘l

368 1373 595 1429 CAPUT
617 1373 936 1428 IUL—2‘2.
970 1372 1206 1437 Peccato,
1234 1384 1278 1428 et
1304 1375 1347 1428 si
1367 1374 1648 1428 substantia
1677 1390 1777 1428 non
1807 1375 1893 1443 sit,

296 1464 550 1535 quomodo
575 1465 742 1519 uitiari
764 1476 948 1519 natura
969 1467 1205 1536 potuerit.
1228 1466 1529 1519 Certtitisue
1556 1481 1662 1537 quo
1686 1469 1890 1533 tetnlat,

297 1564 354 1611 et
404 1573 510 1626 quo
548 1572 740 1612 manus
782 1560 1016 1628 porrigat
1056 1556 1168 1611 haec
1209 1558 1545 1627 diSputatio?
1586 1567 1642 1612 ut
1675 1559 1896 1613 omnino

296 1648 491 1704 frustra
525 1648 725 1703 dictum
765 1660 1013 1719 putetur,
1072 1647 1279 1703 Vocabts
1309 1666 1487 1703 nomen
1527 1650 1636 1720 ejus
1665 1648 1845 1703 Jesum
1873 1666 1893 1717 ,-

295 1741 407 1810 ipse
424 1741 554 1795 enim
577 1740 772 1795 salttum
803 1742 953 1812 faciet
984 1741 1227 1813 populum
1253 1759 1401 1795 sttum
1430 1759 1461 1794 a
1478 1744 1694 1814 peccatis
1719 1759 1894 1796 eorum

298 1831 416 1903 (Id.
442 1834 576 1899 1,2l
603 1842 641 1903 ).
673 1834 951 1903 Quomodo
978 1835 1121 1889 enim
1162 1835 1370 1891 salvum
1401 1837 1552 1890 facicl
1578 1878 1592 1902 ,
1628 1836 1714 1890 ubi
1749 1836 1889 1892 nulla

296 1936 379 1982 est
405 1926 662 1998 atgritudo
690 1928 714 1981 ?
744 1928 964 1983 Pcccata
993 1928 1225 1998 quippe,
1272 1945 1301 1980 a
1341 1929 1536 1998 quibus
1562 1929 1688 1984 dicit
1720 1929 1896 1984 Evan-

295 2018 493 2088 gelium
519 2019 728 2074 salvum
759 2019 1057 2073 faciendum
1088 2019 1337 2088 populum
1364 2019 1565 2075 Christi
1593 2062 1606 2082 ,
1643 2021 1894 2076 substao-
1934 2045 1937 2047 ·

298 2110 386 2163 tite
412 2124 514 2163 non
535 2119 680 2174 sunt,
708 2119 761 2164 et
786 2110 1079 2164 secundum
1105 2111 1260 2163 istum
1291 2112 1479 2165 vitiare
1513 2127 1617 2165 non
1646 2121 1889 2181 possunt.

298 2198 346 2257 0
381 2199 575 2265 frater,
621 2201 815 2255 bonum
845 2210 925 2256 cst
957 2211 1013 2255 ttt
1052 2203 1361 2256 memineris
1402 2211 1453 2257 te
1495 2218 1613 2258 esse
1643 2204 1894 2259 christia-

298 2308 447 2347 num.
471 2292 709 2349 Credere
731 2294 829 2349 isla
858 2294 1083 2349 fortasse
1104 2294 1377 2351 sufﬁceret
1400 2313 1414 2349 :
1437 2298 1531 2351 sed
1563 2307 1737 2351 tamen
1770 2300 1891 2367 quia

294 2382 567 2453 disputare
594 2376 717 2453 ivis’,
752 2400 852 2441 nec
885 2386 1073 2452 oht-st,
1109 2387 1217 2441 imo
1245 2389 1408 2442 etiam
1448 2389 1693 2457 prodest,
1723 2391 1765 2443 si
1798 2391 1890 2443 lir-

294 2476 530 2532 missitna
576 2479 842 2548 przecetlat
885 2478 1063 2544 fides;
1116 2495 1215 2535 nec
1259 2481 1625 2536 existimemus
1672 2494 1891 2552 peccato

296 2580 540 2625 naturam
568 2574 853 2626 humanam
882 2586 986 2626 non
1018 2585 1175 2640 posse
1200 2573 1409 2636 vitiari,
1441 2574 1533 2627 sed
1560 2575 1751 2628 divinis
1781 2590 1892 2629 cre-

295 2654 487 2720 denies
520 2664 813 2735 Scripturis
861 2675 1080 2734 peccato
1122 2680 1239 2720 eam
1283 2680 1402 2721 esse
1441 2666 1713 2732 vitiatam,
1752 2682 1882 2738 quo-

294 2756 458 2812 modo
479 2758 528 2811 id
558 2758 671 2813 iieri
701 2762 930 2828 potuerit
954 2758 1302 2828 iuquiramus.
1325 2757 1585 2827 Quoniam
1612 2771 1885 2828 peccatum

289 2848 401 2920 jam
430 2851 708 2906 didicimus
738 2865 841 2905 non
870 2865 991 2906 esse
1018 2850 1367 2905 substantiam
1400 2870 1415 2916 ;
1445 2867 1621 2906 nonne
1659 2851 1890 2907 attendi-

294 2952 418 3009 tur,
462 2952 518 2997 ut
563 2942 663 2997 alia
708 2943 986 3010 omittam,
1016 2944 1175 2998 etiam
1226 2959 1331 2997 non
1377 2943 1731 3010 manducare,
1777 2957 1887 2998 non

290 3049 413 3089 esse
458 3034 863 3090 substantiam?
904 3035 949 3090 Α
998 3035 1289 3089 substantia
1328 3035 1525 3103 quippe
1570 3035 1884 3104 receditur;

290 3128 539 3197 quoniam
582 3128 730 3182 cibus
776 3127 1069 3182 substantia
1112 3136 1215 3203 est.
1256 3126 1359 3182 Sed
1409 3127 1677 3183 abstinere
1705 3145 1733 3181 a
1763 3129 1885 3185 cibo

288 3234 399 3274 non
430 3228 511 3273 est
537 3218 859 3285 sobstantia,
903 3229 956 3274 et
992 3230 1165 3274 tamen
1197 3220 1490 3274 substantia
1528 3222 1769 3291 corporis
1791 3262 1806 3286 ,
1838 3224 1885 3277 si

290 3312 512 3365 omnino
539 3312 837 3366 abstinetur
858 3328 886 3364 a
920 3312 1040 3367 cibo
1062 3354 1078 3380 ,
1111 3314 1176 3366 ita
1205 3313 1536 3384 languescit,
1569 3316 1639 3370 ita
1678 3315 1886 3370 valetu-

286 3404 429 3462 diuis
470 3407 830 3475 inaequalitate
868 3407 1262 3475 corrumpitur,
1298 3410 1365 3461 ita
1406 3407 1717 3486 exhauritur
1746 3411 1883 3462 viri-

291 3505 413 3561 bus.
453 3499 525 3552 ita
552 3500 864 3554 lassitudine
890 3498 1196 3554 debilitatur
1216 3509 1267 3554 et
1296 3499 1577 3569 frangitur,
1621 3508 1678 3553 ut
1708 3500 1750 3554 si
1778 3500 1881 3555 ali-

287 3607 394 3661 quo
425 3592 583 3646 modo
617 3591 865 3658 perduret
891 3593 943 3647 in
972 3593 1110 3657 vita,
1144 3592 1226 3646 vix
1260 3593 1425 3661 possit
1453 3593 1516 3646 ad
1549 3609 1669 3648 eum
1703 3594 1879 3648 cibum

289 3696 562 3747 revocari,
621 3679 754 3737 unde
798 3683 1114 3738 abstinendo
1155 3684 1333 3749 vitiata
1374 3692 1477 3738 est.
1522 3683 1611 3738 Sic
1655 3699 1759 3737 non
1800 3690 1883 3739 est

285 3773 580 3828 substantia
605 3783 876 3841 peccatum
909 3792 923 3829 :
952 3774 1045 3829 sed
1077 3774 1370 3829 substantia
1422 3784 1504 3829 est
1528 3774 1697 3841 Deus,
1735 3790 1882 3828 sum.

286 3879 480 3934 tuaque
508 3866 799 3920 substantia
822 3905 839 3930 ,
867 3875 919 3920 et
953 3867 1101 3920 solus
1127 3881 1286 3921 verus
1320 3865 1595 3920 rationalis
1623 3877 1884 3922 creaturte

286 3957 440 4012 cibus
469 3974 486 4021 ;
537 3973 565 4011 a
596 3973 702 4027 quo
730 3972 826 4026 per
867 3958 1282 4014 inohedientiam
1329 3957 1628 4013 recedendo
1651 4000 1667 4025 ,
1704 3967 1758 4014 ct
1786 3974 1887 4029 per

287 4044 655 4101 inﬁrmitatem
697 4063 803 4103 non
846 4049 1071 4103 valendo
1105 4064 1297 4118 eapere
1335 4064 1440 4119 quo
1462 4050 1646 4105 debuit
1672 4059 1726 4105 et
1750 4066 1883 4121 gau-

283 4138 413 4195 dere
431 4183 447 4205 ,
474 4140 624 4196 audis
647 4141 1091 4213 quemadmodum
1122 4142 1263 4197 dicat
1293 4161 1307 4198 :
1336 4141 1644 4197 Pcrcussum
1669 4154 1744 4198 est
1769 4145 1787 4178 ⁸
1809 4145 1885 4198 si-

282 4241 371 4285 cut
395 4234 566 4301 fenum
591 4243 637 4287 et
658 4244 793 4286 arutt
816 4250 903 4287 cor
928 4250 1112 4299 meum,
1135 4234 1374 4303 quoniam
1394 4234 1576 4291 oblitus
1607 4251 1723 4290 sunt
1743 4252 1881 4290 man-

285 4322 474 4379 ducare
503 4341 685 4392 panem
709 4342 872 4379 meum
899 4324 1079 4399 (Psal.
1104 4341 1176 4393 Cl,
1211 4325 1275 4399 5)
1303 4327 1330 4380 7

359 4414 588 4472 CAPUT
624 4414 769 4471 XXI.
802 4446 872 4457 —
910 4417 1002 4472 25.
1049 4418 1215 4470 Adam
1278 4417 1466 4473 Christi
1531 4418 1882 4474 misericordia

287 4506 546 4561 liberatus.
625 4508 898 4564 Attendite
976 4516 1155 4562 autem
1221 4508 1492 4579 quomodo
1574 4508 1749 4564 adhuc
1819 4524 1881 4566 se

287 4609 477 4672 urgeat
555 4602 937 4659 verisimilibus
1001 4602 1296 4657 rationibus
1351 4611 1537 4657 contra
1590 4601 1880 4673 Scriptum

288 4704 487 4751 sanctze
534 4696 837 4752 veritatem.
885 4695 1144 4752 Dominus
1198 4695 1356 4751 Jesus
1403 4696 1554 4764 dicit,
1598 4698 1688 4767 qui
1758 4712 1882 4767 pro-

289 4795 469 4857 pterea
510 4786 669 4843 Iesus
708 4798 968 4855 vocatur,
1014 4789 1137 4859 quia
1188 4788 1301 4859 ipse
1344 4788 1550 4843 salvum
1606 4788 1731 4845 facit
1781 4804 1879 4859 po-

290 4879 468 4948 pulum
521 4893 676 4933 suum
703 4894 734 4933 a
764 4879 995 4949 peccatis
1036 4894 1221 4934 eorum
1250 4896 1264 4932 :
1289 4879 1418 4934 dicit
1466 4895 1594 4950 ergo
1622 4880 1880 4937 Dominus

288 4967 442 5025 Jesus
460 5010 476 5036 ,
511 4968 635 5024 Non
659 4978 735 5025 est
762 4986 893 5039 opus
923 4971 1062 5025 sanis
1086 4969 1313 5024 medicus
1335 5012 1351 5037 ,
1384 4969 1474 5025 sed
1496 4970 1877 5040 a'grotautibus.

290 5058 414 5115 Non
439 5062 549 5115 veni
567 5077 743 5117 vocare
758 5066 929 5131 justas
950 5103 965 5125 ,
991 5062 1082 5117 sed
1106 5072 1389 5133 peccatores
1415 5062 1434 5133 (
1460 5046 1643 5116 Matth.
1668 5078 1744 5126 ts,
1774 5063 1842 5118 12
1862 5103 1880 5130 ,

288 5153 361 5209 15
380 5152 420 5225 ).
449 5152 598 5211 Unde
622 5154 750 5209 dicit
778 5163 832 5210 et
869 5154 1157 5226 Apostolus
1179 5197 1194 5222 ,
1236 5152 1433 5209 Fidelis
1469 5168 1634 5208 sermo
1668 5163 1715 5209 et
1743 5156 1882 5209 omni

286 5244 576 5314 acceptione
613 5244 821 5317 dignus,
861 5246 980 5316 quia
1023 5244 1175 5302 Iesus
1215 5245 1443 5301 Christus
1478 5247 1614 5305 venit
1655 5247 1709 5302 in
1748 5249 1881 5303 hunc

286 5335 534 5389 mundum
553 5344 837 5408 peccatores
861 5336 1026 5412 salvos
1049 5335 1219 5408 facere
1242 5338 1261 5407 (
1285 5338 1302 5393 l
1326 5336 1457 5393 Tim.
1480 5353 1521 5407 ι,
1544 5339 1613 5394 15
1628 5337 1669 5410 ).
1698 5338 1764 5394 Ει
1783 5337 1882 5394 iste

286 5438 472 5485 contra
497 5428 708 5485 ﬁdelem
728 5444 1031 5486 sermonem
1059 5438 1115 5487 et
1138 5429 1283 5486 omni
1305 5434 1615 5501 acceptione
1634 5430 1877 5502 dignum,

287 5519 417 5576 dicit
448 5540 469 5575 ε
503 5536 612 5577 non
635 5521 883 5579 debuisse
911 5521 1050 5579 hanc
1076 5522 1443 5593 aegritudinem
1483 5521 1725 5579 contrahi
1754 5537 1882 5592 pec-

285 5614 421 5668 catis
446 5656 462 5682 ,
492 5628 561 5668 ne
585 5613 652 5668 ad
674 5613 777 5669 hoc
800 5624 943 5670 esset
972 5614 1070 5671 ista
1098 5627 1256 5685 paena
1284 5614 1488 5685 peceati
1513 5656 1529 5681 ,
1556 5622 1613 5668 ut
1636 5613 1882 5669 commit-

353 5786 371 5819 ι
406 5784 547 5849 Editi,
562 5798 819 5851 percussus
839 5798 963 5851 smn.
986 5792 1042 5836 At
1064 5785 1234 5851 plures
1249 5793 1379 5851 5155.,
1399 5798 1681 5851 percussum
1703 5790 1787 5851 est.
1808 5788 1880 5837 sic

291 5848 758 5913 manusuam,
776 5860 935 5898 enarr.
953 5849 1002 5899 in
1028 5848 1260 5899 canitiem
1278 5848 1534 5911 psalmum,
1555 5861 1702 5909 serta.
1736 5850 1776 5895 l.

1726 329 1930 388 LIBER
1974 330 2174 389 UNUS.

3499 347 3605 405 358

2014 456 2253 503 terentur
2300 447 2450 517 plura
2495 460 2729 519 peccata.
2770 472 2789 505 ι
2825 454 3092 521 Qumritnr
3132 458 3290 514 etiam
3322 462 3336 494 ⁸
3369 469 3603 530 parvulis

2010 547 2188 594 tantus
2214 542 2450 596 tttedicus
2475 543 2760 612 opitulator
2791 564 2803 600 :
2839 558 2891 602 ct
2921 550 3018 604 iste
3046 550 3194 615 dicit,
3230 570 3249 604 ί
3286 554 3420 618 Quid
3452 573 3600 625 qutu-

2008 631 2125 687 ritis
2152 633 2174 686 ?
2200 632 2326 690 Sani
2357 645 2481 690 sunt
2509 648 2727 708 propter
2752 658 2886 708 quos
2910 644 3172 699 ml'diCllttt
3202 650 3457 716 quarrilis.
3491 651 3599 706 Nec

2006 725 2123 796 ipse
2150 728 2352 796 primus
2376 731 2534 782 homo
2560 731 2680 785 ideo
2701 743 2872 787 morte
2897 735 3176 790 damnatus
3203 749 3284 793 cst
3307 758 3321 793 :
3353 757 3472 794 nam
3507 758 3602 810 po-

2004 827 2117 872 stea
2165 835 2269 873 non
2318 823 2572 888 peccavit.
2606 841 2628 875 ι
2660 824 2822 891 Quasi
2852 827 3047 897 aliquid
3076 840 3256 897 postea
3295 830 3364 887 de
3396 835 3603 900 pet-fee-

2006 909 2147 964 tione
2171 910 2393 979 justitite
2422 913 2536 980 ejus
2565 917 2825 981 audierit,
2856 919 2953 970 nisi
2977 921 3114 986 quod
3136 923 3478 977 commendat
3501 925 3600 979 [ie-

2003 1000 2164 1056 clesia
2203 1012 2255 1055 et
2304 1004 2474 1072 ipsum
2525 1006 2729 1060 Domini
2759 1006 2954 1063 Clu-isti
3000 1012 3363 1070 misericordia
3404 1016 3598 1071 libera-

2003 1099 2136 1145 tum.
2174 1111 2193 1144 ι
2229 1094 2357 1161 Ejus
2398 1110 2607 1165 quoque
2650 1109 2892 1166 posteros
2925 1119 2945 1152 ι
2982 1103 3079 1156 iste
3104 1105 3263 1167 dicit,
3315 1124 3334 1157 ι
3372 1122 3479 1161 nun
3506 1124 3596 1160 so-

2003 1182 2111 1237 lum
2135 1185 2227 1239 illo
2258 1202 2362 1239 non
2387 1192 2504 1241 esse
2533 1188 2852 1245 inﬁrmiores
2872 1232 2889 1259 ,
2922 1195 3015 1249 sed
3043 1198 3201 1249 etiam
3227 1199 3373 1267 plura
3406 1201 3597 1271 imple-

2001 1276 2145 1330 visse
2174 1292 2458 1347 prtceepla,
2488 1295 2607 1334 eum
2639 1282 2727 1338 ille
2760 1300 2919 1338 unum
2953 1287 3173 1357 implere
3197 1292 3493 1359 neglexerit
3525 1312 3538 1345 :
3572 1313 3592 1345 ι

2000 1382 2135 1438 quos
2181 1382 2422 1439 posteros
2468 1373 2611 1428 videt
2655 1375 2725 1429 ita
2776 1378 2958 1443 llilaCi,
3009 1382 3279 1449 quomodo
3319 1394 3465 1438 certe
3510 1385 3597 1439 ille

2002 1458 2174 1515 factus
2201 1480 2305 1516 non
2330 1474 2410 1518 est
2433 1504 2449 1530 ,
2487 1481 2590 1520 non
2619 1468 2791 1522 solum
2823 1474 3069 1540 prtrccpti
3103 1474 3413 1543 incapaces,
3453 1478 3596 1546 quod

2001 1556 2220 1608 omnino
2251 1572 2355 1612 non
2395 1561 2662 1627 sentiunt,
2707 1564 2799 1618 sed
2848 1564 2930 1618 vix
2957 1580 3181 1634 capaces
3224 1569 3433 1638 papillae
3473 1586 3594 1624 cum

2001 1647 2280 1713 esuriant;
2325 1664 2421 1705 eos
2449 1661 2622 1705 tamen
2654 1652 2705 1707 itt
2749 1654 2935 1708 matris
2965 1656 3215 1713 Ecclesia!
3242 1661 3447 1727 gremio
3473 1675 3596 1715 cum

2001 1744 2179 1798 Salvos
2206 1746 2371 1814 gratia
2403 1763 2497 1800 sua
2530 1747 2705 1802 facere
2733 1749 2892 1816 velit,
2919 1752 3006 1818 qtti
3038 1754 3241 1807 salvum
3272 1753 3395 1807 facit
3429 1770 3594 1823 ιοιιιιο

2000 1834 2109 1889 lum
2141 1852 2293 1891 suum
2325 1854 2363 1902 a
2390 1840 2622 1907 peccatis
2648 1856 2834 1895 eorum
2857 1884 2872 1905 ,
2910 1845 3281 1899 contradicunt
3312 1846 3553 1902 homines
3574 1888 3590 1912 ,

2001 1937 2053 1981 et
2079 1927 2231 1997 quasi
2258 1940 2577 1993 creaturam,
2601 1948 2719 2001 qua:
2751 1949 2843 2002 per
2866 1935 3012 1989 illum
3036 1938 3247 1989 condita
3275 1947 3376 1998 est,
3403 1940 3598 1993 melius

2007 2019 2102 2075 illo
2130 2022 2393 2090 inSpicere
2423 2039 2575 2079 novet
2590 2024 2688 2091 int,
2715 2041 2847 2082 voce
2871 2044 2975 2082 non
3002 2044 3130 2083 sana
3154 2046 3314 2087 sanos
3333 2047 3452 2087 esse
3471 2048 3586 2103 pro.

2000 2123 2271 2169 nttttttattt.
2975 2169 2983 2180 ,

2069 2203 2297 2260 CAPUT
2338 2200 2696 2262 XXll.—2L
2739 2207 2887 2262 Idem
2928 2223 3187 2281 peccatum
3217 2222 3262 2266 et
3290 2230 3438 2284 paena
3479 2232 3595 2285 pea-

1996 2297 2115 2349 cali.
2150 2316 2168 2347 ι
2210 2298 2483 2353 Materiam
2517 2302 2719 2367 peceati
2750 2321 2769 2353 υ
2801 2303 2930 2357 dicit
2964 2322 2983 2354 ι
3023 2319 3141 2358 esse
3184 2306 3507 2370 thdtctatn,
3550 2310 3594 2362 si

1996 2387 2062 2440 ad
2096 2387 2196 2443 hoc
2226 2398 2474 2458 peceatur
2502 2392 2798 2446 ittlirtuatus
2821 2405 2899 2449 cst
2923 2434 2939 2459 ,
2977 2404 3033 2448 ut
3068 2395 3214 2461 plura
3263 2408 3528 2465 peccaret.
3570 2419 3589 2450 ι

1994 2477 2104 2533 Nec
2137 2484 2335 2545 cogitat
2360 2483 2819 2550 pra-vat-icatorem
2852 2487 2982 2553 legis
3011 2503 3168 2556 quant
3195 2487 3351 2555 digne
3383 2491 3468 2544 lux
3493 2491 3591 2547 de-

1996 2578 2140 2623 serat
2162 2572 2400 2625 veritatis
2428 2590 2441 2633 ;
2466 2589 2568 2642 qua
2598 2574 2845 2631 desertus
2872 2578 3053 2644 utique
3077 2581 3131 2630 tit
3159 2594 3334 2634 caecus
3354 2620 3369 2643 ,
3397 2591 3451 2636 et
3478 2587 3596 2651 plus

1996 2677 2217 2718 necesse
2247 2676 2329 2718 est
2357 2664 2587 2720 olfendat
2613 2708 2629 2732 ,
2660 2679 2713 2722 et
2732 2670 2970 2722 Cadtmtltt
2991 2685 3233 2737 vexetur,
3266 2686 3592 2746 vexatusque

1997 2770 2103 2808 non
2150 2767 2367 2826 surgat,
2401 2768 2457 2812 ttt
2486 2759 2604 2813 ideo
2642 2770 2841 2814 tantum
2871 2763 3050 2815 audiat
3082 2780 3266 2819 vocem
3301 2767 3453 2837 legis,
3486 2786 3593 2837 quo
3632 2820 3645 2825 -

1995 2846 2347 2902 admoneatur
2388 2850 2671 2918 impletare
2700 2856 2921 2921 gratiam
2971 2852 3283 2911 Salvatoris.
3324 2861 3403 2912 An
3446 2861 3591 2914 nulla

1996 2952 2153 3007 paena
2192 2947 2275 2992 est
2320 2954 2541 3003 eorum,
2588 2942 2657 2995 de
2700 2942 2893 3012 quibus
2928 2945 3049 2998 dicit
3098 2948 3414 3014 Aptntolus,
3456 2950 3592 3016 Quia

1995 3044 2111 3082 cum
2133 3032 2473 3099 cognovissent
2499 3031 2679 3096 Deum,
2712 3050 2812 3087 non
2836 3036 2962 3088 sicut
2994 3035 3152 3089 Deum
3179 3039 3590 3108 glori/icarerunt

1999 3131 2089 3174 aut
2121 3122 2312 3192 gratias
2351 3133 2603 3193 egerunt;
2643 3125 2731 3177 sed
2770 3138 3078 3180 evanuerunt
3115 3129 3167 3182 in
3209 3133 3592 3197 cogitationibus

1993 3212 2121 3275 suis,
2143 3223 2188 3265 et
2216 3215 2536 3267 obscuratum
2559 3226 2630 3269 est
2656 3217 2894 3287 insipiens
2919 3236 3006 3272 cor
3028 3238 3199 3274 eorum
3221 3223 3248 3277 7
3280 3222 3471 3294 Utique
3494 3228 3592 3281 ista

1993 3301 2297 3356 obscuratio
2342 3305 2572 3358 vindicta
2601 3316 2655 3359 et
2687 3322 2841 3375 poena
2875 3308 2984 3377 jam
3016 3310 3117 3363 fuit
3156 3329 3171 3365 :
3203 3324 3254 3365 et
3288 3323 3462 3369 tamen
3496 3332 3592 3385 per

1994 3394 2131 3451 hanc
2161 3412 2371 3465 prauam
2397 3439 2412 3462 ,
2448 3397 2498 3451 id
2541 3407 2655 3464 est,
2692 3415 2783 3468 per
2812 3401 2989 3456 eordis
3018 3405 3315 3459 caecitatem
3335 3448 3352 3471 ,
3382 3423 3501 3476 qua:
3533 3411 3593 3462 iit

1992 3486 2275 3541 deserente
2320 3489 2435 3542 lucc
2467 3490 2762 3557 sapientiae,
2798 3492 2848 3544 iit
2883 3494 3027 3560 plura
3071 3502 3127 3548 et
3162 3498 3341 3564 gravia
3373 3510 3587 3566 peccata

1991 3577 2212 3648 collapsi
2260 3588 2403 3632 sunt.
2435 3578 2670 3634 Dicentes
2699 3581 2830 3633 enim
2876 3599 2930 3636 se
2968 3600 3074 3637 esse
3118 3587 3400 3656 sapientes,
3447 3592 3591 3645 stulti

1992 3671 2116 3741 facti
2160 3681 2297 3724 sunt.
2344 3669 2531 3751 Gravis
2562 3671 2677 3727 htcc
2705 3688 2861 3742 paena
2904 3683 3027 3740 est,
3060 3677 3102 3730 si
3135 3693 3252 3747 qttts
3294 3680 3583 3751 intelligat,

1990 3769 2046 3815 et
2074 3777 2137 3815 cx
2170 3761 2269 3816 hac
2314 3777 2469 3832 pmtta
2514 3746 2636 3818 vide
2674 3782 2781 3835 quo
2808 3766 2984 3821 ierunt
3011 3785 3025 3821 :
3059 3770 3125 3822 Et
3158 3746 3615 3841 immutaveritnt,’

1989 3852 2180 3924 inquit,
2205 3855 2420 3927 gloriam
2442 3858 2837 3931 incorruptibilis
2864 3860 2958 3915 Dei
2979 3864 3030 3917 in
3050 3865 3434 3923 similitmtinem
3460 3871 3590 3925 ima-

1977 3948 2119 4019 ,ginis
2139 3951 2479 4018 corruptibilis
2506 3951 2722 4006 hominis
2746 3996 2760 4016 ,
2792 3965 2839 4008 et
2876 3956 3136 4010 uolucrum
3158 4001 3173 4025 ,
3214 3970 3261 4014 et
3298 3963 3589 4035 quadrupe-

1986 4038 2139 4103 dum,
2181 4050 2228 4093 et
2264 4043 2590 4110 serpentium.
2633 4044 2734 4098 Ista
2786 4046 3025 4102 fecerunt
3064 4064 3127 4103 ex
3170 4056 3369 4120 peccati
3400 4050 3580 4124 pmna,

1984 4145 2086 4201 qna
2104 4131 2421 4186 obscuratum
2445 4144 2518 4187 est
2547 4135 2788 4204 insipiens
2813 4154 2901 4190 cor
2917 4155 3109 4193 eorum.
3131 4140 3195 4196 Et
3229 4155 3444 4213 prepter
3470 4146 3587 4204 ha-c

1986 4230 2164 4277 tamen
2189 4264 2203 4287 ,
2232 4226 2353 4294 quia
2385 4225 2511 4281 licet
2542 4228 2803 4295 poenalia,
2835 4230 2994 4283 etiam
3029 4232 3139 4299 ipsa
3170 4244 3382 4303 peccata
3425 4252 3581 4305 sunt,

1985 4318 2227 4389 atljungit
2252 4327 2307 4373 et
2328 4319 2456 4374 dicit
2490 4338 2504 4374 :
2537 4319 2813 4387 Propterea
2842 4325 3051 4378 tradidit
3073 4327 3189 4380 illos
3216 4327 3355 4385 Deus
3376 4331 3426 4383 in
3448 4332 3587 4386 desi-

1984 4410 2127 4464 deria
2159 4412 2327 4465 cordis
2361 4410 2589 4478 illorum,
2635 4413 2690 4467 in
2728 4414 3125 4471 intmunditiam.
3158 4419 3296 4477 Ecce
3322 4424 3583 4492 quemad-

1985 4502 2203 4558 modum
2252 4503 2390 4558 Detts
2418 4505 2632 4574 gravius
2656 4507 3070 4573 condemnavit,
3124 4511 3340 4567 tradens
3382 4514 3500 4569 illos
3530 4517 3581 4569 in

1985 4594 2248 4651 desideria
2293 4597 2472 4651 cordis
2521 4597 2774 4664 illorum,
2833 4600 2885 4655 itt
2935 4601 3583 4664 itnmunditiamLVidete

1986 4687 2145 4742 etiam
2172 4702 2241 4744 ex
2270 4686 2369 4743 hac
2396 4703 2551 4757 petua
2580 4706 2697 4759 qua:
2726 4692 2746 4722 ³
2776 4690 2971 4747 faciant
2999 4710 3013 4747 :
3047 4693 3115 4749 Ut
3138 4696 3473 4765 contumeliis,
3505 4701 3585 4754 itt-

1986 4780 2136 4849 quit,
2164 4778 2394 4849 afﬁciant
2419 4797 2636 4851 corpora
2659 4799 2753 4835 sua
2778 4783 2830 4837 in
2859 4786 3154 4853 semetipsis.
3181 4787 3251 4842 Et
3274 4790 3394 4858 quia
3426 4805 3582 4861 ptent:

1985 4877 2068 4925 est
2106 4870 2205 4924 ista
2239 4871 2566 4940 iniquitatis,
2597 4887 2720 4928 cum
2762 4874 2831 4928 sit
2869 4884 2923 4930 et
2965 4876 3249 4946 iniquitas,
3281 4880 3582 4937 evidentius

1986 4962 2328 5018 commendat
2373 4963 2558 5018 dicens
2603 4982 2619 5019 :
2674 4963 2776 5033 Qui
2825 4974 3285 5024 transmutauerunt
3325 4972 3580 5029 veritatem

1987 5054 2085 5113 Dei
2116 5059 2167 5111 in
2194 5055 2543 5121 mendacium,
2575 5068 2622 5111 et
2661 5058 2920 5112 coluerunt
2947 5068 2994 5114 et
3035 5062 3308 5118 servierunt
3337 5077 3583 5120 creatum

1989 5150 2157 5218 potius
2196 5164 2349 5218 quam
2390 5149 2651 5215 Creatori,
2693 5150 2781 5221 qui
2825 5160 2899 5205 est
2937 5152 3227 5211 benedictus
3272 5158 3324 5211 in
3367 5160 3579 5215 swculu.

1988 5242 2166 5295 Amen.
2201 5239 2417 5311 Propter
2444 5242 2539 5297 hoc
2561 5282 2577 5309 ,
2611 5240 2780 5313 inquit
2802 5285 2816 5304 .
2849 5245 3056 5299 tradidit
3085 5244 3220 5302 Deus
3244 5249 3358 5304 illos
3384 5250 3440 5305 in
3463 5267 3582 5322 pas-

1987 5333 2156 5388 siones
2192 5332 2505 5405 ignominite.
2540 5334 2679 5391 Ecce
2704 5336 2913 5406 quoties
2948 5338 3179 5393 vindieat
3214 5341 3351 5397 Deus
3375 5384 3391 5409 ,
3422 5353 3477 5398 et
3513 5359 3580 5399 es

1989 5424 2177 5480 eadem
2202 5425 2431 5481 vindicta
2466 5426 2612 5496 plura
2639 5433 2693 5483 et
2718 5429 2960 5499 graviora
2990 5439 3203 5499 peccata
3232 5444 3579 5504 consurgunt.

1992 5513 2132 5569 Nam
2155 5516 2357 5585 [emine
2383 5532 2558 5571 eorum
2599 5518 2986 5575 immutaverunt
3023 5522 3308 5578 naturalem
3343 5539 3490 5579 usum
3527 5527 3581 5577 in

1990 5624 2105 5663 eum
2147 5624 2294 5662 usum
2326 5609 2412 5708 qui
2442 5618 2513 5664 est
2552 5621 2728 5665 contra
2753 5620 2985 5668 naturam
3014 5631 3031 5669 :
3060 5613 3292 5669 similiter
3326 5623 3493 5669 autem
3535 5623 3581 5667 et
3608 5626 3611 5627 '

2058 5784 2175 5847 ἐἰς
2191 5792 2294 5847 uss.
2321 5791 2377 5847 At
2397 5787 2533 5844 editi,
2552 5798 2682 5847 ergo.

2057 5847 2077 5878 ε
2101 5844 2239 5897 Editi,
2258 5844 2395 5905 quid.
2418 5844 2760 5911 AtMss.,"qua.
