4202 6520
642 351 746 404 959

640 461 858 518 masculi
879 459 1050 516 relicto
1079 457 1298 512 naturali
1327 473 1422 511 usu
1444 455 1662 526 feminae,
1685 461 1976 509 exarserunt
2000 453 2053 506 in
2073 469 2230 523 appe-

642 555 789 608 titum
805 570 953 606 suum
969 554 1020 605 in
1045 551 1276 612 invicem,
1297 547 1510 602 masculi
1534 547 1586 600 in
1604 547 1852 600 masculos
1864 544 2228 615 deformitatem

641 658 926 717 oper-antes.
971 647 1144 712 Atque
1174 653 1230 696 ut
1257 641 1563 694 ostenderet
1591 640 1668 692 sic
1693 652 1811 691 esse
1843 637 1938 689 ista
1972 643 2184 704 peccata
2213 676 2228 699 ,

639 746 698 792 ut
725 739 881 790 etiam
915 750 1084 805 pains:
1111 734 1216 786 sint
1247 741 1610 800 peccatorum,
1643 731 1800 782 etiam
1831 726 1910 780 his
1937 725 2177 794 adjunxit
2207 743 2222 778 :

641 829 709 883 Et
749 827 1020 880 mercedem
1059 835 1327 886 mutuam,
1369 839 1518 892 quain
1556 821 1809 889 oportuit,
1841 819 2024 872 erroris
2053 818 2132 870 sui
2171 817 2225 870 in

639 919 917 989 semetipsis
947 917 1256 983 recipientes.
1287 913 1472 967 Videte
1510 913 1718 982 quoties
1739 911 1989 975 vindicet,
2019 909 2227 964 eadem-

637 1026 742 1080 que
769 1011 994 1063 vindicta
1036 1025 1154 1078 qu;e
1198 1007 1365 1075 pariat
1403 1007 1723 1074 pulluletth
1765 1015 2002 1073 peccata.
2037 1002 2224 1056 Adhuc

636 1103 891 1155 attendite
939 1119 952 1154 :
996 1100 1057 1152 lit
1097 1101 1222 1151 sicut
1258 1115 1357 1151 non
1399 1098 1760 1164 probaverunt,
1808 1095 2015 1162 inquit,
2057 1092 2220 1146 Deum

639 1193 818 1245 habere
844 1194 894 1244 in
925 1193 1102 1243 notitia
1126 1232 1140 1254 ,
1170 1192 1378 1242 tradidit
1407 1190 1520 1242 illos
1551 1187 1683 1240 Deus
1719 1188 1768 1239 in
1794 1187 2059 1253 reprobam
2087 1202 2224 1237 meu-

639 1294 738 1336 tem
762 1324 777 1346 ,
825 1294 880 1335 ut
902 1284 1090 1354 faciant
1117 1299 1228 1350 qua:
1259 1299 1356 1334 non
1386 1280 1708 1340 conveniunt,
1744 1278 1957 1346 repletos
1985 1277 2123 1329 onmi
2149 1279 2228 1329 iu-

633 1375 842 1444 iqnitate
862 1416 874 1436 ,
905 1391 1015 1426 cum
1043 1375 1486 1435 cimunventione,
1518 1373 1738 1432 malitia,
1773 1371 2016 1432 avaritia,
2052 1371 2225 1435 plenos

636 1467 858 1532 invidia,
890 1467 1180 1528 homicidio,
1207 1467 1547 1522 contentione,
1579 1464 1697 1516 dolo
1721 1504 1733 1525 ,
1763 1463 2102 1531 malignitate,
2133 1477 2223 1513 su-

634 1575 897 1620 surrones,
927 1558 1252 1619 deti-actores,
1281 1555 1385 1608 Deo
1423 1555 1658 1617 odibiles,
1689 1553 2096 1611 contumeliosos,
2132 1569 2220 1603 su-

634 1650 834 1718 perbos,
857 1650 1013 1702 elatas
1035 1663 1054 1710 ,'
1075 1650 1350 1700 inventores
1371 1646 1617 1698 malorum
1634 1686 1647 1708 ,
1674 1644 1962 1714 parentibus
1986 1659 2084 1696 non
2109 1642 2224 1694 obc-

631 1740 824 1794 dientes
856 1781 872 1805 ,
912 1739 1232 1804 insipientes,
1269 1738 1629 1804 incompositos
1653 1775 1669 1801 ,
1709 1739 1817 1788 sine
1851 1733 2038 1799 a/fectu
2060 1774 2075 1799 ,
2116 1733 2224 1786 sine

635 1831 980 1884 misericordia
1006 1827 1262 1898 (Rom.t,
1307 1827 1464 1882 21-51
1493 1828 1532 1895 ).
1577 1827 1673 1880 llic
1715 1841 1853 1879 nune
1908 1827 2006 1878 iste
2046 1823 2218 1890 dicat,

637 1943 658 1976 ‹
703 1923 816 1978 Νοιι
843 1923 1028 1978 debuit
1054 1925 1130 1977 sic
1159 1922 1414 1975 vindicari
1446 1930 1738 1989 peceatum,
1769 1927 1824 1971 ut
1856 1928 2104 1987 peccator
2128 1931 2222 1986 per

630 2016 916 2071 vindictam
947 2017 1092 2085 plura
1119 2014 1496 2068 committeret.
1530 2030 1551 2066 ι

701 2105 928 2162 CAPUT
969 2105 1156 2160 XXIII.
1177 2107 1358 2159 —‘25.
1403 2102 1522 2156 Non
1545 2102 1726 2156 deserit
1756 2099 1892 2154 Deus
1917 2091 2022 2153 nisi.
2042 2099 2221 2169 dignos

628 2198 813 2253 deseri.
849 2197 930 2250 Ad
981 2197 1289 2266 peccandum
1328 2195 1470 2247 nobis
1499 2193 1595 2263 ipsi
1633 2193 1940 2261 su/ﬁcinms;
1982 2191 2049 2243 ad
2073 2191 2222 2260 justi-

629 2291 754 2344 liam
778 2306 892 2343 vero
921 2297 978 2341 ut
1009 2289 1289 2348 redeamus,
1325 2301 1425 2338 non
1460 2285 1596 2336 item.
1631 2283 1774 2336 Mors
1815 2298 1958 2351 plena
1996 2290 2090 2344 est,
2120 2296 2221 2333 non

625 2401 780 2438 causa
803 2384 1006 2452 peri-nti.
1038 2381 1288 2436 Fortasse
1318 2377 1660 2445 respondeat,
1697 2376 1862 2430 Deum
1891 2375 1956 2428 ad
1985 2375 2081 2428 ista
2112 2389 2216 2427 non

625 2486 838 2542 cogere,
886 2469 978 2524 sed
1022 2469 1212 2538 dignos
1247 2466 1421 2523 deseri
1459 2471 1660 2518 tantum
1699 2463 1970 2517 deserere.
2018 2461 2072 2515 Si
2119 2460 2218 2515 hoc

624 2564 774 2626 dicit,
814 2562 1091 2616 verissime
1133 2559 1296 2612 dicit:
1329 2557 1527 2610 deserti
1574 2555 1791 2626 quippe,
1834 2563 1892 2608 ut
1937 2552 2068 2618 dixi,
2103 2554 2219 2607 lucc

624 2653 844 2720 justitia:
885 2662 936 2705 et
964 2666 1058 2720 per
1085 2651 1185 2703 hoc
1226 2645 1594 2702 contenebrati
1632 2644 1758 2713 quid
1791 2644 1997 2712 pariant
2039 2642 2215 2707 aliud,

624 2761 784 2816 quam
813 2745 927 2798 haec
956 2741 1154 2807 omnia,
1186 2756 1302 2810 qme
1333 2735 1748 2792 commemOravi
1776 2750 1936 2804 opera
1968 2738 2216 2788 tenebra-

626 2823 767 2902 ruiu,
799 2835 968 2888 donec
997 2833 1203 2886 dicatur
1232 2831 1330 2892 eis,
1355 2832 1398 2884 si
1419 2829 1560 2882 dicto
1585 2827 1892 2892 obaudiant,
1925 2827 2107 2896 Surge,
2133 2826 2218 2894 qui

625 2927 838 2989 dormis,
868 2933 913 2978 et
945 2940 1155 2992 exsurge
1182 2938 1214 2974 a
1243 2921 1472 2982 mortuis,
1515 2929 1562 2972 et
1589 2917 1895 2972 illuminabit
1920 2928 1965 2969 te
1989 2915 2229 2971 Christus

624 3017 844 3091 (Ep/tes.
875 3033 926 3081 v,
960 3016 1090 3085 l4)?
1121 3015 1354 3069 Mortuos
1378 3013 1582 3067 Veritas
1619 3011 1766 3073 dicit,
1797 3011 1937 3064 unde
1961 3020 2042 3063 est
2071 3018 2124 3063 et
2150 2994 2214 3062 il.-

578 3123 593 3130 ‘
625 3109 735 3175 Iud,
769 3107 894 3162 Sine
930 3115 1149 3159 mortuos
1191 3105 1402 3174 sepelire
1439 3111 1660 3155 mortuos
1697 3117 1814 3154 suos
1855 3098 2067 3172 (Matth.
2098 3114 2212 3164 vut,

623 3198 714 3268 22)
743 3215 756 3251 :
780 3210 1019 3252 mortuos
1044 3211 1171 3264 ergo
1195 3193 1402 3247 Veritas
1429 3193 1575 3257 dicit,
1595 3207 1727 3259 quos
1750 3190 1849 3243 iste
1870 3190 1996 3244 dicit
2023 3189 2140 3242 ltcdi
2162 3197 2218 3243 et

624 3289 797 3343 vitiari
849 3303 956 3342 non
998 3288 1233 3356 potuisse
1287 3294 1520 3353 peccato,
1573 3283 1696 3354 quia
1741 3282 1986 3335 videlicet
2032 3280 2216 3334 didicit

623 3394 900 3450 peceatum
953 3395 1056 3434 non
1097 3394 1216 3432 esse
1247 3376 1616 3440 Salistanliam.
1650 3373 1818 3428 Nemo
1864 3373 1911 3427 ei
1955 3371 2102 3438 dicit,
2143 3372 2215 3426 sic

622 3475 874 3528 hominem
901 3476 1108 3543 factum,
1144 3479 1197 3523 ut
1219 3469 1281 3522 de
1295 3467 1500 3538 justitia
1528 3467 1728 3530 quidem
1769 3479 1931 3532 posset
1955 3465 2009 3518 in
2039 3481 2212 3534 pecca-

622 3577 730 3618 tum
757 3566 850 3624 ire,
897 3563 1032 3616 etde
1061 3572 1266 3631 peccato
1291 3559 1359 3613 ad
1379 3559 1635 3628 justitiam
1674 3557 1840 3611 redire
1878 3573 1977 3610 non
2009 3566 2215 3625 posset:

619 3656 714 3712 scd
746 3669 802 3710 ut
827 3656 878 3710 in
907 3663 1176 3724 pet-catum
1207 3653 1326 3712 iret,
1349 3651 1554 3704 sum-cit
1575 3650 1624 3703 ei
1653 3649 1876 3702 liberutn
1908 3649 2209 3714 arbitrium,

619 3762 728 3818 quo
771 3763 831 3802 se
870 3747 983 3816 ipse
1025 3745 1254 3806 vitiavit;
1296 3752 1354 3796 ut
1394 3753 1570 3796 autem
1618 3741 1800 3795 redeat
1837 3739 1902 3794 ad
1929 3740 2210 3808 justitiam,

619 3853 756 3910 opus
799 3839 956 3891 habet
1004 3837 1232 3900 medico,
1281 3835 1532 3902 quoniam
1573 3847 1734 3885 sanus
1773 3846 1881 3884 non
1921 3840 2036 3896 est;
2077 3845 2214 3899 Opus

622 3930 784 3984 habet
824 3928 1165 3990 vitilicatore,
1213 3926 1332 3995 quia
1382 3932 1623 3979 met-tuus
1661 3933 1763 3976 est.
1793 3923 1873 3976 De
1906 3936 2008 3991 qua
2044 3922 2209 3991 gratia

619 4021 838 4075 onuiino
881 4020 1010 4084 nihil
1043 4019 1142 4073 iste
1171 4017 1320 4081 dicit,
1366 4016 1515 4084 quasi
1561 4016 1672 4068 sola
1717 4029 1811 4068 sua
1841 4015 2110 4068 voluntate
2151 4028 2210 4068 se

621 4113 789 4184 possit
830 4127 1040 4174 sanare,
1072 4111 1193 4180 quia
1233 4123 1357 4164 eum
1399 4109 1566 4175 [nituit
1617 4106 1728 4161 sola
1758 4107 1962 4160 vitiare.
2006 4106 2118 4160 Non
2158 4105 2210 4160 ei

627 4206 862 4269 dicimus,
890 4213 1097 4258 mortem
1122 4200 1349 4272 corporis
1377 4199 1443 4252 ad
1471 4208 1730 4268 peccaturo
1771 4197 1962 4275 valere,
1983 4197 2070 4250 tibi
2097 4197 2208 4250 sola

619 4295 850 4352 vindicta
890 4304 1006 4359 est;
1051 4309 1208 4348 nemo
1233 4291 1373 4346 enim
1417 4297 1600 4360 peccat
1634 4301 1862 4358 corpore
1891 4288 2204 4343 moriendo:

617 4389 712 4444 sed
741 4387 808 4442 ad
848 4396 1126 4458 peccatum
1154 4384 1292 4436 valet
1339 4395 1484 4436 mors
1525 4381 1754 4447 amitam,
1785 4395 1943 4450 quam
1974 4379 2208 4435 deseruit

619 4483 725 4537 vita
754 4496 870 4544 sua,
900 4480 1000 4535 hoc
1025 4487 1126 4542 est,
1153 4476 1293 4530 Deus
1322 4473 1456 4544 ejus,
1483 4487 1603 4542 qua:
1643 4487 1862 4527 necesse
1891 4485 1974 4526 est
1999 4481 2206 4528 mortua

617 4587 780 4645 opera
823 4569 999 4638 faciat,
1030 4569 1201 4625 donec
1239 4566 1436 4623 Christi
1467 4566 1632 4636 gratia
1673 4566 1966 4621 reviviscat.
1997 4565 2207 4621 Famem

617 4677 666 4720 et
689 4665 826 4722 sitiat
868 4673 914 4718 et
951 4673 1156 4718 steteras
1181 4659 1435 4713 molestias
1461 4657 1768 4729 corporales,
1811 4658 1948 4712 absit
1981 4667 2039 4714 ut
2064 4658 2208 4713 dica-

621 4771 740 4814 mus
785 4755 1126 4810 necessitatem
1178 4751 1360 4804 habere
1400 4749 1658 4821 peccandi,
1705 4751 1895 4820 quibus
1950 4751 2207 4806 molestiis

619 4849 910 4906 exercitata
952 4847 1060 4901 vita
1095 4843 1361 4916 justorum
1407 4841 1736 4912 splendidius
1770 4843 1978 4909 enituit,
2022 4855 2076 4898 et
2115 4859 2206 4897 eas

621 4957 714 5009 per
743 4937 1048 5008 patientiam
1076 4933 1376 5004 superando
1401 4933 1653 5002 majorem
1680 4934 1900 5002 gloriam
1929 4949 2204 5001 compara-

617 5031 730 5094 vit;
762 5027 856 5083 sed
887 5027 1064 5096 adjuta
1101 5025 1268 5097 gratia
1299 5025 1413 5090 Dei,
1446 5025 1622 5093 adjnta
1665 5025 1852 5094 spiritu
1884 5025 1996 5089 Dei,
2027 5025 2202 5090 adjnta

619 5119 984 5177 misericordia
1010 5117 1137 5183 Dei;
1167 5133 1272 5173 non
1299 5118 1527 5188 superba
1550 5117 1818 5172 voluntate
1842 5133 1900 5172 se
1922 5118 2201 5183 extollens,

619 5213 712 5270 sed
752 5213 936 5269 humili
973 5211 1310 5268 confessione
1339 5209 1698 5266 fortitudinem
1730 5225 2061 5280 promerens.
2093 5208 2204 5262 No-

619 5313 770 5361 verat
797 5305 948 5360 euim'
970 5304 1080 5360 Deo
1114 5303 1313 5367 dicere,
1349 5301 1602 5367 Quoniam
1649 5311 1702 5354 tu
1745 5318 1796 5356 es
1825 5301 2066 5371 patientia
2096 5317 2204 5354 mea

623 5395 795 5468 (Psal.
819 5411 953 5462 ιη,
976 5393 1054 5468 5).
1086 5396 1161 5450 De
1185 5410 1287 5466 qua
1314 5395 1480 5466 gratia
1511 5403 1564 5448 et
1592 5393 1857 5462 adiutorio
1900 5401 1953 5446 et
1994 5391 2203 5446 miseri-

620 5489 822 5557 cordia,
862 5489 980 5544 sine
1007 5503 1110 5558 qua
1150 5487 1285 5542 bene
1328 5502 1433 5542 non
1463 5500 1747 5557 posiumus
1774 5486 1974 5546 vivere,
2024 5486 2204 5538 nescio

620 5595 784 5650 quare
811 5581 910 5635 iste
938 5579 1156 5633 omnino
1185 5578 1316 5632 nihil
1340 5577 1504 5632 dicit:
1533 5577 1640 5632 imo
1669 5577 1828 5632 etiam
1851 5576 1993 5630 velut
2014 5574 2110 5628 sibi
2139 5574 2203 5628 ad

617 5674 874 5742 justitiam
910 5670 1284 5735 sufﬁcientem,
1313 5670 1357 5725 si
1383 5669 1493 5724 sola
1528 5670 1768 5724 voluntas
1793 5668 1986 5733 adsit‘,
2015 5667 2202 5720 del’cn-

687 5788 704 5820 ⁸
731 5785 925 5845 Iov.,si
949 5782 1165 5834 voluntas
1196 5795 1282 5834 sua
1321 5783 1466 5834 adsit.
1504 5783 1622 5832 Ε(ιὶιί
1647 5781 1728 5832 alii
1775 5789 1830 5832 te
1880 5789 1989 5840 Mss,
2035 5778 2202 5832 αἰδοία

616 5846 827 5898 saturitas
849 5846 995 5897 adsit.

1608 339 1696 395 DE
1735 339 2014 396 NATURA
2060 338 2146 394 ΕΤ
2187 339 2468 401 ΟΠᾹΤΙΑ.
2497 339 2552 397 S.
2596 339 2968 399 AUCUSTINI

3813 349 3926 406 260

2339 452 2513 506 demto
2567 464 2842 520 naturam,
2894 458 3074 525 gratim
3127 458 3359 524 Christi,
3403 475 3504 530 qua
3541 460 3920 532 justifteamur,

2335 548 2670 614 apertissime
2717 551 3052 604 contradicit.
3083 551 3193 604 Cur
3229 561 3405 606 autem
3448 555 3624 608 soluto
3667 569 3761 625 per
3797 571 3925 628 gra-

2337 641 2460 690 tiam
2489 639 2688 707 peccati
2729 650 2876 694 reatu
2904 640 2969 694 ad
3000 641 3433 697 exercitationem
3465 645 3586 700 ﬁdei
3614 661 3758 700 mors
3791 663 3920 702 cor-

2336 732 2482 796 poris
2528 740 2761 794 maneat,
2811 733 3052 800 quamvis
3082 733 3287 787 venerit
3331 733 3400 788 de
3444 746 3682 803 peccato,
3709 737 3818 806 jam
3868 746 3926 794 ct

2335 820 2435 871 hoc
2480 821 2531 873 in
2562 821 2663 873 illis
2713 821 2776 874 ad
2822 831 3020 876 saneta:
3051 823 3322 876 inertioriae
3362 823 3722 880 Marcellinum
3753 827 3828 899 (a)
3861 829 3923 884 li-

2333 912 2460 974 bris,
2493 922 2549 966 ut
2571 913 2730 976 valui,
2758 913 2983 968 disserui
3009 914 3108 982 (De
3153 915 3480 970 Peccotorum
3510 916 3706 971 Meritis
3735 930 3780 972 et
3813 919 3921 974 Re-

2331 1004 2588 1064 missione,
2614 1004 2700 1058 lib.
2729 1005 2782 1065 9.,
2809 1023 2860 1058 η.
2891 1007 3102 1076 eti-56).

2400 1097 2625 1149 (LAl’U'I'
2667 1095 2851 1149 XXIV.
2883 1125 2957 1137 --
2993 1099 3081 1150 ‘36.
3124 1095 3353 1152 Christus
3395 1109 3620 1152 mortuus
3654 1109 3920 1169 potestate.

2331 1185 2500 1239 Etiam
2525 1190 2658 1240 mala
2684 1189 2774 1242 ι)ιί
2798 1191 3138 1243 misericordia
3162 1202 3387 1259 prosunt.
3412 1191 3563 1258 Quod
3589 1208 3713 1246 vero
3739 1191 3922 1245 Domi-

2329 1296 2448 1332 num
2468 1282 2589 1332 dicit
2609 1285 2714 1333 sine
2735 1293 2935 1346 precatu
2954 1284 3081 1335 mori
3099 1286 3318 1350 potuisse
3337 1300 3355 1337 :
3377 1285 3446 1337 illi
3460 1287 3618 1338 etiam
3641 1287 3806 1352 nasci,
3823 1301 3920 1355 po-

2331 1373 2943 1435 testas.miserit-ordne,
2989 1390 3092 1426 non
3139 1375 3372 1427 conditio
3421 1387 3626 1429 natura:
3676 1375 3798 1440 fuit;
3839 1377 3920 1431 sic

2328 1463 2487 1515 etiam
2517 1474 2756 1516 mortuus
2794 1473 2878 1518 est
2915 1474 3205 1533 pozestate;
3239 1475 3292 1519 ct
3316 1467 3416 1520 hoc
3445 1477 3526 1520 est
3561 1469 3787 1536 pretium
3815 1484 3918 1522 no-

2325 1565 2519 1617 strum,
2547 1573 2653 1623 quo
2695 1573 2790 1610 nos
2835 1573 2863 1610 a
2904 1567 3074 1614 morte
3116 1560 3420 1612 redimeret.
3453 1559 3521 1612 Et
3555 1561 3656 1614 hoc
3690 1568 3918 1616 Istorum

2325 1645 2610 1716 disputatio
2656 1665 2914 1704 Ct'ﬂCttill‘c
2944 1650 3236 1711 Contendit,
3265 1665 3385 1702 eum
3414 1651 3480 1704 ab
3507 1652 3586 1704 eis
3617 1653 3686 1704 ita
3723 1661 3916 1706 natura

2325 1737 2554 1792 humana
2581 1739 2902 1804 defunditur,
2955 1750 3011 1794 ut
3038 1742 3199 1810 possit
3240 1741 3462 1794 liberum
3504 1743 3782 1796 arbitrium
3811 1743 3919 1799 isto

2323 1831 2495 1900 pretio
2535 1848 2638 1884 'ion
2676 1849 2852 1901 cgere,
2889 1842 2996 1886 uta
3029 1833 3650 1900 potestatetenebrarum
3692 1842 3745 1886 et
3769 1848 3916 1903 prtu-

2324 1921 2482 1988 ιιι)δίιὶ
2524 1922 2710 1976 mortis
2757 1923 2806 1975 in
2853 1939 3072 1992 regnum
3112 1922 3308 1977 Christi
3352 1923 3558 1977 Dotnini
3589 1925 3918 1980 transferan-

2324 2020 2428 2064 tur.
2465 2012 2530 2066 Et
2566 2023 2739 2066 tamen
2784 2014 2998 2084 quando
3042 2015 3296 2068 Dominus
3340 2013 3408 2068 ad
3449 2014 3746 2082 passionem
3793 2031 3916 2084 per-

2323 2102 2480 2166 rexit,
2517 2102 2662 2168 Ecce,
2698 2104 2882 2173 inquit,
2918 2108 3074 2156 veniet
3108 2105 3338 2173 princeps
3366 2104 3518 2176 hujus
3547 2104 3742 2170 mundi,
3783 2115 3831 2158 et
3863 2107 3915 2159 in

2322 2211 2402 2248 me
2435 2195 2562 2248 nihil
2589 2196 2832 2250 inveniet‘
2856 2213 2869 2248 :
2897 2205 2952 2250 et
2977 2195 3156 2265 utique
3191 2196 3319 2249 nihil
3348 2196 3570 2264 peccati,
3602 2196 3740 2251 unde
3768 2211 3913 2266 pra:-

2323 2289 2528 2358 positus
2558 2291 2746 2343 n'iortis
2771 2289 2891 2358 jure
2931 2304 3029 2343 suo
3056 2299 3258 2358 ageret,
3292 2298 3349 2342 ut
3379 2287 3680 2358 perimeret.
3723 2287 3831 2342 Sed
3859 2299 3929 2342 ιιι·

2320 2384 2480 2434 sciant
2501 2397 2690 2444 omnes,
2723 2381 2912 2450 inquit,
2942 2397 3060 2450 quia
3100 2381 3404 2434 voluntatem
3437 2377 3608 2432 Patris
3632 2380 3728 2433 mei
3751 2381 3909 2451 facio,

2320 2465 2529 2534 surgite,
2570 2481 2742 2518 ennius
2781 2466 2898 2518 hinc
2938 2463 3116 2533 (Joan.
3146 2479 3255 2530 xw,
3282 2463 3374 2527 50,
3403 2463 3493 2534 51)
3522 2482 3534 2516 :
3566 2464 3618 2517 id
3657 2474 3758 2529 est,
3787 2466 3911 2534 quia

2324 2570 2429 2609 non
2462 2557 2663 2610 morior
2702 2557 3017 2610 necessitate
3064 2555 3284 2624 pacati,
3327 2553 3423 2608 sed
3467 2553 3786 2609 obedientiae
3813 2569 3910 2609 vo-

2321 2647 2542 2701 luntate.

2387 2735 2480 2791 27.
2525 2736 2660 2791 Dicit
2685 2737 2920 2790 nullum'
2952 2740 3140 2788 malum
3165 2735 3280 2788 boni
3299 2735 3516 2803 alicujus
3545 2750 3650 2788 esse
3673 2751 3909 2789 causam.

2318 2828 2478 2896 Quasi
2512 2845 2666 2898 poemt
2709 2828 2903 2883 bonum
2942 2827 3033 2895 sit,
3074 2843 3177 2897 qua
3226 2836 3404 2880 tamen
3451 2827 3600 2880 multi
3637 2827 3911 2882 emendati

2319 2930 2462 2976 sunt.
2489 2924 2622 2976 Sunt
2647 2936 2776 2989 ergo
2803 2921 2937 2974 mala
2963 2936 3079 2989 qlia:
3104 2928 3324 2987 prosunt
3345 2917 3569 2981 mirabili
3601 2919 3910 2972 misericor-

2317 3013 2406 3067 dia
2450 3013 2566 3065 Dei.
2604 3011 2868 3081 Nuinquid
2915 3011 3003 3064 ille
3051 3009 3177 3063 boni
3219 3008 3416 3077 aliquid
3451 3023 3636 3077 passus
3679 3019 3782 3076 est,
3816 3010 3907 3080 qui

2316 3103 2470 3168 dixit,
2499 3105 2729 3156 Avertisti
2758 3103 2937 3174 faciem
2960 3113 3097 3155 tuam
3125 3117 3155 3154 a
3181 3117 3274 3165 me,
3305 3111 3351 3154 et
3379 3104 3541 3169 factus
3561 3117 3671 3153 sum
3697 3112 3909 3155 contur-

2319 3195 2500 3250 batus?
2527 3195 2640 3248 Non
2674 3197 2890 3264 utique:
2917 3204 2970 3249 et
3001 3202 3174 3247 tamen
3205 3191 3318 3246 haec
3347 3191 3394 3244 ei
3417 3192 3752 3246 conturbatio
3776 3207 3911 3247 con-

2319 3297 2396 3343 tra
2422 3289 2725 3356 snperbiam
2749 3290 2845 3341 l'uit
2865 3285 3195 3341 medLCinalis
3221 3285 3452 3355 quodam
3478 3285 3656 3338 modo.
3689 3285 3909 3339 Dixerat

2317 3379 2460 3432 enim
2493 3379 2544 3432 iu
2563 3378 2886 3432 abundantia
2913 3392 3028 3444 sua,
3060 3375 3177 3429 Non
3205 3376 3433 3428 movebar
3457 3376 3509 3427 in
3539 3386 3779 3430 teternum
3801 3391 3822 3428 :
3853 3387 3909 3430 et.

2315 3470 2415 3524 sibi
2454 3470 2719 3524 tribuebat
2755 3468 2898 3539 quod
2941 3482 2972 3521 a
3025 3468 3246 3521 Domino
3288 3467 3533 3521 habebat.
3577 3466 3712 3534 Quid
3757 3482 3904 3521 etttm

2315 3558 2547 3614 habebat
2586 3558 2728 3630 quod
2777 3574 2882 3612 non
2924 3569 3204 3627 acceperat
3247 3556 3287 3631 (l
3316 3556 3432 3610 Cor.
3473 3572 3546 3620 tv,
3590 3558 3683 3627 ην
3725 3556 3906 3624 Quare

2313 3651 2704 3706 ostendendum
2731 3651 2779 3704 ei
2808 3651 2972 3703 fuerat
2999 3647 3140 3703 unde
3169 3647 3408 3714 haberet,
3439 3659 3494 3700 ut
3517 3648 3778 3716 reciperet
3799 3646 3906 3700 hu-

2315 3745 2480 3808 milis,
2508 3742 2649 3812 quod
2677 3741 2938 3812 superbus
2966 3741 3238 3794 amiserat.
3269 3738 3413 3802 Ideo,
3443 3737 3679 3804 Domine,
3704 3740 3902 3809 inquit,

2313 3835 2368 3889 in
2395 3836 2648 3888 voluntate
2677 3843 2762 3887 tua
2791 3833 3064 3904 prwstitisti
3099 3831 3264 3884 decori
3293 3847 3400 3883 meo
3425 3832 3674 3884 uirtutem.
3707 3829 3762 3885 In
3789 3845 3897 3900 qua

2312 3943 2412 3998 ego
2442 3926 2763 3982 abundantia
2791 3941 2904 3980 mea
2933 3924 3198 3990 dicebam,
3223 3921 3345 3978 Non
3373 3923 3620 3989 movebar,
3653 3939 3774 3978 cum
3797 3923 3904 3979 hoc

2313 4020 2443 4075 mihi
2470 4027 2614 4074 esset
2637 4019 2734 4074 abs
2762 4030 2833 4084 te,
2874 4034 2980 4073 non
3010 4033 3040 4072 a
3065 4033 3172 4073 me.
3203 4017 3439 4086 Denique
3473 4016 3695 4069 avertisti
3719 4016 3905 4085 [adem

2311 4123 2448 4166 tuam
2470 4129 2503 4166 a
2523 4129 2620 4178 me,
2644 4124 2690 4165 et
2713 4115 2876 4182 factus
2901 4127 3011 4164 sum
3034 4109 3360 4164 conturbatus
3383 4106 3553 4180 (Psal.
3577 4123 3731 4174 XXIX,
3747 4109 3799 4172 7,
3815 4109 3898 4178 8).

2347 4203 2572 4260 CAPUT
2585 4203 2682 4258 ΧΧ
2693 4203 2823 4255 \'.—
2835 4203 2904 4258 ‘28
2933 4200 3227 4256 Errantium
3239 4199 3642 4270 tngenium.Cnm
3654 4199 3904 4254 ha'reticis

2307 4299 2603 4370 quibusdam
2621 4315 2718 4352 non
2735 4295 3262 4368 tamdisputationibus
3277 4310 3427 4363 quam
3437 4293 3742 4348 orationibus
3753 4310 3903 4364 agen-

2309 4394 2448 4446 dum.
2491 4392 2602 4447 Hoc
2631 4391 2893 4460 superbus
2941 4388 3150 4442 animus
3192 4386 3412 4441 omnino
3437 4398 3544 4439 non
3571 4382 3743 4454 sapit'
3764 4401 3781 4439 :
3804 4385 3900 4440 sed

2308 4501 2530 4556 magnus
2550 4493 2632 4540 est
2661 4484 2932 4549 Dominus,
2960 4482 3049 4553 qui
3083 4481 3134 4536 id
3157 4478 3471 4550 persuadeat
3490 4479 3760 4549 quomodo
3786 4480 3903 4551 ipse

2309 4579 2472 4634 novit.
2518 4577 2651 4634 Nam
2701 4577 3045 4647 procliviores
3071 4589 3254 4630 sumus
3275 4587 3516 4645 quairere
3555 4577 3734 4645 pmius
3771 4575 3901 4644 quid

2307 4682 2490 4728 contra
2509 4688 2569 4727 ea
2588 4671 3020 4740 reSpondeamus.
3035 4685 3152 4741 quae
3172 4679 3354 4724 nostro
3369 4669 3692 4739 objiciuntur
3706 4669 3898 4734 errori,

2307 4781 2463 4835 quam
2479 4764 2921 4835 intenderequam
2944 4762 3051 4818 sint
3065 4761 3317 4829 salubria,
3334 4771 3680 4818 uteareamus
3689 4777 3897 4820 errore.

2309 4855 2461 4912 Unde
2497 4871 2618 4910 cum
2668 4857 2783 4910 istis
2812 4870 2915 4909 non
2949 4862 3054 4908 tam
3087 4853 3561 4924 disputationibus,
3601 4869 3759 4924 quam
3797 4869 3902 4926 pro

2309 4957 2405 5018 eis,
2450 4956 2588 5010 sicut
2625 4968 2720 5021 pro
2751 4951 2926 5013 nobis,
2971 4947 3304 5004 orationibus
3345 4955 3428 5002 est
3453 4948 3737 5018 agendum.
3780 4947 3900 5003 Non

2309 5049 2448 5102 enim
2475 5048 2572 5101 hoc
2597 5047 2677 5101 eis
2695 5044 2941 5109 dicimus,
2965 5040 3107 5112 quod
3136 5039 3239 5096 sibi
3263 5042 3365 5096 iste
3393 5041 3662 5110 opposuit,
3689 5049 3746 5094 ut
3773 5049 3898 5096 esset

2373 5224 2780 5293 {Remensis‘tttsa
2799 5231 2934 5293 Ecce,
2959 5218 3132 5286 inquit,
3155 5219 3282 5272 venit
3309 5217 3534 5284 princeps
3547 5219 3693 5284 hujus
3707 5219 3894 5280 mutili,

2308 5295 2353 5340 et
2377 5287 2426 5337 in
2450 5301 2525 5337 me
2549 5285 2671 5334 nihil
2694 5285 2884 5336 invenit.

2372 5352 2391 5380 ²
2419 5356 2466 5398 tu
2490 5348 2656 5397 multis
2674 5345 3026 5406 manuscriptis,
3043 5343 3182 5396 nulli.

2373 5413 2522 5459 tus-5.
2566 5409 2788 5458 Gallicam
2831 5402 2935 5458 tres
2978 5402 3030 5457 et
3075 5407 3294 5470 Belgici:
3336 5413 3438 5457 Hoc
3461 5402 3898 5470 superbum

2309 5487 2400 5522 non
2425 5473 2565 5522 sonit.

2373 5518 2747 5596 (uitilir'cellinus
2767 5532 2990 5580 tribunus
3004 5531 3197 5596 obierat
3219 5542 3344 5596 anno
3365 5527 3472 5588 M3,
3493 5539 3666 5596 mense
3681 5536 3897 5591 septem-
3955 5518 3962 5524 ’

2308 5592 2400 5653 bri,
2426 5592 2457 5640 ἐ
2483 5597 2576 5644 sub
2601 5596 2773 5642 invidia
2797 5595 3060 5656 tyrannidis
3094 5592 3407 5656 tteraelianze,
3425 5605 3452 5636 s
3482 5592 3564 5656 uti
3584 5593 3900 5656 hieronymus

2310 5659 2356 5705 iu
2378 5659 2497 5704 l'riit‘t)
2519 5658 2550 5704 5
2571 5663 2737 5704 contra
2762 5653 3044 5716 Pelagianos,
3060 5656 3241 5710 scribit,
3271 5671 3292 5698 ι
3314 5656 3375 5700 ab
3398 5653 3641 5716 bzereticis
3665 5653 3897 5716 utnecens

2317 5739 2337 5764 ι
2362 5732 2570 5766 eiesus.‘
2614 5724 2745 5764 tione
2775 5736 2794 5759 ι
2819 5713 3096 5777 Spi‘t'tddits
3136 5719 3381 5764 memoriis
3424 5715 3576 5763 virum
3617 5731 3640 5759 ι
3685 5713 3896 5777 appellat

2312 5784 2543 5827 Honorius
2563 5780 2608 5825 in
2645 5779 2758 5839 lege
2781 5779 2890 5826 data
2915 5781 2994 5825 die
3021 5780 3268 5837 trigesima
3308 5778 3516 5838 augUsti,
3542 5789 3668 5826 anno
3704 5777 3819 5838 4H,
3846 5779 3895 5826 in

2314 5849 2438 5889 Loro
2470 5843 2521 5888 1‘5
2545 5841 2653 5886 tot.
2681 5840 2860 5888 'ttteod.
2882 5840 2946 5888 de
2973 5847 3148 5889 lueret.
3177 5839 3208 5887 ι.
