4202 6532
347 327 449 383 261

345 460 501 500 causa
542 445 902 504 misericordia:
933 439 1046 514 Dei,
1085 449 1418 502 necessarium
1455 449 1610 520 fuisse
1649 459 1928 520 peccatum.

349 537 563 603 Utinam
595 553 701 593 non
734 537 920 595 fuisset
948 541 1182 608 miseria,
1215 557 1282 597 ne
1312 542 1411 597 ista
1458 553 1602 597 esset
1630 545 1933 599 misericor-

345 631 431 686 dia
463 633 788 687 necessaria.
817 632 924 688 Sed
955 635 1283 704 iniquitatem
1317 636 1518 706 peccati
1547 645 1693 692 tanta
1723 637 1934 706 gravio-

347 739 484 788 rem,
511 737 715 793 quanto
743 714 947 779 facilius
977 725 1137 780 homo
1175 743 1279 781 non
1315 737 1576 796 pet-caret,
1603 745 1760 796 quem
1794 729 1934 783 nulla

345 814 518 868 adhuc
553 813 765 868 tumebat
793 813 1091 881 infirmitas,
1127 831 1279 886 pruna
1301 817 1600 887 justissima
1646 820 1931 873 subsecuta

346 917 426 959 est
459 923 474 960 :
505 917 560 960 ut
588 907 887 961 mercedem
922 920 1155 964 mutuam
1197 912 1395 979 peccati
1440 913 1518 964 sui
1561 912 1609 965 iu
1642 913 1933 980 semetipso

345 1000 628 1065 reciperet,
668 1003 920 1054 amittens
950 1001 1048 1053 sub
1077 1016 1136 1056 se
1169 1003 1391 1069 positam
1423 1003 1503 1055 sui
1533 1005 1774 1070 corporis
1799 1019 1929 1071 quo-

344 1090 463 1143 dam
505 1090 666 1144 modo
707 1091 1084 1156 obedientiam,
1124 1108 1281 1162 quam
1326 1096 1644 1162 prau'ipuam
1690 1097 1790 1150 snb
1832 1097 1932 1148 Do-

343 1182 488 1234 mino
531 1196 630 1236 suo
687 1184 799 1254 ipse
848 1193 1260 1251 contempsi-rat.
1312 1186 1376 1239 Iit
1432 1187 1572 1254 quod
1627 1201 1768 1239 nunc
1809 1202 1930 1240 cum

341 1274 528 1327 eadem
557 1273 670 1343 lege
698 1276 898 1344 peccati
917 1278 1209 1341 nascimur,
1233 1292 1349 1346 qua!
1374 1278 1423 1331 in
1450 1279 1703 1331 membris
1733 1280 1932 1332 nostris

340 1375 600 1436 repugnat
629 1368 729 1436 legi
756 1370 950 1422 mentis
981 1369 1157 1437 (Rom.
1189 1386 1280 1436 vn,
1308 1369 1435 1438 ‘25);
1469 1387 1639 1440 neque
1675 1371 1930 1425 adversus

344 1457 509 1512 Deum
557 1475 908 1526 murmurare,
959 1478 1128 1532 neqttc
1168 1476 1352 1518 contra
1403 1480 1514 1520 rem
1557 1465 1928 1519 manifestissi-

338 1567 481 1623 matn
519 1550 814 1623 di~putare,
854 1553 947 1627 sed
982 1569 1077 1623 pro
1121 1570 1274 1624 pmna
1313 1567 1491 1612 nostra
1537 1558 1678 1613 illius
1721 1559 1930 1614 miseri-

337 1645 575 1699 cordiam
603 1661 842 1712 qua-rere
863 1655 916 1700 et
946 1662 1098 1701 orare
1129 1648 1404 1702 debemus.

407 1733 630 1790 CAPUT
679 1733 863 1790 XXVI.
908 1767 981 1777 —
1014 1737 1100 1792 29.
1147 1739 1437 1794 Sinti/nudo
1483 1758 1584 1813 qua
1633 1743 1929 1814 intelligitur

345 1823 438 1880 Dei
461 1825 675 1893 gratiam
702 1827 934 1898 faciendo
959 1829 1116 1883 cuivis
1134 1832 1273 1900 operi
1301 1831 1428 1885 bono
1452 1835 1801 1890 necessarium.
1833 1836 1926 1892 At-

337 1914 537 1970 tendite
583 1931 714 1972 sane
768 1917 1049 1987 vigilanter
1093 1921 1363 1990 quomodo
1411 1923 1603 1978 dixerit
1651 1942 1664 1976 :
1706 1927 1924 1981 Adhibet

334 2005 535 2078 quidem
562 2007 680 2060 huic
711 2009 863 2062 etiam
889 2010 1044 2080 parti,
1075 2011 1118 2064 si
1145 2012 1350 2081 quando
1391 2015 1724 2068 necessarium
1745 2017 1918 2085 fuerit,

333 2099 729 2152 misericordiam
755 2117 898 2154 suam
936 2100 1108 2168 Deus;
1135 2106 1252 2173 quia
1295 2103 1489 2158 homini
1515 2116 1626 2174 post
1665 2118 1924 2177 peccatum

336 2187 408 2240 ita
443 2190 692 2242 subveniri
719 2207 971 2244 necessum
1010 2202 1103 2257 est,
1135 2210 1234 2246 non
1265 2196 1384 2264 quia
1412 2193 1552 2248 Deus
1582 2212 1788 2250 causant
1824 2198 1922 2251 htt-

323 2279 474 2348 just-c
511 2283 819 2337 necessitatis
857 2285 1119 2353 optaverit.
1156 2285 1428 2342 Videtisne
1469 2289 1919 2357 quemadmodum

336 2386 441 2425 non
470 2371 610 2426 dicat
641 2375 993 2428 necessariam
1025 2377 1442 2432 miscricordiam
1474 2378 1563 2432 Dei
1588 2390 1643 2433 ut
1669 2397 1772 2435 non
1799 2397 1922 2452 pec-

333 2479 539 2530 cemus,
573 2465 664 2520 sed
689 2469 810 2536 quia
845 2469 1216 2536 peccavimus?
1253 2470 1451 2525 Deinde
1477 2471 1748 2543 subjungit
1777 2493 1790 2529 :
1815 2475 1922 2529 Sed

333 2567 380 2612 et
424 2559 645 2612 medicus
683 2560 752 2612 ad
781 2562 1062 2614 curandum
1083 2563 1196 2634 jam
1223 2565 1534 2618 vulneratum
1571 2578 1780 2636 paratus
1817 2585 1922 2621 esse

333 2647 510 2712 debrt;
545 2666 644 2702 non
680 2651 818 2704 debet
861 2663 1026 2705 autem
1068 2664 1122 2706 ut
1155 2671 1307 2707 sanus
1334 2656 1618 2709 vulneretur
1641 2666 1835 2726 optare.
1864 2658 1920 2713 Si

333 2739 434 2794 ista
479 2740 774 2796 similitudo
826 2743 984 2798 rebus
1036 2743 1104 2799 de
1151 2745 1345 2815 quibus
1391 2748 1598 2817 agimus
1652 2749 1916 2818 emigruit,

330 2843 477 2890 certe
512 2835 775 2890 vulnerari
816 2851 921 2890 non
961 2847 1135 2906 potest
1181 2847 1365 2893 natura
1415 2842 1642 2896 humana
1675 2851 1914 2910 peccato,

331 2927 580 2997 quoniam
625 2938 897 2998 peccatum
937 2929 1078 2983 milia
1115 2931 1406 3012 substantia
1447 2943 1548 2988 est.
1589 2933 1737 2990 Sicut
1782 2950 1914 3008 ergo

333 3017 572 3083 vulnere,
615 3021 762 3074 verbi
813 3020 1004 3090 gratia,
1058 3022 1366 3077 claudicans
1418 3023 1538 3079 ideo
1581 3035 1816 3090 curatur,
1859 3036 1920 3083 ut

332 3119 518 3164 sanato
541 3111 678 3164 malo
703 3113 990 3182 pra-terim,
1021 3111 1228 3169 futurus
1251 3115 1508 3186 dirigatur
1537 3116 1777 3173 incessus
1803 3136 1816 3172 :
1840 3119 1918 3176 sic

329 3202 467 3254 mala
496 3213 675 3256 nostra
709 3218 812 3257 non
840 3205 903 3257 ad
932 3203 1035 3260 hoc
1061 3207 1235 3262 solum
1263 3223 1528 3275 supernus
1555 3211 1796 3266 medicus
1823 3228 1907 3268 sa-

329 3299 442 3357 nat,
471 3301 529 3346 ut
557 3293 643 3347 illa
665 3293 774 3364 jam
808 3311 911 3350 non
939 3297 1068 3363 sint,
1100 3299 1192 3352 sed
1223 3309 1279 3354 ut
1307 3300 1374 3354 de
1399 3311 1597 3356 caetero
1625 3313 1769 3358 recte
1797 3319 1916 3358 am-

327 3378 512 3437 bulare
553 3384 850 3452 possimus;
893 3387 1032 3457 quod
1077 3389 1292 3458 quidem
1336 3391 1495 3444 etiam
1538 3394 1652 3448 sani
1703 3396 1942 3452 nonnisi.

327 3471 417 3527 illo
455 3473 740 3543 adjuvante
783 3480 1094 3547 poterimus.
1143 3480 1275 3536 Nam
1318 3483 1560 3540 medicus
1589 3485 1750 3541 homo
1790 3504 1912 3543 cum

325 3566 591 3622 sanaverit
615 3566 907 3637 hominem,
929 3571 1038 3641 jam
1061 3571 1128 3627 de
1153 3581 1348 3630 czetero
1377 3579 1784 3635 sustentandum
1807 3582 1916 3638 ele—

324 3657 520 3712 mentis
551 3667 607 3714 et
643 3659 914 3718 alimentis
955 3665 1346 3735 corporalibus,
1387 3675 1446 3723 ut
1480 3669 1668 3728 eadem
1711 3675 1914 3733 sanitas

323 3755 451 3817 apto
471 3748 710 3806 subsidio
734 3753 1072 3811 convalescat
1096 3767 1257 3828 atque
1296 3758 1569 3831 persistat,
1596 3762 1709 3820 Deo
1733 3765 1912 3822 dimit-

325 3839 422 3906 tit;
449 3841 536 3911 qui
564 3843 766 3911 praebet
804 3844 902 3900 ista
943 3846 995 3901 in
1037 3862 1199 3905 carne
1220 3850 1544 3919 viventibus,
1581 3855 1730 3924 cujus
1757 3867 1913 3914 erant

321 3932 484 3986 etiam
517 3932 603 3987 illa
633 3951 773 4005 qum,
816 3937 940 3993 dum
981 3949 1211 4006 curaret,
1256 3933 1562 4000 adhibebat.
1610 3944 1724 4001 Non
1769 3950 1909 4004 enim

319 4035 644 4092 quemquam
671 4027 907 4081 medicus
944 4044 1008 4084 ex
1039 4028 1124 4084 bis
1152 4031 1311 4086 rebus
1339 4048 1472 4104 quas
1511 4035 1625 4105 ipse
1647 4041 1912 4096 creaverit

321 4121 506 4179 sanat;
538 4114 631 4170 sed
659 4131 724 4171 ex
752 4116 896 4174 illius
929 4121 1176 4190 opibus',
1205 4124 1292 4194 qui
1324 4135 1470 4180 creat
1511 4127 1701 4184 omnia
1719 4147 1907 4188 neces-

321 4204 461 4257 saria
490 4205 634 4260 sanis
657 4219 817 4278 atque
840 4210 1065 4267 vitiosis.
1097 4211 1214 4284 Ipse
1243 4223 1421 4270 autem
1464 4218 1623 4284 Deus,
1661 4235 1782 4277 cum
1815 4239 1911 4294 per

322 4293 672 4352 mediatorem
706 4298 799 4355 Dei
839 4310 892 4356 et
923 4299 1202 4360 hominum
1233 4303 1502 4362 hominem
1529 4309 1714 4366 .lesum
1751 4293 1906 4368 Cliri-

322 4397 464 4440 Stum
493 4385 537 4460 (1
560 4387 696 4444 Tim.
726 4407 786 4456 ιι,
808 4393 886 4463 5).
927 4395 1278 4464 Spiritualiter
1307 4410 1460 4456 sanat
1493 4419 1695 4474 mgrum
1725 4407 1809 4462 vel
1831 4408 1911 4462 vi-

323 4478 500 4536 vificat
523 4491 815 4550 mortuum,
845 4485 895 4542 id
921 4497 1023 4551 est,
1046 4489 1300 4561 justificat
1329 4494 1570 4564 impium,
1613 4508 1666 4552 et
1693 4513 1812 4554 cum
1838 4501 1906 4556 ad

321 4570 612 4640 perfectam
651 4578 952 4647 sanitatem,
1004 4580 1107 4638 hoc
1151 4594 1254 4650 est,
1306 4587 1371 4639 ad
1411 4587 1702 4659 perfectam
1747 4592 1909 4648 vitam

315 4661 681 4740 iustitiamque
710 4671 1038 4740 perduxerit,
1084 4692 1188 4730 non
1218 4678 1416 4735 deserit
1457 4681 1501 4736 si
1542 4697 1645 4738 non
1689 4685 1907 4741 desera-

321 4767 424 4825 tur,
477 4770 534 4815 ut
589 4763 673 4832 pie
721 4780 930 4836 semper
974 4766 1223 4838 justeque
1270 4773 1498 4830 vivatur.
1557 4775 1704 4830 Sicut
1763 4779 1906 4834 enim

317 4850 501 4903 oculus
541 4855 776 4921 corporis
805 4856 965 4911 etiam
994 4857 1299 4927 plenissime
1332 4878 1510 4928 sanus,
1550 4865 1646 4920 nisi
1677 4868 1908 4925 candore

318 4939 450 4995 luris
483 4943 694 5010 adjutus
721 4963 824 5001 non
853 4957 1028 5017 potest
1060 4964 1282 5008 cernere
1312 4970 1326 5007 :
1355 4953 1432 5008 sic
1461 4965 1512 5010 et
1545 4956 1704 5009 homo
1746 4959 1903 5013 etiam

320 5031 703 5102 perfectissime
731 5036 1073 5106 justificatus,
1120 5043 1224 5099 nisi
1273 5049 1505 5101 tetertta’
1542 5047 1658 5102 luce
1687 5049 1906 5120 justitiae

318 5124 568 5182 divinitus
608 5129 905 5200 adjuvetur,
951 5145 1099 5192 recte
1139 5153 1242 5191 non
1291 5148 1463 5207 potest
1500 5141 1698 5196 vivere.
1741 5141 1908 5200 Sanat

317 5229 442 5285 ergo
489 5218 645 5284 Deus,
693 5239 796 5276 non
831 5224 1004 5280 Solum
1045 5237 1102 5282 ut
1143 5227 1314 5284 deleat
1359 5231 1500 5302 quod
1541 5235 1902 5306 peccavimus,

317 5309 406 5362 sed
437 5319 493 5363 ιιι
520 5321 730 5379 pra‘SIet
761 5315 920 5371 etiam
951 5333 1017 5372 ne
1045 5335 1342 5387 peccemus.

383 5398 611 5456 CAPUT
651 5401 1064 5465 XXVll.—50.
1119 5409 1389 5467 Peccatum
1436 5423 1641 5483 peccato
1681 5416 1898 5476 tollitur.

217 5537 234 5552 ,
317 5487 552 5546 Sanandi
576 5495 803 5550 ordinem
831 5499 1040 5554 scelestis
1067 5501 1290 5556 medicus
1321 5521 1420 5559 non
1459 5504 1520 5560 ab
1545 5518 1734 5578 tegroto
1760 5511 1900 5564 acci-

317 5581 407 5646 pit,
432 5582 520 5636 sed
546 5601 579 5638 a
609 5601 662 5640 se
681 5587 812 5657 ipso.
829 5585 867 5642 Ι
871 5591 995 5644 ustis
1011 5608 1124 5660 qua:
1143 5609 1302 5646 causa
1329 5595 1556 5650 (intendi.
1579 5600 1746 5654 Acute
1775 5616 1904 5658 sane

320 5680 506 5726 tractat
548 5683 604 5729 et
647 5686 858 5740 versat,
887 5689 942 5734 et
969 5688 1225 5750 quantum
1268 5685 1367 5739 sibi
1398 5687 1609 5742 videtur
1636 5690 1904 5761 redarguit

376 5764 394 5845 ξ
414 5765 485 5845 sic
500 5777 676 5838 omnes
693 5781 844 5845 prope
861 5777 963 5845 Mss.
980 5779 1035 5822 At
1049 5773 1186 5835 editi,
1203 5775 1439 5841 operibus,
1462 5779 1576 5828 vlle
1598 5778 1736 5845 infra,
1760 5796 1806 5832 ιι.
1820 5783 1897 5834 70.

375 5827 394 5856 '
417 5830 752 5878 Cistcrcieusis
774 5827 876 5888 32s.,
900 5842 1112 5886 ceterum.

1779 329 1978 390 LIBER
2020 332 2221 394 UNUS.

3541 356 3646 414 τισι

2043 459 2204 522 atque
2247 457 2512 513 convincit
2550 462 2689 531 quod
2734 465 2812 520 cis
2839 465 3085 532 dicitur”,
3115 470 3262 525 etiam
3301 475 3639 532 necessarium

2043 545 2203 615 fuisse
2223 545 2417 601 homini
2435 549 2504 602 ad
2533 553 2859 622 auferendum
2897 561 3146 630 superbire
3174 566 3248 618 vel
3282 567 3460 636 gloria
3484 585 3634 624 orca-

2042 635 2255 701 sionem,
2288 647 2342 692 ut
2363 639 2550 708 absque
2587 660 2790 714 peccato
2825 666 2929 704 esse
2957 669 3056 706 non
3087 666 3272 723 posset.
3308 657 3631 715 Absurdissi-

1999 727 2006 730 ’
2042 740 2178 779 mum
2207 730 2394 800 quippe
2430 741 2476 784 et
2515 736 2867 791 stultissimum
2897 753 3062 810 putat,
3099 759 3356 809 peccatum
3389 751 3545 815 fuisse
3571 769 3636 806 ne

2042 832 2298 885 peccatum
2327 833 2470 889 esset,
2514 829 2750 894 quoniam
2775 840 2821 883 et
2849 834 2958 902 ipsa
2985 839 3222 906 superbia
3258 841 3426 909 utique
3449 861 3632 912 pecca-

2041 917 2145 962 tum
2175 921 2248 964 est
2269 916 2458 982 :qnasi
2506 933 2608 970 non
2655 930 2709 974 et
2741 922 2888 975 ulcus
2921 926 2968 976 in
3001 927 3185 982 d.:!ore
3231 941 3333 994 est,
3366 943 3418 984 et
3463 934 3631 988 sectio

2039 1001 2279 1058 dolorem
2328 1019 2602 1076 operatur,
2651 1021 2707 1066 ut
2741 1013 2892 1069 dolor
2921 1017 3100 1072 dolore
3147 1023 3378 1078 tollatur.
3432 1024 3542 1078 lIoc
3585 1025 3630 1080 si

2039 1099 2244 1166 experti
2286 1115 2390 1154 non
2439 1118 2697 1168 essemus,
2744 1109 2878 1161 ct-in
2917 1113 3181 1180 aliquibus
3213 1118 3366 1170 terris
3409 1120 3494 1172 ubi
3529 1121 3626 1174 ista

2039 1204 2308 1258 nunquam
2350 1196 2701 1263 contigerant,
2749 1202 3075 1269 audiremus,
3108 1208 3223 1260 sine
3254 1209 3414 1262 dubio
3447 1214 3627 1280 utique

2037 1279 2366 1350 det-ide..tcs,
2408 1285 2650 1342 fortassis
2680 1290 2839 1346 etiam
2879 1297 3054 1349 verbis
3083 1298 3234 1368 hujus
3272 1311 3544 1356 uteremur
3569 1315 3627 1360 ct

2035 1370 2356 1439 diceremus,
2399 1377 2854 1437 Absurdissiimun
2886 1397 2964 1438 est
2991 1387 3230 1443 dolorem
3262 1395 3622 1448 neceSsai-ium

2033 1461 2220 1527 fuisse.
2258 1484 2323 1522 ne
2355 1469 2548 1525 ulceris
2578 1473 2732 1526 dolor
2755 1487 2918 1531 eSset.

2107 1555 2197 1610 3|.
2241 1557 2348 1612 Sed
2388 1559 2544 1628 Deus,
2576 1564 2838 1633 inquiunt,
2866 1579 3029 1639 potest
3070 1572 3242 1626 omnia
3279 1591 3477 1630 sanare.
3510 1577 3622 1632 Hoc

2033 1645 2216 1716 utique
2241 1652 2369 1719 agit,
2402 1663 2456 1705 ut
2476 1663 2628 1709 sanet
2652 1660 2827 1712 onmia
2855 1677 2866 1713 :
2891 1661 2984 1716 sed
3012 1665 3116 1734 agit
3138 1665 3339 1733 judicio
3368 1684 3485 1732 suo,
3521 1687 3621 1728 nec

2032 1738 2276 1794 ordinem
2321 1744 2542 1798 sanandi
2593 1749 2784 1819 accipit
2825 1751 2892 1806 ab
2937 1766 3157 1823 n'grolo.
3209 1756 3404 1814 Procul
3457 1761 3621 1816 dubio

2031 1831 2226 1899 quippe
2246 1834 2604 1892 firmissimum
2621 1841 2932 1908 Apostolum
2952 1847 3158 1902 volebat
3175 1849 3408 1917 cflicere,
3432 1855 3514 1908 cui
3535 1864 3615 1909 ta—

2031 1935 2154 1975 men
2195 1923 2346 1990 dixit,
2401 1924 2568 1981 Virtus
2612 1932 2665 1984 in
2703 1933 2998 2000 inﬁrmitate
3023 1940 3281 2008 perﬁcitur
3310 1957 3328 1996 :
3353 1954 3408 1998 et
3435 1960 3538 2000 non
3567 1947 3618 2002 ei

2033 2013 2188 2068 toties
2231 2017 2404 2070 oranti
2453 2019 2628 2075 aufert
2671 2023 2855 2079 nescio
2896 2042 3054 2096 quem
3099 2031 3370 2085 stimulum
3415 2036 3614 2102 carnis,

2028 2117 2187 2172 quem
2203 2105 2301 2159 sibi
2315 2107 2656 2178 dicitdatum,
2673 2129 2740 2168 ne
2753 2117 3113 2186 magnitudine
3126 2124 3506 2180 revelationum
3525 2143 3620 2182 ex-

2030 2194 2308 2251 tolleretur
2356 2197 2422 2268 (II
2451 2199 2569 2254 Cor.
2614 2219 2710 2269 xu,
2740 2205 2878 2276 7-9).
2921 2209 3123 2264 Caetera
3161 2215 3302 2270 enim
3328 2217 3456 2273 vitia
3507 2231 3614 2272 tan-

2029 2291 2140 2340 tum
2175 2286 2226 2340 in
2253 2288 2546 2346 malefactis
2577 2295 2772 2359 valent,
2814 2298 2926 2351 sola
2959 2311 3136 2356 autem
3175 2307 3422 2372 superbia
3451 2311 3614 2366 etiam

2027 2375 2079 2431 in
2104 2388 2250 2434 recte
2282 2379 2434 2436 factis
2459 2386 2692 2440 cavenda
2720 2397 2821 2443 est.
2858 2389 3397 2453 Unde-admonentur
3425 2401 3520 2467 illi,
3546 2418 3613 2457 ne

2025 2465 2165 2524 dona
2195 2471 2284 2524 Dei
2325 2487 2434 2528 sna:
2463 2479 2708 2544 potestati
2749 2482 3029 2537 trilmendo
3056 2501 3279 2558 seseque
3307 2465 3614 2548 extollendo

2023 2561 2237 2629 gravius
2265 2575 2502 2632 pereant,
2526 2583 2684 2636 quam
2708 2572 2755 2624 si
2782 2573 2855 2627 nil
2883 2588 3231 2644 operareulur
3251 2581 3394 2644 boni,
3421 2585 3616 2654 quibus

2026 2650 2240 2718 dicitur,
2287 2652 2412 2708 Cum
2438 2657 2616 2712 timore
2654 2671 2702 2714 et
2731 2672 2946 2719 tremore
2970 2679 3184 2722 vestram
3220 2672 3444 2738 ipsorum
3471 2677 3614 2730 saltt-

2027 2752 2123 2797 tent
2151 2747 2432 2814 operamini
2453 2763 2472 2802 :
2500 2747 2642 2803 Deus
2671 2753 2802 2806 enim
2841 2765 2914 2808 est
2937 2758 3022 2826 qui
3059 2771 3298 2830 operatur
3323 2765 3374 2816 in
3403 2767 3537 2820 vobis
3566 2775 3614 2821 et

2024 2835 2152 2888 velle
2185 2845 2232 2888 et
2277 2839 2499 2904 operari,
2547 2857 2640 2911 pro
2682 2842 2812 2898 bona
2849 2847 3102 2904 voluntate
3142 2849 3403 2924 (Philipp.
3434 2871 3489 2922 ιι,
3525 2857 3610 2921 12,

2025 2924 2140 2996 I5).
2171 2926 2346 2992 Quare
2375 2943 2501 2999 ergo
2529 2945 2650 2986 cum
2693 2933 2880 2991 timore
2909 2948 2962 2992 et
2994 2948 3245 3009 tremore,
3278 2953 3332 2997 et
3372 2960 3478 3000 non
3511 2961 3608 3016 po-

2023 3015 2128 3069 tius
2156 3030 2277 3071 cum
2307 3023 2610 3087 securitate,
2649 3023 2694 3078 si
2731 3025 2872 3080 Deus
2897 3039 3180 3098 Opt‘rtttttr;
3204 3033 3303 3087 nisi
3330 3037 3450 3104 quia
3489 3052 3612 3106 pro-

2022 3115 2145 3178 pter
2167 3109 2494 3166 voluntatem
2533 3123 2793 3180 nostram,
2837 3119 2952 3175 sine
2978 3138 3078 3190 qua
3109 3121 3244 3178 bene
3281 3142 3385 3180 non
3415 3143 3607 3199 possu-

2023 3215 2140 3252 mus
2169 3203 2398 3270 uperari,
2419 3203 2526 3258 cito
2548 3217 2723 3275 potest
2751 3211 3040 3280 subrepere
3071 3216 3250 3271 animo
3279 3219 3530 3284 lunnano,
3552 3231 3610 3278 ut

2021 3291 2163 3362 quod
2196 3295 2330 3350 bene
2357 3309 2626 3365 operatur,
2659 3315 2812 3356 suum
2842 3309 3209 3361 tantummodo
3237 3312 3524 3376 existimet,
3554 3323 3608 3368 et

2020 3383 2161 3437 dicat
2189 3383 2244 3438 in
2279 3386 2604 3445 abundantia
2647 3408 2762 3460 sua,
2797 3392 2919 3450 Non
2963 3403 3193 3453 movebar
3229 3401 3283 3455 in
3321 3407 3609 3461 attentum?

2019 3472 2146 3530 Ideo
2175 3477 2264 3546 qui
2291 3478 2344 3532 itt
2378 3479 2650 3537 voluntate
2677 3500 2769 3538 sua
2802 3489 3121 3554 pratstiterat
3146 3487 3326 3547 deceri
3355 3495 3471 3565 ejus
3498 3496 3605 3552 vir-

2021 3572 2210 3634 tutem,
2265 3571 2456 3624 avertit
2499 3574 2770 3642 paululum
2812 3576 3002 3633 faciem
3044 3597 3216 3650 suam,
3268 3595 3326 3638 ut
3374 3589 3462 3656 qui
3507 3589 3612 3652 bon

2017 3654 2226 3712 dixerat
2253 3659 2402 3731 fieret
2437 3653 2787 3722 conturbatus
2815 3685 2829 3722 :
2853 3671 3106 3740 quoniam
3132 3673 3261 3743 ipsis
3288 3687 3370 3730 est
3393 3653 3488 3734 ille
3519 3689 3605 3734 tu-

2017 3763 2139 3804 mor
2161 3751 2430 3806 sanandus
2457 3753 2752 3812 doloribus.

2087 3841 2314 3900 CAPUT
2373 3844 2611 3903 XXVIII.
2637 3849 2814 3907 —-52.
2865 3850 3064 3909 Deserit
3089 3855 3402 3928 aliquantum
3441 3859 3603 3930 Deus,

2015 3949 2081 3988 ne
2103 3936 2467 4006 superbiamus.
2499 3940 2613 3996 Non
2658 3942 2835 4015 itaque
2882 3945 3077 4003 dicitur
3119 3949 3343 4019 homini,
3385 3953 3608 4012 Necesse

2015 4034 2089 4078 cst
2128 4043 2352 4096 peccare,
2409 4047 2472 4085 ne
2522 4048 2693 4101 pecces
2727 4049 2746 4088 :
2793 4036 2888 4090 sed
2953 4037 3146 4094 dicitur
3202 4039 3445 4112 homini,
3499 4046 3605 4100 De-

2014 4115 2142 4169 scrit
2175 4115 2502 4186 aliquantum
2550 4122 2687 4177 Deus
2731 4124 2872 4181 unde
2917 4127 3179 4196 Superbis,
3229 4141 3287 4184 ut
3310 4133 3450 4188 scias
3497 4151 3608 4192 non

2017 4215 2186 4274 tuum,
2215 4209 2310 4264 sed
2362 4211 2478 4282 ejus
2521 4229 2660 4280 esse,
2703 4227 2758 4272 et
2802 4218 2978 4276 discas
3015 4223 3278 4292 superbus
3317 4241 3422 4282 non
3463 4243 3604 4285 esse.

2013 4297 2146 4353 Nam
2174 4301 2301 4356 illud
2337 4306 2496 4358 etiam
2547 4309 2786 4376 Apostoli
2815 4313 2972 4382 quale
3017 4324 3119 4382 est,
3154 4332 3330 4374 nonne
3381 4318 3450 4374 ita
3505 4323 3608 4376 mi-

2013 4388 2203 4458 rabile,
2237 4399 2295 4446 ut
2352 4393 2454 4449 nisi
2509 4396 2632 4467 quia
2703 4399 2816 4470 ipse
2866 4403 3036 4471 dicit,
3093 4407 3178 4462 cui
3231 4425 3355 4464 vera
3406 4409 3606 4468 dicenti

2013 4484 2382 4543 contradicere
2433 4489 2582 4545 nefas
2627 4500 2754 4562 est,
2811 4509 2915 4550 non
2983 4498 3052 4552 sit
3116 4499 3412 4558 credibile?
3472 4503 3604 4574 Quis

2013 4576 2157 4632 enim
2189 4579 2390 4635 nesciat
2417 4580 2673 4649 fidelium,
2703 4601 2731 4638 a
2760 4595 2942 4643 satana
2978 4591 3188 4647 venisse
3218 4595 3442 4662 primam
3473 4613 3598 4666 peu-
3683 4657 3686 4660 ,

2013 4669 2116 4724 cati
2137 4671 2441 4728 suasionem
2465 4673 2617 4742 (Gen.
2649 4693 2726 4748 ut,
2759 4679 2902 4752 I-6),
2925 4683 3136 4751 etquod
3165 4685 3252 4740 ille
3278 4687 3480 4755 primus
3507 4703 3604 4744 au-

2012 4767 2130 4817 ctor
2155 4759 2224 4816 sit
2252 4761 2488 4818 omnium
2521 4770 2899 4836 peccatorum?
2922 4771 2990 4827 Et
3034 4783 3208 4828 tamen
3249 4777 3462 4843 quidam
3489 4788 3600 4836 tra-

2011 4849 2211 4905 duntur
2244 4863 2461 4918 satame,
2511 4865 2566 4910 ut
2607 4857 2817 4916 discant
2858 4878 2964 4916 non
3000 4863 3367 4934 blaspltemare
3393 4868 3438 4940 (I
3467 4867 3600 4925 Tim.

2012 4955 2050 5008 ι,
2079 4941 2192 5010 20).
2225 4942 2504 5008 Quomodo
2531 4946 2690 5018 igitur
2716 4965 2851 5021 opus
2871 4962 3071 5008 satana:
3109 4957 3408 5014 excluditur
3434 4977 3598 5032 opere

2011 5035 2246 5090 satanze?
2273 5036 2398 5092 IIa-c
2418 5049 2576 5109 atque
2594 5039 2898 5111 bujusmodi
2922 5045 3204 5114 intueatur,
3229 5066 3296 5106 ne
3319 5052 3598 5118 videantur

2010 5125 2058 5180 ei
2085 5126 2244 5180 nimis
2271 5135 2443 5192 acuta,
2469 5145 2588 5197 qua:
2621 5134 2832 5188 acutule
2869 5149 3087 5205 sonant,
3114 5149 3168 5196 et
3189 5141 3428 5198 discussa
3453 5147 3600 5202 inve-

2008 5216 2230 5272 niuntur
2253 5217 2462 5276 obtusa.
2486 5223 2622 5288 Quid
2653 5223 2794 5294 quod
2833 5227 2992 5282 etiam
3029 5230 3406 5292 similitudines
3442 5238 3598 5292 aditi-

2009 5305 2118 5373 bet,
2143 5308 2338 5379 quibus
2366 5311 2535 5382 magis
2561 5313 2846 5372 admoneat
2872 5319 2996 5390 quid
3037 5321 3087 5376 ei
3131 5322 3324 5379 debeat
3373 5341 3596 5398 reSpon-

2007 5397 2159 5455 deri?
2206 5400 2342 5468 Quid
2389 5406 2609 5476 amplius
2651 5409 2840 5479 dicant,
2892 5413 3097 5483 inquit,
3132 5417 3232 5470 nisi
3265 5419 3386 5489 quia
3441 5397 3599 5488 potest

2008 5491 2145 5544 credi
2173 5493 2307 5562 quod
2336 5493 2477 5564 ignes
2518 5496 2718 5568 ignibus
2756 5503 3164 5574 exstinguuntur,
3201 5507 3248 5560 si
3275 5509 3294 5538 ²
3323 5510 3460 5562 credi
3499 5528 3595 5578 p0-

2011 5590 2099 5636 test
2149 5584 2287 5653 quod
2339 5589 2554 5653 peccatis
2607 5603 2811 5662 peccata
2871 5597 3152 5652 curentur?
3178 5599 3313 5667 Quid
3357 5601 3400 5652 si
3448 5601 3597 5668 ignes

2007 5673 2345 5744 exstinguere
2382 5677 2663 5750 quisquam
2693 5702 2796 5740 non
2826 5696 2996 5757 potest
3025 5688 3256 5758 ignibus,
3287 5689 3377 5744 sed
3419 5699 3595 5743 tamen

2073 5788 2095 5869 ξ
2116 5787 2488 5869 ﬁgirannen‘sis‘
2501 5797 2612 5862 μιῇ,
2635 5800 2763 5857 quod
2785 5798 2830 5848 ei
2854 5798 3052 5869 dicitur.
3077 5858 3106 5869 __

2073 5848 2095 5878 ί
2117 5848 2252 5907 illiti,
2276 5852 2362 5900 sic.
2389 5848 2688 5916 castigantur
2714 5873 2774 5908 ex
2801 5858 3154 5922 mmmscriptis.
