4202 6532
629 344 735 401 263

627 470 873 533 possunt,
903 469 962 515 ut
986 460 1163 526 docui,
1195 458 1407 515 dolores
1434 458 1608 513 curari
1635 456 1913 512 doloribus
1932 458 1958 509 ’ρ
1982 454 2215 509 Possunt

626 556 810 620 etiam,
842 555 885 607 si
909 562 1112 623 qua-rat
1161 563 1214 608 et
1241 552 1431 616 discat,
1485 550 1708 604 venenis
1758 564 1961 603 venena
1997 547 2212 617 depelli.

626 645 782 710 Nam,
813 647 857 698 si
884 656 936 699 et
962 645 1189 699 advertit
1216 643 1502 711 aliquando
1551 644 1761 697 ealores
1807 641 2035 695 febrium
2092 639 2211 708 qui-

626 739 849 793 busdam
897 738 1162 791 caloribus
1192 735 1591 790 medicinalibus
1623 735 1811 805 frangi,
1863 735 2023 789 etiam
2064 731 2216 803 ignes

627 830 835 901 ignibus
858 828 1082 883 furIaSse
1112 827 1371 883 concedet
1395 827 1680 896 exstingui.

696 919 921 974 CAPUT
950 917 1137 973 XXIX.
1171 949 1240 958 —
1267 920 1356 973 55.
1386 916 1504 970 Non
1527 933 1675 970 omne
1699 924 1957 985 peccatum
1980 914 2214 983 superbia

623 1020 718 1066 est.
745 1010 992 1081 Superbia
1020 1010 1272 1079 quomodo
1321 1010 1482 1063 omnis
1507 1010 1695 1079 peccati
1724 1008 1942 1060 initiunt.
1980 1006 2214 1071 Quonam

626 1106 796 1166 ntodo,
828 1104 1017 1172 inquit,
1038 1102 1324 1169 superbiant
1352 1103 1516 1171 ipsam
1545 1118 1575 1153 a
1605 1111 1807 1171 peccato
1828 1099 2169 1168 scparabimus
2188 1100 2214 1152 ?

625 1197 760 1264 Quid
801 1198 941 1248 enim
985 1195 1087 1249 hoc
1137 1203 1308 1261 urget,
1365 1208 1485 1246 cum
1536 1191 1873 1246 manifestum
1930 1192 1999 1243 sit
2048 1191 2210 1244 etiam

625 1288 793 1356 ipsam
819 1301 935 1339 esse
976 1285 1288 1354 peccatum?
1312 1282 1439 1337 Tum
1470 1298 1694 1352 peccare,
1720 1282 1906 1348 inquit,
1946 1280 2239 1349 superbire,

623 1387 716 1442 est,
748 1394 896 1447 quant
933 1377 1189 1446 superbire
1208 1390 1431 1445 peccare.
1469 1372 1603 1427 Nam
1624 1388 1791 1443 quivre
1809 1372 1933 1443 quid
1957 1373 2021 1425 sit
2043 1377 2211 1443 quod-

621 1483 835 1537 cumque
859 1477 1134 1534 peccatam,
1165 1477 1209 1519 et
1233 1468 1343 1519 vide
1383 1466 1427 1519 si
1460 1464 1679 1517 invenies
1713 1462 1918 1533 aliquod
1965 1462 2076 1516 sine
2112 1479 2199 1516 su-

626 1560 812 1630 perbia:
835 1560 1174 1630 appellatione
1195 1568 1471 1629 petcatum.
1500 1557 1646 1611 llanc
1673 1569 1851 1610 autem
1888 1558 2208 1610 sententiam

625 1651 703 1705 sic
744 1652 1074 1717 exsequitur,
1113 1659 1168 1705 et
1214 1651 1292 1704 sic
1342 1650 1566 1717 probare
1623 1659 1886 1702 conatur:
1918 1647 2098 1711 Omne,
2130 1648 2209 1702 in-

624 1745 762 1815 quit,
818 1755 1097 1812 peccatum,
1141 1743 1239 1795 nisi
1281 1743 1468 1814 fallor,
1521 1740 1611 1793 Dei
1653 1750 1970 1808 contemptus
2017 1751 2088 1794 est
2116 1749 2208 1794 :et

633 1838 796 1891 omnis
820 1835 910 1888 Dei
933 1845 1244 1903 contemptus
1271 1834 1509 1902 superbia
1536 1841 1627 1885 est.
1659 1831 1795 1903 Quid
1824 1831 1954 1883 enim
1983 1841 2085 1883 tam
2110 1848 2203 1885 su-

620 1929 846 1999 perbam,
870 1944 1020 1995 quant
1047 1926 1205 1979 Deum
1227 1924 1583 1978 contenmcre?
1616 1922 1779 1976 Omne
1801 1940 1918 1993 ergo
1949 1933 2207 1992 peccatum

618 2029 666 2073 st
708 2018 945 2089 superbia
998 2027 1092 2080 est,
1143 2017 1293 2069 etiant
1336 2014 1606 2086 Scriptura
1678 2015 1890 2079 dicente,
1945 2030 1964 2063 ‹
1997 2012 2207 2067 Initium

623 2131 645 2164 ι
675 2113 838 2164 omnis
870 2112 1057 2173 peccati
1084 2109 1320 2177 superbia
1366 2120 1461 2161 est.
1488 2128 1507 2159 ι
1541 2108 1756 2174 Qua-rat
1803 2107 2105 2176 diligenter,
2152 2115 2208 2162 et

617 2203 851 2256 inveniet
882 2202 932 2254 in
981 2201 1095 2269 lege
1150 2200 1371 2253 multum
1414 2198 1705 2251 discretum
1756 2212 1874 2251 esse.
1916 2212 1945 2248 a
1997 2197 2206 2252 caeteris

616 2294 848 2362 peccatis
883 2286 1465 2358 I:eccatum’superbiw.
1497 2288 1656 2341 Multa
1682 2288 1823 2341 enim
1856 2297 2069 2354 peceata
2113 2304 2206 2355 per

617 2387 829 2453 superbi
871 2402 918 2436 ui
948 2384 1372 2445 emuniitntntur,
1416 2380 1510 2435 sed
1552 2394 1725 2448 neque.
1768 2380 1942 2432 omnia
1974 2379 2206 2448 superbe

619 2476 771 2541 linut,
802 2492 918 2544 qu:e
949 2490 1222 2543 perperam
1251 2476 1397 2535 liunt;
1417 2481 1563 2526 certe
1590 2486 1619 2523 ιι
1645 2471 2025 2536 nescientibus,
2059 2480 2204 2524 certe

614 2570 685 2623 ab
711 2568 953 2627 inlirtuis,
988 2575 1134 2620 certe
1166 2565 1474 2633 plerumque
1501 2580 1529 2616 a
1561 2562 1809 2616 ﬂentibus
1853 2571 1906 2616 et
1935 2562 2201 2631 gementi-

617 2659 735 2717 bus.
764 2663 828 2716 Et
865 2662 1077 2730 quidem
1110 2661 1376 2729 supcrlua,
1408 2675 1529 2714 eum
1557 2674 1805 2729 magnum
1833 2659 1903 2711 sit
1935 2660 2045 2727 ipsa
2080 2671 2203 2727 pec-

614 2766 811 2816 eatum,
842 2755 912 2806 ita
935 2755 1048 2805 siue
1075 2753 1191 2805 aliis
1213 2767 1308 2823 per
1332 2767 1391 2806 se
1420 2753 1528 2820 ipsa
1556 2765 1657 2815 eSt,
1689 2761 1745 2804 ut
1774 2751 1933 2806 etiam
1964 2750 2199 2819 plerum-

614 2862 740 2916 que,
772 2856 828 2899 ut
861 2846 988 2909 dixi,
1013 2862 1117 2899 non
1142 2845 1191 2898 ia
1226 2844 1476 2914 peccatis,
1500 2844 1593 2898 sed
1635 2844 1686 2897 in
1716 2845 1844 2914 ipsis
1875 2854 2017 2898 recte
2045 2841 2201 2898 factis

618 2938 754 3006 pede
782 2938 1044 2991 celeriore
1070 2938 1412 3006 superveniat
1438 2945 1493 2991 et
1536 2937 1777 3005 obrepat.
1810 2936 1915 2991 Sed
1957 2937 2076 2990 ideo
2103 2951 2199 2990 ve-

618 3030 833 3083 rissime
893 3028 1089 3081 dictum
1130 3038 1231 3094 est,
1273 3028 1411 3097 quod
1457 3031 1556 3083 iste
1592 3028 1747 3081 aliter
1789 3028 2065 3091 intellexit,
2108 3024 2202 3080 In-

613 3119 763 3173 itiunt
806 3124 968 3173 omnis
1016 3120 1206 3189 peccati
1246 3120 1522 3188 superbia:
1550 3114 1799 3187 quoniam
1845 3118 2135 3185 diabolum,
2165 3132 2196 3172 a

611 3229 718 3284 quo
748 3215 948 3269 exstitit
973 3217 1123 3281 origo
1150 3217 1370 3282 peceati,
1400 3215 1508 3282 ipsa
1530 3212 1749 3280 deiecit,
1768 3211 2197 3281 etsnbsequeute

612 3306 901 3359 invidentia
931 3306 1198 3358 hominem
1222 3314 1473 3369 stantem,
1508 3303 1649 3357 unde
1681 3304 1794 3372 ipse
1822 3301 2033 3365 cecidit,
2073 3301 2196 3356 inde

613 3400 897 3453 subvertit.
931 3397 1060 3451 Nam
1090 3398 1270 3465 utique
1295 3396 1562 3464 jactantiw
1597 3394 1831 3464 januam,
1874 3409 1976 3464 qua
2026 3394 2193 3447 intra-

609 3498 710 3555 ret,
734 3504 955 3557 serpens
984 3488 1068 3541 ille
1096 3488 1359 3557 quaesivit,
1392 3486 1605 3557 quando
1634 3487 1727 3549 ait,
1776 3485 1935 3539 Erilis
1960 3486 2091 3540 sicut
2121 3482 2195 3537 dii

607 3581 761 3652 (Gen.
795 3598 871 3647 tu,
906 3583 982 3651 5).
1009 3581 1131 3635 ideo
1161 3581 1359 3635 dictaui
1408 3590 1509 3644 est,
1542 3578 1754 3633 Initium
1794 3582 1959 3633 omnis
2002 3579 2194 3650 peccati

605 3675 860 3743 superbia,-
889 3683 961 3739 et,
1013 3672 1224 3726 Initiunt
1270 3674 1516 3739 superbia:
1567 3672 1786 3725 hominis
1831 3682 2120 3741 apostatare
2160 3686 2194 3724 α

608 3764 717 3820 Deo
745 3766 930 3837 (tat-cu.
955 3781 1009 3824 χ,
1040 3765 1123 3827 is,
1158 3764 1266 3834 it).

675 3857 902 3912 CAPUT
932 3855 1077 3911 XXX
1106 3856 1263 3910 --5-4.
1294 3855 1555 3923 Quomodo
1572 3872 1717 3911 suum
1736 3865 1807 3909 est
1834 3856 2049 3909 hominis
2073 3871 2189 3925 pec-

605 3959 794 4010 eatum,
825 3949 938 4003 licet
976 3954 1138 4019 gratia
1176 3948 1395 4019 indigeat
1422 3960 1475 4002 ut
1511 3960 1716 4003 sanetur
1756 3942 1866 4018 ejus
1899 3948 2190 4017 inﬁrmitas.

605 4043 741 4111 Quid
770 4050 943 4095 autem
984 4041 1081 4094 sibi
1130 4040 1263 4105 vult,
1309 4042 1448 4111 qttod
1494 4041 1623 4095 dicit
1657 4058 1670 4093 :
1702 4038 1900 4093 Deinde
1940 4040 2191 4109 quomodo

608 4133 715 4188 Deo
741 4150 832 4200 pro
857 4134 997 4186 illius
1019 4132 1209 4199 peccati
1239 4144 1380 4185 reatu
1411 4132 1640 4186 subditus
1672 4148 1779 4185 esse
1806 4133 2007 4200 poterit,
2055 4130 2191 4202 quod

604 4242 752 4279 suum
775 4242 874 4277 non
898 4241 1001 4278 esse
1020 4224 1348 4294 cognoverit?
1371 4223 1534 4277 Suum
1561 4223 1694 4275 enim
1727 4238 1828 4275 non
1865 4232 1961 4285 est,
1993 4223 2183 4292 inquit,

603 4318 648 4370 si
673 4317 1005 4371 necessarium
1033 4326 1121 4369 est.
1151 4316 1248 4368 Aut
1277 4316 1319 4369 si
1345 4332 1493 4369 suum
1539 4323 1630 4378 est,
1677 4313 2019 4367 voluntarium
2076 4321 2188 4366 cst:

606 4421 654 4466 et
679 4412 721 4465 si
748 4411 1084 4464 voluntariam
1109 4419 1203 4472 est,
1232 4408 1377 4461 citari
1406 4416 1584 4477 potest.
1627 4404 1735 4460 Nos
1764 4404 2184 4472 rc~pondcums:

604 4504 770 4561 Suum
798 4513 875 4559 est
906 4503 1158 4566 omnino;
1190 4499 1282 4556 sed
1309 4498 1496 4552 vitium
1528 4513 1633 4568 quo
1656 4497 2022 4560 committitur,
2053 4510 2185 4549 nou-

599 4598 730 4653 dum
760 4596 904 4651 omni
934 4610 999 4650 ex
1042 4602 1187 4663 parte
1230 4599 1474 4647 Satiatum
1521 4598 1604 4643 est
1636 4605 1648 4641 :
1678 4587 1817 4658 quod
1870 4586 2083 4656 quidem
2129 4594 2189 4641 nt

605 4691 939 4751 inolesceret.
964 4688 1032 4743 de
1060 4703 1162 4740 non
1186 4693 1329 4741 recte
1357 4698 1448 4737 usa
1487 4683 1721 4737 sanitate
1769 4681 2048 4736 descendit
2078 4699 2090 4735 :
2121 4699 2186 4739 ex

600 4799 708 4857 quo
738 4786 862 4837 vitio
885 4786 993 4852 jam
1021 4780 1161 4835 male
1202 4778 1406 4842 valens,
1437 4774 1522 4828 vel
1550 4773 1879 4837 infirmitate,
1912 4775 1995 4829 vel
2023 4774 2185 4829 (εωςὶ-

602 4889 710 4934 tate
741 4878 887 4946 plura
909 4871 1197 4927 committit
1225 4888 1240 4925 :
1264 4884 1359 4939 pro
1403 4883 1510 4938 quo
1552 4865 1954 4936 supplicandum
1998 4875 2099 4931 est,
2130 4875 2188 4921 ut

600 4979 840 5032 sanetur,
880 4973 935 5020 et
972 4962 1223 5031 deinceps
1264 4961 1317 5014 in
1355 4967 1608 5029 perpetua
1660 4958 1892 5013 sanitate
1940 4958 2180 5022 vivatur;

602 5075 706 5115 non
729 5055 1165 5128 superbiendum,
1188 5052 1336 5122 quasi
1368 5051 1533 5105 homo
1555 5048 1745 5104 eadem
1790 5057 2053 5119 potestate
2094 5064 2182 5103 sa-

602 5162 780 5212 netur,
810 5162 910 5218 qua
934 5152 1197 5217 potestate
1226 5142 1443 5195 vitiatus
1466 5150 1569 5194 est.

673 5240 898 5298 CAPUT
928 5235 1122 5294 XXXI.
1146 5265 1215 5276 —
1239 5234 1329 5291 55.
1377 5232 1677 5304 Superbiam
1716 5233 1878 5303 ipsam
1904 5249 1994 5286 cur
2044 5230 2185 5287 Deus

601 5353 703 5391 non
728 5335 829 5388 cito
871 5339 1031 5385 sanet.
1067 5329 1230 5395 Quam
1270 5326 1463 5380 occulte
1501 5326 1765 5380 insidietur
1816 5324 2071 5397 superbia.
2118 5325 2185 5380 Et

602 5430 716 5483 huic
744 5423 959 5497 quidem
980 5423 1048 5475 ita
1070 5419 1317 5479 dixerim,
1346 5425 1405 5472 ut
1430 5418 1587 5473 altius
1615 5418 1706 5473 Dei
1736 5419 2013 5474 consilium
2049 5421 2064 5451 ⁸
2098 5437 2184 5476 me

601 5520 768 5576 fatear
798 5518 1063 5586 ignorare,
1090 5526 1186 5564 cur
1213 5509 1373 5564 etiam
1404 5508 1571 5577 ipsam
1599 5510 1924 5580 superbiam,
1969 5526 2088 5581 quae
2130 5521 2185 5566 et

601 5615 652 5669 in
693 5620 837 5667 recte
888 5605 1038 5660 factis
1067 5603 1246 5656 animo
1287 5601 1566 5655 insidiatur
1613 5602 1864 5668 humano,
1924 5618 2029 5657 non
2075 5605 2182 5661 cito

602 5707 740 5762 Deus
767 5710 950 5756 sanet:
989 5713 1086 5768 pro
1126 5711 1226 5766 qua
1271 5693 1503 5748 sanauda
1553 5695 1626 5750 illi
1683 5698 1779 5768 pice
1826 5698 2015 5753 anima:
2058 5716 2177 5756 cum

662 5820 680 5850 ι
702 5815 877 5878 Belgici
897 5810 1089 5879 quidam
1116 5818 1239 5871 Μελ,
1264 5804 1529 5869 judicium.

1594 338 1679 394 DE
1714 335 1998 393 NATURA
2036 332 2124 390 ET
2165 332 2444 400 GRATIA,
2486 333 2542 390 S.
2585 334 2954 392 AUGUSTINI

3807 342 3921 401 264

2326 451 2575 524 laerymis
2601 463 2655 509 et
2684 457 2889 526 magnis
2915 458 3196 527 gemitibus
3223 460 3544 530 supplicant,
3578 469 3636 514 ut
3679 458 3746 514 ad
3790 475 3913 517 eam

2322 546 2675 613 Snpcrainlam
2702 534 2755 601 et
2778 548 3007 618 quodam
3040 551 3200 603 modo
3223 552 3531 605 calcandam
3578 564 3633 607 et
3664 552 3910 609 obteram

2321 638 2463 701 dant,
2498 640 2770 694 dexteram
2795 643 3113 695 conantibus
3132 644 3383 713 porrigat.
3412 644 3510 699 Ubi
3539 648 3679 699 enim
3701 645 3910 699 lattatus

2323 729 2483 783 homo
2512 729 2686 795 luerit,
2726 732 2776 785 iti
2799 734 2974 802 aliquo
3003 735 3142 788 bouo
3169 750 3331 804 opere
3358 751 3417 790 se
3439 738 3595 790 etiam
3627 751 3913 805 superasse

2320 823 2643 890 superbiam,
2663 838 2724 877 ex
2757 824 2865 891 ipsa
2897 825 3074 879 lattitia
3098 838 3256 895 caput
3282 829 3456 895 erigit,
3487 839 3541 882 et
3564 830 3694 882 dicit
3726 848 3737 881 :
3771 831 3910 887 Ecce

2320 928 2420 981 ego
2446 913 2586 979 vivo,
2618 915 2742 982 quid
2772 916 3101 983 triumphas?
3125 928 3179 971 et
3211 919 3330 972 ideo
3371 921 3512 984 vivo,
3554 925 3673 989 quia
3720 923 3909 974 trium.

2322 1004 2473 1073 pltas.
2503 1006 2641 1059 Ante
2666 1017 2872 1075 tempus
2898 1008 3040 1061 enim
3069 1007 3296 1063 fortasse
3342 1010 3408 1064 de
3448 1012 3531 1065 illa
3580 1013 3727 1080 quasi
3768 1016 3906 1065 victa

2320 1098 2648 1167 triumphare
2677 1099 2927 1162 delectat,
2975 1116 3096 1153 cum
3141 1112 3380 1156 extrema
3424 1104 3540 1170 ejus
3581 1105 3765 1157 umbra
3812 1107 3907 1160 illo

2317 1191 2562 1253 meridie,
2589 1201 2842 1257 quantum
2874 1193 3123 1256 arbitror,
3167 1195 3541 1249 absorbebitur
3569 1212 3581 1248 :
3610 1197 3696 1264 qui
3739 1198 3905 1249 literi-

2316 1283 2432 1336 dics
2457 1283 2726 1353 Scriptura
2752 1285 2960 1339 dicente
3002 1287 3346 1354 promittitur,
3377 1285 3443 1339 Et
3468 1288 3641 1341 educet
3668 1288 3794 1340 sicut
3826 1287 3911 1341 luo

2318 1393 2428 1430 men
2443 1378 2699 1447 justitiam
2720 1390 2879 1442 tuam,
2909 1390 2955 1431 et
2971 1380 3227 1449 judicium
3258 1390 3398 1432 tuum
3431 1382 3561 1434 sicut
3593 1381 3852 1434 meridiem
3887 1395 3921 1444 :_

2316 1473 2359 1527 si
2389 1473 2480 1527 liat
2505 1474 2645 1545 quod
2677 1490 2834 1543 supra
2876 1476 3129 1543 scriptum
3158 1484 3263 1540 est,
3306 1472 3492 1529 Revela
3532 1475 3599 1526 ad
3632 1472 3907 1527 Dominum

2315 1567 2445 1619 viam
2472 1580 2631 1634 tuam,
2664 1576 2709 1620 et
2734 1567 3116 1635 sperainettm;
3138 1578 3183 1620 et
3204 1568 3311 1631 ipse
3332 1568 3479 1636 faciet
3506 1565 3675 1636 (Psal.
3709 1581 3904 1631 xxxvi,

2314 1658 2366 1723 6,
2396 1659 2451 1729 5)
2484 1676 2497 1713 :
2527 1674 2630 1712 non
2662 1660 2798 1713 sicut
2823 1660 3034 1729 quidam
3066 1668 3268 1730 putant,
3295 1660 3434 1730 quod
3460 1662 3555 1729 ipsi
3586 1659 3798 1713 faciant.
3822 1658 3903 1731 (a)

2314 1750 2497 1805 Nullos
2525 1753 2666 1806 enim
2690 1753 2899 1806 videtur
2927 1753 3189 1807 attendiss
3209 1773 3243 1818 -,
3272 1768 3394 1807 cum
3418 1754 3571 1816 dixit,
3603 1751 3669 1805 Et
3694 1754 3803 1821 ipse
3820 1757 3906 1822 [a-

2313 1846 2447 1908 ciet;
2473 1845 2570 1899 nisi
2612 1860 2707 1900 eos
2749 1845 2837 1914 qui
2868 1845 3073 1910 dicunt,
3126 1845 3231 1899 Nos
3278 1844 3519 1907 lacinias,
3567 1844 3617 1898 id
3651 1854 3754 1906 est,
3801 1860 3903 1898 nos

2314 1936 2413 2006 ipsi
2441 1953 2537 1990 nos
2565 1936 3099 2007 ipsosjustilicamus.
3125 1938 3223 1994 Ubi
3261 1938 3473 2009 quidem
3519 1954 3805 2008 operantur
3848 1950 3905 1994 et

2312 2043 2411 2084 nos
2444 2047 2457 2081 :
2491 2029 2583 2083 sed
2612 2031 2702 2084 illo
2727 2043 2982 2095 operante
3011 2047 3381 2101 cooperamur,
3426 2031 3549 2101 quia
3592 2031 3903 2086 miscricor-

2310 2120 2396 2177 dia
2423 2122 2537 2191 ejus
2581 2125 2969 2192 prmvenitnos.
3010 2125 3271 2179 Prievenit
3313 2134 3489 2177 autem
3532 2132 3588 2176 ut
3621 2139 3900 2188 sanentur,

2310 2215 2431 2285 quia
2475 2224 2527 2267 et
2579 2215 2936 2284 subsoquetur
2966 2217 2983 2248 ⁸
3012 2224 3069 2269 ut
3108 2216 3266 2270 etiam
3330 2215 3497 2269 sanati
3547 2224 3896 2284 vegeteiiuir:

2312 2306 2944 2375 praevenitutvocemur,
2996 2307 3352 2374 subscquelur
3401 2314 3457 2359 ut
3492 2306 3897 2376 gloriﬁeemur:

2311 2395 2568 2466 pricvenit
2597 2405 2653 2449 ut
2695 2397 2778 2466 pie
2817 2396 3077 2461 vivamus,
3122 2396 3473 2464 subsi-quetur
3519 2405 3574 2448 ut
3627 2409 3747 2448 cum
3803 2394 3899 2448 illo

2309 2502 2522 2556 semper
2547 2488 2788 2542 vivamus
2820 2504 2832 2540 :
2866 2488 2987 2555 quia
3018 2488 3132 2541 sine
3185 2486 3274 2540 illo
3314 2486 3445 2540 nihil
3493 2500 3777 2555 possumus
3820 2485 3899 2538 fa-

2308 2592 2430 2633 ecre
2455 2577 2628 2650 (Joan.
2659 2594 2749 2644 xv,
2777 2580 2849 2649 5).
2880 2578 3172 2648 Utrumque
3202 2578 3342 2633 enim
3372 2579 3624 2645 scriptum
3652 2587 3733 2631 cst
3763 2595 3775 2630 :
3802 2588 3857 2633 et
3877 2618 3894 2643 ,

2306 2667 2445 2724 Deus
2497 2685 2657 2735 meus,
2711 2670 3052 2722 misericordia
3095 2671 3204 2736 ejus
3257 2670 3521 2737 prteveniet
3571 2685 3647 2722 me
3699 2667 3893 2740 (Psal.

2305 2779 2451 2829 mu,
2487 2764 2597 2833 ll);
2645 2772 2700 2817 et
2751 2761 3104 2815 Misericordia
3153 2776 3237 2813 tua
3294 2764 3617 2831 subscqaetur
3671 2778 3749 2814 me
3804 2778 3898 2831 per

2304 2872 2476 2911 omnes
2495 2855 2601 2909 dies
2625 2856 2885 2910 ciaevnete
2925 2855 3092 2927 (Ps-al.
3129 2871 3255 2919 xxii,
3286 2855 3361 2924 6).
3402 2856 3720 2908 lteveleaus
3763 2869 3898 2924 ergo

2301 2947 2371 3003 sd
2396 2962 2519 3001 eum
2546 2947 2683 3000 viam
2722 2959 2959 3000 nostram
3011 2945 3367 3010 confessione,
3420 2962 3525 2999 non
3576 2945 3895 3002 defensith

2304 3038 2605 3095 laudemus.
2660 3038 2715 3094 Si
2746 3040 2885 3092 enim
2918 3054 3023 3092 non
3067 3046 3151 3092 est
3187 3039 3353 3108 ipsius
3397 3038 3504 3103 via,
3549 3038 3641 3091 sed
3679 3016 3891 3105 nostra,

2306 3130 2672 3200 proculdubio
2719 3144 2823 3184 non
2855 3139 2934 3184 est
2990 3138 3156 3183 recta.
3204 3130 3517 3184 Iteveleuius
3565 3144 3682 3182 eam
3724 3132 3894 3182 coali-

2302 3222 2498 3285 tcndo;
2529 3224 2649 3293 quia
2679 3239 2785 3277 non
2812 3238 2934 3277 cum
2957 3224 3102 3287 latet,
3138 3224 3345 3278 etiamsi
3374 3226 3585 3294 operire
3607 3238 3890 3278 conemur.

2300 3315 2504 3369 Bonum
2532 3324 2610 3369 est
2643 3323 2818 3368 autem
2845 3315 3085 3369 conﬁteri
3122 3316 3345 3369 Domino
3375 3315 3545 3385 (Psal.
3579 3331 3683 3381 κει,
3711 3314 3792 3389 Ξ).

2370 3406 2597 3462 CAPUT
2626 3406 2843 3461 XXXII.
2862 3407 3097 3476 (ἰή-50.
3119 3406 3369 3476 Superbia
3395 3408 3543 3461 etiam
3569 3410 3620 3461 iit
3647 3418 3778 3461 recte
3809 3406 3896 3477 [a-

2299 3500 2392 3554 ctis
2417 3498 2660 3554 cavenda.
2688 3497 2922 3552 Liberum
2947 3499 3208 3551 arbitrium
3245 3516 3343 3551 non
3372 3499 3567 3552 tollitur
3608 3516 3723 3551 cum
3768 3516 3894 3569 gm.

2298 3593 2369 3647 tia
2396 3593 2721 3661 prtedicatur.
2751 3590 2825 3645 Ita
2852 3593 2993 3645 enim
3026 3592 3166 3663 quod
3211 3593 3258 3646 ei
3290 3593 3464 3661 placet
3510 3592 3656 3646 dabit
3703 3593 3887 3661 nobis,

2297 3686 2342 3740 si
2392 3684 2533 3756 quod
2573 3684 2623 3737 ei
2670 3684 2910 3753 displicet
2965 3684 3016 3738 in
3063 3684 3234 3748 nobis,
3290 3683 3567 3754 displiceat
3609 3693 3665 3740 et
3709 3684 3887 3739 uoltis.

2297 3777 2536 3841 Avertet,
2558 3776 2965 3843 sicutscriptum
2989 3782 3087 3840 est,
3123 3775 3344 3830 semitas
3375 3786 3586 3829 nostras
3627 3790 3655 3828 a
3684 3775 3765 3828 via
3789 3789 3891 3830 sua

2299 3863 2471 3941 (Psal.
2512 3882 2664 3931 XLIII,
2698 3866 2811 3938 l9),
2864 3875 2919 3921 et
2954 3878 3188 3923 nostram
3240 3868 3395 3923 faciet
3460 3884 3579 3922 esse.
3621 3884 3741 3940 quae
3791 3883 3891 3923 sua

2296 3966 2408 4023 est;
2440 3958 2689 4028 quoniam
2720 3959 2786 4013 ab
2828 3957 2944 4027 ipso
2978 3958 3241 4029 praebvitur
3268 3957 3605 4015 credentibus
3635 3959 3687 4013 in
3738 3975 3887 4029 eum,

2295 4058 2349 4106 et
2378 4048 2714 4117 sperantibus
2742 4048 2795 4103 in
2826 4065 2946 4104 cum
2972 4060 3027 4103 ut
3069 4051 3181 4120 ipse
3226 4052 3399 4104 faciat.
3451 4050 3563 4118 Ipsa
3608 4060 3691 4104 est
3728 4051 3878 4105 enim

2296 4142 2559 4211 viajusta,
2591 4158 2749 4212 quam
2779 4143 3084 4212 ignorantes
3122 4143 3210 4213 qui
3238 4143 3399 4196 zelum
3428 4141 3517 4196 Dei
3539 4141 3742 4205 habent,
3792 4141 3889 4196 sed

2296 4252 2395 4289 non
2421 4234 2694 4289 secundum
2724 4233 3008 4299 scientiam;
3052 4243 3099 4288 et
3144 4252 3284 4288 suout
3317 4234 3533 4288 volentes
3586 4235 3890 4288 constituere

2284 4325 2563 4397 justitiam,
2587 4324 2791 4392 iustitia:
2831 4323 2926 4377 Dei
2975 4341 3077 4378 non
3116 4333 3232 4378 sunt
3270 4324 3501 4393 subjecti.
3553 4321 3698 4378 Finis
3750 4324 3890 4378 enim

2296 4418 2418 4490 legis
2444 4415 2693 4483 Christus,
2719 4419 2794 4486 led
2828 4416 3087 4486 justitiam
3135 4417 3272 4471 omni
3312 4414 3533 4470 credenti
3589 4416 3785 4489 (Ilom.
3827 4433 3884 4484 χ,

2294 4507 2436 4582 2-4),
2463 4509 2551 4578 qui
2573 4503 2731 4573 dixit,
2754 4508 2862 4575 Ego
2882 4525 2992 4562 sum
3013 4508 3090 4561 cia
3115 4506 3295 4581 (Joan.
3314 4523 3429 4573 XIV,
3451 4508 3530 4573 6).
3563 4507 3618 4561 In
3647 4524 3749 4577 qua
3773 4507 3884 4576 jam

2296 4601 2633 4654 ambulantes
2686 4610 2865 4654 tamen
2896 4600 3083 4653 terruit
3128 4615 3228 4652 vox
3270 4600 3467 4661 divina,
3509 4615 3575 4652 ne
3621 4598 3770 4667 quasi
3816 4598 3886 4653 de

2297 4694 2526 4764 pmpriis
2554 4694 2607 4746 iu
2648 4707 2709 4748 ea
2740 4692 2939 4746 viribus
2979 4693 3323 4747 extollantur.
3357 4692 3487 4746 Nam
3522 4692 3715 4763 quibus
3762 4709 3889 4761 pro-

2296 4794 2415 4854 pter
2444 4782 2546 4836 Iioc
2592 4782 2665 4835 ait
2697 4784 3004 4851 Apostolus,
3052 4781 3179 4836 Cum
3228 4783 3405 4835 timore
3448 4787 3494 4835 et
3540 4793 3752 4835 tremore
3796 4797 3882 4837 re-

2295 4886 2450 4931 stram
2478 4875 2703 4945 ipsorum
2742 4874 3022 4944 operamini
3049 4874 3297 4938 salutent;
3340 4873 3479 4929 Deus
3506 4875 3636 4927 enim
3678 4883 3750 4927 est
3798 4876 3884 4943 qui

2294 4975 2532 5038 operatur
2556 4966 2609 5019 in
2638 4965 2772 5020 vobis
2811 4975 2856 5019 et
2883 4965 3007 5019 velle
3034 4973 3080 5019 et
3110 4965 3333 5035 aperari,
3383 4980 3476 5036 pro
3519 4964 3651 5019 bona
3697 4964 3880 5019 volun-

2295 5069 2393 5113 tate
2419 5057 2675 5129 (Pltilipp.
2709 5074 2767 5125 ll,
2794 5056 2876 5119 12,
2910 5055 2997 5129 15)
3026 5076 3037 5110 :
3070 5058 3149 5112 eis
3166 5067 3386 5127 propter
3413 5056 3517 5112 hoc
3548 5059 3719 5127 ipsum
3753 5060 3884 5115 dicit

2293 5152 2452 5204 etiam
2480 5149 2742 5212 Psalmus,
2785 5148 2983 5204 Servite
3023 5145 3246 5203 Domino
3285 5150 3337 5202 in
3376 5149 3572 5211 timore,
3610 5160 3658 5203 et
3707 5154 3884 5206 exsul-

2294 5252 2395 5296 tate
2439 5242 2484 5295 ei
2530 5257 2645 5317 cum
2714 5250 2959 5305 tremore;
3020 5242 3386 5312 appreltendite
3430 5243 3774 5315 disciplinam,
3822 5262 3884 5299 ne

2292 5333 2497 5403 quando
2528 5332 2779 5384 irascatur
2800 5329 3070 5395 Dominus,
3098 5341 3144 5385 et
3167 5333 3380 5401 pereatis
3405 5333 3468 5386 de
3486 5334 3566 5386 via
3579 5334 3743 5405 justa,
3768 5352 3883 5389 cum

2292 5423 2534 5477 exarserit
2556 5423 2608 5475 in
2633 5421 2767 5474 brevi
2789 5422 2868 5474 ira
2887 5422 2996 5491 ejus
3019 5437 3172 5493 super
3197 5439 3304 5476 vos.
3336 5422 3448 5477 Non
3471 5424 3566 5491 ait,
3596 5440 3657 5478 ne
3675 5427 3882 5495 quando

2292 5518 2538 5569 irascatur
2571 5513 2834 5576 Dominus,
2859 5522 2913 5568 et
2933 5529 3038 5567 nou
3061 5513 3212 5568 vobis
3231 5514 3476 5569 ostendat
3497 5517 3634 5570 viam
3654 5516 3878 5586 justam,

2358 5631 2374 5661 ι
2400 5626 2768 5691 Cygiranneusis
2789 5625 2943 5675 codex
2970 5632 3020 5674 et
3038 5624 3220 5691 aliquot
3258 5627 3465 5677 Vaticani
3491 5634 3614 5690 uss,
3632 5626 3881 5692 subsequi-

2291 5700 2387 5741 tur.
2502 5752 2506 5753 ν
2567 5752 2571 5753 ν
2647 5749 2706 5753 ,Α
2910 5748 2965 5753 μ
3102 5748 3114 5753 _
3862 5728 3875 5753 κ

2344 5753 2427 5811 (a)
2460 5752 2541 5799 llic
2565 5749 2815 5811 incipitcai
2834 5758 2886 5797 ut.
2909 5748 2969 5796 52
2992 5748 3115 5811 apud
3155 5760 3250 5799 sm.
3273 5758 3319 5801 et
3346 5757 3418 5799 Β.

2357 5754 2405 5811 (α
2460 5754 2541 5799 llic
2565 5754 2815 5811 incipitcai
2834 5758 2886 5797 ut.
2909 5754 2969 5796 52
2992 5762 3011 5796 a

2357 5754 2427 5875 (ti)
2464 5812 2591 5862 Alani
2618 5819 2711 5857 Am.
2741 5820 2792 5860 et
2816 5818 2908 5872 [τη
2934 5812 3011 5867 55,
