4164 6556
375 417 482 483 965

375 553 484 615 aut,
514 555 620 606 non
653 566 746 609 vos
765 549 1065 614 introducat
1093 559 1144 615 in
1179 562 1319 616 viam
1345 563 1540 634 justam
1576 586 1589 621 :-
1618 569 1712 622 sed
1754 570 1863 640 jam
1895 573 1954 625 il-

377 636 442 692 lic
464 638 801 698 ambulantes
821 645 898 700 sic
925 655 1126 704 terrere
1153 652 1321 719 potuit
1351 663 1407 708 ut
1429 654 1651 722 diceret,
1687 663 1749 712 n‘e
1786 677 1961 728 perca-

375 729 438 780 tis
461 729 524 782 de
542 731 622 783 ria
640 732 806 802 just/1.
841 733 1012 803 Unde,
1045 739 1146 794 nisi
1171 742 1293 812 quia
1316 745 1590 813 superbia,
1621 748 1762 817 quod
1801 751 1958 805 toties

372 815 501 883 dixi,
531 829 584 875 et
608 837 752 890 saape
773 823 1053 882 dicendum
1079 841 1182 895 est,
1230 833 1391 888 etiam
1435 835 1489 890 in
1528 837 1657 906 ipsis
1697 850 1842 894 recte
1879 839 1960 894 fa-

371 907 470 962 ctis
499 912 733 966 caVenda
758 923 862 982 est,
910 915 962 971 id
991 928 1092 985 est,
1127 921 1177 976 in
1210 922 1321 994 ipsa
1353 925 1437 979 via
1465 925 1644 995 justa;
1688 943 1754 983 ne
1793 929 1954 986 homo

370 996 493 1053 dum
523 1004 662 1070 quod
689 1005 780 1061 Dei
824 1016 904 1063 est
933 1009 1153 1080 deputat
1201 1029 1378 1081 suum,
1425 1018 1634 1073 amittat
1671 1022 1812 1090 quod
1859 1023 1948 1076 Dei

368 1093 470 1148 est,
501 1095 554 1138 et
582 1087 767 1142 redeat
794 1090 860 1143 ad
889 1095 1081 1147 suum?
1101 1093 1247 1163 ideo,
1279 1113 1384 1168 quo
1401 1102 1636 1168 psalmus
1688 1087 1787 1158 iste
1821 1120 1951 1158 cou-

366 1173 618 1240 cluditur,
645 1176 900 1233 faciamus
943 1181 1126 1237 :Beati
1171 1200 1342 1242 omnes
1365 1190 1451 1259 qui
1497 1192 1761 1260 conﬁdunt
1801 1194 1853 1248 in
1893 1211 1950 1248 co

370 1260 541 1330 (Psal.
567 1280 621 1328 ιι,
655 1263 842 1339 11-13)
877 1273 1095 1342 :utique
1124 1285 1178 1329 ut
1201 1276 1315 1348 ipse
1332 1279 1506 1344 faciat,
1541 1281 1656 1350 ipse
1698 1285 1950 1340 ostendat

365 1359 503 1412 viam
530 1375 702 1425 suam,
744 1365 828 1418 cui
858 1367 1068 1436 dicitur,
1106 1367 1324 1426 Ostende
1367 1374 1528 1440 nobis,
1575 1375 1809 1445 Domine,
1854 1382 1950 1433 mi-

359 1449 687 1506 sericordiam
715 1464 852 1508 tuam
883 1475 896 1510 :
929 1466 981 1512 et
1002 1459 1116 1529 ipse
1137 1461 1226 1516 det
1270 1463 1519 1532 Salutem,
1567 1471 1626 1522 ut
1673 1469 1947 1527 ambulare

358 1541 646 1606 possimus,
679 1545 762 1598 Cui
794 1545 1008 1615 dicitur,
1031 1548 1098 1603 Et
1119 1550 1342 1607 salutare
1367 1565 1506 1608 tuum
1528 1556 1594 1609 da
1611 1557 1752 1612 nobis
1773 1557 1942 1628 (Psal.

357 1643 588 1696 uxxw,
615 1629 711 1701 8):
746 1635 860 1706 ipse
883 1638 934 1691 in
962 1639 1146 1694 eadem
1183 1642 1267 1696 via
1299 1643 1544 1708 deducat,
1599 1647 1682 1701 cui
1726 1646 1940 1713 dicitur,

355 1717 538 1772 [ledae
559 1739 656 1788 me,
683 1722 921 1792 Domine,
953 1728 1004 1781 in
1029 1729 1108 1782 via
1138 1739 1246 1795 tua,
1271 1741 1317 1785 et
1345 1734 1613 1790 ambulabo
1641 1738 1693 1791 in
1738 1740 1944 1794 veritate

353 1819 442 1861 tua
469 1810 644 1879 (Psal.
675 1829 870 1883 Lxxxv,
899 1818 1034 1890 li):
1069 1821 1182 1889 ipse
1223 1823 1290 1878 ad
1337 1825 1443 1888 illa,
1481 1843 1587 1898 quo
1636 1831 1720 1883 via
1771 1831 1938 1900 ducit,

355 1901 620 1966 promissa
649 1903 921 1973 perducat,
954 1909 1035 1962 cui
1065 1909 1284 1976 dicitur,
1331 1913 1534 1969 Etenim
1587 1916 1711 1973 illuc
1760 1936 1939 1976 manus

347 1994 440 2042 tua
482 1990 695 2047 deducet
735 2013 834 2061 me,
861 2008 912 2052 et
953 2002 1189 2070 perducet
1231 2021 1312 2059 me
1354 2006 1561 2063 dextera
1611 2020 1698 2065 tua
1740 2011 1758 2084 (
1791 2013 1934 2070 Psal.

347 2091 605 2145 cxxxvui,
634 2082 722 2155 10)
754 2102 766 2137 :
797 2087 909 2154 ipse
930 2087 1000 2142 ibi
1032 2101 1212 2159 pascat
1230 2097 1601 2153 recumbentcs
1627 2082 1937 2158 cumAbra-

346 2165 498 2232 ham,
526 2169 693 2238 lsaac,
719 2181 775 2228 et
801 2174 986 2254 Jacob,
1016 2179 1084 2236 de
1113 2197 1218 2252 quo
1259 2184 1457 2241 dictum
1497 2197 1599 2255 est,
1650 2189 1826 2247 Faciet
1852 2213 1936 2249 eos

342 2261 652 2328 recumbere,
679 2274 725 2317 et
755 2269 1004 2334 transibit,
1031 2281 1079 2325 et
1109 2274 1412 2331 ministrabit
1435 2280 1507 2333 eis
1538 2281 1668 2350 (Luc
1698 2300 1790 2348 xu,
1817 2281 1929 2357 57).

340 2346 459 2401 Non
487 2348 650 2418 enim,
685 2370 806 2410 cum
837 2358 935 2414 ista
974 2375 1478 2436 commemoramus,
1526 2371 1804 2430 arbitrium
1835 2393 1929 2432 ro-

344 2439 572 2497 luntatis
596 2444 850 2511 tollimus,
883 2451 978 2507 sed
1009 2453 1103 2509 Dei
1143 2458 1368 2526 gratiam
1417 2464 1784 2531 przedicamus.
1834 2467 1928 2524 Cui

337 2531 482 2584 enim
511 2545 733 2602 prosunt
763 2538 861 2594 ista
891 2541 992 2597 nisi
1019 2543 1237 2616 volenti,
1261 2547 1355 2604 sed
1397 2550 1669 2610 humiliter
1709 2558 1925 2630 volenti,

336 2633 447 2674 non
479 2637 538 2678 se
573 2624 641 2678 de
669 2627 958 2687 voluntatis
992 2634 1211 2704 viribus,
1258 2650 1508 2712 tanquam
1548 2646 1613 2701 ad
1647 2624 1930 2718 perfectio;

336 2725 463 2766 nem
483 2713 708 2783 iustitia:
729 2719 841 2773 sola
869 2723 1118 2794 sufﬁciat,
1147 2729 1457 2789 extollenti?

408 2802 640 2861 CAPUT
665 2807 883 2867 XXXIII
903 2813 1165 2886 (a).—57.
1189 2819 1314 2876 Esse
1332 2824 1442 2879 sine
1459 2825 1566 2882 ullo
1592 2829 1794 2887 omnino
1806 2853 1924 2905 pec-

335 2903 449 2948 cato
465 2899 691 2953 nondum
716 2914 882 2972 equal
906 2906 1154 2965 hominem
1170 2910 1299 2968 Deo.
1320 2916 1472 2974 Absit
1494 2929 1669 2978 autem
1688 2934 1744 2980 ut
1763 2899 1819 2982 ei
1844 2927 1924 2984 di-

331 2996 539 3050 camus,
564 2991 704 3060 quod
733 3008 761 3046 a
786 2996 1100 3066 quibusdam
1128 3015 1312 3061 contra
1341 3023 1399 3064 se
1418 3009 1520 3066 dici
1548 3013 1642 3081 ait,
1661 3034 1680 3068 ι
1709 3029 1921 3090 compa-

332 3076 439 3128 rari
477 3076 747 3137 hominem
773 3084 901 3154 Deo,
930 3089 974 3142 si
1005 3090 1203 3163 absque
1232 3106 1446 3165 peccato
1469 3116 1587 3159 esse
1601 3117 1870 3168 asser'atur
1893 3129 1916 3167 υ

331 3167 405 3238 (b)
438 3173 624 3241 :quasi
669 3191 798 3231 vero
843 3181 1082 3251 angelus,
1138 3188 1259 3256 quia
1311 3189 1511 3262 absque
1550 3207 1770 3265 peccato
1812 3205 1915 3270 est,

329 3270 674 3328 comparetur
703 3266 832 3322 Deo.
864 3269 977 3342 Ego
996 3275 1210 3343 quidem
1237 3278 1338 3336 hoc
1367 3285 1561 3351 sentio,
1594 3290 1718 3359 quia
1755 3266 1917 3351 etiam

327 3361 449 3402 cum
480 3350 637 3406 fuerit
669 3355 720 3408 in
749 3357 902 3414 nobis
931 3369 1074 3418 tanta
1108 3365 1334 3435 justitia,
1378 3381 1436 3426 ut
1463 3374 1513 3429 ei
1543 3350 1665 3432 addi
1693 3384 1915 3439 omnino

326 3438 459 3492 nihil
487 3444 672 3511 possit,
707 3460 812 3502 non
833 3451 1132 3520 aequabitur
1159 3467 1399 3516 creatura
1427 3462 1687 3523 Creatori.
1723 3469 1777 3526 Si
1815 3487 1913 3527 au-

327 3537 435 3584 tem
460 3533 623 3605 aliqui
644 3547 830 3605 putant
863 3549 1064 3598 tantum
1098 3558 1336 3604 nostrum
1369 3551 1602 3610 futurum
1635 3573 1754 3616 esse
1793 3578 1914 3633 pro-

324 3632 562 3692 vectum,
595 3637 650 3681 ut
688 3629 742 3684 in
771 3631 866 3688 Dei
895 3635 1244 3694 substantiam
1272 3655 1666 3714 convertamur,
1711 3661 1764 3706 et
1799 3653 1902 3711 hoc

321 3713 621 3774 efﬁciamur
645 3737 868 3791 prorsus
918 3729 1058 3798 quod
1089 3729 1178 3786 ille
1220 3743 1303 3788 est
1331 3752 1344 3789 :
1374 3738 1603 3796 viderint
1652 3749 1906 3814 quemado

315 3806 541 3864 modum
570 3820 809 3870 astruant
859 3821 1177 3877 sententiam
1207 3839 1389 3895 suam;
1437 3832 1562 3887 mihi
1591 3833 1691 3892 hoc
1739 3838 1910 3897 fateor

312 3909 426 3954 non
450 3916 571 3956 esse
601 3920 939 3975 persuasum.
1187 3944 1194 3950 -

384 3989 615 4047 CAPUT
654 3995 893 4055 XXXIV.
917 4033 989 4043 —
1017 4005 1106 4060 '58.
1149 4005 1412 4067 Verissime
1436 4015 1649 4073 dicimus
1675 4037 1766 4076 nos
1803 4039 1905 4079 non

305 4095 422 4134 esse
456 4082 568 4136 sine
610 4098 833 4153 peccato.
879 4090 992 4146 Nec
1033 4098 1292 4154 modestia!
1332 4119 1487 4158 causa
1537 4110 1900 4169 mentiendum.

305 4170 451 4226 Laus
492 4175 791 4235 humilitatis
835 4182 887 4236 in
929 4196 1071 4255 parte
1111 4206 1209 4244 non
1240 4202 1314 4246 est
1359 4196 1592 4265 ponenda
1643 4204 1899 4273 falsitatis.

303 4262 428 4318 Jam
462 4281 592 4322 sane
620 4269 720 4325 hoc
752 4275 970 4330 multum
995 4277 1146 4335 faveo
1177 4283 1292 4338 libri
1317 4287 1471 4356 hujus
1499 4294 1732 4362 auctori,
1758 4299 1900 4367 quod

302 4356 569 4412 adversus
599 4376 692 4415 eos
721 4365 807 4433 qui
841 4366 1056 4438 dicunt,
1095 4391 1113 4426 ι
1151 4373 1482 4436 Rationabile
1509 4383 1720 4453 quidem
1750 4356 1898 4445 vide-

303 4458 393 4502 tur
432 4465 555 4506 esse
581 4455 722 4523 quod
751 4460 946 4516 asseris
966 4504 980 4528 ,
1026 4465 1119 4519 sed
1161 4471 1448 4538 superbum
1478 4486 1558 4531 est
1586 4477 1688 4534 dici
1728 4480 1898 4538 homi-

302 4555 428 4592 nem
487 4541 689 4612 absque
736 4560 955 4616 peccato
1003 4569 1123 4610 esse
1169 4573 1358 4627 posse;
1396 4581 1416 4617 ι
1461 4566 1529 4619 ita
1568 4554 1891 4640 respondet,
1980 4577 2051 4630 'di

300 4641 359 4683 ut
390 4647 612 4687 ommuo
655 4637 698 4689 si
721 4653 908 4697 verum
936 4653 1049 4712 est,
1085 4650 1228 4703 nullo
1259 4653 1418 4708 modo
1461 4661 1745 4728 superbum
1774 4681 1894 4721 esse

299 4720 589 4779 dicendum
616 4726 704 4780 sit.
749 4731 838 4784 Ait
864 4733 1006 4789 enim
1041 4739 1346 4798 acutissime
1388 4757 1545 4818 atque
1574 4754 1889 4812 veriSsime:

306 4830 326 4864 ι
375 4813 429 4868 lu
456 4832 560 4885 qua
584 4822 758 4890 magis
788 4835 937 4892 parte
966 4826 1237 4888 humilitas
1265 4813 1572 4896 colloca-uda
1605 4847 1723 4899 est?
1764 4849 1891 4905 Siue

297 4901 462 4957 dubio
482 4946 495 4968 ,
531 4905 808 4976 falsitatis,
836 4914 878 4966 si
914 4915 963 4969 in
994 4932 1054 4971 ea
1083 4935 1200 4990 que
1227 4925 1462 4982 veritatis
1489 4935 1743 5000 probatur
1770 4954 1888 4996 esse

295 4995 548 5061 superbia
593 5008 693 5052 est.
732 5018 753 5052 ι
783 5005 855 5056 Ac
887 5019 981 5074 per
1025 5007 1124 5065 hoc
1166 5013 1338 5082 placet
1377 5019 1446 5072 illi
1469 4995 1566 5084 ,_et
1596 5037 1738 5082 recte
1767 5029 1884 5100 pla-

295 5094 410 5151 cet,
445 5097 499 5141 ut
531 5090 584 5143 in
629 5103 780 5160 parte
806 5099 1076 5164 veritatis,
1109 5121 1211 5160 non
1246 5107 1294 5162 in
1327 5123 1474 5178 parte
1503 5113 1746 5172 falsitatis
1775 5138 1886 5175 ma-

291 5177 375 5245 gis
407 5180 681 5238 humilitas
723 5187 1034 5247 collocetur.
1082 5195 1160 5251 Ex
1202 5177 1426 5268 quaest
1469 5220 1796 5280 consequens
1827 5223 1885 5270 ut

292 5269 384 5324 ille
409 5272 501 5343 qui
531 5274 663 5331 dixit
683 5316 698 5344 ,
730 5277 795 5334 Si
837 5282 1111 5340 dixerimus
1151 5290 1269 5358 quia
1308 5305 1564 5362 peccatum
1594 5269 1693 5354 ndn
1725 5269 1877 5360 habs;

372 5427 424 5511 fi
442 5427 582 5511 ἐῖ⁵⁰δ
606 5437 1005 5511 Ἦλίῗὶἒτκεδρι

371 5486 423 5546 ὁ)
441 5486 1002 5574 κρξεεᾳιξξιΔῙριιξςιρέῖό
1017 5486 1276 5574 obiectari;
1302 5512 1400 5573 quo
1421 5515 1616 5574 quidem
1641 5519 1878 5574 adversus

287 5559 400 5644 ευηι
418 5562 712 5644 ηερωευιρ
725 5559 1276 5644 ειυιυτ,ιιῑετοηῡωυε,ίιί
1299 5559 1877 5644 spississahagta:

323 5621 423 5644 ...ν
458 5628 482 5644 .
539 5624 720 5644 .....,.....
1231 5637 1242 5644 .

285 5613 387 5657 tem
409 5615 738 5695 :‘Ac'numquid
757 5651 772 5675 ,
790 5633 822 5695 Β
847 5622 1002 5695 ait,._¢_
1016 5613 1276 5695 praecepit-
1285 5613 1574 5687 1337326;
1597 5613 1875 5695 {s33

293 5685 313 5712 ι
336 5671 463 5755 quod
485 5680 617 5755 Deus
635 5671 714 5744 est
733 5671 828 5734 {ut
850 5671 966 5755 nihil
991 5671 1874 5755 n3ieifiﬁz'eéiéi'ei'ﬁi'ﬁnliimcéﬁ:

295 5745 313 5772 ι
333 5738 509 5821 ξετερι
534 5742 588 5821 ut
611 5736 765 5821 major
789 5753 970 5821 esseni
986 5736 1616 5821 angelorum—lastigioj'u't
1637 5736 1872 5816 mna-SE

289 5806 315 5836 ι
333 5796 459 5853 quod
482 5796 654 5862 Angeli
677 5796 772 5849 non
795 5802 1013 5854 habent?
1036 5796 1100 5857 lie
1124 5796 1869 5892 iudi-rigida'2;;"&é3§ﬁ§;33

291 5865 312 5892 ι
336 5855 499 5892 "inm,
521 5865 604 5892 nm
629 5873 884 5892 nnnnvrnvn
911 5877 1002 5892 ηδ...
1028 5867 1136 5892 ι-Με.
1177 5882 1204 5892 μ.

291 5865 312 5895 ι
336 5855 504 5916 prium,
521 5855 605 5916 Qui
628 5873 884 5920 peccaum
911 5877 1004 5916 nou
1028 5855 1204 5921 renti;

556 5932 835 5997 i'A'rROL.
887 5940 1019 6003 XLI
1037 5945 1105 6008 γ.

1791 446 1988 510 LtBEu
2033 448 2228 516 UXUS.

3540 497 3644 557 166

2074 593 2185 629 nias
2206 621 2219 642 ,
2252 597 2341 636 nos
2378 583 2516 654 ipsos
2544 578 2816 660 decipimus
2839 637 2853 657 ,
2878 607 2924 650 et
2961 603 3140 658 veritas
3177 603 3229 662 in
3259 600 3400 665 nobis
3438 631 3537 670 non
3559 601 3656 672 est

2070 667 2111 735 (Ι
2134 667 2291 724 Joan.
2321 688 2373 738 ι,
2405 674 2497 746 8);
2527 694 2706 736 verum
2737 684 2935 745 dixisse
2962 695 3180 753 minime
3203 699 3508 774 dubitetur,
3542 713 3647 766 ne‘

2067 770 2226 814 causa
2267 761 2574 824 humilitatis
2604 771 2703 829 hoc
2746 776 2936 836 falsum
2976 785 3178 844 dixisse
3225 792 3482 851 videatur.
3515 801 3650 856 Pro.

2067 852 2244 913 pterca
2274 853 2415 908 enim
2457 857 2686 928 addidit,
2721 863 2788 920 Et
2812 866 2993 928 veritas
3017 877 3068 930 in
3095 880 3238 935 nobis
3259 900 3358 938 non
3389 899 3501 943 cst:
3529 906 3649 948 cum

2064 930 2200 991 forte
2241 942 2508 1002 sufﬁceret
2533 946 2741 1020 dicere,
2779 958 2890 1016 Nos
2923 964 3061 1035 ipsos
3103 970 3414 1042 decipimus;
3439 979 3540 1036 nisi
3570 995 3652 1038 at-

2065 1023 2306 1123 lenderet
2343 1036 2600 1104 quosdam
2643 1050 2829 1114 putare
2878 1023 3068 1123 posse,
3125 1023 3647 1137 id'eomdict,ttrii,.nds

2649 1113 2657 1114 ,
2878 1113 2893 1123 ,
3055 1113 3067 1121 ,
3295 1113 3521 1137 _--......,
3555 1113 3646 1127 ην-

2059 1113 2195 1184 ipsos
2241 1120 2556 1196 decipimus,
2604 1135 2729 1204 quia
2773 1142 2931 1198 etiam
2977 1145 3044 1202 de
3086 1165 3212 1207 vero
3255 1155 3396 1213 bono
3443 1163 3532 1231 qui
3586 1180 3646 1220 se

2062 1199 2233 1231 l.....s...
2267 1213 2461 1231 -_.._n-.
2600 1223 2611 1231 .
2652 1223 2663 1231 .
2688 1225 2699 1231 -
2792 1225 2805 1231 -

2060 1199 2237 1262 laudat
2261 1213 2550 1272 extollitur.
2583 1199 2844 1282 A‘ddendo
2870 1234 3074 1305 itaque,
3107 1238 3178 1294 Et
3198 1245 3381 1302 veritas
3410 1199 3474 1304 ὑῒ
3501 1255 3645 1310 nobis

2057 1304 2156 1348 non
2185 1305 2290 1366 est,
2323 1307 2602 1366 manifeste
2629 1318 2893 1386 ostendit,
2927 1304 3066 1382 sicut
3091 1333 3251 1387 etiam
3287 1336 3408 1394 huic
3453 1346 3639 1401 rectis-

2055 1385 2190 1443 sime
2216 1389 2417 1462 placet,
2449 1397 2550 1456 hoc
2587 1409 2804 1466 omnino
2838 1430 3022 1473 verum
3053 1438 3156 1478 non
3185 1442 3338 1496 esse,
3379 1432 3426 1486 si
3448 1436 3641 1493 dixeri-

2052 1491 2164 1533 mus
2195 1483 2312 1551 quia
2336 1503 2595 1556 peccatum
2626 1515 2725 1554 non
2765 1502 3006 1565 habemus
3037 1529 3057 1566 :
3094 1532 3162 1572 ne
3201 1519 3472 1584 humilitas
3499 1546 3634 1588 con-

2051 1569 2232 1658 slitttta
2261 1574 2311 1629 in
2345 1591 2492 1646 parte
2514 1584 2785 1662 falsitatis,
2813 1600 2998 1665 perdat
3023 1611 3302 1674 prazmium
3335 1619 3593 1678 veritatis.

2771 1655 2782 1662 ν
2813 1655 2824 1665 _
2982 1655 2997 1659 ἡ
3023 1655 3302 1674 ,ηπ-...μευ
3342 1655 3593 1678 υνιιοιιιιδο

2119 1655 2206 1718 59.
2241 1665 2406 1723 Porro
2432 1684 2607 1732 autem
2636 1683 2773 1749 quod
2805 1687 2896 1744 Dei
2921 1707 3135 1751 causam
3166 1703 3266 1758 sibi
3292 1719 3450 1776 agere
3477 1713 3626 1770 vide-

2119 1767 2133 1776 .
2188 1754 2216 1776 -l
2237 1755 2331 1776 et”.
2362 1759 2374 1776 I
2468 1763 2480 1776 ι
2615 1773 2621 1776 -

2050 1756 2151 1813 tur,
2184 1754 2517 1817 defendendo
2539 1773 2812 1841 naturam;
2839 1795 2943 1836 non
2971 1790 3194 1844 attendit
3219 1754 3358 1863 quod
3385 1803 3630 1861 eamdem

2048 1844 2287 1897 naturam
2317 1862 2498 1905 sanam
2526 1865 2644 1912 esse
2667 1856 2924 1934 dicendo,
2958 1875 3146 1932 medici
3178 1844 3382 1953 repellit
3410 1891 3621 1948 miseri-

2049 1931 2276 1953 ,η-,ιεη
2356 1937 2372 1953 .

2912 1931 2919 1934 _
3115 1931 3119 1932 ν
3179 1931 3382 1953 -_,-...-
3410 1931 3621 1948 ...μ-ν..-

2045 1931 2304 1988 eordiam.
2354 1937 2470 2009 ipse
2497 1955 2578 2000 est
2620 1961 2797 2009 autem
2847 1970 3058 2019 creator
3095 1969 3240 2038 ejus,
3276 1977 3367 2046 qui
3396 1981 3628 2039 salvator

2045 2019 2156 2046 Λε..-
2211 2024 2300 2046 ιτ-ν
2374 2045 2382 2046 κ
2545 2032 2559 2046 ¹
2599 2038 2610 2046 '

3102 2019 3240 2038 ηπ,
3277 2019 3367 2046 η...
3396 2019 3616 2039 mu..."

2043 2019 2177 2089 ejus.
2209 2024 2321 2082 Non
2362 2045 2490 2103 ergo
2526 2032 2784 2100 debemus
2826 2045 2904 2105 sic
2934 2053 3151 2113 laudare
3195 2077 3522 2139 creatorem,
3569 2087 3629 2133 ut

2041 2124 2322 2186 οοετιπιυτ,
2356 2123 2462 2178 imo
2491 2142 2615 2188 vere
2640 2134 2660 2167 ³
2684 2140 3062 2203 convincamur
3089 2149 3269 2209 dicere
3298 2162 3622 2230 snpcrﬂuum

2041 2203 2349 2230 οηΙ-.-ιη--.μ
2423 2212 2467 2230 ιτ
2506 2227 2514 2230 .
2699 2225 2710 2230 -

2039 2203 2374 2314 Isalvatorem.
2421 2212 2669 2278 Naturam
2698 2225 2876 2298 itaque
2919 2232 3147 2294 hominis
3170 2242 3344 2314 dignis
3364 2203 3624 2311 tlaudibus

2788 2288 2800 2298 -
3015 2288 3018 2289 ,
3047 2288 3145 2294 μ---
3172 2288 3344 2314 ...ο-..υ
3381 2288 3622 2311 ισυυιυυδ

2027 2288 2391 2370 honoremus,
2418 2321 2616 2379 easque
2657 2315 2843 2374 laudes
2890 2323 2955 2377 ad
2983 2334 3239 2388 creatoris
3269 2337 3489 2407 gloriam
3535 2363 3622 2400 re-

2040 2383 2141 2407 ττι--
2154 2397 2219 2407 ι-Α-
2250 2405 2261 2407 κ
2421 2395 2433 2407 ¹
2553 2402 2564 2407 ⁵

3143 2383 3237 2388 κ---
3269 2383 3488 2407 ο.ν.......
3535 2383 3621 2400 η,-

2039 2383 2270 2445 feramus
2299 2409 2312 2446 :
2339 2395 2434 2451 sed
2476 2402 2598 2470 quia
2643 2421 2743 2464 nos
2768 2415 3002 2484 creavit,
3054 2421 3122 2475 ita
3153 2424 3320 2484 simus
3361 2435 3526 2502 grati,
3560 2449 3621 2493 ut

2035 2489 2141 2529 non
2190 2480 2391 2550 simus,
2436 2491 2558 2571 quia
2585 2505 2772 2568 sanat,
2825 2504 3037 2575 ingrati.
3088 2512 3224 2571 Vitia
3269 2480 3399 2578 san;
3441 2537 3618 2583 nostra
3660 2571 3664 2574 -

2033 2577 2152 2633 qua:
2180 2581 2365 2638 sanat,
2403 2592 2506 2633 non
2535 2576 2716 2642 divino
2743 2594 2922 2661 operi,
2962 2599 3056 2654 sed
3088 2599 3334 2663 humana:
3362 2614 3618 2673 voluntati

2033 2651 2176 2673 1---.“
2521 2671 2529 2673 -

2780 2651 2794 2659 _
2908 2651 2921 2661 ,
3001 2651 3055 2654 η
3088 2651 3334 2663 ---ω-..νυ
3369 2651 3616 2673 Nam..."

2025 2651 2291 2729 justazque
2314 2661 2456 2722 illius
2485 2671 2730 2733 vindicta:
2761 2683 3054 2744 tribuamus
3097 2708 3113 2746 :
3153 2698 3247 2752 sed
3270 2711 3326 2755 ut
3355 2703 3406 2757 in
3437 2716 3616 2763 nostra

2029 2753 2296 2816 potestate
2337 2754 2501 2816 fuisse
2529 2779 2598 2820 ne
2623 2771 2925 2832 acciderent
2967 2784 3317 2860 conlitemur,
3350 2794 3418 2849 ita
3447 2810 3503 2852 ut
3533 2815 3620 2854 sa-

2031 2843 2225 2896 nentur
2253 2841 2305 2898 in
2335 2847 2474 2906 illius
2502 2859 2670 2926 magis
2696 2876 2817 2920 esse
2845 2869 3205 2932 misericordia
3233 2896 3390 2952 quam
3436 2889 3486 2943 in
3515 2907 3616 2945 no-

2031 2930 2132 2952 .s..-
2163 2942 2250 2952 —--
2267 2949 2280 2952 Α
2298 2951 2302 2952 ν
2321 2943 2334 2952 -
2377 2946 2390 2952 Α
2476 2941 2497 2952 ⁸·

2027 2930 2134 2984 stra
2163 2942 2426 3001 potestate
2471 2941 2755 3006 fateamur.
2788 2955 2936 3014 Hanc
2975 2962 3074 3019 iste
3115 2930 3531 3035 misericordiam
3560 2992 3616 3038 et

2015 3021 2344 3085 'medicinale
2370 3030 2657 3095 Salvatoris
2685 3047 2938 3104 auxilium
2967 3061 3169 3113 tantum
3201 3061 3253 3116 in
3295 3064 3397 3122 hoc
3424 3073 3570 3138 ponit
3593 3117 3609 3138 ,

2029 3121 2084 3166 ut
2113 3113 2351 3184 ignoscat
2396 3129 2681 3187 commissa
2735 3143 3004 3204 praeterita
3025 3185 3040 3209 ,
3071 3163 3176 3202 non
3208 3161 3267 3206 ut
3306 3113 3520 3226 adju'iiet
3542 3117 3612 3219 ad

2029 3201 2191 3226 9.-.--_-
2226 3209 2314 3226 _,-.,
2388 3213 2401 3226 1
2488 3217 2548 3226 .-.

2735 3201 2748 3204 -
3028 3201 3038 3209 ι
3148 3201 3173 3202 π
3213 3201 3266 3206 --
3307 3201 3520 3226 *η’-’ν’
3542 3201 3608 3219 ⁸⁵⁵·

2025 3201 2196 3260 futura
2225 3209 2456 3269 vitanda.
2486 3217 2582 3274 Hic
2614 3226 3060 3306 perniciosissime
3087 3237 3284 3298 fallitur
3313 3263 3325 3298 :
3361 3247 3446 3304 hic
3465 3293 3480 3315 ,
3507 3255 3608 3310 etsi

3017 3304 3020 3306 _
3229 3295 3269 3298 ί-
3314 3295 3323 3298 -
3361 3295 3480 3315 --.η
3509 3295 3608 3310 πυ.

2023 3295 2301 3365 nesciens,
2333 3305 2583 3372 prohibet
2611 3327 2708 3370 nos
2737 3315 2954 3387 vigilare
2987 3333 3044 3380 et
3067 3341 3221 3387 orare
3248 3350 3316 3390 ne
3351 3338 3609 3400 intremus

2789 3380 2816 3387 _
3076 3380 3220 3387 _-___
3248 3380 3316 3390 ..ν
3351 3380 3606 3400 ...μω-,ιω

2021 3380 2072 3435 in
2099 3389 2444 3447 tentationem
2463 3435 2480 3462 ,
2503 3411 2624 3454 cum
2656 3401 2758 3462 hoc
2797 3424 2865 3463 ne
2894 3412 3046 3470 nobis
3075 3421 3314 3490 accidat,
3345 3427 3396 3482 in
3425 3444 3606 3490 nostra

2021 3481 2220 3529 tantum
2247 3489 2509 3548 potestate
2536 3502 2656 3546 esse
2680 3499 2972 3555 contendit.

2089 3564 2314 3624 CAPUT
2353 3571 2568 3633 XXXV.
2608 3612 2682 3624 —
2719 3587 2807 3642 40.
2865 3591 3214 3658 Quorumdam
3267 3621 3362 3660 cur
3411 3615 3604 3685 scripta

2015 3671 2238 3728 peccata.
2271 3663 2563 3738 Desperatio
2587 3675 2639 3730 in
2676 3685 2892 3750 peccatis
2928 3691 3138 3758 perdere
3160 3712 3214 3750 se
3241 3709 3382 3770 putat
3413 3707 3458 3758 si
3479 3663 3602 3778 qtrtid

2016 3768 2114 3806 non
2158 3758 2332 3825 fecerit
2367 3779 2465 3831 quo
2494 3763 2696 3840 instigat
2737 3771 2913 3832 libido.
2945 3781 3025 3836 An
3067 3791 3231 3843 sancti
3241 3758 3456 3851 'mortui
3490 3758 3600 3856 ’σενι

2011 3843 2118 3898 sine
2159 3859 2382 3917 peccato.
2423 3873 2440 3907 ι
2477 3855 2835 3924 Quorumdam
2871 3887 2889 3921 ι
2925 3885 3051 3928 sane
3082 3894 3101 3928 ι
3135 3885 3415 3954 exempla,
3463 3906 3598 3962 quos

2013 3947 2259 3962 ηΛηΑΑ-ΑΑ
2293 3941 2420 3962 '-~"
2837 3958 2847 3962 ’
2874 3958 2885 3962 Δ

2010 3947 2262 4002 peccasse
2293 3941 2547 4013 legimus,
2587 3969 2606 4001 ι
2641 3968 2742 4008 non
2777 3975 2794 4007 ι
2836 3958 2957 4016 ideo
3005 3967 3200 4036 scripta
3240 3991 3258 4024 ι
3291 3975 3415 4031 dicit
3441 3941 3596 4052 ,Ὶψεί

2009 4040 2194 4085 sanum
2245 4038 2414 4104 sapit,
2454 4057 2473 4092 ι
2512 4049 2568 4095 υι
2609 4043 2675 4100 ad
2719 4044 3146 4121 desperationem
3195 4079 3298 4119 non
3341 4078 3593 4138 peccandi

2009 4118 2146 4138 μυ
2200 4130 2212 4138 ,
2315 4134 2325 4138 _
2514 4131 2525 4138 .

2007 4118 2246 4190 valeant,
2279 4134 2331 4212 et
2354 4131 2692 4193 securitatem
2721 4118 2973 4210 peccandi
2995 4152 3148 4209 nobis
3174 4118 3401 4226 quodain
3432 4168 3593 4224 modo

2008 4211 2244 4280 praebere
2288 4207 2608 4283 videantur:
2648 4249 2667 4282 ι
2699 4234 2792 4290 sed
2832 4247 2891 4293 ut
2915 4240 3278 4316 disceremus,
3303 4255 3385 4309 vel
3417 4261 3591 4326 poeni-

2006 4307 2151 4362 tendi
2193 4309 2544 4374 humilitatem
2565 4363 2580 4386 ,
2614 4324 2697 4378 vel
2724 4328 2882 4384 etiam
2925 4332 2977 4388 in
3007 4337 3195 4395 talibus
3222 4307 3458 4414 lapsiburs
3481 4367 3586 4409 non

1997 4679 2050 4726 et
2095 4672 2293 4732 nefaria
2338 4679 2598 4740 desideria
2628 4691 2767 4745 servi
2801 4695 3072 4755 libidinum
3118 4712 3171 4758 et
3200 4710 3580 4772 sceleratorum

1995 4766 2337 4835 cupiditatum
2381 4774 2544 4843 ﬁunt;
2588 4784 2735 4851 quasi
2782 4787 3037 4857 perdant,
3078 4795 3123 4847 si
3169 4812 3272 4851 non
3317 4801 3576 4874 fecerint,

1994 4857 2134 4924 quod
2186 4859 2399 4931 instigat
2451 4866 2645 4936 libido,
2698 4888 2817 4930 cum
2862 4893 2956 4933 eos
2994 4881 3104 4948 jam
3158 4902 3368 4948 maneat
3430 4857 3579 4957 certa

1993 4946 2281 5005 damnatio.
2335 4953 2604 5015 Adversus
2662 4962 2806 5021 hunc
2855 4969 3098 5026 morbum
3150 4977 3373 5038 nimium
3435 4991 3579 5057 peri-

1989 5038 2228 5094 culosum
2273 5053 2327 5096 et
2362 5047 2715 5116 exitiabilem,
2774 5057 2914 5112 valet
2961 5075 3398 5132 commemoratio
3435 5038 3576 5150 rpec--

1987 5136 2228 5186 catorum
2285 5135 2444 5190 etiam
2513 5139 2565 5195 in
2629 5159 2750 5215 quae
2807 5148 2933 5218 jusﬁ
2995 5161 3272 5232 sanctique
3334 5135 3573 5245 prolapsi

1984 5229 2128 5279 sunt.

2054 5316 2144 5370 41.
2177 5317 2282 5373 Sed
2311 5328 2465 5376 acute
2487 5319 2694 5381 videtur
2719 5328 3065 5408 interrogare,
3097 5359 3115 5392 ι
3143 5350 3410 5414 quomodo
3439 5355 3571 5412 istas

1983 5418 2196 5464 sanctos
2222 5408 2288 5466 de
2313 5411 2412 5468 hac
2439 5415 2541 5470 vita
2579 5419 2772 5479 abiisse
2795 5427 3118 5488 credendum
3147 5437 3248 5504 sit,
3275 5457 3394 5498 cum
3441 5455 3566 5519 pce-

1981 5509 2130 5568 cato,
2159 5516 2224 5556 an
2245 5503 2362 5560 sine
2387 5519 2621 5576 peccato.
2660 5531 2679 5564 ι
2715 5513 2781 5570 Ut
2809 5518 2853 5572 si
2881 5535 3194 5591 responsum
3222 5529 3397 5599 fuerit,
3429 5503 3558 5597 Cum

1981 5601 2229 5658 peccato,
2257 5604 2471 5664 putetur
2509 5614 2601 5654 eos
2644 5614 2822 5660 secuta
2872 5609 3175 5684 damnatio,
3225 5621 3385 5690 quod,
3413 5629 3560 5686 nefas
3605 5621 3612 5629 ’

1979 5691 2058 5736 est
2083 5682 2304 5740 credere
2329 5687 2370 5751 ⁸;
2402 5687 2444 5742 si
2472 5699 2648 5746 autem
2671 5695 2786 5752 sine
2816 5713 3032 5767 peccaro
3055 5707 3252 5768 dictum
3281 5711 3432 5768 fuerit
3460 5729 3554 5775 eos
3589 5755 3592 5758 -

2043 5773 2058 5845 ξ
2084 5781 2189 5845 am.
2208 5780 2281 5823 Er.
2311 5785 2360 5826 et
2384 5781 2598 5845 (minque
2623 5791 2749 5845 Mss,
2773 5801 2878 5839 me.

2039 5833 2061 5899 ξ
2082 5833 2448 5899 Cygiraanens'is
2472 5833 2573 5899 ιιὲ..
2597 5833 2721 5896 vero.

2043 5890 2062 5921 ⁸
2085 5884 2308 5960 Plerique
2323 5884 2444 5964 nisi,
2467 5884 2646 5955 dicere:

2979 6001 3242 6082 [Νοὶιω
