4164 6528
503 396 607 453 267

500 482 674 565 exilse
714 508 785 565 de
809 508 910 566 hac
935 507 1075 574 vita,
1106 506 1292 577 probet
1339 503 1608 559 hominem
1629 502 1817 557 saltem
1862 498 2084 570 propin-

499 608 695 668 quante
719 607 892 654 mone
917 596 1081 652 fuisse
1105 596 1221 651 sine
1246 604 1465 667 peccato
1493 593 1548 648 in
1573 592 1675 648 hac
1697 592 1825 645 vita.
1866 589 1966 646 Ubi
1996 602 2090 654 pa-

499 704 619 745 rum
643 689 895 756 attendit,
927 704 1046 745 cum
1067 688 1139 744 sit
1173 686 1532 752 acutissimus,
1564 698 1672 739 non
1702 683 1898 737 frustra
1923 680 2087 735 etiam

498 779 671 850 iustos
698 778 755 835 in
782 779 1022 835 oratione
1045 777 1221 833 dicere
1239 818 1256 843 ,
1283 775 1496 831 Dimitte
1520 774 1662 829 nobis
1691 772 1857 827 debita
1882 780 2085 838 nostra,

500 871 629 925 sicut
650 881 696 925 et
740 886 830 925 nos
858 870 1156 925 dimittimus
1190 867 1494 923 debitoribus
1519 866 1703 920 nostris
1729 880 1748 919 :
1777 863 2088 920 Dominum-

502 974 607 1028 que
636 959 905 1015 Christum
923 1001 939 1026 ,
981 974 1102 1015 cum
1129 957 1373 1015 eamdem
1401 955 1697 1021 orationem
1723 953 1964 1010 docendo
1991 969 2089 1008 ex-

504 1049 810 1120 plicuisset,
863 1050 1205 1107 veracissime
1232 1047 1565 1114 subdidisse,
1606 1045 1668 1101 Si
1687 1045 1819 1100 enim
1842 1044 2091 1098 dimiseri-

501 1141 564 1196 tis
600 1149 805 1211 peccata
850 1138 1132 1195 hominibus
1152 1181 1167 1204 ,
1198 1138 1412 1193 dimittet
1442 1136 1578 1192 vobis
1603 1133 1760 1189 Pater
1786 1143 1942 1189 vester
1977 1149 2092 1204 pec-

502 1241 618 1284 cata
663 1240 844 1286 vestra.
902 1230 1008 1287 Per
1071 1232 1175 1287 hoc
1203 1231 1350 1287 enim
1397 1228 1761 1300 quotidianum
1815 1225 2093 1296 spirituale

503 1320 733 1391 quodam
756 1322 916 1379 modo
941 1323 1217 1379 incensum
1237 1365 1253 1391 ,
1283 1321 1423 1395 quod
1474 1328 1599 1376 ante
1627 1320 1792 1376 Deum
1839 1319 1895 1374 in
1923 1318 2093 1375 altare

503 1411 680 1468 cordis
701 1453 717 1479 ,
757 1411 902 1485 quod
927 1426 1139 1470 sursum
1184 1413 1384 1469 habere
1411 1411 1759 1467 admonemur
1777 1451 1792 1476 ,
1825 1408 2051 1464 infertur
2073 1449 2089 1475 ,

503 1501 713 1578 etiamsi
741 1518 848 1558 non
877 1503 964 1559 hic
989 1504 1197 1559 vivatur
1236 1502 1353 1558 sine
1379 1510 1630 1573 peccato,
1658 1499 1781 1556 licet
1812 1499 1947 1555 mori
1977 1499 2094 1555 sine

502 1601 758 1661 peccato,
800 1592 928 1649 dum
965 1593 1188 1649 subinde
1227 1594 1381 1648 venia
1425 1591 1660 1659 deletur,
1701 1589 1842 1662 quod
1872 1589 2094 1646 subinde

503 1681 799 1753 ignorantia
829 1683 913 1738 vel
938 1682 1241 1738 infirmitate
1260 1681 1629 1738 committitur.

572 1771 800 1831 CAPUT
835 1771 1251 1829 Πᾶνα-42.
1277 1773 1469 1829 Sancta
1492 1772 1631 1844 uirgo
1659 1768 1826 1824 Maria
1852 1770 1960 1824 sine
1986 1769 2094 1825 alio

503 1863 627 1918 uixit
659 1872 882 1932 peccato.
916 1856 1107 1919 Nullus
1151 1872 1392 1935 prteterea
1430 1870 1719 1917 sanctorum
1755 1860 1938 1929 absque
1979 1876 2097 1931 pec-

501 1963 634 2007 cato.
653 1953 851 2009 Deinde
864 1962 1246 2010 commemorat
1261 1967 1374 2020 eos,
1398 1951 1518 2024 (qui
1534 1966 1640 2008 non
1659 1950 1819 2006 modo
1839 1966 1943 2006 non
1972 1965 2096 2019 pec-

502 2054 688 2109 casse,
721 2057 903 2098 verum
944 2042 1105 2098 etiam
1127 2042 1269 2113 juste
1312 2042 1511 2097 vixisse
1556 2039 1877 2107 referuntur,
1934 2039 2097 2108 Abel,

503 2132 711 2197 EthCh,
727 2133 1140 2201 Melchisedech,
1157 2133 1443 2201 Abraham,
1466 2132 1632 2199 Isaac,
1655 2133 1840 2199 Jacob,
1860 2132 1983 2188 Jesu
2002 2132 2097 2187 Na-

503 2238 590 2289 ve,
612 2222 862 2291 Phineas,
883 2223 1121 2291 Samuel,
1148 2223 1377 2290 Nathan,
1404 2220 1567 2290 Elias,
1601 2221 1821 2292 Joseph,
1852 2223 2094 2288 Elismus,

505 2311 759 2380 Micheas,
789 2313 1000 2381 Daniel,
1034 2314 1287 2380 Ananias,
1316 2314 1563 2380 Azarias,
1590 2312 1791 2380 Misael,
1817 2311 2093 2377 Ezechiel,

442 2404 445 2409 λ
509 2401 910 2471 IiardOchatus,
957 2402 1213 2472 Simeon,
1259 2401 1460 2472 Ioseph
1490 2402 1574 2457 cui
1621 2401 1939 2472 desponsata
1982 2410 2099 2457 erat

511 2490 661 2561 virgo
706 2488 1211 2559 Mariahloannes.
1267 2510 1288 2544 ι
1340 2490 1595 2562 Adjuugit
1635 2491 1795 2546 etiam
1840 2489 2094 2557 feminas,

512 2597 532 2631 ι
579 2580 912 2649 Debboram,
968 2580 1177 2637 Annam
1241 2581 1505 2637 Samuelis
1565 2587 1825 2648 matrem,
1878 2578 2094 2646 Judith,

510 2670 733 2738 Esther,
766 2671 986 2728 alteram
1015 2666 1224 2727 Annam
1264 2670 1426 2725 filiam
1467 2670 1741 2738 Phanuel,
1781 2668 2053 2726 Elisabeth
2078 2711 2095 2739 ,

508 2762 676 2830 ipsam
727 2762 889 2816 etiam
933 2761 1142 2817 Domini
1178 2776 1243 2818 ac
1279 2760 1572 2817 Salvatoris
1619 2760 1787 2815 nostri
1832 2759 2094 2825 Matrem,

505 2863 668 2921 quam
712 2868 733 2904 ›
775 2850 903 2907 dicit
946 2870 967 2905 ι
1003 2853 1119 2907 sine
1148 2861 1370 2924 peccato
1424 2850 1669 2907 confiteri
1714 2865 1934 2906 necesse
1977 2865 2098 2907 esse

508 2941 713 3012 pietati.
770 2959 790 2995 ι
839 2943 1073 3013 Excepta
1121 2943 1300 3013 itaque
1344 2952 1526 2999 sancta
1548 2943 1752 3015 virgine
1797 2941 1994 3009 Maria,
2030 2940 2098 2998 de

506 3045 611 3102 qua
635 3040 851 3103 propter
887 3033 1144 3089 honorem
1172 3032 1381 3088 Domini
1405 3033 1609 3089 nullam
1640 3047 1861 3103 prorsus
1884 3046 2006 3087 cum
2031 3031 2097 3087 de

509 3125 741 3195 peccatis
786 3125 990 3195 agitur,
1042 3124 1228 3181 haberi
1274 3128 1292 3159 ¹
1331 3126 1455 3181 volo
1492 3124 1843 3197 qumstionem
1892 3143 1906 3180 :
1957 3122 2097 3179 unde

507 3216 652 3272 enim
682 3217 881 3273 scimus
906 3218 1033 3290 quid
1077 3219 1128 3275 ei
1173 3219 1293 3289 plus
1320 3218 1505 3290 gratiae
1531 3218 1780 3274 collatum
1829 3215 1989 3273 fuerit
2029 3216 2096 3271 ad

508 3308 825 3363 vincendum
846 3309 991 3363 omni
1010 3324 1081 3365 ex
1106 3318 1257 3381 parte
1282 3318 1556 3381 peccatum
1572 3351 1586 3375 ,
1616 3325 1734 3380 quae
1762 3308 2045 3378 concipere
2074 3309 2095 3339 '

504 3410 571 3454 ac
593 3413 782 3470 parere
802 3402 1022 3470 meruit,
1050 3417 1208 3473 quem
1238 3410 1448 3458 constat
1466 3403 1667 3458 nullum
1696 3399 1945 3457 habuisse
1971 3416 2099 3471 pec-

504 3489 724 3545 catum?
750 3489 849 3547 bac
867 3507 996 3563 ergo
1016 3491 1234 3564 Virgine
1255 3500 1494 3564 excepta,
1530 3494 1575 3549 si
1605 3508 1790 3549 omnes
1817 3492 1939 3550 illos
1968 3508 2096 3548 san-

504 3587 621 3636 ctos
641 3588 695 3637 et
723 3593 964 3649 sanctas,
993 3598 1115 3639 cum
1145 3584 1231 3639 hic
1258 3586 1535 3652 viverent,
1561 3599 1886 3657 congregare
1910 3600 2099 3657 possc-

505 3678 627 3731 r'nus
650 3683 703 3731 ct
748 3675 1078 3746 interrogare
1122 3686 1301 3732 utrum
1329 3687 1508 3733 essent
1536 3677 1652 3732 sine
1687 3687 1942 3749 peccato,
1970 3675 2094 3747 quid

504 3765 673 3823 fuisse
715 3781 1069 3837 responsuros
1117 3768 1403 3838 putamus?
1448 3777 1627 3822 utrum
1675 3766 1779 3821 hoc
1822 3765 1962 3838 quod
1994 3767 2095 3823 iste

504 3858 668 3925 dicit,
696 3873 761 3913 an
792 3858 934 3931 quod
961 3857 1195 3914 Joannes
1234 3858 1542 3929 apostolus?
1580 3857 1732 3928 Rogo
1759 3873 1855 3913 vos
1874 3900 1889 3926 ,
1921 3872 2095 3928 quan-

508 3947 694 4004 talibet
719 3947 914 4003 fuerint
943 3949 996 4003 in
1029 3948 1132 4003 hoc
1159 3962 1387 4018 corpore
1414 3948 1728 4003 excellentia
1757 3947 2052 4003 sanctitatis
2075 3990 2091 4014 ,

507 4041 555 4096 si
588 4039 691 4095 hoc
719 4037 1038 4110 interrogari
1081 4039 1369 4109 potuissent
1394 4081 1409 4107 ,
1440 4048 1618 4094 nonne
1644 4036 1664 4070 ⁸
1685 4042 1793 4093 una
1817 4052 1949 4094 voce
1984 4038 2098 4094 cla-

508 4136 779 4198 massent,
821 4128 882 4185 Si
924 4128 1199 4185 dixerimus
1235 4129 1353 4199 quia
1392 4135 1651 4201 peccatum
1691 4145 1793 4185 non
1821 4128 2092 4196 habemus,

508 4235 603 4276 nos
636 4220 774 4292 ipsos
796 4219 1074 4290 decipimus
1095 4261 1111 4288 ,
1156 4228 1203 4274 et
1242 4220 1422 4274 ueritas
1448 4220 1500 4274 in
1540 4220 1682 4274 nobis
1726 4236 1829 4274 non
1864 4220 1980 4275 est?
2015 4220 2098 4274 An

512 4309 642 4365 illud
682 4310 933 4365 humilius
959 4309 1349 4381 responderent
1391 4309 1651 4376 fortasse,
1697 4325 1856 4381 quam
1878 4310 2101 4366 verius?

512 4399 617 4455 Sed
647 4400 771 4455 huic
805 4400 915 4471 jam
944 4400 1154 4472 placet,
1202 4408 1258 4457 et
1285 4411 1431 4457 recte
1468 4402 1672 4472 placet,
1705 4419 1724 4453 ε
1757 4402 1967 4458 laudem
2000 4402 2100 4458 hu-

514 4490 753 4548 militatis
782 4492 833 4546 in
863 4499 1014 4561 parte
1040 4506 1145 4545 non
1179 4506 1379 4561 ponere
1407 4490 1672 4546 falsitatis.
1710 4510 1729 4544 t
1771 4491 1956 4562 itaque
1998 4492 2100 4549 hoc

511 4582 555 4637 si
583 4596 764 4638 verum
794 4581 1065 4648 dicerent,
1098 4576 1357 4637 haberent
1382 4591 1689 4654 peccatum;
1718 4581 1857 4652 quod
1885 4581 2101 4637 humili-

511 4683 590 4730 ter
619 4674 741 4744 quia
785 4671 1113 4740 faterentur,
1144 4673 1341 4728 veritas
1381 4673 1436 4728 in
1459 4673 1537 4728 eis
1574 4680 1717 4728 esset
1744 4671 1766 4702 ⁸
1793 4689 1807 4726 :
1832 4673 1876 4727 si
1921 4681 2099 4729 autem

514 4765 616 4818 hoc
650 4762 1035 4829 mentirentur,
1084 4761 1433 4817 nihilominus
1482 4761 1743 4817 haberent
1785 4772 2097 4833 peccatum,

511 4854 633 4927 quia
660 4855 855 4909 veritas
884 4854 937 4907 in
958 4854 1036 4908 eis
1058 4868 1163 4908 non
1186 4861 1350 4909 esset.

530 4975 541 4979 -
580 4945 808 5002 CAPUT
845 4945 1110 5002 XXXVII.
1138 4975 1212 4987 --
1238 4945 1327 5000 45.
1359 4943 1463 4998 Cur
1491 4960 1591 4998 non
1630 4945 1855 4998 omnium
1897 4954 2104 5017 peccata

515 5037 785 5106 Scriptura
809 5042 1288 5091 commemorauerit.
1314 5054 1334 5088 ι
1364 5036 1552 5091 Dicent
1580 5033 1824 5099 forsitan,
1850 5054 1870 5087 ι
1907 5036 2096 5105 inquit,

521 5147 539 5180 ι
585 5126 850 5197 Numquid
898 5126 1137 5181 omnium
1167 5127 1338 5195 potuit
1356 5125 1648 5207 ,Scriptura
1675 5136 2102 5181 commemorare

516 5216 771 5289 peccata?
807 5233 828 5268 ι
862 5216 928 5270 Ει
962 5229 1146 5269 verum
1188 5215 1237 5270 ci
1266 5215 1479 5280 dicent,
1511 5216 1833 5286 quicumque
1874 5215 2098 5270 dicent:

540 5334 549 5343 '
579 5351 595 5383 ι
624 5355 673 5397 tn
691 5347 835 5397 editis
854 5345 1133 5410 legebatur,
1161 5343 1355 5410 habere.
1388 5328 1446 5397 At
1478 5346 1529 5410 in
1727 5344 1916 5410 haberi.

542 5434 545 5435 ν
574 5413 597 5445 ³
621 5417 723 5459 Duo
745 5419 807 5459 ex
826 5405 1052 5471 quinque
1075 5405 1309 5471 Vaticanis
1330 5413 1475 5471 Mss.,_
1490 5405 1607 5457 inde
1619 5405 1756 5471 enim
1771 5405 1951 5471 scitnus
1972 5407 2102 5470 quod

511 5471 690 5535 cipias
706 5465 881 5537 armis
901 5465 1128 5538 φααιιφι
1147 5465 1304 5538 [ωτϋῇ
1328 5465 1714 5538 adsuetam
1733 5466 1947 5538 Wes
1965 5465 2105 5538 rem

513 5527 778 5597 peccatum,
804 5528 933 5594 quod
956 5527 1226 5593 concipere,
1261 5534 1358 5578 etc.
1396 5529 1471 5578 sic
1512 5529 1660 5578 etiam
1686 5527 1888 5594 legebat
1906 5527 2103 5581 δίπλα-

514 5607 616 5638 um
638 5595 687 5638 in
707 5594 741 5638 3
760 5606 830 5638 π..
853 5590 1006 5638 0.27.
1025 5603 1070 5638 a.
1096 5589 1146 5638 4.

513 5590 1146 5657 umiu3p.,q.27,a.'4.
1742 5590 1762 5594 ‘

577 5657 599 5690 ³
623 5664 713 5706 Per
729 5661 841 5706 Lor.
865 5652 1082 5715 additum
1100 5651 1194 5711 hic,
1207 5663 1379 5711 nonne,
1400 5662 1463 5715 ex
1478 5662 1579 5715 uno
1597 5649 1762 5702 codice
1785 5650 2103 5715 Belgico.5ed

515 5717 655 5765 abest
676 5728 705 5766 a
727 5716 923 5766 caeteris
949 5712 1095 5763 editis
1117 5720 1169 5763 et
1191 5713 1543 5774 manuscriptis.

577 5778 599 5807 δ
630 5777 753 5888 vim}
771 5782 847 5826 Er.
872 5783 925 5824 et
947 5781 1059 5822 ιον.
1080 5779 1264 5844 mutato
1280 5771 1543 5846 verborum
1565 5771 1736 5823 ordine
1749 5772 1951 5839 legitur,
1971 5776 2100 5841 quod

577 5848 631 5888 Lm
671 5846 759 5888 iter
783 5838 1064 5888 faterentur.
1090 5848 1203 5888 ama
1225 5843 1398 5886 ceruus
1412 5848 1460 5887 ut
1483 5849 1553 5887 ass
1575 5842 1712 5886 esset.
2035 5875 2040 5879 .

518 5837 759 5890 nuntiiiter
782 5838 1064 5902 faterentur,
1090 5837 1203 5901 quia
1225 5837 1460 5887 raritasin
1483 5837 1553 5887 cis
1575 5842 1712 5886 esset.
1811 5837 1823 5839 “
1936 5837 1943 5839 ⁷
1984 5837 1994 5841 ’
2035 5875 2040 5879 .

1443 392 1532 447 DE
1569 388 1852 446 NA'I'IJRA
1892 386 1981 441 ET
2020 382 2302 453 GRATIA,
2346 386 2405 441 S.
2451 386 2815 444 AUGUSTINI

3674 386 3787 444 368

2197 513 2297 554 nec
2360 515 2484 556 eum
2551 512 2734 556 contra
2798 501 2900 557 hoc
2940 499 3139 573 aliquid
3198 500 3430 557 validum
3493 501 3649 561 video
3696 519 3791 559 re-

2195 587 2507 656 spondisse;
2555 590 2799 660 quamvis
2850 590 3057 646 videam
3116 602 3293 647 tacere
3335 591 3589 649 noluisse.
3652 584 3790 659 Quid

2195 678 2337 733 enim
2397 680 2626 745 dixerit,
2689 696 2907 752 quzeso,
2955 682 3232 738 attendite.
3272 701 3291 734 ι
3345 683 3488 751 lloc,
3526 703 3545 738 ι
3582 684 3790 752 inquit,

2203 786 2222 820 ‹
2257 780 2400 825 recte
2442 780 2619 841 potest
2656 771 2760 827 dici
2789 771 2857 827 de
2906 771 2990 826 his
3028 788 3256 843 quorum
3313 790 3485 844 neque
3527 774 3792 829 honorum

2195 876 2369 931 neque
2409 860 2667 917 malorum
2696 861 2969 933 Scriptura
3018 864 3087 918 sit
3133 879 3340 921 memor
3368 881 3382 919 :
3413 864 3479 920 de
3527 864 3635 920 illis
3665 880 3791 918 vero

2196 965 2421 1022 quorum
2463 950 2681 1022 justitiae
2720 954 2995 1020 meminit,
3029 960 3084 1009 et
3148 964 3489 1024 peccatorum
3532 955 3650 1010 sine
3694 954 3794 1009 du-

2196 1041 2287 1097 bio
2350 1043 2715 1112 meminisset,
2759 1044 2805 1100 si
2848 1060 2949 1114 qua
2994 1058 3088 1100 eos
3132 1058 3393 1114 peccasse,
3445 1044 3723 1099 sensisset.
3764 1062 3783 1096 ι

2198 1131 2346 1186 Dicat
2374 1147 2504 1204 ergo
2543 1148 2647 1187 non
2678 1134 3000 1204 pertinuisse
3038 1133 3107 1189 ad
3142 1134 3403 1205 justitiam
3438 1143 3637 1190 tantam
3671 1136 3791 1189 illo-

2197 1237 2316 1277 rum
2362 1222 2522 1278 fidcm
2544 1264 2560 1290 ,
2606 1224 2697 1295 qui
2726 1239 2927 1295 magna,
2958 1224 3292 1279 multitudine
3332 1223 3700 1297 praecedentes
3737 1234 3791 1281 et

2196 1321 2587 1384 consequentes
2614 1329 2734 1369 eum
2776 1313 3022 1369 laudibus
3068 1313 3279 1369 Domini
3321 1314 3582 1382 asellum,
3626 1315 3790 1370 etiam

2198 1404 2337 1461 inter
2364 1404 2652 1461 frementes
2694 1420 2860 1476 quare
2885 1404 2988 1461 hoc
3017 1406 3253 1460 facerent
3282 1403 3554 1470 inimicos,
3586 1405 3791 1460 clama-

2197 1496 2326 1551 bant
2353 1495 2627 1564 dicentes,
2663 1483 2912 1552 Hosanna
2946 1497 3055 1566 ﬁlio
3093 1494 3263 1551 David
3290 1496 3347 1561 ¹;
3383 1497 3668 1551 benedictus
3704 1500 3791 1569 qui

2197 1589 2327 1643 venit
2349 1589 2402 1643 in
2429 1589 2629 1643 nomine
2666 1588 2874 1644 Domini
2903 1589 3115 1661 (Matth.
3146 1605 3237 1644 ιιι
3260 1631 3276 1656 ,
3305 1588 3391 1661 9).
3430 1588 3638 1644 Audeat
3661 1604 3793 1661 ergo

2198 1679 2378 1741 dicere
2406 1680 2541 1747 iste,
2580 1681 2625 1736 si
2672 1689 2880 1751 potest,
2910 1682 3177 1737 neminem
3218 1680 3382 1737 fuisse
3428 1680 3480 1736 in
3528 1690 3673 1737 tanta
3702 1682 3791 1736 illa

2198 1772 2574 1853 multitudine,
2611 1774 2699 1844 qui
2745 1773 2910 1828 ullum
2959 1773 3181 1828 haberet
3220 1773 3441 1828 omnino
3487 1781 3789 1844 peceatum.

2199 1861 2351 1931 Quod
2382 1863 2425 1916 si
2452 1862 2894 1919 absurdissimum
2919 1871 3003 1919 est
3028 1863 3238 1931 dicere,
3264 1878 3361 1918 cur
3402 1862 3545 1918 nulla
3572 1872 3791 1933 peccata

2199 1968 2385 2009 eorum
2407 1953 2677 2024 Scriptura
2707 1953 3177 2019 commemoravit,
3207 1969 3329 2024 quae
3362 1962 3567 2009 tantum
3592 1954 3792 2009 bonum

2202 2028 2324 2098 iidci
2350 2042 2587 2113 ipsorum
2614 2058 3037 2101 commemorare
3061 2041 3304 2099 curavit?

2270 2132 2358 2187 44.
2385 2131 2493 2188 Sed
2522 2133 2623 2187 hoc
2647 2133 2806 2187 etiam
2845 2131 3065 2188 forsitan
3097 2133 3211 2202 ipse
3231 2122 3394 2201 vidit,
3424 2142 3481 2188 et
3503 2133 3623 2190 ideo
3661 2134 3792 2187 sub-

2194 2220 2326 2290 jecit
2359 2230 2517 2292 atque
2553 2222 2668 2277 ait:
2709 2240 2729 2274 ‹
2763 2221 2868 2277 Sed
2904 2232 3055 2287 esto,
3102 2223 3219 2277 aliis
3248 2223 3578 2294 temporibus
3620 2223 3794 2278 turbse

2202 2313 2584 2368 numerositate
2619 2313 2854 2368 omnium
2895 2313 3308 2369 dissimulaverit
3348 2322 3564 2385 peccata
3603 2325 3793 2369 conteé

2200 2418 2327 2457 xcre
2356 2419 2370 2458 :
2404 2403 2455 2457 in
2485 2403 2601 2474 ipso
2642 2404 2820 2459 statim
2853 2403 3034 2458 mundi
3081 2403 3406 2475 primordio,
3448 2404 3540 2458 ubi
3579 2404 3793 2460 nonnisi

2201 2501 2428 2563 quatuor
2464 2494 2708 2550 homines
2751 2503 2935 2561 erant,
2983 2493 3148 2565 quid,
3186 2512 3205 2547 ι
3239 2495 3440 2565 inquit,
3473 2513 3491 2546 ι
3527 2494 3793 2564 dicimus,

2200 2596 2297 2636 cur
2317 2598 2423 2638 non
2446 2584 2683 2639 omnium
2715 2585 2944 2640 voluerit
2968 2585 3162 2643 delicta
3205 2585 3544 2642 memorare?
3569 2579 3793 2644 Utrum-

2201 2686 2269 2725 ne
2298 2671 2529 2742 ingentis
2573 2673 2925 2753 multitudinis
2953 2689 3149 2743 eausa,
3195 2690 3314 2747 quae
3360 2676 3597 2732 nondum
3635 2677 3792 2732 erat?

2202 2774 2270 2814 an
2318 2762 2439 2833 quia
2485 2762 2697 2819 illorum
2746 2772 2948 2821 tantum
2978 2767 3066 2837 qui
3103 2766 3485 2823 commiserant
3524 2769 3792 2838 meminit,

2201 2848 2339 2906 illius
2378 2866 2505 2907 vero
2529 2852 2619 2923 qui
2654 2853 2798 2908 nulla
2838 2855 3181 2911 commiserat
3208 2856 3516 2913 meminisse
3545 2871 3651 2911 non
3690 2871 3792 2927 pus
3894 2923 3898 2927 ἑ

2202 2932 2338 2994 tuit?
2376 2959 2396 2993 ι
2431 2939 2621 2998 Adhuc
2649 2942 2670 2974 ⁸
2698 2942 2937 3014 adjungit
2962 2945 3121 3000 verba
3140 2987 3156 3011 ,
3186 2945 3385 3016 quibus
3408 2946 3505 3000 ista
3527 2949 3793 3002 sententia

2202 3029 2420 3088 uberius
2443 3040 2498 3088 et
2518 3033 2725 3104 planius
2746 3043 3049 3090 astruatur:
3077 3053 3098 3087 ι
3131 3035 3308 3105 Certe,
3335 3054 3354 3088 ι
3388 3036 3590 3106 inquit,
3624 3055 3643 3089 ι
3677 3039 3791 3108 pri—

2201 3138 2289 3177 mo
2315 3122 2366 3177 in
2393 3130 2632 3193 tempore
2659 3125 2826 3180 Adam
2855 3136 2907 3180 et
2934 3126 3046 3181 Eva
3067 3169 3081 3194 ,
3113 3142 3180 3183 ex
3207 3127 3402 3198 quibus
3430 3128 3558 3183 Cain
3580 3136 3636 3183 et
3656 3128 3794 3182 Abel

2202 3213 2309 3269 nati
2351 3223 2510 3281 sunt,
2553 3224 2781 3286 quatuor
2820 3225 3024 3273 tantum
3072 3217 3316 3274 homines
3345 3219 3507 3275 fuisse
3549 3214 3796 3275 referun-

2203 3310 2288 3360 tur
2315 3322 2330 3359 :
2354 3307 2595 3377 peccavit
2613 3307 2744 3377 Eva,
2764 3310 3038 3381 Scriptura
3061 3311 3162 3367 hoc
3182 3311 3436 3381 prodidit,
3468 3311 3636 3367 Adam
3660 3326 3796 3382 quo-

2199 3411 2305 3466 que
2351 3396 2595 3468 deliquit,
2624 3399 2810 3455 eadem
2841 3401 3115 3471 Scriptura
3156 3416 3263 3457 non
3290 3402 3454 3457 tacuit
3476 3400 3631 3473 (Gen.
3659 3403 3743 3473 In)
3776 3420 3791 3457 :

2199 3488 2295 3545 sed
2339 3498 2395 3546 et
2427 3488 2558 3546 Cain
2606 3508 2888 3563 peccasse,
2933 3494 3046 3565 ipsa
3094 3509 3246 3566 atquc
3290 3493 3563 3565 Scriptura
3604 3502 3795 3549 testata

2200 3592 2283 3638 est
2327 3581 2439 3652 (Id.
2489 3582 2564 3657 ιν)
2619 3602 2633 3639 :
2680 3601 2906 3657 quorum
2953 3602 3058 3643 non
3104 3587 3265 3643 modo
3307 3596 3558 3658 peccata,
3604 3604 3793 3643 verum

2200 3674 2360 3728 etiam
2391 3684 2728 3744 peccatorum
2755 3677 2952 3731 iudicat
2972 3678 3304 3748 qualitatem.
3329 3678 3479 3751 Quod
3507 3678 3553 3732 si
3579 3687 3633 3734 et
3659 3678 3794 3732 Abel

2201 3773 2506 3835 peccasset,
2547 3774 2602 3821 et
2623 3765 2723 3822 hoc
2757 3768 2873 3823 sine
2898 3768 3058 3823 dubio
3084 3769 3357 3838 Scriptura
3400 3768 3623 3823 dixisset
3652 3786 3665 3821 :
3699 3769 3795 3822 sed

2201 3854 2307 3911 non
2334 3857 2504 3924 dixit;
2531 3873 2659 3929 ergo
2685 3874 2783 3915 nec
2821 3860 2909 3914 ille
2939 3863 3213 3929 peccavit;
3249 3858 3374 3929 quin
3405 3862 3564 3916 etiam
3589 3861 3794 3929 justum

2201 3949 2455 4005 ostendit.
2499 3950 2793 4005 Credamus
2837 3951 2997 4021 igitur
3041 3951 3183 4022 quod
3248 3951 3505 4023 legimus,
3549 3960 3605 4006 et
3650 3951 3794 4022 quod

2202 4053 2310 4094 non
2331 4038 2585 4108 legimus,
2614 4029 2761 4094 nefas
2786 4040 3068 4095 credamus
3097 4050 3356 4097 astruere.
3393 4058 3413 4094 ι

2272 4125 2497 4185 CAPUT
2527 4127 2677 4183 XXX
2687 4127 2813 4184 Vill.
2842 4160 2908 4169 —
2928 4131 3015 4185 45.
3036 4129 3160 4190 Cain
3184 4146 3246 4185 ea:
3260 4130 3370 4185 Eva
3389 4138 3548 4184 matre
3565 4131 3799 4203 genuisse

2155 4269 2167 4280 ,
2203 4214 2295 4273 cur
2322 4226 2553 4291 putatum
2575 4236 2607 4273 a
2630 4219 2929 4293 quibusdam
2974 4222 3151 4292 fuerit.
3185 4220 3406 4276 Peccata
3424 4222 3720 4293 justorum,‘
3748 4232 3798 4276 et

2196 4308 2371 4380 justus
2396 4308 2510 4378 quis
2538 4324 2644 4362 esse
2672 4317 2718 4362 et
2751 4309 2859 4363 sine
2888 4321 3092 4381 peccato
3118 4326 3217 4364 non
3242 4326 3353 4365 esse
3377 4320 3558 4383 potest.
3588 4311 3651 4366 Si
3674 4310 3799 4381 quid

2204 4403 2371 4457 minus
2395 4409 2467 4457 est
2491 4400 2775 4467 eharitatis,
2797 4418 2860 4456 ea:
2883 4404 3000 4457 vitio
3025 4412 3115 4457 est.
3135 4402 3259 4457 Hmc
3275 4403 3481 4471 dicens,
3503 4418 3690 4473 parum
3713 4412 3799 4457 at~

2206 4482 2375 4551 tendit
2389 4492 2529 4567 quod
2552 4494 2710 4566 paulo
2730 4505 2854 4551 ante
2871 4496 2982 4566 ipse
2999 4496 3225 4565 dixerat,
3249 4514 3269 4549 ε
3290 4497 3402 4566 jam
3423 4505 3609 4552 exorta
3628 4495 3802 4551 multi-

2208 4587 2388 4642 tudine
2414 4587 2627 4658 generis
2666 4587 2913 4655 humani,
2943 4588 3110 4643 turba:
3149 4588 3531 4644 numerositate
3561 4588 3801 4659 potuisse

2205 4677 2532 4751 Scripturam
2558 4678 2894 4734 dissimulare
2930 4666 3169 4734 omnium
3197 4690 3411 4749 peccata
3437 4690 3748 4736 contexere.
3773 4696 3796 4730 ο

2209 4768 2322 4824 Hoc
2360 4769 2502 4823 enim
2542 4768 2586 4823 si
2626 4768 2757 4823 satis
2793 4768 3129 4833 attendisset,
3161 4768 3364 4825 videret
3402 4768 3563 4825 etiam
3603 4768 3656 4822 in
3692 4783 3803 4823 uno

2209 4857 2425 4913 homine
2455 4857 2661 4913 turbam
2692 4865 2747 4913 et
2774 4858 3166 4914 multitudinem
3198 4869 3539 4929 peccatorum
3579 4858 3802 4926 levium,

2210 4948 2291 5002 vel
2323 4963 2426 5002 non
2456 4948 2694 5018 potuisse
2716 4988 2731 5015 ,
2762 4948 2848 5003 vel
2888 4950 2934 5003 si
2973 4951 3135 5004 etiam
3175 4949 3378 5019 potuit,
3418 4965 3525 5004 non
3552 4948 3805 5005 debuisse

2210 5037 2497 5093 conscribi.
2515 5037 2590 5093 Ea
2604 5039 2799 5111 quippe
2816 5040 3013 5110 scripta
3026 5041 3367 5111 sunt,quibus
3382 5049 3435 5096 et
3450 5040 3641 5096 modus
3651 5039 3804 5095 adhi-

2208 5120 2415 5203 bendus
2442 5130 2559 5197 fuit,
2590 5140 2645 5184 et
2684 5131 2866 5200 paucis
2899 5133 3161 5202 exemplis
3198 5131 3266 5187 ad
3300 5132 3466 5187 multa
3497 5134 3803 5188 necessaria

2212 5222 2380 5277 lector
2396 5221 2759 5276 instruendus.
2792 5222 2923 5276 Nam
2945 5224 3228 5301 cumipst
3250 5232 3375 5278 tunc
3393 5222 3662 5285 homines,
3684 5222 3807 5276 licet

2209 5303 2383 5369 adhuc
2403 5309 2621 5384 paucos,
2637 5323 2767 5382 quot
2784 5314 2868 5369 ‘vel
2890 5314 2981 5384 qui
3001 5297 3216 5379 fuerint,
3236 5314 3288 5369 id
3306 5323 3411 5381 est,
3431 5315 3599 5368 Adam
3614 5322 3667 5367 et
3695 5314 3761 5367 Et
3775 5330 3804 5366 a

2210 5413 2340 5475 quot
2367 5403 2505 5459 filios
2532 5413 2587 5459 et
2614 5404 2746 5461 filias
2779 5404 3197 5475 procreavcriut,
3225 5414 3279 5460 et
3302 5420 3423 5476 qua:
3454 5404 3558 5461 illis
3587 5405 3806 5465 nautica

2212 5495 2563 5567 imposuerint
2592 5496 2868 5567 Scriptura
2898 5510 3325 5553 commemorare
3363 5496 3597 5551 noluerit
3625 5497 3806 5567 (unde

2224 5655 2294 5726 ..ξ
2318 5655 2572 5726 siceth
2606 5661 2714 5706 Iov.
2755 5662 2881 5716 Mss,
2927 5666 3041 5703 cum
3085 5652 3311 5716 Vulgata;
3344 5660 3395 5702 at
3420 5652 3557 5712 editi,
3593 5649 3667 5715 [di
3715 5661 3806 5701 m-

2210 5716 2521 5893 ZESicnilss.
2550 5785 2605 5829 At
2636 5784 2768 5841 Lov.,
2792 5778 2857 5829 ad
2882 5777 2991 5829 luet
3025 5790 3039 5827 :
3067 5785 3118 5827 et
3164 5776 3294 5836 nfta,
3320 5774 3507 5839 plenius
3528 5789 3545 5835 ;
3570 5789 3669 5838 pro,
3703 5775 3803 5833 pta.
