4202 6550
416 475 525 533 269
1818 458 2019 524 LIBER
2057 458 2257 525 UNUSs
3586 457 3694 519 270

417 589 659 649 nonnulli
691 602 879 661 parum
907 578 1311 643 considerantes
1341 596 1498 655 quam
1528 580 1692 637 multa
1730 580 2001 652 Scriptura

418 685 578 739 tacite
603 688 915 753 praetereat,
944 679 1119 751 ipsum
1148 675 1278 733 Cain
1306 691 1429 731 cutn
1459 683 1629 730 matre
1653 673 2006 729 concubuisse

416 782 735 846 putaverunt
754 813 769 840 ,
792 772 934 829 unde
958 771 1161 843 prolem
1191 785 1308 840 qute
1332 775 1746 823 commemdrata
1772 773 1854 822 est
1882 779 2006 835 pro-

417 873 646 929 crearet,
675 874 926 938 putantes
954 864 1059 918 illis
1088 861 1210 916 ﬁliis
1246 859 1415 915 Adam
1444 870 1658 914 sorores
1686 870 1790 912 non
1816 855 2002 922 fuisse,

414 957 538 1028 quia
572 971 664 1012 eas
692 956 968 1026 Scriptura
998 962 1123 1008 tunc
1153 953 1348 1017 tacuit,
1383 958 1568 1021 postea
1602 945 2006 1017 rccapitulando

416 1047 649 1103 inferens
694 1046 837 1117 quod
882 1043 1335 1115 praetermiserat,
1385 1039 1556 1095 Adam
1592 1038 1732 1092 ﬁlios
1774 1045 1829 1093 et
1872 1036 2006 1091 ﬁlias

415 1151 727 1208 procreasse
769 1135 920 1210 (Cen.
952 1151 1014 1201 v,
1046 1135 1138 1205 4),
1174 1148 1274 1189 nec
1305 1141 1516 1204 tempus
1550 1138 1658 1200 quo
1697 1129 1805 1184 nati
1844 1138 2002 1197 sunt,

415 1241 517 1284 nec
559 1241 838 1283 numerum
864 1267 879 1295 ,
927 1240 1028 1282 nec
1073 1223 1332 1280 vocabula
1374 1218 1690 1292 ostendens)
1736 1236 1749 1272 :
1788 1219 1861 1274 ita
1906 1233 2007 1275 nec

414 1317 941 1374 commemorandum
968 1315 1086 1384 fuit,
1108 1316 1154 1371 si
1175 1314 1330 1378 Abel,
1352 1310 1600 1384 quamvis
1620 1311 1812 1367 merito
1827 1310 2006 1381 justus

414 1410 711 1482 appellatus
738 1419 854 1474 est,
883 1410 1043 1480 paulo
1078 1406 1485 1463 immoderatius
1523 1402 1810 1475 aliquando
1850 1404 2002 1470 risit,

414 1502 500 1558 vel
535 1502 696 1557 animi
728 1502 1044 1557 remissione
1068 1500 1280 1571 jocatus
1305 1508 1405 1567 est,
1438 1498 1523 1554 vel
1550 1497 1683 1552 vidit
1708 1495 1908 1567 aliquid
1938 1494 2004 1548 ad

412 1592 931 1663 concupiscendum,
975 1593 1058 1647 vel
1098 1591 1369 1663 aliquanto
1408 1587 1813 1645 immoderatius
1848 1601 2005 1658 poma

414 1683 717 1754 decerpsit,
756 1686 840 1741 vel
888 1685 1130 1756 plusculo
1168 1685 1291 1741 cibo
1331 1684 1548 1741 crudior
1585 1682 1717 1749 fuit,
1759 1683 1844 1738 vel
1882 1698 2003 1738 cum

411 1783 593 1829 oraret
615 1775 868 1845 cogitavit
897 1773 1096 1845 aliquid
1128 1774 1269 1830 unde
1297 1774 1414 1844 ejus
1445 1775 1496 1828 in
1524 1773 1665 1829 aliud
1693 1785 2006 1829 avocaretur

414 1864 658 1933 intentio,
688 1875 743 1922 et
765 1867 975 1938 quoties
998 1867 1073 1923 illi
1095 1867 1193 1923 ista
1222 1881 1285 1922 ac
1309 1866 1500 1923 similia
1528 1866 1694 1921 multa
1724 1865 2007 1934 subrepse-

414 1958 539 2011 rint.
564 1961 647 2012 An
670 1958 807 2014 forte
829 1967 1045 2030 peccata
1068 1974 1173 2014 non
1199 1967 1353 2024 sunt,
1377 1956 1446 2013 de
1466 1957 1660 2027 quibus
1680 1956 2005 2028 generaliter

414 2049 666 2104 cavendis
687 2058 847 2121 atque
872 2050 1185 2106 eohibendis
1210 2050 1562 2105 admonemur
1585 2057 1851 2120 praecepto
1878 2063 2005 2120 apo.

412 2140 637 2208 stolico,
665 2142 752 2197 ubi
781 2141 940 2208 dicit,
973 2140 1093 2196 Non
1118 2158 1237 2214 ergo
1267 2150 1438 2212 regnet
1472 2148 1733 2212 peccatum
1761 2139 1813 2194 in
1842 2150 2003 2194 vestro

413 2232 616 2287 mortali
634 2246 847 2305 corpore
867 2232 936 2287 ad
955 2231 1286 2288 obedientium
1310 2230 1572 2287 desideriis
1594 2229 1708 2302 ejus
1726 2229 1904 2299 (Rom.
1926 2246 2001 2293 vt.

414 2323 546 2394 12)?
573 2322 667 2380 liis
690 2325 887 2396 quippe
911 2340 981 2381 ne
1010 2324 1323 2380 obediamus
1345 2324 1410 2379 ad
1441 2339 1502 2380 ea
1531 2338 1651 2394 qua:
1680 2338 1785 2378 non
1809 2322 2000 2387 licent,

415 2416 497 2472 vel
524 2416 700 2473 minus
729 2418 961 2487 decent,
990 2417 1296 2490 quotidiana
1338 2426 1393 2473 et
1433 2425 1687 2488 perpetua
1728 2415 2005 2491 conﬂicta—

413 2512 559 2568 tione
574 2512 886 2568 certandum
905 2521 1007 2569 est.
1031 2512 1163 2567 Nam
1188 2513 1367 2583 utique
1388 2528 1454 2568 ex
1481 2511 1583 2567 hoc
1605 2510 1731 2566 vitio
1752 2511 2000 2573 mittitur,

412 2604 497 2660 vel
523 2605 806 2661 dimittitur
834 2605 1020 2661 oculus
1041 2645 1056 2672 ,
1088 2619 1194 2676 quo
1224 2616 1329 2660 non
1362 2610 1613 2673 Oportet:
1642 2596 1785 2674 quod
1817 2602 2000 2657 vitium

412 2695 457 2749 si
481 2696 810 2752 convaluerit
846 2704 901 2754 et
939 2696 1275 2769 prtevaluerit
1295 2738 1309 2760 ,
1335 2694 1494 2751 etiam
1524 2693 1849 2749 adulterium
1878 2704 2003 2768 per-

416 2799 652 2852 patratur
696 2789 749 2843 in
788 2804 1049 2859 corpore,
1091 2787 1231 2858 quod
1275 2788 1326 2841 in
1355 2785 1517 2841 corde
1547 2794 1697 2840 tanto
1733 2786 1790 2839 iit
1815 2785 1999 2848 citius,

412 2894 613 2949 quanto
651 2888 736 2936 est
772 2880 1023 2950 cogitatio
1054 2878 1315 2943 celerior,
1346 2888 1401 2934 ct
1426 2878 1625 2934 nullum
1653 2874 2005 2945 impedimen-

418 2981 526 3024 tum
560 2986 850 3026 morarum.
881 2971 994 3025 [loc
1034 2977 1307 3040 peccatum
1330 3011 1343 3036 ,
1376 2968 1429 3023 id
1465 2974 1580 3033 est,
1622 2967 1762 3021 hunc
1800 2965 2004 3020 vitiosa:

414 3058 710 3116 otiootionis
744 3062 1038 3130 appetitum
1066 3061 1155 3131 qui
1184 3074 1371 3131 magna
1400 3070 1468 3114 ex
1512 3067 1662 3128 parte
1689 3055 1962 3115 frenarunt
1984 3090 2001 3124 δ

414 3162 472 3206 ιιι
505 3167 609 3207 non
646 3152 929 3207 ohedirent
969 3151 1249 3205 desideriis
1275 3150 1393 3220 ejus
1414 3191 1427 3214 ,
1467 3163 1566 3204 nec
1600 3148 1919 3203 exhibet-ent
1954 3148 2003 3204 ei

414 3242 651 3297 membra
685 3256 779 3298 sua
824 3258 970 3296 arma
1020 3241 1350 3313 iniquitatis,
1379 3241 1537 3295 etiam
1579 3240 1706 3309 justi
1749 3238 2004 3309 appellari

415 3344 761 3399 meruerunt;
785 3343 838 3388 et
867 3333 991 3400 hoc,
1017 3332 1283 3404 adjutorio
1307 3332 1493 3402 gratia:
1520 3331 1633 3385 Dei.
1662 3329 1852 3386 Verum
1881 3330 2003 3401 quia

413 3440 558 3498 saepe
585 3427 637 3481 in
664 3426 948 3482 levissimis
980 3434 1036 3482 et
1073 3425 1356 3495 aliquando
1383 3424 1608 3479 incautis
1635 3423 1842 3493 obrepit
1874 3438 2005 3494 pec-

410 3524 620 3583 catum;
647 3526 700 3572 et
722 3517 849 3589 justi
878 3517 1090 3573 fuemnt
1110 3558 1123 3579 .
1158 3526 1212 3571 et
1241 3517 1357 3571 sine
1389 3523 1606 3585 peccato
1632 3530 1737 3570 non
1766 3513 1999 3570 fuerunt.

354 3634 364 3642 -
415 3608 693 3664 Postremo
719 3610 761 3664 si
791 3609 842 3663 in
872 3608 1004 3664 Abel
1030 3608 1175 3679 justo
1200 3607 1431 3662 charitas
1459 3605 1587 3671 Dei,
1615 3620 1719 3676 qua
1746 3619 1849 3660 una
1878 3620 2004 3662 vere

410 3701 585 3767 justus
611 3706 694 3754 est
718 3698 1041 3769 quicumque
1065 3698 1241 3767 justus
1267 3704 1367 3762 est,
1396 3695 1572 3750 adhuc
1601 3704 1717 3751 erat
1744 3708 1851 3765 quo
1880 3709 2003 3765 pos-

411 3798 496 3844 set
534 3798 589 3845 et
627 3789 848 3845 deberet
884 3790 1064 3859 augeri
1101 3786 1179 3859 (a)
1206 3828 1220 3851 ,
1260 3786 1516 3858 quidquid
1557 3786 1734 3841 minus
1765 3794 1907 3853 erat,
1936 3800 1999 3842 ex

412 3879 544 3934 vitio
567 3889 704 3936 erat.
738 3880 804 3935 Et
830 3879 913 3936 cui
939 3894 1043 3934 non
1082 3880 1259 3933 minus
1283 3879 1382 3943 sit,
1420 3876 1603 3932 donec
1618 3875 1684 3931 ad
1713 3875 1855 3931 illam
1887 3875 2003 3946 ejus

413 3970 776 4029 fortitudinem
807 3972 1085 4041 veniatur,
1114 3972 1202 4028 ubi
1244 3979 1353 4026 tota
1383 3969 1620 4027 hominis
1648 3968 2002 4026 absorbeatur

413 4060 733 4117 inﬁrmitas?

481 4151 709 4210 CAPUT
748 4140 991 4210 XXXIX.
1035 4184 1109 4197 --
1148 4154 1238 4212 46.
1280 4150 1428 4210 idem
1463 4162 1707 4210 tradatur
1732 4166 2002 4226 argumen-

413 4256 538 4302 tum.
563 4246 747 4319 Magna
771 4247 925 4318 plane
944 4247 1209 4304 sententia
1231 4247 1496 4303 conclusit
1519 4246 1660 4303 hunc
1681 4247 1856 4303 locum
1878 4260 1998 4302 eum

408 4340 486 4395 sit
513 4357 528 4394 :
551 4339 824 4397 Credamus
856 4341 1012 4412 igitur
1047 4340 1184 4413 quod
1218 4339 1428 4413 legimus
1448 4383 1462 4407 ,
1493 4350 1539 4395 et
1565 4339 1703 4412 quod
1733 4355 1834 4396 non
1870 4339 1999 4411 legi-

408 4446 553 4495 mus,
584 4430 727 4502 nefas
752 4433 1016 4487 credamus
1053 4443 1316 4499 astruere,
1346 4434 1483 4503 quod
1522 4432 1585 4485 de
1618 4432 1810 4487 cunctis
1848 4434 2000 4488 etiam

407 4523 599 4577 dixisse
616 4523 845 4595 suﬁcth
874 4524 1071 4579 Contra
1099 4538 1200 4594 ego
1229 4523 1370 4590 dico,
1398 4538 1497 4578 nec
1525 4537 1685 4580 omne
1705 4524 1844 4593 quod
1868 4524 1998 4593 legi-

408 4626 529 4667 Inus
546 4613 769 4669 credere
790 4629 888 4668 nos
907 4613 1124 4679 debere,
1153 4624 1372 4686 propter
1392 4613 1519 4668 illud
1541 4613 1681 4681 quod
1712 4615 2000 4684 Apostolus

410 4705 484 4757 ait
504 4744 519 4765 ,
555 4701 743 4757 Omnia
778 4704 963 4776 legite,
993 4714 1105 4777 qua!
1130 4704 1260 4758 bona
1300 4713 1415 4758 sunt
1455 4713 1613 4758 tenete
1638 4705 1655 4774 (
1678 4704 1896 4760 I'Thess.
1930 4721 1995 4769 v,

402 4791 502 4862 2t;
533 4802 633 4849 tet
650 4804 898 4851 astruere
917 4794 1118 4865 aliquid
1143 4793 1302 4850 etiam
1329 4793 1470 4865 quod
1500 4808 1604 4849 non
1628 4795 1871 4866 legimus,
1899 4813 1998 4851 ue-

409 4882 490 4939 fas
512 4899 623 4939 non
648 4896 787 4941 esse.
816 4885 1107 4941 Possumus
1143 4886 1288 4941 enim
1318 4884 1515 4955 aliquid
1542 4885 1678 4940 bona
1706 4886 1809 4942 ﬁde
1837 4895 1998 4944 testes

407 4984 651 5033 astruere
675 4978 815 5048 quod
843 4977 1050 5048 experti
1071 4991 1276 5042 sumus,
1303 4978 1461 5032 etiam
1487 4976 1533 5031 si
1561 4977 1698 5033 forte
1721 4993 1826 5035 non
1863 4981 1995 5049 legi-

407 5082 551 5123 mus.
576 5068 677 5124 Hic
704 5069 930 5125 fortasse
953 5070 1263 5140 respondet,
1288 5068 1399 5140 Ego
1415 5084 1533 5123 'cnm
1559 5068 1653 5124 hoc
1673 5072 1909 5139 dicerem,
1934 5073 1997 5128 de

407 5162 693 5235 Scriptum
719 5165 904 5220 sanctis
933 5164 1166 5236 agebam.
1199 5162 1243 5220 0
1272 5164 1473 5219 utinam
1493 5205 1509 5232 ,
1549 5179 1653 5220 non
1694 5165 1815 5221 dico
1851 5168 1991 5222 aliud

407 5269 565 5325 quam
592 5255 646 5309 in
668 5255 774 5310 illis
802 5256 1017 5311 Litteris
1048 5255 1210 5327 legit,
1241 5270 1427 5310 verum
1452 5264 1638 5310 contra
1668 5254 1720 5311 id
1747 5257 1887 5327 quod
1914 5259 1993 5314 le-

406 5350 502 5422 git,
534 5348 664 5404 nihil
702 5349 864 5404 vellet
894 5348 1168 5404 astruere!
1202 5346 1431 5403 ﬁdeliter
1459 5357 1513 5404 et
1550 5346 1866 5405 obedienter
1894 5365 1991 5404 au-

407 5442 547 5498 diret
572 5440 713 5513 quod
735 5441 990 5512 scriptum
1018 5449 1121 5506 est,
1146 5435 1251 5495 Per
1278 5455 1436 5494 unum
1458 5439 1709 5494 hominem
1733 5451 1993 5511 peccatum

406 5532 608 5586 intrauit
632 5533 687 5587 in
715 5533 995 5597 mundum,
1043 5541 1089 5587 et
1126 5547 1217 5603 per
1254 5540 1515 5601 peccatum
1558 5546 1730 5593 mors;
1764 5541 1809 5585 et
1845 5533 1916 5584 ita
1942 5533 1992 5585 in

468 5689 544 5751 (α)
578 5688 817 5755 intellige,
841 5701 940 5752 quo
952 5695 1131 5755 posset
1149 5695 1202 5755 et
1221 5685 1433 5755 deae-ret
1453 5683 1545 5755 hac
1563 5685 1629 5755 _in
1665 5686 1762 5735 vita
1800 5687 1988 5755 augeri.

415 5767 439 5796 ι
474 5738 637 5813 usque
677 5738 890 5813 enim};
920 5738 987 5799 aii
1028 5748 1152 5798 libro
1173 5748 1432 5813 tleSpiritu
1457 5753 1508 5813 et
1531 5747 1795 5813 l.ittcra,_n_.
1820 5738 1932 5803 (ﬁt
1951 5749 1991 5813 si

416 5830 441 5858 ι
603 5812 812 5896 npndum
838 5819 999 5896 [ptest
1020 5818 1150 5896 tantq
1183 5808 1384 5896 dilectio
1402 5808 1504 5865 Dei,
1528 5817 1706 5896 quaqu
1733 5808 1806 5896 illi.
1822 5810 1991 5896 cogni-

416 5892 439 5919 ι
460 5874 576 5922 tioni
600 5872 757 5936 [denae
775 5869 1105 5936 perlectmqne
1119 5871 1348 5936 debetur,
1369 5869 1468 5936 jam
1489 5869 1628 5936 culpa
1660 5869 1991 5936 deputandum

417 5952 442 5982 ι
467 5943 560 5986 est.
586 5930 612 5981 ί
639 5935 752 5985 Vide
776 5930 900 5983 intra
920 5930 1091 5981 lim-tim
1108 5935 1168 5979 de
1188 5930 1493 5980 Pariunt-ioue
1518 5930 1737 5992 iustitiae,
1764 5946 1807 5978 ιι.
1844 5933 1909 5979 l5.

2116 597 2286 635 onmes
2329 580 2557 637 homines
2594 583 2925 653 pertransiit,
2965 582 3018 637 in
3054 598 3154 653 quo
3178 596 3345 639 omnes
3373 572 3705 649 ρεὶέαεενιιιιι

2118 674 2292 745 (Rom.
2324 691 2376 743 v,
2410 674 2498 748 l2)
2524 693 2536 730 :
2561 682 2744 731 etnon
2766 672 3057 731 inﬁt-meret
3083 674 3214 729 tanti
3231 674 3426 730 medici
3449 676 3697 745 gratiam,

2114 764 2238 820 dum
2268 764 2419 822 fateri
2448 782 2551 821 non
2574 767 2687 821 vult
2711 774 2954 821 naturam
2978 762 3264 821 humanam
3291 778 3412 821 esse
3437 765 3697 822 vitiatam.

2113 858 2160 914 υ
2201 859 2402 914 utinam
2447 860 2585 915 sicut
2624 854 2948 914 Christianus
2994 857 3232 927 legeret,
3276 858 3473 929 prater
3513 858 3700 914 Jesum

2114 949 2381 1005 Christum
2406 950 2610 1006 nullum
2634 964 2753 1007 esse
2773 965 2966 1006 nomen
2988 947 3088 1005 sub
3106 950 3264 1017 celo,
3290 951 3341 1005 in
3362 965 3468 1020 quo
3488 958 3702 1021 oportet

2113 1041 2289 1095 salvos
2306 1040 2419 1096 ﬁeri
2436 1055 2532 1097 nos
2544 1041 2676 1113 (Act.
2694 1056 2767 1107 tv,
2784 1040 2873 1110 12)
2891 1060 2905 1097 :
2923 1050 2977 1097 et
2999 1056 3102 1098 non
3125 1039 3531 1112 possibilitatem
3549 1049 3704 1097 natu-

2113 1150 2187 1189 rze
2213 1134 2456 1190 humana:
2486 1136 2556 1189 ita
2585 1127 2914 1199 defenderet,
2932 1145 2987 1189 ut
3008 1133 3167 1190 homo
3191 1149 3285 1205 per
3304 1130 3528 1191 liberum
3555 1133 3701 1189 arbi-
3738 1184 3747 1185 ,

2113 1225 2270 1280 trium
2285 1226 2444 1281 etiam
2461 1226 2576 1281 sine
2588 1226 2688 1281 isto
2700 1220 2917 1282 nomine
2930 1220 3109 1282 salvus
3121 1240 3240 1280 esse
3253 1239 3407 1296 posse
3421 1221 3692 1280 credatur!

2182 1316 2408 1373 CAPUT
2446 1315 2559 1372 XL.
2591 1347 2665 1358 —
2689 1308 2791 1373 47.¹
2814 1314 3071 1373 Christum
3105 1318 3172 1371 ad
3204 1318 3327 1389 quid
3360 1318 3696 1372 necessarium

2112 1406 2253 1460 nobis
2282 1408 2439 1478 fuisse
2476 1409 2669 1477 putavit
2712 1400 2971 1481 Pelagius.
3001 1400 3108 1464 Sed
3137 1402 3286 1479 putat
3323 1408 3546 1465 fortasse
3576 1410 3698 1463 ideo

2112 1501 2468 1555 necessarium
2481 1506 2601 1557 esse
2612 1500 2810 1557 Citriin
2827 1509 3105 1566 nomen,ut
3120 1516 3213 1571 per
3226 1500 3340 1572 ejus
3356 1501 3693 1572 Evangelium

2109 1588 2377 1645 discamus
2405 1591 2850 1662 quemadmodum
2873 1592 3051 1648 vivere
3072 1591 3382 1658 debeamus,
3406 1592 3694 1647 nonetiam

2113 1688 2169 1735 ut
2193 1681 2308 1751 ejus
2332 1682 2645 1752 adjuvemur
2663 1683 2852 1754 gratia,
2880 1697 2987 1755 quo
3014 1682 3150 1738 bene
3171 1684 3430 1739 vivamus.
3454 1683 3550 1740 Vel
3572 1683 3697 1739 hinc

2109 1772 2298 1826 saltem
2323 1773 2636 1829 conﬁteatur
2656 1790 2777 1837 esse
2799 1773 3131 1829 miserabiles
3157 1775 3407 1830 tenebras
3438 1775 3491 1829 in
3515 1775 3697 1830 animo

2110 1863 2346 1917 humano
2364 1904 2379 1928 ,
2408 1864 2498 1935 qui
2532 1866 2635 1920 scit
2662 1864 3112 1936 quemadmodum
3139 1864 3331 1920 debeat
3358 1866 3567 1921 leonem
3594 1865 3698 1921 do-

2110 1967 2259 2010 mare
2278 1994 2295 2022 ,
2332 1963 2387 2011 et
2428 1942 2600 2025 nescit
2624 1954 3074 2026 quemadmodum
3102 1955 3301 2012 vivere.
3330 1957 3409 2010 An
3435 1966 3489 2012 et
3515 1956 3617 2011 hoc
3640 1968 3699 2012 ut

2110 2047 2243 2099 sciat
2279 2045 2477 2102 sufiicit
2514 2047 2564 2102 ei
2597 2047 2824 2103 liberum
2863 2046 3141 2102 arbitrium
3171 2048 3361 2118 lexque
3402 2047 3697 2104 naturalis?

2110 2136 2234 2193 llam
2260 2148 2342 2193 est
2365 2140 2623 2209 sapientia
2655 2140 2837 2208 verbi,
2866 2156 2967 2211 qua
3004 2149 3293 2196 evacuatur
3318 2156 3448 2197 crux
3474 2141 3693 2197 Christi.

2109 2227 2216 2284 Sed
2241 2230 2326 2299 qui
2349 2229 2505 2295 dixit,
2533 2229 2756 2285 Perdant
2775 2230 3077 2301 sapientia»:
3102 2220 3420 2302 sapientum;
3450 2233 3570 2303 quia
3597 2233 3694 2287 ista

2108 2334 2239 2375 crus
2269 2336 2373 2375 non
2402 2328 2577 2391 potest
2605 2308 2872 2385 evaCuari,
2902 2320 3144 2392 profecto
3180 2322 3334 2376 istam
3380 2324 3694 2392 sapientiam

2111 2425 2206 2481 per
2238 2412 2514 2466 stultitiam
2535 2407 2959 2483 praedicationis,
2984 2427 3087 2482 qua
3109 2411 3390 2469 credentes
3418 2426 3692 2481 sanantur,
3728 2442 3749 2453 -

2108 2503 2298 2556 evertit
2326 2499 2369 2577 (ι
2397 2502 2513 2557 Cor.
2545 2519 2591 2571 ι,
2626 2504 2709 2570 l7,
2737 2503 2824 2571 to,
2850 2503 2965 2573 2|).
2996 2502 3052 2558 Si
3079 2505 3220 2559 enim
3251 2494 3572 2574 possibilitas
3598 2522 3694 2561 na-

2108 2594 2296 2649 turalis
2325 2609 2418 2663 per
2461 2594 2684 2651 liberum
2716 2596 3033 2664 arbitrium,
3064 2606 3116 2653 et
3153 2597 3221 2652 ad
3264 2601 3693 2668 cognoscendum

2107 2684 2374 2753 quomodo
2402 2686 2582 2742 vivere
2603 2686 2826 2754 debeat,
2858 2698 2910 2744 et
2938 2689 3004 2743 ad
3036 2690 3168 2745 bene
3193 2689 3474 2744 vivendum
3501 2690 3697 2745 sufﬁcit

2110 2774 2208 2830 sibi
2232 2792 2246 2842 ;
2279 2792 2398 2846 ergo
2427 2774 2657 2832 Christus
2682 2779 2841 2849 gratis
2879 2790 3104 2832 mortuus
3128 2789 3202 2833 est
3227 2779 3420 2851 (Colat.
3457 2796 3494 2835 ιι
3514 2821 3531 2846 ,
3561 2780 3652 2853 ‘2!)
3677 2799 3691 2847 ;

2110 2884 2228 2937 ergo
2265 2877 2556 2922 evacuation
2587 2878 2660 2923 est
2696 2869 2993 2925 scandalum
3030 2872 3213 2925 crucis.
3243 2869 3351 2925 Cur
3389 2886 3491 2925 non
3534 2873 3693 2927 etiam

2109 2973 2206 3033 ego
2229 2958 2313 3012 hic
2333 2961 2651 3015 exclamem?
2673 2961 2780 3017 imo
2801 2961 3134 3028 exclamabo,
3157 2972 3209 3017 et
3234 2963 3348 3019 istis
3369 2964 3695 3035 inerepitaho

2109 3048 2292 3105 dolore
2339 3050 2632 3107 christiano
2678 3069 2692 3107 :
2740 3050 2992 3107 Evacuati
3033 3053 3161 3108 estis
3189 3068 3220 3109 a
3248 3053 3497 3119 Christo,
3524 3057 3611 3125 qui
3642 3058 3691 3109 itt

2111 3150 2295 3194 natura
2317 3140 2704 3210 jnstiﬁcamini,
2729 3157 2759 3195 a
2783 3142 2950 3213 gratia
2975 3143 3248 3199 excidistis
3268 3143 3377 3215 (Id.
3410 3160 3460 3212 v,
3489 3147 3574 3212 ll,
3598 3147 3652 3217 4)
3679 3164 3690 3198 :

2110 3231 2415 3302 ignorantes
2456 3233 2600 3289 enim
2647 3233 2738 3289 Dei
2773 3234 3034 3305 justitiam
3056 3277 3070 3302 ,
3102 3244 3157 3291 et
3194 3246 3425 3292 vestram
3453 3239 3695 3295 volentes

2107 3323 2453 3389 constituere,
2472 3323 2692 3393 justitim
2718 3325 2811 3380 Dei
2837 3341 2942 3381 non
2964 3328 3095 3382 estis
3115 3327 3358 3396 subjecti.
3384 3328 3531 3384 Sicut
3550 3332 3690 3386 enim

2110 3414 2230 3470 ﬁnis
2256 3416 2406 3486 legis,
2439 3417 2509 3471 ita
2540 3418 2700 3472 etiam
2730 3427 2931 3474 natura:
2959 3419 3203 3475 humana:
3229 3421 3431 3477 vitiosm
3461 3425 3639 3479 salvan
3669 3442 3695 3480 r

2108 3506 2349 3573 Christus
2366 3509 2538 3574 est,ad
2549 3510 2811 3581 justitiam
2830 3512 2974 3565 omni
2992 3512 3225 3568 credenti
3242 3513 3416 3585 (Rom.
3439 3531 3493 3579 κ,
3509 3515 3599 3570 Eiet
3612 3520 3666 3588 4)
3681 3559 3693 3571 .

2177 3600 2405 3657 CAPUT
2445 3602 2577 3657 XLI.
2608 3634 2681 3643 —
2704 3604 2791 3659 48.
2822 3604 3019 3659 Omnes
3047 3606 3295 3673 quomodo
3324 3607 3692 3677 accipiendum,

2107 3692 2158 3746 in
2202 3692 2361 3747 verbis
2392 3693 2621 3764 Apostoli
2643 3735 2657 3761 ,
2690 3693 2754 3748 de
2790 3694 2966 3765 quibus
3008 3704 3233 3749 moretur
3270 3698 3499 3767 quintio.
3542 3699 3694 3764 Quod

2106 3798 2283 3842 autem
2306 3786 2405 3841 sibi
2426 3787 2674 3857 opposuit
2702 3787 2767 3842 ab
2797 3787 2874 3842 eis
2902 3786 3028 3851 dici,
3063 3796 3247 3843 contra
3276 3805 3410 3859 quos
3438 3790 3691 3859 lo.;uitin-.

2111 3879 2298 3933 Omnes
2316 3880 2447 3934 enim
2468 3892 2796 3951 peccaverunt
2823 3879 2956 3952 (Itl.,
2982 3897 3059 3949 tu,
3090 3883 3185 3952 ‘25)
3211 3900 3224 3937 :
3250 3885 3587 3939 munifetum
3611 3904 3642 3942 e
3672 3898 3694 3940 t

2108 3969 2248 4040 quod
2283 3970 2347 4025 de
2373 3971 2451 4025 Itis
2477 3971 2670 4026 dicebat
2698 3972 2969 4042 Apostolus
2996 3974 3082 4043 qui
3112 3983 3231 4027 tunc
3260 3986 3433 4043 erant,
3465 3977 3559 4030 hoc
3585 3988 3653 4030 est
3675 4022 3687 4042 ,

2107 4062 2170 4116 de
2194 4061 2391 4118 Judwis
2418 4074 2463 4118 et
2493 4060 2754 4119 Gentibus.
2791 4062 2897 4120 Sed
2939 4064 3095 4133 plane
3112 4065 3248 4119 illud
3284 4067 3425 4136 quod
3453 4082 3691 4121 comme-

2109 4154 2332 4221 moravi,
2366 4152 2465 4208 Per
2493 4168 2648 4209 unum
2669 4153 2921 4210 hominem
2949 4166 3209 4226 peccatum
3240 4157 3442 4213 intravit
3465 4161 3515 4214 in
3545 4178 3691 4215 mun-

2108 4248 2249 4311 dum,
2273 4256 2318 4302 et
2339 4261 2428 4318 per
2444 4257 2700 4318 peccatum
2721 4264 2855 4304 mors
2871 4263 2891 4314 ;
2910 4256 2959 4302 et
2978 4248 3049 4302 ita
3069 4248 3121 4302 iu
3142 4264 3314 4305 omnes
3334 4251 3559 4307 homines
3582 4271 3694 4322 per-

2107 4342 2343 4407 transiit,
2389 4340 2442 4394 in
2487 4354 2587 4411 quo
2627 4357 2797 4395 omnes
2845 4351 3214 4413 peccaverunt;
3253 4350 3306 4399 et
3350 4345 3597 4417 antiquos
3638 4359 3693 4403 et

2108 4433 2451 4498 recentiores,
2492 4441 2545 4487 et
2575 4446 2672 4487 nos
2698 4439 2753 4487 et
2792 4442 3036 4504 posteros
3063 4444 3274 4491 nostros
3300 4441 3561 4492 sententia
3592 4442 3689 4494 ista

2106 4525 2497 4594 complectitur.
2541 4525 2695 4594 Ponit
2726 4526 2885 4580 etiam
2929 4526 3055 4581 illud
3100 4529 3462 4585 teStiumnium
3490 4571 3505 4597 ,
3553 4534 3691 4586 unde

2109 4615 2296 4687 probet
2319 4630 2439 4670 cum
2466 4614 2714 4671 dicuntur
2746 4631 2951 4683 omnes,
2984 4632 3087 4673 nou
3110 4633 3324 4689 semper
3360 4636 3548 4676 omnes
3578 4639 3695 4678 out-

2108 4706 2234 4763 nino
2255 4706 2405 4762 nullo
2434 4708 2793 4784 pra‘tcrtnisso
2823 4708 3042 4778 intelligi
3071 4720 3339 4779 oportere.
3376 4730 3393 4764 ι
3428 4713 3573 4767 Sicut
3603 4732 3693 4784 per

2109 4813 2131 4851 ι
2169 4800 2360 4867 unius,
2395 4819 2415 4853 ι
2455 4779 2662 4870 ἱητμιὶί,
2700 4820 2718 4851 ι
2764 4799 3002 4854 delictum
3046 4802 3100 4855 in
3150 4816 3321 4856 omnes
3368 4805 3595 4860 homines
3641 4810 3695 4862 in

2111 4909 2131 4943 ι
2169 4891 2675 4965 condemnationem;
2699 4892 2837 4946 sicel
2871 4908 2962 4964 per
2988 4893 3140 4947 anius
3153 4894 3411 4964 justitiam
3431 4897 3483 4950 in
3522 4914 3695 4954 omnes

2111 4997 2132 5038 ι
2166 4983 2394 5038 homines
2421 4984 2474 5037 in
2502 4982 2922 5053 justificationem
2963 4985 3097 5039 vita.
3133 5004 3152 5038 ι
3191 4984 3319 5042 Cum
3344 5002 3434 5058 per
3459 4987 3649 5045 Christi
3676 5035 3693 5055 ,

2105 5075 2275 5146 inquit
2295 5117 2308 5138 ,
2328 5060 2585 5146 justitiam
2605 5108 2621 5141 ν
2651 5090 2749 5128 non
2781 5092 2953 5129 omnes
2976 5117 2990 5140 ,
3028 5078 3117 5131 sed
3154 5094 3237 5133 eos
3272 5088 3467 5135 tantum
3503 5084 3588 5153 qui
3615 5085 3695 5139 illi

2104 5167 2309 5222 obedire
2347 5166 2609 5219 voluerunt
2633 5202 2649 5232 ,
2694 5176 2739 5218 et
2780 5165 3030 5235 Baptismi
3068 5171 3179 5239 ejus
3203 5171 3456 5225 ablatione
3492 5177 3695 5246 purgati

2103 5267 2251 5323 sunt,
2287 5257 2629 5326 sancti/italos
2656 5274 2760 5313 esse
2785 5276 2885 5312 non
2906 5259 3116 5316 dubium
3142 5264 3227 5317 sit.
3260 5263 3375 5320 Non
3406 5266 3560 5334 plane
3591 5271 3694 5323 isto

2106 5347 2412 5402 testimonio
2443 5347 2630 5418 probat
2655 5347 2795 5418 quod
2832 5350 2964 5405 vult.
3007 5350 3135 5407 Nam
3165 5352 3304 5409 sicut
3344 5354 3542 5411 dictum
3569 5368 3690 5423 est,

2107 5440 2250 5494 Sicut
2278 5458 2367 5511 per
2394 5441 2546 5495 unius
2584 5440 2822 5496 delictum
2852 5442 2902 5497 in
2932 5459 3103 5500 omnes
3139 5445 3366 5501 homines
3404 5449 3458 5501 in
3498 5452 3692 5503 tonde-

2104 5535 2438 5602 mnationem,
2480 5544 2537 5589 ιιι
2561 5535 2737 5589 nullus
2765 5539 3263 5606 przetermitleretur
3292 5558 3304 5595 :
3338 5540 3415 5593 sic
3448 5546 3505 5594 et
3550 5536 3607 5592 in
3627 5556 3693 5594 eo

2104 5624 2243 5696 quod
2271 5627 2469 5682 dictutn
2494 5636 2594 5691 est,
2628 5644 2716 5698 per
2737 5629 2885 5683 unius
2902 5629 3154 5702 justitiam
3186 5629 3238 5684 in
3268 5646 3440 5685 omnes
3463 5627 3691 5681 ἠοηιὶιηρε

2102 5717 2153 5769 in
2165 5717 2586 5787 justiﬁcationeut
2608 5725 2724 5775 vita:
2744 5716 2855 5790 (Id.
2881 5736 2937 5787 v,
2967 5720 3071 5791 l8),
3099 5722 3275 5777 nullus
3300 5720 3692 5791 prtelertnissus

2103 5817 2186 5861 est
2211 5826 2222 5861 ε
2250 5824 2355 5863 non
2383 5810 2509 5880 quia
2528 5823 2715 5866 omnes
2736 5811 2787 5865 iu
2811 5828 2933 5867 cum
2956 5813 3178 5868 credunt
3203 5823 3257 5866 et
3274 5808 3552 5880 Baptismo
3573 5807 3690 5876 ejus

2101 5900 2424 5968 abluuntur,
2468 5901 2559 5955 sed
2605 5902 2726 5971 quia
2769 5918 2925 5959 nemo
2960 5904 3284 5975 justiﬁcatur
3324 5898 3429 5954 nisi
3472 5898 3525 5951 in
3562 5912 3688 5952 cum
