4164 6524
472 370 574 428 1⁵11

470 479 654 538 credat
673 487 727 534 et
748 474 1018 546 Baptismo
1040 471 1154 540 ejus
1175 469 1437 524 abluatur.
1465 464 1644 534 Itaque
1666 479 1836 516 omnes
1856 447 2070 514 dictum

471 583 592 638 est,
641 585 708 624 ne
753 567 931 636 aliquo
973 561 1132 618 modo
1171 559 1277 615 alio
1317 565 1510 626 przetcr
1559 557 1730 623 ipsum
1775 551 2053 619 quisquam

475 663 652 718 salvus
673 657 788 714 lieri
810 670 966 727 posse
986 652 1252 708 credatur.
1283 648 1430 704 Sicut
1453 645 1594 706 enim
1623 658 1728 696 uno
1760 642 2050 694 litterarum

476 754 734 823 magistro
761 750 814 804 in
844 745 1060 802 civitate
1097 740 1386 798 constituto
1407 779 1422 806 ,
1463 734 1760 791 rectissime
1789 731 2014 785 dicimus
2038 769 2052 789 ,

475 845 674 904 Omnes
703 842 812 896 iste
850 839 936 893 hic
961 837 1166 891 litteras
1192 832 1382 898 docet;
1411 845 1516 884 non
1547 827 1668 896 quia
1698 838 1884 879 omnes
1911 827 2055 876 cives

477 937 683 994 lit-teras
703 931 933 996 discunt,
961 925 1204 995 sed‘quia
1236 935 1395 978 nemo
1421 919 1612 982 discit,
1645 915 1747 970 nisi
1773 929 1930 984 quem
1969 911 2058 964 ille

475 1025 718 1102 docuerit
742 1041 756 1076 :
784 1021 862 1078 sic
887 1033 1046 1075 nemo
1065 1015 1400 1088 justilicatur,
1429 1013 1527 1067 nisi
1548 1025 1706 1080 quem
1727 1005 2055 1077 justiticave-

477 1119 546 1172 rit
573 1115 835 1172 Christus.

549 1203 772 1261 CAPUT
809 1200 969 1256 XLll.
994 1228 1066 1239 —
1083 1197 1173 1252 49.
1206 1194 1379 1249 Potest
1405 1193 1554 1247 homo
1584 1191 1688 1244 sine
1707 1195 1910 1258 peccato
1931 1201 2054 1250 esse,

478 1297 566 1352 sed
598 1293 876 1348 auxiliante
903 1290 1088 1362 gratia.
1120 1283 1436 1342 Possibilitas
1469 1283 1522 1336 in
1556 1281 1742 1335 sanctis
1767 1276 1919 1332 simul
1941 1291 2059 1328 cum

481 1387 659 1454 effectu
677 1384 1000 1457 prooenit.—
1016 1379 1122 1436 Sed
1132 1387 1257 1445 esto,
1277 1377 1467 1447 inquit,
1491 1369 1938 1442 consentiamquia
1949 1384 2034 1421 om
2046 1395 2060 1406 -

479 1497 564 1535 nes
587 1485 868 1550 peccatores
893 1473 1051 1546 fuisse
1089 1479 1316 1525 testatur.
1349 1465 1486 1520 Dicit
1517 1465 1648 1518 enim
1675 1461 1796 1530 quid
1836 1459 2058 1530 fuerint,

479 1547 748 1638 non—quod
788 1564 931 1621 aliud
973 1577 1080 1617 esse
1123 1577 1222 1614 non
1265 1557 1533 1628 potuerint.
1583 1549 1920 1619 Quamobrem
1949 1559 1993 1603 et
2019 1547 2063 1600 si

481 1678 651 1716 omnes
682 1657 905 1712 homines
925 1660 1228 1724 peccatores,
1255 1647 1442 1716 inquit,
1467 1651 1668 1716 possent
1699 1639 1935 1713 probari,
1970 1637 2060 1690 de-

1415 353 1500 408 DE
1539 348 1820 407 NATURA
1865 346 1949 402 ET
1991 340 2269 408 GlllTlA,
2307 339 2366 395 S.
2411 335 2777 396 AUGUSTINI

3615 319 3745 380 ’272

2231 451 2456 508 CAPUT
2495 451 2676 506 XLIV.
2705 483 2772 493 --
2793 451 2880 505 51.
2909 447 3086 502 Status
3112 442 3401 516 quastionis
3425 445 3553 498 inter
3588 440 3746 498 Pela-

2159 548 2334 616 gianos
2381 554 2428 598 et
2473 542 2775 598 Catholicos.
2830 539 3036 610 Antiqui
3098 538 3219 606 iusti
3267 535 3440 592 eadem
3501 552 3603 606 qua
3651 550 3745 588 nos

2161 638 2346 692 Christi
2375 636 2476 704 ﬁde
2513 635 2709 690 saluati.
2741 633 2875 701 Quid
2917 647 3044 702 ergo
3083 631 3191 700 jam
3235 645 3368 700 Opus
3407 635 3490 683 est
3529 627 3584 682 in
3629 628 3748 697 plu-

2163 727 2307 781 ribus
2370 723 2693 780 immorari?
2759 721 3042 777 Veniamus
3098 720 3318 774 interius
3375 717 3443 772 ad
3503 731 3745 778 causam,

2161 832 2318 887 quam
2375 816 2427 870 in
2485 815 2586 870 hac
2641 813 2896 868 duntaxat
2945 812 3242 882 quaestione
3281 810 3364 865 vel
3407 810 3612 870 solam.
3661 805 3745 864 vel

2165 908 2508 978 pencsolam
2563 923 2682 962 cum
2737 906 2852 960 istis
2905 905 3186 960 habemus.
3241 904 3390 959 Sicut
3437 904 3577 958 enim
3633 902 3749 971 ipse

2163 1001 2308 1065 dicit,
2343 1017 2360 1050 ι
2387 998 2452 1052 ad
2479 997 2617 1067 quod
2650 1012 2788 1050 nunc
2816 996 2923 1066 agit
2951 1011 3054 1050 non
3083 995 3351 1066 pertinere
3377 1002 3434 1048 ut
3457 1001 3748 1065 qumratur,

2165 1098 2338 1142 utrum
2384 1087 2598 1152 fuerint,
2643 1087 2721 1140 ιιι-Ι
2766 1087 2873 1140 sint
2917 1085 3077 1155 aliqui
3121 1084 3365 1139 homines
3409 1088 3462 1138 iu
3507 1083 3607 1138 hac
3643 1083 3750 1136 vita

2163 1181 2280 1234 sine
2327 1187 2576 1248 peccato,
2617 1177 2710 1232 sed
2750 1186 2923 1231 utrum
2967 1191 3086 1232 esse
3132 1175 3436 1246 potuerint,
3467 1175 3579 1232 sive
3623 1190 3749 1244 pos-

2165 1273 2272 1326 sint
2312 1289 2325 1324 :
2375 1290 2394 1324 ι
2439 1270 2508 1324 ita
2539 1285 2637 1338 ego
2665 1268 2872 1334 etiamsi
2917 1267 3076 1322 fuisse
3111 1268 3193 1322 vel
3237 1281 3356 1322 esse
3397 1266 3748 1328 consentiam,

2168 1363 2310 1417 nullo
2337 1361 2496 1418 modo
2525 1369 2700 1416 tamen
2731 1360 2967 1429 potuisse
3003 1359 3088 1414 vel
3131 1374 3286 1430 posse
3327 1358 3614 1424 confirmo,
3649 1356 3752 1412 nisi

2163 1454 2478 1524 justilicatos
2517 1451 2685 1523 gratia
2717 1451 2806 1505 Dei
2839 1467 2930 1520 per
2967 1449 3147 1505 Jesum
3175 1448 3442 1504 Christum
3470 1448 3752 1502 Dominum

2169 1553 2407 1601 nostrum
2435 1553 2490 1600 et
2519 1545 2660 1598 hunc
2687 1543 3020 1608 cruciﬁxum.
3069 1541 3142 1596 Ea
3179 1543 3374 1612 quippe
3419 1530 3548 1594 fides
3581 1539 3757 1608 justos

2170 1637 2376 1702 sanavit
2409 1635 2676 1704 antiquos,
2705 1648 2822 1702 qua:
2852 1640 3002 1686 sanat
3029 1639 3086 1687 et
3115 1646 3212 1686 nos
3231 1673 3246 1698 ,
3277 1631 3329 1685 id
3358 1639 3458 1692 est,
3493 1629 3755 1684 mediato-

481 1748 698 1819 [iuitioui
736 1756 900 1800 tamen
925 1719 1110 1796 nostra:
1132 1752 1446 1810 nequaquam
1484 1733 1539 1788 id
1581 1732 1771 1786 obesset
1795 1772 1810 1796 ,
1853 1730 1935 1798 qui
1963 1744 2064 1781 non
2160 1729 2244 1782 ris
2271 1726 2362 1781 Dei
2391 1733 2445 1780 ct
2469 1724 2738 1778 hominum
2781 1721 3010 1776 hominis
3036 1721 3165 1777 Jesu
3194 1719 3389 1776 Christi
3416 1736 3431 1786 ;
3466 1719 3598 1774 fides
3627 1733 3757 1774 san-

482 1855 582 1894 tam
607 1838 727 1910 quid
748 1837 972 1890 homines
1003 1834 1104 1889 sint
1123 1873 1137 1897 ,
1163 1845 1314 1902 quant
1335 1828 1458 1900 quid
1485 1834 1685 1897 possent
1709 1838 1814 1878 esse
1837 1819 2068 1892 defendi-

479 1946 610 1984 mus.
645 1928 738 1982 llic
765 1935 908 1980 recte
931 1925 1052 1978 facit
1071 1923 1112 1986 ί,
1139 1917 1427 1989 aliquando
1451 1913 1780 1978 consentire,
1808 1912 1930 1980 quia
1959 1924 2065 1964 non

476 2017 849 2090 justilicabitur
863 2015 914 2070 in
933 2005 1218 2082 conspectu
1234 2009 1326 2064 Dei
1339 2009 1513 2064 omnis
1527 2007 1711 2060 vivens
1728 2002 2064 2076 (Psal.cxut,

480 2111 560 2179 2).
595 2108 709 2164 Non
741 2116 915 2160 tamen
949 2103 1020 2158 ibi
1047 2117 1167 2158 esse
1191 2099 1538 2172 quaestionem
1558 2137 1572 2164 ,
1603 2094 1696 2150 sed
1733 2095 1784 2148 in
1815 2093 1928 2162 ipsa
1961 2107 2066 2145 non

481 2200 734 2274 peccandi
775 2196 1126 2268 possibilitate
1160 2191 1465 2256 contendit,
1495 2189 1547 2243 in
1583 2203 1688 2259 qua
1716 2201 1814 2241 nec
1846 2200 1942 2239 nos
1971 2181 2068 2237 ad-

484 2273 670 2348 versus
698 2305 820 2346 eum
839 2296 1052 2344 certare
1077 2301 1212 2354 opus
1241 2291 1342 2338 est.
1379 2281 1512 2337 Nam
1551 2292 1724 2348 neque
1753 2274 1882 2330 illud
1913 2273 2071 2328 nimis

485 2399 632 2450 curo,
662 2391 837 2436 utrum
870 2377 1063 2433 fuerint
1085 2375 1172 2430 hic
1196 2371 1378 2442 aliqui,
1413 2370 1496 2426 vel
1521 2369 1646 2434 sint,
1673 2365 1759 2420 vel
1787 2379 1904 2420 esse
1944 2377 2068 2433 pos-

485 2477 610 2541 sint,
639 2473 728 2542 qui
755 2467 1064 2540 perfectam,
1096 2466 1178 2520 cui
1202 2463 1330 2518 nihil
1354 2460 1658 2517 addendum
1681 2465 1844 2521 esset,
1867 2455 2070 2509 habue-

487 2569 622 2633 rint,
655 2565 740 2619 vel
781 2561 1044 2626 habeant,
1091 2558 1172 2611 vel
1215 2553 1444 2610 habituri
1485 2552 1592 2606 sint
1637 2548 1949 2604 cbaritatem
1979 2544 2072 2600 Dei

487 2659 626 2728 (ipsa
656 2664 738 2710 est
762 2653 903 2710 enim
932 2654 952 2683 ¹
984 2648 1277 2712 verissima,
1301 2643 1630 2716 plenissima,
1659 2637 2071 2710 perfectissima-

487 2725 592 2822 que
617 2741 879 2816 justitia);
912 2740 1160 2812 quoniam
1203 2737 1254 2791 id
1277 2777 1290 2801 ,
1317 2735 1458 2806 quod
1490 2733 1511 2766 ³
1539 2732 1807 2786 voluntate
1845 2725 2074 2782 hominis

487 2813 664 2907 adjuta
708 2813 938 2906 per-Dei
975 2829 1201 2901 gratiam
1248 2825 1358 2879 fieri
1403 2837 1560 2894 posse
1597 2819 1854 2876 conliteor
1883 2824 1938 2872 et
1974 2813 2072 2870 de-

491 2927 670 2993 fendo,
697 2922 910 2995 quando
941 2921 1022 2976 vel
1047 2918 1136 2973 ubi
1163 2917 1246 2972 vel
1278 2917 1328 2969 in
1360 2929 1465 2985 quo
1491 2913 1602 2978 fiat,
1625 2909 1846 2965 nimium
1867 2915 2076 2964 certare

491 3033 595 3072 non
640 2994 829 3070 debeo.
877 3010 1058 3079 Neque
1097 3007 1168 3064 de
1223 3006 1334 3076 ipsa
1377 3001 1728 3074 possibilitate
1777 2994 2070 3062 contendo,

489 3122 610 3161 cum
654 3115 838 3158 sanata
883 3109 937 3157 et
981 3099 1160 3170 adjuta
1212 3095 1442 3152 hominis
1493 3092 1768 3148 voluntate
1807 3086 2076 3158 possibili-

492 3209 574 3254 'as
603 3198 715 3267 ipsa
745 3193 898 3249 simul
925 3206 1044 3247 cum
1077 3188 1268 3245 ell‘ectu
1307 3187 1358 3240 in
1387 3183 1584 3239 sanctis
1609 3179 1921 3252 proveniat,
1950 3175 2076 3232 dum

494 3288 723 3342 i-liaritas
753 3283 868 3349 Dei,
903 3287 1158 3351 quantum
1191 3275 1497 3347 plenissime
1522 3279 1710 3326 natura
1739 3276 1918 3325 nostra
1948 3281 2076 3321 sana

486 3391 648 3449 atque
677 3384 894 3447 purgata
932 3386 1124 3443 capere
1153 3375 1359 3441 potest,
1391 3363 1705 3422 dill‘unditur
1741 3362 1796 3417 in
1823 3358 2078 3416 cordibus

493 3469 690 3526 nostris
717 3482 810 3537 per
835 3465 1089 3535 Spiritum
1132 3467 1412 3524 sanctum,
1462 3457 1552 3524 qui
1594 3455 1753 3511 datus
1797 3461 1880 3508 est
1925 3450 2079 3505 nobis

495 3561 670 3629 (liam.
701 3535 754 3624 ἦ,
787 3555 865 3627 5).
897 3553 1084 3609 Melius
1108 3551 1283 3620 itaque
1308 3548 1402 3603 Dei
1428 3559 1588 3602 causa
1613 3545 1787 3615 agitur
1815 3535 1996 3615 (quam
2021 3553 2080 3594 se

495 3653 594 3708 istc
623 3647 829 3720 agendo
853 3646 982 3701 dicit
1007 3643 1288 3700 defensare
1317 3639 1607 3710 naturam),
1638 3651 1760 3692 cum
1790 3644 1844 3690 et
1872 3641 2082 3688 creator

496 3756 541 3798 et
573 3743 802 3796 salvator
827 3735 1130 3807 agnoscitur
1151 3773 1164 3797 ,
1205 3746 1362 3802 quam
1386 3744 1507 3783 cum
1537 3726 1753 3782 defensa
1783 3724 1926 3779 velut
1953 3737 2082 3777 sana

499 3834 804 3901 viribusque
841 3826 1060 3897 integris
1099 3831 1344 3880 creatura
1374 3817 1651 3890 Opitulatio
1691 3813 1969 3870 salvatoris
1998 3813 2082 3866 in-

499 3943 524 3978 a
535 3926 692 3978 nitur.

572 4009 795 4070 CAPUT
835 4005 1218 4064 XLlll.——50.
1245 4003 1382 4057 Deus
1420 4016 1518 4056 non
1547 4000 1692 4072 jubet
1732 3995 2081 4068 impossibilia.

507 4106 700 4160 Verum
739 4107 822 4156 est
857 4107 1032 4154 autem
1071 4094 1214 4166 quod
1252 4094 1357 4160 ait,
1409 4091 1556 4159 Quod
1595 4089 1735 4144 Deus
1783 4097 1884 4142 tam
1929 4086 2085 4140 bonus

503 4211 654 4266 quam
671 4194 846 4262 justus
874 4188 1023 4242 talem
1063 4186 1316 4240 hominem
1355 4181 1560 4254 fecerit,
1589 4179 1674 4250 qui
1695 4177 1716 4210 ⁸
1739 4177 1925 4249 peccati
1953 4174 2086 4228 malo

396 4338 408 4346 .
505 4300 675 4342 carere
697 4281 962 4354 suﬁiceret,
988 4278 1075 4332 sed
1100 4278 1142 4331 si
1168 4276 1421 4330 voluisset.
1445 4272 1573 4340 Quis
1599 4270 1740 4326 enim
1769 4283 1891 4324 eum
1917 4264 2089 4321 nescit

506 4391 694 4436 sanum
717 4385 769 4430 ct
790 4370 1162 4442 inculpabilem
1187 4369 1398 4430 factum,
1425 4375 1478 4421 et
1504 4365 1672 4420 libero
1692 4361 1910 4416 arbitrio
1931 4369 2088 4427 atque

507 4453 571 4526 ad
594 4455 736 4540 juste
761 4463 1046 4521 vivendum
1079 4469 1338 4532 potestate
1381 4458 1544 4512 libera
1574 4451 1957 4509 constitutum?
1986 4449 2087 4505 Sed

511 4549 649 4620 nunc
675 4561 742 4614 de
773 4558 863 4613 illo
889 4555 1089 4626 agitur,
1117 4565 1274 4622 quem
1303 4547 1616 4606 semivivum
1645 4544 1878 4598 latrones
1916 4541 1980 4612 in.
2005 4539 2086 4594 via

510 4654 854 4722 reliquerunt,
879 4647 968 4716 qui
987 4643 1233 4714 gravibus
1260 4643 1469 4694 saucius
1498 4636 1881 4702 confossusque
1909 4631 2092 4684 vulne-

510 4721 655 4798 ribus
696 4755 802 4795 non
841 4737 910 4792 ita
955 4743 1128 4806 potest
1165 4731 1230 4786 ad
1270 4730 1488 4800 justitim
1527 4726 1738 4781 culmen
1765 4721 2088 4785 ascendere,

509 4839 644 4890 sicut
665 4832 832 4903 potuit
861 4829 980 4884 inde
1001 4824 1327 4882 descendere
1358 4841 1370 4876 :
1399 4821 1490 4892 qui
1517 4819 1675 4874 etiam
1697 4818 1741 4872 si
1765 4816 1874 4886 jam
1907 4815 1958 4868 in
1985 4823 2094 4868 sta-

511 4929 632 4982 bulo
657 4935 755 4990 est,
789 4923 962 4977 adhuc
985 4928 1200 4975 curatur
1227 4915 1373 4986 (Luc.
1405 4930 1434 4966 ι
1457 4955 1471 4980 ,
1505 4911 1602 4976 50,
1641 4905 1751 4981 δι).
1783 4907 1897 4960 Non
1935 4905 2094 4976 igitur

515 5019 656 5072 Deus
699 5007 1040 5082 impossibilia
1078 5008 1230 5078 jubet
1266 5024 1279 5060 :
1320 5003 1414 5058 sed
1455 4999 1692 5072 jubendo
1730 4997 2011 5058 admonet,
2041 5003 2096 5048 et

513 5115 688 5168 facere
712 5107 851 5178 quod
881 5104 1084 5175 possis,
1125 5111 1179 5158 ct
1217 5109 1401 5172 petere
1427 5095 1568 5167 quod
1609 5109 1712 5148 non
1753 5092 1942 5162 possis.
1979 5089 2094 5142 Jam

515 5218 654 5258 nunc
683 5200 955 5254 videamus
982 5193 1120 5248 unde
1148 5191 1333 5264 possit,
1364 5187 1504 5242 unde
1535 5201 1637 5239 non
1666 5182 1851 5253 possit.
1887 5182 1988 5234 Iste
2013 5177 2088 5231 di-

513 5297 585 5349 cit
611 5311 624 5346 :
663 5289 932 5344 Voluntate
962 5303 1062 5340 non
1090 5294 1162 5339 est
1185 5325 1197 5346 ,
1228 5280 1361 5352 quod
1385 5287 1566 5332 natura
1591 5284 1768 5347 potest.
1799 5274 1906 5342 Ego
1935 5271 2055 5324 dico
2081 5285 2094 5325 :

516 5387 800 5441 \olunlale
843 5379 1054 5450 quidem
1099 5391 1205 5432 non
1247 5379 1329 5426 est
1375 5371 1535 5424 homo
1571 5369 1779 5436 justus,
1822 5365 1865 5418 si
1911 5371 2096 5418 natura

517 5486 690 5548 potest
722 5494 734 5529 :
775 5473 867 5528 sed
897 5470 1156 5546 medicina
1190 5462 1406 5535 poterit,
1437 5459 1576 5530 quod
1607 5459 1733 5512 vitio
1773 5473 1874 5510 non
1907 5463 2097 5525 potest.

581 5597 594 5626 ³
623 5601 724 5642 Duo
745 5587 954 5639 Vaticani
981 5593 1108 5654 Mss,
1133 5580 1370 5654 ha'recte
1391 5573 1524 5654 limit.
1597 5636 1668 5654 ᾧ,
1702 5647 1725 5654 Α
1756 5646 1775 5654 Δ
1816 5631 1828 5641 .

578 5658 599 5687 ²
625 5654 870 5712 Plerique,
891 5658 1016 5712 MS_S.,
1042 5644 1148 5706 ipsa
1171 5647 1240 5690 est
1265 5644 1524 5712 perustum,
1551 5644 1728 5712 omisso
1750 5644 1893 5705 emat.

579 5716 604 5807 ἰ
627 5691 1116 5777 ᾖς’ὀέξιῑίῌῆἷῖξέὲλ
1137 5699 1357 5764 quoniam
1381 5697 1430 5748 in
1453 5691 1704 5755 voluntate.
1724 5697 1918 5744 οηιίδδυα
1937 5691 2078 5753 Ψ¹⁰ί¹⁶

599 5795 603 5798 -
629 5783 726 5824 λιιι.
755 5781 804 5824 ct
825 5779 917 5824 un,
943 5781 1040 5818 cui.

2169 1819 2344 1888 guinis
2373 1817 2486 1886 ejus
2506 1857 2518 1877 ,
2553 1815 2685 1869 fides
2713 1814 2886 1868 crucis
2911 1813 3062 1883 ejus,
3097 1813 3227 1867 tich
3255 1812 3442 1866 mortis
3481 1820 3534 1866 et
3571 1825 3756 1865 resur-

2159 1908 2420 1964 rectionis
2462 1906 2597 1976 ejus.
2645 1904 2898 1958 [labentes
2925 1919 3054 1974 ergo
3094 1902 3322 1957 eumdem
3351 1903 3582 1970 spiritum
3612 1901 3756 1970 ﬁdei,

2171 2009 2218 2054 et
2237 2016 2326 2053 nos
2351 1997 2620 2062 credimus,
2641 2005 2844 2066 propter
2857 1995 2992 2063 quod
3007 2003 3052 2048 et
3068 1993 3318 2062 loquimur
3339 1991 3406 2060 (ll
3419 1991 3538 2046 Cor.
3553 2006 3626 2056 tv,
3643 1990 3754 2060 l3).

2245 2089 2336 2144 5‘2.
2365 2087 2469 2142 iste
2497 2101 2623 2142 vero
2650 2086 2857 2155 objecta
2887 2083 2988 2138 sibi
3016 2084 3330 2152 qumstione,
3357 2082 3408 2136 in
3439 2096 3542 2152 qua
3570 2094 3760 2135 revera

2175 2178 2523 2234 intolerabilis
2569 2175 2776 2230 videtur
2823 2173 3076 2228 cordibus
3123 2171 3446 2236 christianis,
3497 2169 3624 2240 quid
3668 2184 3758 2224 re-

2175 2269 2432 2339 spondeat
2459 2267 2812 2324 attendamus.
2847 2265 2935 2320 Ait
2969 2263 3112 2319 enim
3141 2281 3154 2318 :
3192 2282 3211 2316 (
3245 2261 3350 2318 Sed
3380 2262 3480 2318 hoc
3507 2272 3590 2317 est
3617 2261 3760 2331 quod

2176 2361 2370 2417 multos
2415 2367 2613 2422 movet,
2656 2357 2884 2427 inquies,
2923 2355 3064 2427 quod
3109 2370 3214 2410 non
3257 2371 3354 2427 per
3396 2354 3488 2410 Dei
3535 2354 3760 2422 gratiam

2177 2452 2444 2506 hominem
2471 2451 2586 2504 sine
2617 2457 2832 2518 peccato
2859 2461 2978 2504 esse
3009 2461 3164 2518 posse
3189 2446 3450 2502 defendis.
3483 2465 3502 2498 ι
3531 2446 3762 2502 Prorsus

2177 2541 2278 2596 hoc
2307 2549 2389 2596 est
2426 2539 2566 2610 quod
2595 2547 2793 2606 movet,
2825 2537 2926 2592 hoc
2969 2545 3050 2594 est
3096 2537 3235 2608 quod
3281 2537 3580 2607 objicimus.
3627 2537 3762 2591 Rem

2179 2633 2346 2704 ipsam
2377 2631 2540 2696 dicit;
2575 2630 2677 2688 hoc
2705 2631 2923 2685 omnino
2951 2629 3228 2700 tegerrime
3249 2630 3606 2684 sustinemus:
3639 2629 3764 2682 hinc

2177 2741 2208 2780 a
2237 2723 2555 2780 Christianis
2598 2723 2720 2778 talia
2750 2721 3040 2792 disputari,
3073 2735 3136 2776 ea
3165 2736 3324 2792 quam
3359 2721 3410 2775 in
3447 2719 3580 2774 alios
3615 2729 3670 2775 et
3709 2721 3764 2774 in

2179 2819 2324 2889 ipsos
2370 2816 2650 2882 habemus,
2696 2814 2982 2870 dilectione
3027 2827 3132 2868 non
3185 2812 3425 2868 ferimus.
3474 2812 3766 2866 Audiamus

2181 2909 2345 2979 igitur
2387 2907 2653 2980 quomodo
2697 2922 2755 2962 se
2801 2906 2867 2962 ab
2916 2905 3214 2976 objectione
3259 2906 3564 2977 quaestionis
3609 2904 3767 2975 hujus

2180 2999 2449 3070 expediat.
2489 3017 2508 3050 ι
2541 3000 2586 3054 Ο
2615 2997 2925 3068 ignorantia:
2953 2997 3182 3064 accitas,
3215 3015 3234 3050 ν
3269 2997 3454 3066 inquit,
3491 3015 3509 3048 ι
3543 3011 3576 3052 o
3601 2997 3769 3065 impe-

2181 3094 2296 3148 rita:
2323 3092 2520 3148 mentis
2551 3091 2754 3162 ignavia
2775 3132 2790 3155 ,
2821 3105 2940 3160 qua:
2969 3088 3020 3144 id
3047 3090 3164 3144 sine
3187 3083 3280 3144 Dei
3306 3089 3472 3160 gratia
3499 3088 3766 3144 defensori

2182 3185 2472 3252 existimat,
2494 3183 2636 3255 quod
2659 3185 2768 3238 Deo
2792 3190 2994 3236 tantum
3021 3181 3202 3236 audiat
3225 3180 3425 3236 debere
3452 3182 3714 3250 reputari!
3744 3200 3762 3233 ι

2182 3275 2240 3331 Si
2270 3275 2599 3330 nesciremus
2626 3289 2746 3343 qua:
2773 3281 3082 3344 sequantur,
3113 3272 3196 3327 his
3228 3273 3592 3327 tantummodo
3619 3272 3770 3326 audi-

2185 3369 2285 3433 tis,
2315 3365 2449 3420 falsa
2489 3380 2587 3420 nos
2627 3365 2694 3420 de
2741 3364 2883 3428 illis,
2905 3363 3142 3434 jactante
3183 3361 3321 3417 fama
3361 3373 3414 3418 et
3455 3363 3770 3434 quibusdam

2185 3458 2434 3514 fratribus
2463 3457 2479 3489 ¹
2511 3456 2717 3512 idoneis
2746 3455 2969 3509 testibus
2997 3454 3451 3518 asseverantibus,
3479 3453 3772 3508 credidisse

2189 3559 2514 3620 putaremus.
2558 3545 2693 3614 Quid
2723 3543 2863 3600 enim
2901 3543 3004 3598 dici
3045 3542 3256 3598 brevius
3290 3543 3460 3612 potuit
3489 3551 3540 3596 et
3572 3544 3769 3608 verius,
3801 3584 3808 3590 .

2185 3654 2342 3710 quam
2405 3636 2810 3708 possibilitatem
2861 3649 2966 3688 non
3021 3633 3294 3703 peccandi,
3347 3639 3774 3702 quantacumque

2187 3740 2268 3786 est
2295 3729 2382 3784 vel
2413 3729 2514 3783 erit
2540 3728 2592 3780 in
2621 3726 2856 3790 homine,
2890 3723 3100 3777 nonnisi
3131 3724 3240 3777 Deo
3267 3721 3464 3777 debere
3497 3719 3774 3792 reputari?

2191 3822 2300 3876 lloc
2325 3827 2381 3875 et
2405 3833 2502 3873 nos
2533 3817 2776 3882 dicimus,
2803 3815 3087 3885 iungamus
3114 3812 3380 3868 dexteras.

2259 3910 2485 3968 CAPUT
2525 3909 2684 3964 XLV.
2727 3937 2794 3950 —-
2833 3907 2922 3962 55.
2955 3905 3096 3962 Alias
3143 3905 3379 3976 expendit
3421 3905 3776 3958 similitudines

2191 4015 2235 4059 et
2262 4003 2670 4058 ratiocinationes
2713 3999 2931 4070 Pelagii.
2977 3999 3057 4053 An
3099 3996 3356 4052 audienda
3387 4007 3506 4050 sunt
3537 4005 3728 4050 caetera
3753 3995 3775 4046 ?

2191 4095 2465 4152 Audienda
2509 4095 2664 4164 plane
2685 4133 2698 4156 ,
2731 4102 2785 4148 et
2818 4089 3132 4160 corrigenda
3177 4089 3358 4158 utique
3390 4087 3474 4141 vel
3516 4085 3766 4142 cavenda.

2199 4208 2218 4241 ι
2265 4188 2396 4244 Nam
2425 4202 2548 4242 eum
2572 4184 2783 4246 dicitur.
2821 4203 2838 4235 ι
2875 4181 3064 4252 inquit,
3103 4199 3120 4233 ο
3159 4181 3330 4249 ipsum
3361 4193 3538 4249 posse,
3569 4177 3770 4230 arbitrii

2193 4280 2412 4336 humani
2453 4278 2671 4334 omnino
2715 4291 2824 4331 non
2863 4289 3000 4340 esse,
3033 4271 3126 4328 sed
3167 4271 3398 4326 auctoris
3425 4278 3648 4332 naturae,
3685 4268 3773 4321 Dei

2193 4371 2434 4434 scilicet;
2478 4368 2632 4439 ecqui
2677 4365 2792 4422 ﬁeri
2822 4373 2998 4436 potest
3027 4372 3084 4418 ut
3123 4362 3322 4434 absque
3353 4361 3443 4415 Dei
3485 4359 3652 4429 gratia
3695 4357 3769 4412 in-

2196 4461 2481 4530 telligatur,
2524 4457 2662 4526 quod
2703 4457 2768 4510 ad
2811 4458 2978 4511 Deum
3020 4455 3233 4524 proprie
3277 4453 3544 4523 pertinere
3587 4464 3776 4504 cense-

2197 4553 2318 4608 tur?
2352 4571 2370 4604 ι
2405 4551 2520 4606 Jam
2560 4549 2722 4619 ccepit
2755 4563 3013 4618 apparere
3041 4546 3168 4616 quid
3199 4545 3338 4598 dicat
3367 4561 3380 4596 :
3410 4542 3504 4598 sed
3547 4557 3614 4595 ne
3644 4539 3780 4594 forte

2199 4645 2471 4706 fallamur,
2501 4642 2658 4694 latius
2696 4639 2745 4694 id
2784 4639 3034 4706 explanat
3061 4643 3116 4691 et
3141 4635 3356 4690 clarius.
3403 4653 3421 4684 ι
3456 4631 3561 4687 Sed
3593 4641 3649 4686 ut
3681 4631 3784 4686 hoc

2199 4734 2528 4791 manifestius
2551 4775 2566 4797 ,
2604 4751 2622 4783 ι
2655 4731 2824 4801 inquit
2847 4771 2859 4793 ,
2897 4747 2918 4782 ι
2960 4729 3048 4782 liat
3072 4769 3086 4794 ,
3115 4727 3271 4797 paulo
3301 4726 3456 4780 latius
3499 4723 3782 4792 disputan-

2199 4826 2322 4880 dum
2353 4835 2456 4878 est.
2493 4823 2725 4876 Dicimus
2767 4820 2909 4873 enim
2951 4817 3206 4885 cujusque
3241 4816 3318 4869 rei
3351 4812 3782 4884 possibilitatem,

2199 4935 2306 4974 non
2337 4927 2444 4972 tam
2485 4919 2538 4970 in
2575 4913 2782 4969 arbitrii
2829 4910 3044 4966 humani
3089 4917 3381 4980 potestate,
3415 4921 3572 4976 quam
3601 4920 3656 4958 in
3686 4918 3782 4957 na-

2203 5019 2333 5066 tura:
2382 5005 2699 5062 necessitate
2747 5003 3064 5057 consistere.
3115 5018 3135 5052 ι
3181 4997 3453 5065 Exempiis
3497 4996 3657 5050 etiam
3703 4993 3787 5048 vel

2203 5096 2638 5154 similitudinibus
2681 5093 2805 5164 quid
2849 5091 2991 5145 dicat
3032 5089 3300 5144 illustrat:
3338 5105 3355 5136 ι
3393 5085 3460 5141 Ut
3487 5095 3608 5154 puta
3649 5102 3665 5134 ο
3704 5087 3787 5136 iii-

2203 5191 2336 5262 quit,
2387 5207 2404 5240 t
2456 5187 2598 5256 loqui
2645 5198 2906 5253 possum:
2947 5181 3088 5252 quod
3131 5179 3273 5248 loqui
3320 5190 3557 5246 possum,
3611 5189 3790 5228 meum

2205 5297 2310 5335 non
2341 5287 2458 5338 cst;
2503 5275 2645 5346 quod
2689 5275 2910 5342 loquor,
2943 5285 3118 5326 meum
3158 5278 3272 5330 est,
3319 5266 3369 5322 id
3401 5273 3516 5330 est,
3559 5263 3791 5334 promite

2206 5367 2493 5424 voluntatis
2522 5384 2534 5420 :
2565 5375 2618 5419 et
2649 5365 2770 5433 quia
2801 5362 2940 5432 quod
2974 5363 3162 5428 loquor
3182 5399 3196 5422 ,
3229 5372 3403 5412 meum
3444 5365 3546 5420 est,
3584 5365 3792 5407 utrum-

2206 5479 2308 5532 que
2337 5461 2512 5513 facere
2557 5471 2803 5526 poswm,
2834 5454 2882 5506 id
2915 5461 3029 5516 est,
3057 5462 3112 5504 et
3156 5449 3299 5518 loqui
3340 5457 3394 5502 et
3441 5460 3543 5498 non
3594 5443 3742 5512 loqui
3774 5459 3789 5496 :

2208 5556 2328 5625 quia
2357 5568 2480 5606 vero
2510 5551 2650 5621 quod
2678 5548 2820 5618 loqui
2853 5561 3090 5618 possum,
3120 5557 3298 5598 meum
3326 5555 3431 5595 non
3464 5547 3564 5604 est,
3599 5535 3652 5590 id
3689 5546 3792 5600 est,

2275 5688 2288 5718 ι
2319 5687 2538 5746 Belgicus
2561 5679 2730 5746 codex,
2750 5687 2792 5728 s.
2829 5677 3037 5737 Amandi,
3063 5683 3109 5727 et
3131 5673 3420 5740 quibusdam
3441 5665 3624 5722 ldmeis
3669 5673 3786 5718 tests

2218 5751 2302 5797 bus
2321 5762 2334 5806 ;
2351 5741 2543 5804 omisso,
2571 5741 2817 5804 fratribus.
