4202 6528
1068 450 1315 461 .-.υρηη
1346 446 1389 453 ,ι
1447 414 1487 464 ιο

392 510 497 567 273

393 619 595 676 arbitrii
625 619 731 676 mei
756 629 913 691 atque
936 620 1222 676 voluntatis
1240 660 1256 688 ,
1284 632 1502 675 necesse
1529 625 1613 673 est
1653 630 1737 671 me
1763 627 1976 685 semper

395 710 538 782 loqui
585 725 781 782 posse,
830 719 885 766 et
931 711 976 766 si
1020 710 1242 767 voluero
1291 725 1398 765 non
1447 721 1605 779 posse
1650 706 1816 777 loqui,
1868 719 1974 771 non

397 816 612 875 possum
642 809 819 857 tamen
845 816 950 857 non
978 815 1138 872 posse
1160 800 1340 870 loqui,
1369 798 1470 855 nisi
1509 796 1648 853 forte
1675 794 1976 853 membrum

399 895 525 952 Illud
546 893 802 963 adimam,
827 910 934 966 quo
961 893 1212 966 loquendi
1242 892 1452 963 impleri
1479 889 1711 947 officium
1740 898 1932 961 potest.
1954 906 1974 941 ο

399 988 555 1044 Multa
586 986 799 1059 quidem
843 987 948 1041 dici
995 994 1233 1057 possent,
1276 983 1491 1056 quibus,
1538 982 1583 1038 si
1610 981 1777 1049 velit,
1819 978 1982 1035 homo

400 1078 598 1134 adimat
643 1076 745 1132 sibi
803 1075 1210 1148 possibilitatem
1262 1073 1534 1146 loquendi,
1575 1087 1685 1128 non
1732 1070 1982 1141 adempto

403 1171 495 1227 illo
523 1169 766 1225 membro
788 1184 894 1239 quo
923 1169 1209 1239 loquimur.
1246 1166 1398 1222 Velut
1424 1166 1469 1222 si
1498 1164 1692 1235 aliquid
1722 1162 1815 1217 fiat
1843 1160 1983 1216 unde

401 1277 504 1317 vox
554 1262 667 1332 ipsa
719 1259 953 1326 tollatur,
1003 1258 1145 1329 loqui
1195 1272 1353 1312 nemo
1402 1256 1600 1327 poterit
1644 1250 1984 1310 manentibus

404 1351 656 1408 membris
699 1368 712 1405 :
758 1363 865 1405 non
914 1348 1054 1406 enim
1086 1364 1187 1403 Vox
1236 1346 1469 1403 hominis
1512 1343 1813 1401 membrum
1858 1349 1982 1396 est:

406 1452 594 1500 vexato
635 1455 764 1497 sane
809 1441 988 1512 aliquo
1028 1440 1284 1495 interiore
1328 1437 1572 1493 membro
1599 1437 1616 1469 ι
1639 1433 1756 1490 fieri
1787 1440 1983 1504 potest,

407 1549 511 1589 non
554 1532 821 1603 adempto.
865 1530 969 1587 Sed
1001 1545 1067 1586 ne
1093 1530 1258 1585 verbo
1294 1542 1540 1599 premere
1576 1525 1791 1591 videar,
1832 1521 1989 1578 mibi-

407 1638 512 1695 que
535 1622 870 1678 contentiose
906 1620 1141 1689 dicatur,
1170 1621 1342 1675 Etiam
1365 1633 1562 1674 vexare
1593 1617 1828 1672 adimere
1867 1622 1948 1669 est
1972 1629 1985 1666 :

409 1728 690 1785 possumus
714 1712 928 1783 quidem
958 1710 1010 1766 id
1036 1712 1248 1767 eflicere
1274 1720 1328 1768 et
1355 1725 1452 1766 ore
1477 1709 1742 1780 aliquibus
1766 1704 1991 1762 vinculis

408 1806 489 1861 sic
511 1804 694 1860 clauso
732 1813 891 1874 atque
917 1804 1192 1868 obserato,
1220 1811 1278 1858 ut
1316 1802 1367 1858 id
1407 1802 1615 1873 aperire
1655 1800 1875 1856 minime
1900 1813 1992 1854 va-

408 1896 614 1952 leamus
635 1936 650 1960 ,
689 1910 863 1967 neque
889 1902 946 1950 ut
983 1896 1254 1966 aperiatur
1297 1896 1347 1949 in
1380 1904 1561 1951 nostra
1602 1893 1672 1949 sit
1706 1900 1988 1964 potestate,

409 2000 530 2041 cum
569 1986 621 2040 in
662 1993 924 2056 potestate
954 1983 1114 2041 fuerit
1153 1993 1210 2039 ut
1246 1983 1585 2039 clauderetur
1618 1994 1867 2038 manente
1907 1980 1990 2036 in-

412 2076 655 2147 tegritate
684 2087 739 2130 et
769 2076 994 2130 sanitate
1025 2066 1409 2130 membrorum.

481 2165 705 2224 CAPUT
733 2164 917 2221 XLVI.
937 2166 1111 2222 -5ι.
1134 2164 1421 2221 Necessitas
1439 2181 1539 2220 non
1560 2172 1751 2237 pugnat
1769 2180 1884 2219 cum
1907 2180 1996 2218 ar-

412 2259 559 2314 bitrio
569 2260 860 2314 voluntatis.
875 2258 981 2315 Sed
994 2259 1119 2330 quid
1132 2258 1197 2314 ad
1211 2274 1310 2314 nos
1321 2259 1345 2313 ?
1358 2258 1647 2315 Videamus
1661 2258 1786 2330 qnil
1802 2257 1995 2314 exinde

413 2358 661 2407 contexat
683 2367 697 2403 :
721 2368 739 2401 α
753 2348 1053 2405 Voluntatis
1070 2350 1211 2404 enim
1228 2349 1469 2417 arbitrio,
1485 2368 1503 2402 ι
1522 2349 1711 2420 inquit,
1736 2368 1755 2402 ‹
1779 2363 1843 2405 ae
1863 2347 1998 2404 deli-

411 2441 688 2499 beratione
713 2440 948 2511 privatur
966 2481 981 2505 ,
1001 2439 1254 2511 quidquid
1282 2439 1509 2496 naturali
1536 2439 1856 2496 necessitate
1875 2454 1998 2495 eon-

414 2534 708 2604 stringitnr.
738 2552 757 2587 ι
794 2533 859 2588 Et
882 2531 973 2588 hic
1008 2532 1259 2587 nonnulla
1282 2531 1509 2602 qumstio
1532 2540 1634 2587 est.
1670 2531 1775 2587 Per
1795 2530 1939 2587 enim
1974 2532 2001 2565 ι

414 2626 700 2683 absurdum
748 2634 851 2691 est,
902 2633 964 2681 ut
1010 2624 1131 2681 ideo
1180 2624 1421 2680 dicamus
1466 2639 1573 2679 non
1617 2623 1888 2695 pertinere
1928 2622 1996 2677 ad

416 2718 738 2774 voluntatem
778 2724 1017 2772 nostram
1055 2714 1195 2787 quod
1239 2714 1380 2770 beati
1419 2730 1541 2770 esse
1571 2714 1836 2780 volumus,
1873 2714 1997 2786 quia

416 2808 469 2864 id
506 2808 723 2865 omnino
751 2807 893 2863 nolle
936 2821 1042 2861 non
1083 2821 1386 2877 possumus,
1428 2804 1609 2862 nescio
1633 2820 1736 2877 qua
1765 2814 1820 2862 et
1857 2805 1996 2861 bona

416 2899 793 2955 constructione
853 2905 1055 2953 natura:
1102 2917 1115 2953 :
1162 2913 1261 2954 nec
1311 2898 1490 2954 dicere
1539 2896 1827 2963 audemus,
1879 2898 1998 2952 ideo

420 2990 585 3046 Deum
627 3004 733 3045 non
758 2990 1104 3057 voluntatem,
1133 2989 1227 3045 sed
1268 2988 1641 3045 necessitatem
1678 2987 1875 3045 habere
1908 2988 1996 3059 ju—

418 3083 599 3148 stitire,
623 3082 745 3152 quia
771 3096 876 3135 non
906 3089 1084 3151 potest
1110 3082 1246 3137 velle
1271 3095 1512 3152 peccare.

488 3175 715 3232 CAPUT
753 3173 958 3230 XLVII.
997 3203 1070 3215 —
1112 3175 1202 3230 55.
1245 3172 1391 3228 Idem
1439 3181 1684 3228 tractatur
1725 3187 2000 3244 argumen-

421 3276 545 3322 tum.
573 3265 842 3321 Attenditc
865 3265 1025 3321 etiam
1053 3280 1171 3336 qum
1197 3271 1490 3335 sequuntur
1514 3282 1527 3319 ε
1557 3282 1576 3316 ι
1603 3263 1737 3328 IIoc,
1764 3283 1784 3317 ι
1810 3262 1998 3331 inquit,

427 3377 447 3410 s
473 3368 528 3415 et
552 3357 620 3414 de
645 3357 848 3423 auditu,
871 3357 1118 3424 odoratu,
1150 3356 1232 3411 vel
1262 3356 1380 3410 visu
1407 3355 1591 3410 sentiri
1621 3353 1873 3426 possibile
1898 3363 2001 3418 est,

421 3449 561 3519 quod
588 3448 807 3514 audire,
834 3446 1084 3512 odorari,
1115 3446 1299 3501 videre
1338 3445 1615 3516 potestatis
1660 3452 1856 3499 nostra:
1895 3444 2001 3509 sit;

424 3554 582 3611 posse
610 3553 740 3593 vero
775 3537 979 3601 audire,
1013 3537 1100 3592 vel
1130 3535 1365 3603 odorari,
1398 3535 1482 3590 vel
1508 3534 1690 3591 videre
1728 3535 2006 3605 potestatis

424 3638 624 3686 nostra:
646 3644 751 3684 non
776 3629 864 3696 sit,
889 3628 980 3684 sed
1009 3629 1058 3683 in
1084 3628 1309 3682 naturali
1337 3626 1656 3683 necessitate
1674 3625 1952 3682 consistat.
1981 3644 2000 3678 ι

429 3724 533 3777 Aut
560 3735 658 3791 ego
689 3736 796 3776 non
838 3720 1078 3791 intelligo
1106 3719 1231 3789 quid
1256 3718 1417 3785 dicat,
1448 3727 1539 3773 aut
1564 3718 1698 3789 ipse.
1725 3716 2006 3786 Quomodo

422 3814 565 3867 enim
598 3813 650 3866 in
677 3820 937 3882 potestate
962 3821 1143 3866 nostra
1173 3826 1277 3866 non
1307 3820 1391 3866 est
1413 3810 1627 3866 videndi
1656 3808 2006 3880 possibilitas,

422 3905 472 3961 si
521 3904 574 3959 in
618 3913 881 3977 potestate
928 3912 1109 3959 nostra
1153 3913 1237 3959 est
1277 3920 1383 3959 non
1430 3902 1642 3959 videndi
1692 3902 2003 3968 necessitas,

421 3997 547 4066 quia
593 3996 645 4050 in
692 4003 951 4066 potestate
998 4006 1082 4051 est
1118 3995 1349 4063 caecitas,
1378 4010 1479 4066 qua
1521 3994 1573 4051 id
1615 3995 1786 4065 ipsum
1827 3994 2009 4051 videre

425 4103 584 4160 posse
641 4089 832 4154 nobis,
888 4088 932 4143 si
980 4090 1260 4153 volumus,
1307 4089 1657 4145 adimamus?
1728 4088 2009 4158 Quomodo

425 4189 603 4236 autem
658 4181 710 4236 in
752 4188 1016 4252 potestate
1069 4187 1247 4235 nostra
1301 4191 1382 4237 est
1424 4180 1623 4247 videre,
1672 4181 1718 4236 si
1762 4182 2005 4248 velimus,

425 4286 545 4327 eum
585 4272 747 4328 etiam
785 4271 928 4327 salva
969 4271 1268 4342 integritate
1312 4280 1515 4327 natura:
1551 4272 1791 4342 corporis
1828 4271 2013 4328 oculo-

426 4379 650 4435 rumque
693 4373 1021 4430 nostrorum,
1065 4379 1164 4420 nec
1202 4351 1449 4421 volentes.
1486 4362 1669 4419 videre
1716 4363 2006 4433 possimus.

426 4456 541 4510 sive
579 4469 678 4525 per
715 4462 925 4509 noctem
966 4453 1253 4508 luminibus
1277 4468 1396 4524 quae
1428 4451 1726 4508 forinsecus
1750 4450 2010 4507 adhiben-

427 4556 514 4602 tnr
547 4547 831 4617 ademptis,
871 4546 984 4600 sive
1026 4560 1123 4601 nos
1162 4545 1441 4616 quisquam
1480 4545 1532 4600 in
1578 4544 1861 4600 tenebroso
1890 4544 2010 4600 loco

427 4637 605 4706 aliquo
644 4634 932 4714 iaeludat't
960 4634 1088 4691 Item
1128 4635 1173 4689 si
1214 4635 1354 4706 quod
1398 4635 1580 4691 audire
1623 4650 1903 4707 possumus
1929 4635 2009 4689 vel

430 4744 535 4783 tton
582 4743 898 4798 possumus,
930 4727 981 4781 in
1019 4733 1199 4782 nostra
1230 4734 1494 4796 potestate
1537 4741 1642 4781 non
1681 4734 1798 4793 est,
1831 4726 1924 4781 sed
1957 4725 2009 4779 in

429 4830 632 4875 natura:
675 4820 1092 4885 constrictione;
1139 4818 1280 4890 quod
1316 4833 1446 4874 vero
1488 4819 1735 4875 audimus
1773 4819 1855 4874 vel
1906 4834 2009 4875 non

429 4912 695 4978 audimus,
728 4912 829 4968 hoc
854 4921 935 4967 est
960 4912 1189 4983 prepriae
1220 4913 1504 4968 voluntatis
1531 4933 1547 4967 :
1578 4928 1676 4968 cur
1702 4927 1806 4967 non
1832 4920 2010 4969 atten-

429 5003 527 5067 dit,
554 5013 748 5075 quanta
770 5003 1048 5059 audiamus
1074 5003 1243 5067 inviti,
1263 5018 1380 5074 qua:
1411 5012 1691 5072 penetrant
1713 5003 1766 5059 in
1794 5019 2012 5061 sensum

432 5106 668 5151 nostrum
697 5097 854 5151 etiam
884 5096 1102 5152 auribus
1130 5095 1389 5151 obturatis
1412 5136 1427 5160 ,
1457 5095 1611 5151 sicuti
1655 5107 1737 5151 est
1772 5095 1842 5152 de
1885 5111 2014 5166 pro-

434 5188 576 5243 ximo
621 5203 783 5244 serra:
818 5189 1035 5253 stridor,
1074 5188 1156 5244 vel
1186 5189 1467 5259 grunnitus
1495 5188 1649 5244 suis?
1698 5188 2012 5260 Quanquam

432 5279 699 5334 obturatio
734 5279 940 5334 aurium
979 5278 1245 5346 ostendit,
1288 5262 1392 5335 non
1439 5278 1492 5333 in
1532 5287 1795 5349 potestate
1832 5287 2011 5335 nostra

433 5383 574 5435 esse,
602 5370 799 5438 apertis
825 5369 1043 5426 auribus
1069 5385 1174 5425 non
1204 5370 1425 5427 audire:
1454 5370 1582 5426 facit
1602 5371 1760 5426 etiam
1786 5370 2015 5427 fortasse

438 5462 557 5516 talis
588 5462 853 5518 obturatio
890 5478 1009 5532 qua:
1054 5463 1224 5532 ipsum
1266 5479 1482 5521 sensum
1526 5472 1765 5520 nostrum
1794 5463 2011 5531 adimat,

436 5562 494 5606 ut
528 5553 579 5607 in
619 5561 795 5607 nostra
839 5561 1101 5624 potestate
1142 5553 1206 5609 sit
1253 5554 1411 5609 etiam
1456 5553 1642 5609 audire
1686 5570 1789 5607 non
1832 5569 2009 5625 posse.

500 5709 517 5741 ί
542 5713 590 5756 In
614 5706 955 5771 Polemicorum
974 5708 1193 5771 editione
1210 5707 1459 5771 Parisiensi
1484 5708 1596 5771 anni
1634 5707 1768 5766 I644,
1796 5706 2015 5771 (equiti:-

440 5781 515 5819 mo
550 5769 717 5830 potem
756 5769 1052 5831 manentibus
1091 5769 1317 5831 membris
1352 5772 1465 5828 (non
1480 5767 1634 5831 “enim
1678 5782 1768 5817 me
1811 5766 1992 5820 homini
2000 5782 2017 5814 ς

440 5828 701 5941 ἵειήὶιηῖἑηι
723 5837 813 5893 est)
843 5843 860 5881 :
885 5828 936 5881 id
959 5833 1084 5895 quod
1113 5828 1281 5883 vexato
1303 5844 1417 5882 sane
1439 5828 1599 5893 aliqua
1619 5829 1842 5881 interiore
1869 5842 2014 5878 mem-

474 5906 524 5939 r0
543 5929 555 5942 .
580 5908 608 5942 (ε
660 5928 672 5938 .

506 5956 524 5983 ²
543 5929 736 6004 ἒῖδλιιι.
761 5961 812 6005 ει
832 5960 934 6003 \lss.
964 5961 1014 6004 Αι
1039 5960 1109 6003 Er.
1139 5966 1188 6005 et
1206 5962 1333 6015 Ling,
1359 5965 1588 6019 perquam
1614 5951 1754 6001 enim.

1813 497 2011 552 Lmen
2050 493 2254 557 usus.
2292 452 2297 459 ’

2530 419 2539 426 ’
2574 423 2676 461 “”ῒ⁶
2726 422 2806 461 “"1

3559 496 3664 553 974

2074 612 2159 669 De
2184 610 2407 667 odoratu
2433 617 2611 666 autem
2633 604 2770 681 quod
2797 610 2942 678 dicit,
2967 625 3143 667 nonne
3169 624 3355 683 parum
3380 608 3603 667 attendit
3621 611 3665 678 ',

2090 721 2109 755 ‹
2147 717 2253 758 non
2281 701 2483 758 esse'in
2526 714 2708 757 nostra
2736 707 2998 771 potestate
3024 714 3181 775 posse
3205 699 3418 757 odorari
3446 698 3535 756 vel
3557 713 3667 756 non
3766 698 3771 699 “

2084 806 2261 863 posse,
2303 791 2397 848 sed
2439 791 2493 846 in
2536 800 2716 847 nostra
2760 799 3022 862 pote5tate
3062 800 3205 860 esse,
3253 810 3274 846 ι
3319 790 3424 848 hoc
3463 796 3569 860 est,
3614 793 3671 846 In

2084 882 2251 938 libera
2296 882 2585 948 voluntate,
2622 900 2643 936 ‹
2675 882 2890 941 odorari
2934 882 3015 938 vel
3060 897 3168 938 non
3215 881 3428 938 odorari
3458 899 3473 938 :
3504 900 3523 935 ι
3544 896 3667 938 eum

2085 971 2225 1028 inter
2266 970 2461 1028 odores
2502 986 2693 1043 graves
2738 981 2795 1028 et
2836 973 3094 1030 molestos
3140 971 3352 1045 quando
3396 971 3671 1028 constituti

2085 1062 2368 1132 fuerimus,
2403 1063 2450 1119 si
2474 1064 2593 1135 quis
2621 1078 2719 1119 nos
2745 1064 2854 1133 illic
2878 1065 3125 1122 manibus
3163 1065 3337 1137 ligatis
3361 1065 3669 1132 constituat,

2087 1165 2300 1212 servata
2355 1170 2571 1228 prorsus
2624 1156 2926 1227 integritate
2969 1172 3034 1214 ac
3075 1157 3248 1213 salute
3303 1155 3667 1212 membrorum

2088 1247 2313 1302 velimus
2358 1262 2464 1301 non
2512 1246 2747 1315 odorari,
2793 1260 2894 1303 nec
2937 1246 3156 1302 omnino
3203 1246 3504 1317 possimus;
3547 1245 3671 1315 quia

2088 1353 2208 1393 cum
2262 1338 2504 1408 spiritum
2556 1337 2755 1393 dueere
2805 1337 3091 1409 cogimur;
3146 1337 3305 1394 simul
3350 1345 3406 1393 et
3451 1335 3669 1393 odorem

2089 1444 2247 1501 quem
2277 1428 2542 1495 nolumus,
2575 1428 2878 1484 trahimus?

2160 1518 2388 1575 CAPUT
2417 1517 2649 1574 XLVIII.
2672 1548 2741 1560 —
2758 1518 2847 1575 56.
2868 1518 3059 1575 Gratias
3076 1519 3390 1590 adjutorium
3418 1519 3471 1574 in
3490 1512 3693 1572 natura

2091 1612 2305 1682 integra.
2335 1609 2483 1667 Sicut
2508 1625 2637 1682 ergo
2677 1611 2815 1669 ista}.
2832 1611 3205 1671 similitudines
3246 1611 3391 1667 falsae
3419 1619 3573 1676 sunt,
3605 1609 3676 1666 ita

2093 1709 2149 1758 et
2176 1701 2301 1757 illud
2331 1711 2549 1773 propter
2584 1701 2725 1773 quod
2771 1717 2865 1759 eas
2910 1705 3075 1758 voluit
3119 1701 3394 1759 adhibere.
3427 1701 3681 1773 Sequitur

2094 1794 2236 1850 enim
2263 1802 2317 1850 et
2343 1793 2472 1850 dicit
2504 1812 2519 1848 :
2558 1813 2577 1847 ι
2611 1793 2782 1851 Simili
2812 1809 2941 1866 ergo
2976 1794 3137 1851 modo
3172 1794 3242 1852 de
3281 1810 3391 1852 non
3427 1794 3681 1866 peccandi
3710 1833 3716 1851 λ

2095 1886 2447 1958 possibilitate
2499 1885 2899 1958 intelligendum
2940 1893 3070 1955 est,
3110 1886 3253 1957 quod
3307 1901 3414 1942 non
3461 1900 3684 1957 peccare

2097 1986 2339 2035 nostrum
2366 1976 2457 2045 sit,
2488 1992 2648 2050 posse
2674 1992 2802 2035 vero
2828 1992 2935 2039 non
2964 1993 3192 2050 peccare
3221 1993 3325 2034 non
3360 1986 3623 2034 nostrum.
3660 1995 3679 2030 ι

2095 2068 2153 2124 Si
2197 2068 2267 2125 de
2316 2068 2522 2140 integra
2569 2078 2626 2125 et
2670 2083 2797 2125 sana
2843 2067 3078 2125 hominis
3122 2080 3309 2128 natura
3355 2069 3715 2140 loqueretur,,

2098 2174 2255 2231 quam
2281 2158 2441 2215 modo
2464 2175 2572 2216 non
2595 2158 2856 2215 habemus
2875 2158 3009 2233 (Spe
3029 2160 3166 2215 enim
3189 2160 3317 2215 salvi
3344 2160 3466 2233 [acti
3488 2176 3686 2224 sumus;

2102 2266 2217 2320 spes
2244 2259 2410 2305 autem
2450 2266 2563 2322 quae
2588 2250 2784 2305 videtur
2818 2266 2920 2305 non
2962 2259 3033 2305 est
3071 2267 3186 2321 spes
3214 2265 3233 2304 :
3259 2250 3304 2305 si
3324 2260 3510 2308 autem
3554 2250 3687 2321 quod

2099 2357 2201 2396 non
2250 2340 2487 2396 videmus.
2525 2356 2811 2412 speramus,
2861 2358 2958 2411 per.
3001 2341 3295 2413 patientiam
3342 2351 3690 2414 exspectamus

2101 2429 2277 2504 [Rom
2303 2430 2537 2500 vnn-24,
2563 2429 2834 2504 25]),nec
2868 2431 2947 2488 sic
2981 2439 3126 2489 recte
3154 2431 3374 2500 diceret,
3403 2431 3547 2504 quod
3583 2446 3711 2489 non.
3753 2465 3763 2489 ι

2100 2538 2325 2595 peccare
2362 2532 2606 2580 nostrum
2652 2522 3019 2581 tantummodo
3052 2525 3144 2593 sit,
3185 2524 3426 2596 quamvis
3470 2538 3693 2596 peccare

2102 2623 2344 2672 nostrum
2370 2625 2555 2672 esset:
2600 2631 2722 2672 nam
2752 2625 2807 2672 et
2841 2626 2967 2673 tunc
3002 2627 3147 2674 esset
3171 2619 3192 2650 '
3220 2617 3540 2689 adiutorium
3572 2618 3689 2685 Dei,

2102 2719 2157 2767 et
2182 2718 2432 2781 tanquam
2460 2709 2639 2766 lumen
2668 2708 2815 2774 sanis
2839 2710 3011 2765 oculis
3033 2725 3139 2781 quo
3175 2710 3339 2781 adjuti
3366 2710 3613 2777 videant,
3631 2723 3693 2766 se

2102 2805 2366 2877 praeberet
2390 2804 2413 2837 ³
2439 2803 2760 2861 volentibus.
2809 2802 2942 2871 Quia
2969 2817 3096 2859 vero
3133 2802 3201 2858 de
3248 2803 3351 2859 liae
3372 2801 3691 2874 vitadispu—

2103 2907 2201 2965 tat,
2229 2897 2327 2955 ubi.
2357 2910 2551 2968 corpus
2578 2895 2720 2969 quod
2746 2896 3126 2968 corrumpitur,
3158 2902 3414 2967 aggravet
3434 2894 3691 2960 animam,

2103 2998 2158 3046 et
2195 2987 2449 3059 deprimit
2489 2994 2706 3043 terrena
2743 2984 3059 3041 inbabitatio
3104 3000 3321 3041 sensum
3350 2984 3513 3041 multa
3546 2984 3695 3055 cogi-

2107 3087 2307 3135 tantem
2336 3077 2499 3152 (Sap.
2522 3092 2604 3144 tx,
2631 3075 2722 3149 I5)
2750 3093 2766 3143 ;
2814 3076 2981 3131 miror
3011 3090 3118 3147 quo
3162 3075 3347 3143 corde,
3378 3074 3537 3131 etiam
3578 3074 3695 3130 sine

2105 3168 2369 3239 adjutorio
2398 3165 2677 3223 medicina:
2704 3165 2996 3221 Salvatoris
3026 3164 3216 3232 nostri,
3263 3172 3506 3221 nostrum
3547 3172 3697 3234 putet

2106 3276 2226 3318 esse
2273 3275 2379 3317 non
2423 3273 2668 3329 peccare,
2716 3272 2872 3329 posse
2913 3273 3042 3312 vero
3083 3272 3187 3311 non
3232 3271 3453 3328 peccare
3495 3265 3715 3312 naturae.

2108 3369 2229 3410 esse
2256 3352 2563 3418 contendat,
2607 3367 2767 3422 quam
2797 3351 2875 3406 sic
2919 3358 3141 3421 apparet
3183 3364 3303 3406 esse
3334 3349 3569 3405 vitiatam
3593 3389 3608 3416 ,
3639 3359 3698 3405 ut

2111 3446 2214 3501 hoc
2252 3444 2473 3515 majoris
2494 3442 2609 3499 vitii
2637 3442 2706 3498 sit
2738 3457 2845 3497 non
2870 3440 3073 3497 videre.
3275 3480 3279 3484 .
3720 3502 3721 3505 η

2180 3534 2408 3591 CAPUT
2432 3532 2620 3588 XLIX.
2642 3533 2818 3588 —57.
2843 3533 3231 3603 Omnipotentia:
3248 3532 3345 3586 Dei
3364 3532 3494 3586 nihil
3520 3531 3717 3612 adimit.

2111 3628 2247 3699 quod
2267 3642 2357 3682 nec
2378 3642 2605 3697 peccare,
2629 3642 2718 3680 nec
2743 3625 2893 3691 mori,
2912 3640 3002 3679 nec
3026 3624 3095 3679 sci
3099 3641 3244 3696 psunt
3266 3624 3494 3679 occidere
3514 3634 3672 3696 potest
3681 3664 3711 3679 .-

2118 3740 2139 3774 ι
2173 3720 2305 3790 Quia
2336 3735 2445 3775 non
2475 3732 2721 3790 peccare,
2756 3736 2775 3771 ι
2806 3717 2999 3789 inquit,
3035 3735 3054 3772 ι
3088 3725 3331 3772 nostrum
3357 3725 3474 3780 est,
3506 3730 3701 3786 possu-

2113 3827 2238 3869 mus
2276 3826 2498 3882 peceare
2536 3818 2591 3866 et
2628 3823 2736 3865 non
2761 3824 3004 3881 peccare.
3042 3827 3062 3862 ι
3092 3808 3229 3877 Quid
3253 3849 3269 3874 ,
3301 3808 3347 3863 si
3374 3808 3511 3863 alius
3537 3806 3699 3872 dicat,

2113 3904 2245 3973 Quia
2277 3903 2419 3960 nolle
2448 3901 2831 3968 infelicitatem,
2857 3908 3099 3956 nostrum
3129 3907 3243 3967 est,
3271 3913 3553 3970 possumus
3580 3913 3720 3979 eam,

2114 4007 2169 4054 et
2210 3996 2351 4052 nolle
2379 4003 2435 4052 et
2461 3994 2639 4052 velle?
2677 3994 2746 4050 Et
2790 4003 2969 4050 tamen
3011 4008 3129 4049 eam
3158 3992 3294 4048 velle
3331 3992 3551 4049 omnino
3592 4006 3701 4046 non

2116 4102 2416 4159 possumus.
2466 4086 2598 4156 Quis
2636 4087 2779 4141 enim
2829 4085 2937 4141 ullo
2985 4084 3147 4142 modo
3188 4084 3326 4141 velle
3372 4098 3494 4140 esse
3534 4082 3712 4153 possit

2115 4179 2318 4244 infelix,
2363 4177 2570 4233 etiamsi
2619 4175 2761 4231 aliud
2795 4175 2817 4208 ⁸
2857 4175 2971 4232 vult
3015 4175 3106 4233 ubi
3160 4190 3283 4233 cum
3335 4183 3391 4231 et
3431 4175 3701 4231 nolentem

2115 4269 2399 4325 infelicitas
2424 4268 2822 4338 consequatur?
2860 4266 3081 4334 Deinde,
3112 4267 3235 4339 quia
3263 4266 3358 4322 Dei
3388 4267 3714 4323 multomaa

2114 4363 2196 4431 gis
2225 4368 2307 4416 est
2336 4375 2439 4414 non
2488 4374 2708 4431 peccare
2729 4401 2745 4428 ,
2777 4374 2903 4415 num
2938 4358 3251 4416 audebimus
3284 4374 3405 4416 eum
3446 4359 3625 4414 dicere
3651 4366 3708 4412 et

2117 4471 2339 4527 peccare
2367 4470 2522 4526 posse
2547 4463 2601 4510 et
2628 4469 2732 4509 non
2761 4453 3020 4526 peccare?
3040 4453 3193 4510 Absit
3218 4469 3248 4509 a
3278 4452 3432 4508 nobis
3460 4460 3516 4507 ut
3537 4443 3717 4509 Deum

2117 4561 2342 4617 peccare
2371 4560 2530 4617 posse
2559 4544 2819 4602 dicamus.
2858 4544 2985 4601 Non
3003 4543 3185 4614 enim,
3210 4552 3268 4599 ut
3306 4544 3453 4598 stulti
3494 4551 3703 4614 putant,

2118 4638 2240 4694 ideo
2271 4652 2378 4693 non
2409 4639 2513 4693 erit
2539 4635 2879 4707 omnipotens
2898 4676 2912 4701 ,
2943 4635 3066 4705 quia
3096 4649 3197 4690 nec
3244 4633 3387 4689 mori
3411 4641 3619 4703 potest,
3651 4641 3717 4686 et:

2119 4746 2315 4802 negare
2360 4745 2422 4786 se
2461 4729 2636 4801 ipsum
2683 4743 2788 4784 non
2829 4736 3007 4801 potest
3046 4725 3122 4801 (ll
3153 4722 3282 4779 Tim.
3317 4742 3374 4791 ιι,
3409 4725 3519 4795 15).
3566 4723 3713 4793 Quid

2119 4834 2201 4879 est
2230 4838 2357 4894 ergo
2386 4822 2529 4894 quod
2555 4821 2809 4893 loquitur,
2840 4830 2894 4876 ct
2928 4819 3118 4892 quibus
3156 4819 3481 4874 locutionum
3508 4818 3713 4889 regulis

2119 4922 2345 4970 conatur
2373 4912 2714 4983 persuadere,
2742 4910 2884 4982 quod
2914 4925 3021 4965 non
3048 4910 3159 4965 vult
3185 4909 3572 4965 considerare?
3599 4910 3708 4965 Ad-

2121 5003 2226 5059 buc
2265 5001 2416 5057 addit
2451 5010 2505 5058 et
2542 5001 2710 5057 dicit:
2748 5018 2768 5054 ι
2800 5000 2932 5068 Quia
2965 5014 3094 5055 vero
3132 5013 3289 5069 posse
3329 5016 3432 5053 non
3462 5015 3709 5070 peccare,

2121 5106 2371 5153 nostrum.
2408 5108 2516 5148 non
2560 5100 2681 5159 est;
2733 5099 2788 5147 ct
2829 5091 2875 5145 si
2903 5090 3227 5146 voluerimus
3256 5106 3361 5146 non
3405 5106 3561 5160 posse
3602 5107 3706 5146 non

2119 5204 2363 5263 peccare,
2411 5202 2517 5242 non
2563 5199 2855 5257 possumus.
2889 5199 3003 5239 non
3042 5198 3199 5254 posse
3249 5199 3353 5238 Mli
3406 5198 3647 5253 peccare.
3684 5201 3709 5239 λ

2122 5282 2324 5338 lntorte
2353 5281 2457 5336 hoc
2491 5278 2643 5343 dixit,
2674 5285 2729 5333 cl
2768 5276 2889 5333 ideo
2918 5276 3265 5332 subobscure.
3296 5275 3401 5331 Sed
3432 5276 3500 5331 ita
3533 5284 3715 5346 posset

2122 5376 2226 5431 dici
2256 5373 2507 5445 planius:
2539 5372 2672 5440 Quia
2709 5384 2865 5442 posse
2903 5384 3009 5423 non
3039 5384 3301 5441 peccare,
3333 5374 3573 5424 nostrum
3606 5382 3711 5421 non

2126 5479 2208 5523 est
2233 5486 2248 5535 ;
2288 5482 2382 5521 seu
2413 5465 2673 5531 velimus,
2704 5479 2799 5519 seu
2837 5462 3068 5519 nolimus
3090 5503 3105 5531 ,
3133 5474 3420 5534 possumus
3449 5473 3553 5513 non
3585 5474 3713 5528 pec-

2122 5577 2266 5617 care.
2298 5560 2412 5614 Non
2449 5558 2591 5613 enim
2617 5558 2726 5623 ait,
2755 5556 2861 5612 Seu
2889 5555 3113 5610 velimus
3136 5596 3150 5621 ,
3183 5569 3276 5609 seu
3305 5551 3534 5605 nolimus
3558 5588 3571 5602 .
3608 5564 3712 5604 non

2189 5706 2210 5736 ι
2228 5703 2451 5765 Plerique
2466 5706 2598 5765 uss,
2610 5697 2883 5765 quiddict’t,
2897 5697 2994 5749 nisi
3009 5710 3183 5763 parum
3197 5692 3326 5760 quod
3349 5690 3467 5741 dtrit
3490 5688 3714 5739 attendit.

2190 5767 2211 5797 ²
2237 5772 2282 5814 In
2301 5760 2439 5812 libris
2462 5760 2633 5821 editis,
2648 5767 2695 5811 et
2718 5760 2783 5810 ibi
2800 5767 2939 5811 esset.
3010 5760 3018 5763 '
3570 5810 3599 5821 υ
3649 5780 3655 5786 ~
3686 5794 3691 5801 ,

2189 5827 2210 5860 ³
2231 5810 2535 5886 ἱὶέὼξιὶιίτέ
2557 5810 2872 5884 δὲ’νὶ-ωὸειέ.
2911 5829 3119 5886 Duorum
3140 5821 3469 5869 vaticattorum
3495 5810 3716 5864 codicum

2125 5884 2412 5937 auctoritate
2436 5886 2753 5943 restituimus,
2767 5897 2824 5947 se
2846 5884 3096 5947 prtrbcrct.

2190 5957 2209 5980 ⁵
2232 5955 2332 5998 Duo
2354 5948 2560 5997 Vaticani
2579 5955 2703 6004 διεδ..
2725 5943 2930 6008 aliquid.
