  <div class='ocr_page' id='page_1' title='image "/cluster/home/n/w/nwhite01/storage/ocr_20150623/44-45/uc1.31175026792435/145.png"; bbox 0 0 4164 6514; ppageno 0'>
   <div class='ocr_carea' id='block_1_1' title="bbox 439 402 547 463">
    <p class='ocr_par' dir='ltr' id='par_1_1' title="bbox 439 402 547 463">
     <span class='ocr_line' id='line_1_1' title="bbox 439 402 547 463; baseline 0.028 -3"><span class='ocrx_word' id='word_1_1' title='bbox 439 402 547 463; x_wconf 72' lang='grc'><strong>275</strong></span> 
     </span>
    </p>
   </div>
   <div class='ocr_carea' id='block_1_2' title="bbox 434 506 2011 587">
    <p class='ocr_par' dir='ltr' id='par_1_2' title="bbox 434 506 2011 587">
     <span class='ocr_line' id='line_1_2' title="bbox 434 506 2011 587; baseline -0.008 -15"><span class='ocrx_word' id='word_1_2' title='bbox 434 528 718 587; x_wconf 73' lang='lat' dir='ltr'><strong>peccamus</strong></span> <span class='ocrx_word' id='word_1_3' title='bbox 746 529 762 581; x_wconf 90' lang='lat'><strong>;</strong></span> <span class='ocrx_word' id='word_1_4' title='bbox 802 512 920 570; x_wconf 87' lang='lat' dir='ltr'><strong>sine</strong></span> <span class='ocrx_word' id='word_1_5' title='bbox 945 512 1106 569; x_wconf 90' lang='lat' dir='ltr'><strong>dubio</strong></span> <span class='ocrx_word' id='word_1_6' title='bbox 1132 510 1274 566; x_wconf 90' lang='lat' dir='ltr'><strong>enim</strong></span> <span class='ocrx_word' id='word_1_7' title='bbox 1305 524 1606 580; x_wconf 72' lang='lat' dir='ltr'><strong>peccamus,</strong></span> <span class='ocrx_word' id='word_1_8' title='bbox 1646 508 1691 563; x_wconf 90' lang='lat' dir='ltr'><strong>si</strong></span> <span class='ocrx_word' id='word_1_9' title='bbox 1722 506 1963 562; x_wconf 87' lang='lat' dir='ltr'><strong>volumus</strong></span> <span class='ocrx_word' id='word_1_10' title='bbox 1997 524 2011 560; x_wconf 90' lang='lat'><strong>:</strong></span> 
     </span>
    </p>
   </div>
   <div class='ocr_carea' id='block_1_3' title="bbox 434 594 2013 679">
    <p class='ocr_par' dir='ltr' id='par_1_3' title="bbox 434 594 2013 679">
     <span class='ocr_line' id='line_1_3' title="bbox 434 594 2013 679; baseline -0.009 -15"><span class='ocrx_word' id='word_1_11' title='bbox 434 606 533 664; x_wconf 86' lang='lat' dir='ltr'><strong>sed</strong></span> <span class='ocrx_word' id='word_1_12' title='bbox 564 594 740 661; x_wconf 87' lang='lat' dir='ltr'><strong>tamen</strong></span> <span class='ocrx_word' id='word_1_13' title='bbox 771 594 998 679; x_wconf 76' lang='lat' dir='ltr'><strong>velimus</strong></span> <span class='ocrx_word' id='word_1_14' title='bbox 1033 602 1294 666; x_wconf 86' lang='lat' dir='ltr'><strong>nolimus,</strong></span> <span class='ocrx_word' id='word_1_15' title='bbox 1324 599 1520 656; x_wconf 83' lang='lat' dir='ltr'><strong>habere</strong></span> <span class='ocrx_word' id='word_1_16' title='bbox 1547 613 1643 654; x_wconf 93' lang='lat' dir='ltr'><strong>nos</strong></span> <span class='ocrx_word' id='word_1_17' title='bbox 1681 598 1871 653; x_wconf 78' lang='lat' dir='ltr'><strong>asserit</strong></span> <span class='ocrx_word' id='word_1_18' title='bbox 1908 610 2013 651; x_wconf 90' lang='lat' dir='ltr'><strong>non</strong></span> 
     </span>
    </p>
   </div>
   <div class='ocr_carea' id='block_1_4' title="bbox 435 687 2014 772">
    <p class='ocr_par' dir='ltr' id='par_1_4' title="bbox 435 687 2014 772">
     <span class='ocr_line' id='line_1_4' title="bbox 435 687 2014 772; baseline -0.009 -16"><span class='ocrx_word' id='word_1_19' title='bbox 435 688 693 772; x_wconf 72' lang='lat' dir='ltr'><strong>pec“catidi</strong></span> <span class='ocrx_word' id='word_1_20' title='bbox 722 688 1125 769; x_wconf 82' lang='lat' dir='ltr'><strong>possibilitatem</strong></span> <span class='ocrx_word' id='word_1_21' title='bbox 1145 739 1161 763; x_wconf 95' lang='lat'><strong>,</strong></span> <span class='ocrx_word' id='word_1_22' title='bbox 1190 709 1347 766; x_wconf 85' lang='lat' dir='ltr'><strong>quam</strong></span> <span class='ocrx_word' id='word_1_23' title='bbox 1386 703 1590 747; x_wconf 64' lang='lat' dir='ltr'><strong>natura:</strong></span> <span class='ocrx_word' id='word_1_24' title='bbox 1625 691 1836 745; x_wconf 89' lang='lat' dir='ltr'><strong>insitam</strong></span> <span class='ocrx_word' id='word_1_25' title='bbox 1866 687 2014 743; x_wconf 92' lang='lat' dir='ltr'><strong>dicit.</strong></span> 
     </span>
    </p>
   </div>
   <div class='ocr_carea' id='block_1_5' title="bbox 433 772 2013 859">
    <p class='ocr_par' dir='ltr' id='par_1_5' title="bbox 433 772 2013 859">
     <span class='ocr_line' id='line_1_5' title="bbox 433 772 2013 859; baseline -0.009 -12"><span class='ocrx_word' id='word_1_26' title='bbox 433 790 542 847; x_wconf 85' lang='lat' dir='ltr'><strong>Sed</strong></span> <span class='ocrx_word' id='word_1_27' title='bbox 564 791 631 846; x_wconf 89' lang='lat' dir='ltr'><strong>de</strong></span> <span class='ocrx_word' id='word_1_28' title='bbox 655 772 870 859; x_wconf 84' lang='lat' dir='ltr'><strong>homine</strong></span> <span class='ocrx_word' id='word_1_29' title='bbox 897 789 1040 845; x_wconf 79' lang='lat' dir='ltr'><strong>sanis</strong></span> <span class='ocrx_word' id='word_1_30' title='bbox 1070 788 1295 859; x_wconf 82' lang='lat' dir='ltr'><strong>pedibus</strong></span> <span class='ocrx_word' id='word_1_31' title='bbox 1321 784 1664 840; x_wconf 87' lang='lat' dir='ltr'><strong>tolerabiliter</strong></span> <span class='ocrx_word' id='word_1_32' title='bbox 1690 782 1791 836; x_wconf 92' lang='lat' dir='ltr'><strong>dici</strong></span> <span class='ocrx_word' id='word_1_33' title='bbox 1819 790 2013 849; x_wconf 83' lang='lat' dir='ltr'><strong>potest,</strong></span> 
     </span>
    </p>
   </div>
   <div class='ocr_carea' id='block_1_6' title="bbox 435 873 2017 947">
    <p class='ocr_par' dir='ltr' id='par_1_6' title="bbox 435 873 2017 947">
     <span class='ocr_line' id='line_1_6' title="bbox 435 873 2017 947; baseline -0.005 -14"><span class='ocrx_word' id='word_1_34' title='bbox 435 878 567 936; x_wconf 82' lang='lat' dir='ltr'><strong>velit</strong></span> <span class='ocrx_word' id='word_1_35' title='bbox 611 880 742 936; x_wconf 91' lang='lat' dir='ltr'><strong>nolit</strong></span> <span class='ocrx_word' id='word_1_36' title='bbox 783 880 944 937; x_wconf 80' lang='lat' dir='ltr'><strong>habet</strong></span> <span class='ocrx_word' id='word_1_37' title='bbox 970 876 1274 934; x_wconf 77' lang='lat' dir='ltr'><strong>ambulandi</strong></span> <span class='ocrx_word' id='word_1_38' title='bbox 1324 875 1724 947; x_wconf 77' lang='lat' dir='ltr'><strong>possibilitatem</strong></span> <span class='ocrx_word' id='word_1_39' title='bbox 1760 892 1774 929; x_wconf 92' lang='lat'><strong>:</strong></span> <span class='ocrx_word' id='word_1_40' title='bbox 1804 873 2017 928; x_wconf 81' lang='lat' dir='ltr'><strong>confra-</strong></span> 
     </span>
    </p>
   </div>
   <div class='ocr_carea' id='block_1_7' title="bbox 436 966 2015 1036">
    <p class='ocr_par' dir='ltr' id='par_1_7' title="bbox 436 966 2015 1036">
     <span class='ocr_line' id='line_1_7' title="bbox 436 966 2015 1036; baseline -0.007 -8"><span class='ocrx_word' id='word_1_41' title='bbox 436 973 541 1028; x_wconf 75' lang='lat' dir='ltr'><strong>CIis</strong></span> <span class='ocrx_word' id='word_1_42' title='bbox 567 985 714 1035; x_wconf 86' lang='lat' dir='ltr'><strong>vero,</strong></span> <span class='ocrx_word' id='word_1_43' title='bbox 759 980 813 1026; x_wconf 87' lang='lat' dir='ltr'><strong>et</strong></span> <span class='ocrx_word' id='word_1_44' title='bbox 854 971 898 1025; x_wconf 90' lang='lat' dir='ltr'><strong>si</strong></span> <span class='ocrx_word' id='word_1_45' title='bbox 932 968 1080 1036; x_wconf 83' lang='lat' dir='ltr'><strong>velit,</strong></span> <span class='ocrx_word' id='word_1_46' title='bbox 1110 985 1215 1025; x_wconf 89' lang='lat' dir='ltr'><strong>non</strong></span> <span class='ocrx_word' id='word_1_47' title='bbox 1248 967 1425 1022; x_wconf 90' lang='lat' dir='ltr'><strong>habet.</strong></span> <span class='ocrx_word' id='word_1_48' title='bbox 1476 966 1662 1021; x_wconf 83' lang='lat' dir='ltr'><strong>Vitiata</strong></span> <span class='ocrx_word' id='word_1_49' title='bbox 1707 973 1789 1019; x_wconf 70' lang='lat' dir='ltr'><strong>est</strong></span> <span class='ocrx_word' id='word_1_50' title='bbox 1830 972 2015 1019; x_wconf 85' lang='lat' dir='ltr'><strong>natura</strong></span> 
     </span>
    </p>
   </div>
   <div class='ocr_carea' id='block_1_8' title="bbox 436 1053 2014 1132">
    <p class='ocr_par' dir='ltr' id='par_1_8' title="bbox 436 1053 2014 1132">
     <span class='ocr_line' id='line_1_8' title="bbox 436 1053 2014 1132; baseline -0.008 -14"><span class='ocrx_word' id='word_1_51' title='bbox 436 1062 505 1118; x_wconf 91' lang='lat' dir='ltr'><strong>de</strong></span> <span class='ocrx_word' id='word_1_52' title='bbox 531 1077 636 1132; x_wconf 85' lang='lat' dir='ltr'><strong>qua</strong></span> <span class='ocrx_word' id='word_1_53' title='bbox 676 1061 925 1132; x_wconf 82' lang='lat' dir='ltr'><strong>loquitur.</strong></span> <span class='ocrx_word' id='word_1_54' title='bbox 956 1059 1095 1129; x_wconf 85' lang='lat' dir='ltr'><strong>Quid</strong></span> <span class='ocrx_word' id='word_1_55' title='bbox 1135 1057 1373 1129; x_wconf 84' lang='lat' dir='ltr'><strong>superbit</strong></span> <span class='ocrx_word' id='word_1_56' title='bbox 1400 1067 1539 1111; x_wconf 73' lang='lat' dir='ltr'><strong>terra</strong></span> <span class='ocrx_word' id='word_1_57' title='bbox 1580 1065 1635 1111; x_wconf 90' lang='lat' dir='ltr'><strong>et</strong></span> <span class='ocrx_word' id='word_1_58' title='bbox 1662 1056 1795 1111; x_wconf 82' lang='lat' dir='ltr'><strong>cinis</strong></span> <span class='ocrx_word' id='word_1_59' title='bbox 1828 1053 2014 1127; x_wconf 84' lang='lat' dir='ltr'><strong>(Eccti.</strong></span> 
     </span>
    </p>
   </div>
   <div class='ocr_carea' id='block_1_9' title="bbox 438 1146 2021 1226">
    <p class='ocr_par' dir='ltr' id='par_1_9' title="bbox 438 1146 2021 1226">
     <span class='ocr_line' id='line_1_9' title="bbox 438 1146 2021 1226; baseline -0.009 -16"><span class='ocrx_word' id='word_1_60' title='bbox 438 1170 475 1209; x_wconf 74' lang='grc' dir='ltr'><strong>ι</strong></span> <span class='ocrx_word' id='word_1_61' title='bbox 496 1196 512 1222; x_wconf 87' lang='grc'><strong><em>,</em></strong></span> <span class='ocrx_word' id='word_1_62' title='bbox 539 1154 648 1226; x_wconf 80' lang='lat'><strong>9)?</strong></span> <span class='ocrx_word' id='word_1_63' title='bbox 682 1150 872 1209; x_wconf 80' lang='lat' dir='ltr'><strong>Vitiata</strong></span> <span class='ocrx_word' id='word_1_64' title='bbox 912 1161 1013 1218; x_wconf 89' lang='lat' dir='ltr'><strong>est,</strong></span> <span class='ocrx_word' id='word_1_65' title='bbox 1058 1150 1319 1207; x_wconf 83' lang='lat' dir='ltr'><strong>medicum</strong></span> <span class='ocrx_word' id='word_1_66' title='bbox 1350 1149 1597 1218; x_wconf 82' lang='lat' dir='ltr'><strong>implorat</strong></span> <span class='ocrx_word' id='word_1_67' title='bbox 1630 1164 1645 1201; x_wconf 94' lang='lat'><strong>:</strong></span> <span class='ocrx_word' id='word_1_68' title='bbox 1684 1146 1896 1201; x_wconf 79' lang='lat' dir='ltr'><strong>Salvum</strong></span> <span class='ocrx_word' id='word_1_69' title='bbox 1941 1160 2021 1196; x_wconf 86' lang='lat' dir='ltr'><strong>me</strong></span> 
     </span>
    </p>
   </div>
   <div class='ocr_carea' id='block_1_10' title="bbox 437 1233 2019 1319">
    <p class='ocr_par' dir='ltr' id='par_1_10' title="bbox 437 1233 2019 1319">
     <span class='ocr_line' id='line_1_10' title="bbox 437 1233 2019 1319; baseline -0.007 -18"><span class='ocrx_word' id='word_1_70' title='bbox 437 1233 556 1319; x_wconf 63' lang='lat' dir='ltr'><strong>(ac,</strong></span> <span class='ocrx_word' id='word_1_71' title='bbox 589 1245 824 1313; x_wconf 79' lang='lat' dir='ltr'><strong>Domine,</strong></span> <span class='ocrx_word' id='word_1_72' title='bbox 873 1246 1067 1301; x_wconf 85' lang='lat' dir='ltr'><strong>clamat</strong></span> <span class='ocrx_word' id='word_1_73' title='bbox 1108 1243 1292 1316; x_wconf 86' lang='lat' dir='ltr'><strong>(Psal.</strong></span> <span class='ocrx_word' id='word_1_74' title='bbox 1322 1258 1410 1309; x_wconf 76' lang='lat' dir='ltr'><strong>XI,</strong></span> <span class='ocrx_word' id='word_1_75' title='bbox 1440 1242 1511 1313; x_wconf 73' lang='lat'><strong>2)</strong></span> <span class='ocrx_word' id='word_1_76' title='bbox 1550 1258 1563 1294; x_wconf 93' lang='lat'><strong>:</strong></span> <span class='ocrx_word' id='word_1_77' title='bbox 1609 1240 1751 1296; x_wconf 83' lang='lat' dir='ltr'><strong>Sana</strong></span> <span class='ocrx_word' id='word_1_78' title='bbox 1795 1238 2019 1291; x_wconf 80' lang='lat' dir='ltr'><strong>animant</strong></span> 
     </span>
    </p>
   </div>
   <div class='ocr_carea' id='block_1_11' title="bbox 442 1328 2017 1409">
    <p class='ocr_par' dir='ltr' id='par_1_11' title="bbox 442 1328 2017 1409">
     <span class='ocr_line' id='line_1_11' title="bbox 442 1328 2017 1409; baseline -0.006 -18"><span class='ocrx_word' id='word_1_79' title='bbox 442 1354 627 1406; x_wconf 82' lang='lat' dir='ltr'><strong>meam,</strong></span> <span class='ocrx_word' id='word_1_80' title='bbox 674 1336 869 1395; x_wconf 90' lang='lat' dir='ltr'><strong>clamat</strong></span> <span class='ocrx_word' id='word_1_81' title='bbox 909 1336 1089 1407; x_wconf 81' lang='lat' dir='ltr'><strong>(Psal.</strong></span> <span class='ocrx_word' id='word_1_82' title='bbox 1142 1353 1229 1401; x_wconf 72' lang='lat' dir='ltr'><strong>IL,</strong></span> <span class='ocrx_word' id='word_1_83' title='bbox 1277 1332 1363 1409; x_wconf 80' lang='lat'><strong>5).</strong></span> <span class='ocrx_word' id='word_1_84' title='bbox 1409 1333 1545 1402; x_wconf 82' lang='lat' dir='ltr'><strong>Quid</strong></span> <span class='ocrx_word' id='word_1_85' title='bbox 1589 1329 1892 1387; x_wconf 90' lang='lat' dir='ltr'><strong>intercludit</strong></span> <span class='ocrx_word' id='word_1_86' title='bbox 1919 1328 2017 1382; x_wconf 90' lang='lat' dir='ltr'><strong>has</strong></span> 
     </span>
    </p>
   </div>
   <div class='ocr_carea' id='block_1_12' title="bbox 435 1421 2017 1498">
    <p class='ocr_par' dir='ltr' id='par_1_12' title="bbox 435 1421 2017 1498">
     <span class='ocr_line' id='line_1_12' title="bbox 435 1421 2017 1498; baseline -0.005 -17"><span class='ocrx_word' id='word_1_87' title='bbox 435 1443 618 1496; x_wconf 89' lang='lat' dir='ltr'><strong>voces,</strong></span> <span class='ocrx_word' id='word_1_88' title='bbox 641 1438 699 1484; x_wconf 92' lang='lat' dir='ltr'><strong>ut</strong></span> <span class='ocrx_word' id='word_1_89' title='bbox 722 1427 1055 1484; x_wconf 85' lang='lat' dir='ltr'><strong>defendendo</strong></span> <span class='ocrx_word' id='word_1_90' title='bbox 1077 1428 1225 1498; x_wconf 90' lang='lat' dir='ltr'><strong>quasi</strong></span> <span class='ocrx_word' id='word_1_91' title='bbox 1255 1433 1567 1497; x_wconf 72' lang='lat' dir='ltr'><strong>prmsentem</strong></span> <span class='ocrx_word' id='word_1_92' title='bbox 1592 1421 2017 1493; x_wconf 84' lang='lat' dir='ltr'><strong>possibilitatem,</strong></span> 
     </span>
    </p>
   </div>
   <div class='ocr_carea' id='block_1_13' title="bbox 436 1517 1313 1592">
    <p class='ocr_par' dir='ltr' id='par_1_13' title="bbox 436 1517 1313 1592">
     <span class='ocr_line' id='line_1_13' title="bbox 436 1517 1313 1592; baseline -0.001 -19"><span class='ocrx_word' id='word_1_93' title='bbox 436 1519 669 1575; x_wconf 76' lang='lat' dir='ltr'><strong>futuram</strong></span> <span class='ocrx_word' id='word_1_94' title='bbox 700 1520 952 1592; x_wconf 85' lang='lat' dir='ltr'><strong>impediat</strong></span> <span class='ocrx_word' id='word_1_95' title='bbox 980 1520 1261 1574; x_wconf 88' lang='lat' dir='ltr'><strong>sanitatem</strong></span> <span class='ocrx_word' id='word_1_96' title='bbox 1286 1517 1313 1572; x_wconf 74' lang='grc' dir='ltr'><strong><em>τ</em></strong></span> 
     </span>
    </p>
   </div>
   <div class='ocr_carea' id='block_1_14' title="bbox 506 1602 2023 1679">
    <p class='ocr_par' dir='ltr' id='par_1_14' title="bbox 506 1602 2023 1679">
     <span class='ocr_line' id='line_1_14' title="bbox 506 1602 2023 1679; baseline -0.007 -11"><span class='ocrx_word' id='word_1_97' title='bbox 506 1611 734 1669; x_wconf 83' lang='lat' dir='ltr'><strong>CAPUT</strong></span> <span class='ocrx_word' id='word_1_98' title='bbox 773 1614 835 1668; x_wconf 88' lang='lat' dir='ltr'><strong>L.</strong></span> <span class='ocrx_word' id='word_1_99' title='bbox 862 1642 935 1653; x_wconf 94' lang='lat'><strong><em>—</em></strong></span> <span class='ocrx_word' id='word_1_100' title='bbox 957 1612 1049 1670; x_wconf 81' lang='lat'><strong>58.</strong></span> <span class='ocrx_word' id='word_1_101' title='bbox 1077 1609 1249 1665; x_wconf 83' lang='lat' dir='ltr'><strong>Etiam</strong></span> <span class='ocrx_word' id='word_1_102' title='bbox 1276 1626 1308 1663; x_wconf 92' lang='lat' dir='ltr'><strong>a</strong></span> <span class='ocrx_word' id='word_1_103' title='bbox 1337 1608 1434 1679; x_wconf 77' lang='lat' dir='ltr'><strong>piis</strong></span> <span class='ocrx_word' id='word_1_104' title='bbox 1462 1623 1523 1661; x_wconf 87' lang='lat' dir='ltr'><strong>ac</strong></span> <span class='ocrx_word' id='word_1_105' title='bbox 1549 1604 1711 1660; x_wconf 87' lang='lat' dir='ltr'><strong>Deum</strong></span> <span class='ocrx_word' id='word_1_106' title='bbox 1734 1602 2023 1658; x_wconf 82' lang='lat' dir='ltr'><strong>timentibus</strong></span> 
     </span>
    </p>
   </div>
   <div class='ocr_carea' id='block_1_15' title="bbox 436 1695 2022 1776">
    <p class='ocr_par' dir='ltr' id='par_1_15' title="bbox 436 1695 2022 1776">
     <span class='ocr_line' id='line_1_15' title="bbox 436 1695 2022 1776; baseline -0.004 -19"><span class='ocrx_word' id='word_1_107' title='bbox 436 1704 604 1775; x_wconf 81' lang='lat' dir='ltr'><strong>gratia</strong></span> <span class='ocrx_word' id='word_1_108' title='bbox 624 1705 967 1776; x_wconf 86' lang='lat' dir='ltr'><strong>impugnatur.</strong></span> <span class='ocrx_word' id='word_1_109' title='bbox 993 1704 1059 1759; x_wconf 88' lang='lat' dir='ltr'><strong>Et</strong></span> <span class='ocrx_word' id='word_1_110' title='bbox 1080 1703 1256 1758; x_wconf 78' lang='lat' dir='ltr'><strong>videte</strong></span> <span class='ocrx_word' id='word_1_111' title='bbox 1276 1699 1401 1772; x_wconf 88' lang='lat' dir='ltr'><strong>quid</strong></span> <span class='ocrx_word' id='word_1_112' title='bbox 1428 1699 1699 1770; x_wconf 80' lang='lat' dir='ltr'><strong>adjungat,</strong></span> <span class='ocrx_word' id='word_1_113' title='bbox 1722 1695 1865 1752; x_wconf 84' lang='lat' dir='ltr'><strong>unde</strong></span> <span class='ocrx_word' id='word_1_114' title='bbox 1892 1695 2022 1751; x_wconf 87' lang='lat' dir='ltr'><strong>illud</strong></span> 
     </span>
    </p>
   </div>
   <div class='ocr_carea' id='block_1_16' title="bbox 435 1787 2024 1861">
    <p class='ocr_par' dir='ltr' id='par_1_16' title="bbox 435 1787 2024 1861">
     <span class='ocr_line' id='line_1_16' title="bbox 435 1787 2024 1861; baseline -0.005 -12"><span class='ocrx_word' id='word_1_115' title='bbox 435 1794 738 1850; x_wconf 90' lang='lat' dir='ltr'><strong>confirmari</strong></span> <span class='ocrx_word' id='word_1_116' title='bbox 765 1795 1051 1851; x_wconf 81' lang='lat' dir='ltr'><strong>existimat.</strong></span> <span class='ocrx_word' id='word_1_117' title='bbox 1078 1811 1097 1846; x_wconf 82' lang='lat' dir='ltr'><strong>t</strong></span> <span class='ocrx_word' id='word_1_118' title='bbox 1124 1793 1256 1861; x_wconf 85' lang='lat' dir='ltr'><strong>Quia</strong></span> <span class='ocrx_word' id='word_1_119' title='bbox 1279 1791 1442 1855; x_wconf 89' lang='lat' dir='ltr'><strong>nulla,</strong></span> <span class='ocrx_word' id='word_1_120' title='bbox 1468 1808 1489 1843; x_wconf 74' lang='grc' dir='ltr'><strong><em>ι</em></strong></span> <span class='ocrx_word' id='word_1_121' title='bbox 1522 1789 1715 1860; x_wconf 86' lang='lat' dir='ltr'><strong>inquit,</strong></span> <span class='ocrx_word' id='word_1_122' title='bbox 1741 1807 1761 1840; x_wconf 75' lang='grc' dir='ltr'>ι</span> <span class='ocrx_word' id='word_1_123' title='bbox 1784 1787 2024 1841; x_wconf 85' lang='lat' dir='ltr'><strong>adimere</strong></span> 
     </span>
    </p>
   </div>
   <div class='ocr_carea' id='block_1_17' title="bbox 436 1878 2027 1958">
    <p class='ocr_par' dir='ltr' id='par_1_17' title="bbox 436 1878 2027 1958">
     <span class='ocr_line' id='line_1_17' title="bbox 436 1878 2027 1958; baseline -0.004 -19"><span class='ocrx_word' id='word_1_124' title='bbox 436 1886 681 1942; x_wconf 81' lang='lat' dir='ltr'><strong>voluntas</strong></span> <span class='ocrx_word' id='word_1_125' title='bbox 702 1895 891 1958; x_wconf 84' lang='lat' dir='ltr'><strong>potest,</strong></span> <span class='ocrx_word' id='word_1_126' title='bbox 916 1885 1056 1958; x_wconf 91' lang='lat' dir='ltr'><strong>quod</strong></span> <span class='ocrx_word' id='word_1_127' title='bbox 1088 1883 1514 1955; x_wconf 85' lang='lat' dir='ltr'><strong>inseparabiliter</strong></span> <span class='ocrx_word' id='word_1_128' title='bbox 1531 1881 1746 1938; x_wconf 87' lang='lat' dir='ltr'><strong>insitum</strong></span> <span class='ocrx_word' id='word_1_129' title='bbox 1770 1878 2027 1952; x_wconf 80' lang='lat' dir='ltr'><strong>probatur</strong></span> 
     </span>
    </p>
   </div>
   <div class='ocr_carea' id='block_1_18' title="bbox 436 1968 2027 2047">
    <p class='ocr_par' dir='ltr' id='par_1_18' title="bbox 436 1968 2027 2047">
     <span class='ocr_line' id='line_1_18' title="bbox 436 1968 2027 2047; baseline -0.005 -15"><span class='ocrx_word' id='word_1_130' title='bbox 436 1992 556 2033; x_wconf 90' lang='lat' dir='ltr'><strong>esse</strong></span> <span class='ocrx_word' id='word_1_131' title='bbox 572 1986 794 2032; x_wconf 80' lang='lat' dir='ltr'><strong>naturae.</strong></span> <span class='ocrx_word' id='word_1_132' title='bbox 816 1999 834 2029; x_wconf 74' lang='grc' dir='ltr'><strong><em>ι</em></strong></span> <span class='ocrx_word' id='word_1_133' title='bbox 857 1976 1010 2034; x_wconf 87' lang='lat' dir='ltr'><strong>Unde</strong></span> <span class='ocrx_word' id='word_1_134' title='bbox 1026 1991 1153 2047; x_wconf 84' lang='lat' dir='ltr'><strong>ergo</strong></span> <span class='ocrx_word' id='word_1_135' title='bbox 1171 1977 1259 2031; x_wconf 90' lang='lat' dir='ltr'><strong>illa</strong></span> <span class='ocrx_word' id='word_1_136' title='bbox 1278 1991 1381 2031; x_wconf 77' lang='lat' dir='ltr'><strong>vos</strong></span> <span class='ocrx_word' id='word_1_137' title='bbox 1403 1993 1417 2030; x_wconf 89' lang='lat'><strong>:</strong></span> <span class='ocrx_word' id='word_1_138' title='bbox 1442 1973 1508 2029; x_wconf 89' lang='lat' dir='ltr'><strong>Ut</strong></span> <span class='ocrx_word' id='word_1_139' title='bbox 1525 1989 1626 2029; x_wconf 86' lang='lat' dir='ltr'><strong>non</strong></span> <span class='ocrx_word' id='word_1_140' title='bbox 1644 1988 1758 2043; x_wconf 75' lang='lat' dir='ltr'><strong>qua:</strong></span> <span class='ocrx_word' id='word_1_141' title='bbox 1771 1971 1920 2026; x_wconf 73' lang='lat' dir='ltr'><strong>cultis</strong></span> <span class='ocrx_word' id='word_1_142' title='bbox 1934 1968 2027 2024; x_wconf 83' lang='lat' dir='ltr'><strong>illa</strong></span> 
     </span>
    </p>
   </div>
   <div class='ocr_carea' id='block_1_19' title="bbox 435 2061 2028 2140">
    <p class='ocr_par' dir='ltr' id='par_1_19' title="bbox 435 2061 2028 2140">
     <span class='ocr_line' id='line_1_19' title="bbox 435 2061 2028 2140; baseline -0.003 -21"><span class='ocrx_word' id='word_1_143' title='bbox 435 2067 635 2137; x_wconf 77' lang='lat' dir='ltr'><strong>faciatis</strong></span> <span class='ocrx_word' id='word_1_144' title='bbox 662 2066 854 2140; x_wconf 80' lang='lat' dir='ltr'><strong>(Galut.</strong></span> <span class='ocrx_word' id='word_1_145' title='bbox 878 2083 931 2137; x_wconf 92' lang='lat' dir='ltr'><strong>v,</strong></span> <span class='ocrx_word' id='word_1_146' title='bbox 952 2066 1076 2139; x_wconf 80' lang='lat' dir='ltr'><strong>i7)?</strong></span> <span class='ocrx_word' id='word_1_147' title='bbox 1097 2066 1248 2124; x_wconf 91' lang='lat' dir='ltr'><strong>Unde</strong></span> <span class='ocrx_word' id='word_1_148' title='bbox 1270 2065 1429 2121; x_wconf 89' lang='lat' dir='ltr'><strong>etiam</strong></span> <span class='ocrx_word' id='word_1_149' title='bbox 1457 2064 1547 2120; x_wconf 89' lang='lat' dir='ltr'><strong>illa</strong></span> <span class='ocrx_word' id='word_1_150' title='bbox 1569 2082 1584 2119; x_wconf 89' lang='lat'><strong>:</strong></span> <span class='ocrx_word' id='word_1_151' title='bbox 1606 2062 1727 2118; x_wconf 82' lang='lat' dir='ltr'><strong>Non</strong></span> <span class='ocrx_word' id='word_1_152' title='bbox 1743 2062 1874 2117; x_wconf 87' lang='lat' dir='ltr'><strong>enim</strong></span> <span class='ocrx_word' id='word_1_153' title='bbox 1889 2061 2028 2135; x_wconf 85' lang='lat' dir='ltr'><strong>quod</strong></span> 
     </span>
    </p>
   </div>
   <div class='ocr_carea' id='block_1_20' title="bbox 434 2152 2026 2229">
    <p class='ocr_par' dir='ltr' id='par_1_20' title="bbox 434 2152 2026 2229">
     <span class='ocr_line' id='line_1_20' title="bbox 434 2152 2026 2229; baseline -0.003 -19"><span class='ocrx_word' id='word_1_154' title='bbox 434 2159 547 2211; x_wconf 74' lang='lat' dir='ltr'><strong>colo</strong></span> <span class='ocrx_word' id='word_1_155' title='bbox 564 2158 699 2226; x_wconf 76' lang='lat' dir='ltr'><strong>facio</strong></span> <span class='ocrx_word' id='word_1_156' title='bbox 715 2158 934 2225; x_wconf 84' lang='lat' dir='ltr'><strong>bonum;</strong></span> <span class='ocrx_word' id='word_1_157' title='bbox 952 2156 1043 2214; x_wconf 84' lang='lat' dir='ltr'><strong>sed</strong></span> <span class='ocrx_word' id='word_1_158' title='bbox 1062 2156 1197 2229; x_wconf 86' lang='lat' dir='ltr'><strong>quod</strong></span> <span class='ocrx_word' id='word_1_159' title='bbox 1217 2156 1305 2212; x_wconf 86' lang='lat' dir='ltr'><strong>odi</strong></span> <span class='ocrx_word' id='word_1_160' title='bbox 1319 2155 1536 2222; x_wconf 73' lang='lat' dir='ltr'><strong>malum,</strong></span> <span class='ocrx_word' id='word_1_161' title='bbox 1550 2154 1644 2208; x_wconf 78' lang='lat' dir='ltr'><strong>hoc</strong></span> <span class='ocrx_word' id='word_1_162' title='bbox 1668 2154 1802 2225; x_wconf 83' lang='lat' dir='ltr'><strong>ago?</strong></span> <span class='ocrx_word' id='word_1_163' title='bbox 1824 2152 1923 2209; x_wconf 86' lang='lat' dir='ltr'><strong>Ubi</strong></span> <span class='ocrx_word' id='word_1_164' title='bbox 1944 2160 2026 2208; x_wconf 90' lang='lat' dir='ltr'><strong>est</strong></span> 
     </span>
    </p>
   </div>
   <div class='ocr_carea' id='block_1_21' title="bbox 433 2245 2027 2319">
    <p class='ocr_par' dir='ltr' id='par_1_21' title="bbox 433 2245 2027 2319">
     <span class='ocr_line' id='line_1_21' title="bbox 433 2245 2027 2319; baseline -0.004 -16"><span class='ocrx_word' id='word_1_165' title='bbox 433 2250 778 2318; x_wconf 85' lang='lat' dir='ltr'><strong>possibilitas,</strong></span> <span class='ocrx_word' id='word_1_166' title='bbox 811 2265 928 2319; x_wconf 71' lang='lat' dir='ltr'><strong>qua:</strong></span> <span class='ocrx_word' id='word_1_167' title='bbox 958 2247 1387 2318; x_wconf 88' lang='lat' dir='ltr'><strong>inseparabiliter</strong></span> <span class='ocrx_word' id='word_1_168' title='bbox 1414 2245 1572 2301; x_wconf 89' lang='lat' dir='ltr'><strong>insita</strong></span> <span class='ocrx_word' id='word_1_169' title='bbox 1609 2245 1865 2315; x_wconf 87' lang='lat' dir='ltr'><strong>probatur</strong></span> <span class='ocrx_word' id='word_1_170' title='bbox 1904 2257 2027 2299; x_wconf 88' lang='lat' dir='ltr'><strong>esse</strong></span> 
     </span>
    </p>
   </div>
   <div class='ocr_carea' id='block_1_22' title="bbox 436 2333 2024 2406">
    <p class='ocr_par' dir='ltr' id='par_1_22' title="bbox 436 2333 2024 2406">
     <span class='ocr_line' id='line_1_22' title="bbox 436 2333 2024 2406; baseline -0.004 -15"><span class='ocrx_word' id='word_1_171' title='bbox 436 2337 690 2392; x_wconf 72' lang='lat' dir='ltr'><strong>natum?</strong></span> <span class='ocrx_word' id='word_1_172' title='bbox 727 2338 865 2392; x_wconf 86' lang='lat' dir='ltr'><strong>Ecce</strong></span> <span class='ocrx_word' id='word_1_173' title='bbox 901 2337 1146 2393; x_wconf 89' lang='lat' dir='ltr'><strong>homines</strong></span> <span class='ocrx_word' id='word_1_174' title='bbox 1188 2352 1294 2391; x_wconf 89' lang='lat' dir='ltr'><strong>non</strong></span> <span class='ocrx_word' id='word_1_175' title='bbox 1323 2352 1385 2391; x_wconf 88' lang='lat' dir='ltr'><strong>ea</strong></span> <span class='ocrx_word' id='word_1_176' title='bbox 1416 2350 1533 2406; x_wconf 69' lang='lat' dir='ltr'><strong>qum</strong></span> <span class='ocrx_word' id='word_1_177' title='bbox 1561 2334 1745 2390; x_wconf 88' lang='lat' dir='ltr'><strong>volunt</strong></span> <span class='ocrx_word' id='word_1_178' title='bbox 1784 2333 1982 2388; x_wconf 80' lang='lat' dir='ltr'><strong>iaciunt</strong></span> <span class='ocrx_word' id='word_1_179' title='bbox 2010 2349 2024 2386; x_wconf 86' lang='lat'><strong>:</strong></span> 
     </span>
    </p>
   </div>
   <div class='ocr_carea' id='block_1_23' title="bbox 436 2424 2024 2500">
    <p class='ocr_par' dir='ltr' id='par_1_23' title="bbox 436 2424 2024 2500">
     <span class='ocr_line' id='line_1_23' title="bbox 436 2424 2024 2500; baseline -0.006 -15"><span class='ocrx_word' id='word_1_180' title='bbox 436 2438 493 2485; x_wconf 89' lang='lat' dir='ltr'><strong>et</strong></span> <span class='ocrx_word' id='word_1_181' title='bbox 529 2429 597 2485; x_wconf 89' lang='lat' dir='ltr'><strong>de</strong></span> <span class='ocrx_word' id='word_1_182' title='bbox 647 2445 751 2485; x_wconf 89' lang='lat' dir='ltr'><strong>non</strong></span> <span class='ocrx_word' id='word_1_183' title='bbox 785 2429 1053 2499; x_wconf 88' lang='lat' dir='ltr'><strong>peccando</strong></span> <span class='ocrx_word' id='word_1_184' title='bbox 1095 2428 1279 2500; x_wconf 74' lang='lat' dir='ltr'><strong>utique</strong></span> <span class='ocrx_word' id='word_1_185' title='bbox 1305 2427 1515 2499; x_wconf 79' lang='lat' dir='ltr'><strong>agebat,</strong></span> <span class='ocrx_word' id='word_1_186' title='bbox 1549 2443 1653 2481; x_wconf 86' lang='lat' dir='ltr'><strong>non</strong></span> <span class='ocrx_word' id='word_1_187' title='bbox 1681 2425 1749 2481; x_wconf 91' lang='lat' dir='ltr'><strong>de</strong></span> <span class='ocrx_word' id='word_1_188' title='bbox 1776 2424 2024 2488; x_wconf 86' lang='lat' dir='ltr'><strong>volando,</strong></span> 
     </span>
    </p>
   </div>
   <div class='ocr_carea' id='block_1_24' title="bbox 436 2516 2030 2592">
    <p class='ocr_par' dir='ltr' id='par_1_24' title="bbox 436 2516 2030 2592">
     <span class='ocr_line' id='line_1_24' title="bbox 436 2516 2030 2592; baseline -0.003 -16"><span class='ocrx_word' id='word_1_189' title='bbox 436 2521 561 2592; x_wconf 89' lang='lat' dir='ltr'><strong>quia</strong></span> <span class='ocrx_word' id='word_1_190' title='bbox 592 2523 856 2589; x_wconf 86' lang='lat' dir='ltr'><strong>homines,</strong></span> <span class='ocrx_word' id='word_1_191' title='bbox 883 2537 987 2577; x_wconf 92' lang='lat' dir='ltr'><strong>non</strong></span> <span class='ocrx_word' id='word_1_192' title='bbox 1014 2522 1167 2575; x_wconf 87' lang='lat' dir='ltr'><strong>alites</strong></span> <span class='ocrx_word' id='word_1_193' title='bbox 1194 2528 1365 2575; x_wconf 87' lang='lat' dir='ltr'><strong>erant.</strong></span> <span class='ocrx_word' id='word_1_194' title='bbox 1396 2518 1535 2575; x_wconf 86' lang='lat' dir='ltr'><strong>Ecce</strong></span> <span class='ocrx_word' id='word_1_195' title='bbox 1562 2518 1724 2574; x_wconf 89' lang='lat' dir='ltr'><strong>homo</strong></span> <span class='ocrx_word' id='word_1_196' title='bbox 1751 2516 1893 2587; x_wconf 91' lang='lat' dir='ltr'><strong>quod</strong></span> <span class='ocrx_word' id='word_1_197' title='bbox 1916 2516 2030 2572; x_wconf 84' lang='lat' dir='ltr'><strong>vult</strong></span> 
     </span>
    </p>
   </div>
   <div class='ocr_carea' id='block_1_25' title="bbox 438 2608 2028 2682">
    <p class='ocr_par' dir='ltr' id='par_1_25' title="bbox 438 2608 2028 2682">
     <span class='ocr_line' id='line_1_25' title="bbox 438 2608 2028 2682; baseline -0.002 -16"><span class='ocrx_word' id='word_1_198' title='bbox 438 2612 637 2666; x_wconf 87' lang='lat' dir='ltr'><strong>bonum</strong></span> <span class='ocrx_word' id='word_1_199' title='bbox 686 2627 790 2666; x_wconf 91' lang='lat' dir='ltr'><strong>non</strong></span> <span class='ocrx_word' id='word_1_200' title='bbox 841 2613 991 2681; x_wconf 81' lang='lat' dir='ltr'><strong>agit;</strong></span> <span class='ocrx_word' id='word_1_201' title='bbox 1040 2612 1131 2667; x_wconf 91' lang='lat' dir='ltr'><strong>sed</strong></span> <span class='ocrx_word' id='word_1_202' title='bbox 1164 2612 1303 2682; x_wconf 90' lang='lat' dir='ltr'><strong>quod</strong></span> <span class='ocrx_word' id='word_1_203' title='bbox 1350 2627 1456 2665; x_wconf 90' lang='lat' dir='ltr'><strong>non</strong></span> <span class='ocrx_word' id='word_1_204' title='bbox 1499 2608 1613 2664; x_wconf 82' lang='lat' dir='ltr'><strong>vult</strong></span> <span class='ocrx_word' id='word_1_205' title='bbox 1658 2608 1879 2676; x_wconf 88' lang='lat' dir='ltr'><strong>malum,</strong></span> <span class='ocrx_word' id='word_1_206' title='bbox 1925 2608 2028 2663; x_wconf 85' lang='lat' dir='ltr'><strong>hoc</strong></span> 
     </span>
    </p>
   </div>
   <div class='ocr_carea' id='block_1_26' title="bbox 436 2698 2027 2773">
    <p class='ocr_par' dir='ltr' id='par_1_26' title="bbox 436 2698 2027 2773">
     <span class='ocr_line' id='line_1_26' title="bbox 436 2698 2027 2773; baseline -0.002 -18"><span class='ocrx_word' id='word_1_207' title='bbox 436 2701 549 2771; x_wconf 85' lang='lat' dir='ltr'><strong>agit</strong></span> <span class='ocrx_word' id='word_1_208' title='bbox 589 2718 603 2753; x_wconf 89' lang='lat'><strong>:</strong></span> <span class='ocrx_word' id='word_1_209' title='bbox 647 2702 773 2755; x_wconf 75' lang='lat' dir='ltr'><strong>velle</strong></span> <span class='ocrx_word' id='word_1_210' title='bbox 816 2702 892 2755; x_wconf 87' lang='lat' dir='ltr'><strong>illi</strong></span> <span class='ocrx_word' id='word_1_211' title='bbox 938 2702 1159 2773; x_wconf 78' lang='lat' dir='ltr'><strong>adjacet,</strong></span> <span class='ocrx_word' id='word_1_212' title='bbox 1212 2701 1450 2768; x_wconf 75' lang='lat' dir='ltr'><strong>perﬁcere</strong></span> <span class='ocrx_word' id='word_1_213' title='bbox 1490 2709 1653 2753; x_wconf 79' lang='lat' dir='ltr'><strong>autent</strong></span> <span class='ocrx_word' id='word_1_214' title='bbox 1698 2698 1879 2753; x_wconf 85' lang='lat' dir='ltr'><strong>bonum</strong></span> <span class='ocrx_word' id='word_1_215' title='bbox 1924 2715 2027 2752; x_wconf 86' lang='lat' dir='ltr'><strong>non</strong></span> 
     </span>
    </p>
   </div>
   <div class='ocr_carea' id='block_1_27' title="bbox 438 2789 2075 2861">
    <p class='ocr_par' dir='ltr' id='par_1_27' title="bbox 438 2789 2075 2861">
     <span class='ocr_line' id='line_1_27' title="bbox 438 2789 2075 2861; baseline -0.002 -19"><span class='ocrx_word' id='word_1_216' title='bbox 438 2790 638 2860; x_wconf 88' lang='lat' dir='ltr'><strong>adjacet</strong></span> <span class='ocrx_word' id='word_1_217' title='bbox 669 2789 824 2861; x_wconf 80' lang='lat' dir='ltr'><strong>(Rom</strong></span> <span class='ocrx_word' id='word_1_218' title='bbox 878 2806 970 2859; x_wconf 88' lang='lat' dir='ltr'><strong>vtt,</strong></span> <span class='ocrx_word' id='word_1_219' title='bbox 1006 2792 1090 2857; x_wconf 79' lang='lat' dir='ltr'><strong>i5,</strong></span> <span class='ocrx_word' id='word_1_220' title='bbox 1124 2792 1236 2860; x_wconf 84' lang='lat' dir='ltr'><strong>i8).</strong></span> <span class='ocrx_word' id='word_1_221' title='bbox 1285 2790 1380 2847; x_wconf 88' lang='lat' dir='ltr'><strong>Ubi</strong></span> <span class='ocrx_word' id='word_1_222' title='bbox 1413 2798 1495 2845; x_wconf 88' lang='lat' dir='ltr'><strong>est</strong></span> <span class='ocrx_word' id='word_1_223' title='bbox 1520 2789 1880 2861; x_wconf 75' lang='lat' dir='ltr'><strong>possibilitas,</strong></span> <span class='ocrx_word' id='word_1_224' title='bbox 1908 2804 2027 2860; x_wconf 76' lang='lat' dir='ltr'><strong>qua:</strong></span> <span class='ocrx_word' id='word_1_225' title='bbox 2068 2832 2075 2839; x_wconf 97' lang='lat'><strong>.</strong></span> 
     </span>
    </p>
   </div>
   <div class='ocr_carea' id='block_1_28' title="bbox 440 2880 2026 2955">
    <p class='ocr_par' dir='ltr' id='par_1_28' title="bbox 440 2880 2026 2955">
     <span class='ocr_line' id='line_1_28' title="bbox 440 2880 2026 2955; baseline 0.001 -19"><span class='ocrx_word' id='word_1_226' title='bbox 440 2884 864 2954; x_wconf 76' lang='lat' dir='ltr'><strong>inseparabiliter</strong></span> <span class='ocrx_word' id='word_1_227' title='bbox 894 2884 1049 2938; x_wconf 89' lang='lat' dir='ltr'><strong>insita</strong></span> <span class='ocrx_word' id='word_1_228' title='bbox 1091 2883 1347 2955; x_wconf 78' lang='lat' dir='ltr'><strong>probatur</strong></span> <span class='ocrx_word' id='word_1_229' title='bbox 1374 2897 1493 2938; x_wconf 88' lang='lat' dir='ltr'><strong>esse</strong></span> <span class='ocrx_word' id='word_1_230' title='bbox 1530 2881 1777 2936; x_wconf 75' lang='lat' dir='ltr'><strong>natum?</strong></span> <span class='ocrx_word' id='word_1_231' title='bbox 1822 2880 2026 2951; x_wconf 84' lang='lat' dir='ltr'><strong>Quem-</strong></span> 
     </span>
    </p>
   </div>
   <div class='ocr_carea' id='block_1_29' title="bbox 438 2972 2025 3045">
    <p class='ocr_par' dir='ltr' id='par_1_29' title="bbox 438 2972 2025 3045">
     <span class='ocr_line' id='line_1_29' title="bbox 438 2972 2025 3045; baseline -0.001 -18"><span class='ocrx_word' id='word_1_232' title='bbox 438 2973 569 3028; x_wconf 83' lang='lat' dir='ltr'><strong>libet</strong></span> <span class='ocrx_word' id='word_1_233' title='bbox 595 2975 737 3029; x_wconf 89' lang='lat' dir='ltr'><strong>enim</strong></span> <span class='ocrx_word' id='word_1_234' title='bbox 779 2975 830 3029; x_wconf 93' lang='lat' dir='ltr'><strong>in</strong></span> <span class='ocrx_word' id='word_1_235' title='bbox 875 2990 935 3030; x_wconf 89' lang='lat' dir='ltr'><strong>se</strong></span> <span class='ocrx_word' id='word_1_236' title='bbox 966 2974 1325 3045; x_wconf 74' lang='lat' dir='ltr'><strong>transfigurat,</strong></span> <span class='ocrx_word' id='word_1_237' title='bbox 1370 2974 1413 3028; x_wconf 83' lang='lat' dir='ltr'><strong>si</strong></span> <span class='ocrx_word' id='word_1_238' title='bbox 1453 2973 1520 3029; x_wconf 90' lang='lat' dir='ltr'><strong>de</strong></span> <span class='ocrx_word' id='word_1_239' title='bbox 1559 2989 1618 3028; x_wconf 89' lang='lat' dir='ltr'><strong>se</strong></span> <span class='ocrx_word' id='word_1_240' title='bbox 1647 2974 1763 3042; x_wconf 83' lang='lat' dir='ltr'><strong>ipSn</strong></span> <span class='ocrx_word' id='word_1_241' title='bbox 1792 2972 1891 3027; x_wconf 81' lang='lat' dir='ltr'><strong>ista</strong></span> <span class='ocrx_word' id='word_1_242' title='bbox 1920 2988 2025 3026; x_wconf 89' lang='lat' dir='ltr'><strong>non</strong></span> 
     </span>
    </p>
   </div>
   <div class='ocr_carea' id='block_1_30' title="bbox 438 3064 2024 3135">
    <p class='ocr_par' dir='ltr' id='par_1_30' title="bbox 438 3064 2024 3135">
     <span class='ocr_line' id='line_1_30' title="bbox 438 3064 2024 3135; baseline 0 -17"><span class='ocrx_word' id='word_1_243' title='bbox 438 3064 567 3120; x_wconf 88' lang='lat' dir='ltr'><strong>dicit</strong></span> <span class='ocrx_word' id='word_1_244' title='bbox 594 3068 909 3135; x_wconf 80' lang='lat' dir='ltr'><strong>Apostolus,</strong></span> <span class='ocrx_word' id='word_1_245' title='bbox 952 3067 1224 3122; x_wconf 89' lang='lat' dir='ltr'><strong>hominem</strong></span> <span class='ocrx_word' id='word_1_246' title='bbox 1266 3076 1413 3122; x_wconf 90' lang='lat' dir='ltr'><strong>certe</strong></span> <span class='ocrx_word' id='word_1_247' title='bbox 1456 3066 1509 3121; x_wconf 88' lang='lat' dir='ltr'><strong>in</strong></span> <span class='ocrx_word' id='word_1_248' title='bbox 1556 3082 1616 3121; x_wconf 89' lang='lat' dir='ltr'><strong>se</strong></span> <span class='ocrx_word' id='word_1_249' title='bbox 1664 3064 2024 3135; x_wconf 68' lang='lat' dir='ltr'><strong>transﬁgant.</strong></span> 
     </span>
    </p>
   </div>
   <div class='ocr_carea' id='block_1_31' title="bbox 441 3155 2024 3227">
    <p class='ocr_par' dir='ltr' id='par_1_31' title="bbox 441 3155 2024 3227">
     <span class='ocr_line' id='line_1_31' title="bbox 441 3155 2024 3227; baseline 0.001 -17"><span class='ocrx_word' id='word_1_250' title='bbox 441 3156 524 3210; x_wconf 79' lang='lat' dir='ltr'><strong>Ab</strong></span> <span class='ocrx_word' id='word_1_251' title='bbox 556 3157 656 3210; x_wconf 88' lang='lat' dir='ltr'><strong>isto</strong></span> <span class='ocrx_word' id='word_1_252' title='bbox 686 3168 860 3213; x_wconf 89' lang='lat' dir='ltr'><strong>autem</strong></span> <span class='ocrx_word' id='word_1_253' title='bbox 907 3159 1014 3227; x_wconf 90' lang='lat' dir='ltr'><strong>ipsa</strong></span> <span class='ocrx_word' id='word_1_254' title='bbox 1050 3159 1066 3190; x_wconf 90' lang='grc'>¹</span> <span class='ocrx_word' id='word_1_255' title='bbox 1102 3158 1330 3213; x_wconf 87' lang='lat' dir='ltr'><strong>humana</strong></span> <span class='ocrx_word' id='word_1_256' title='bbox 1379 3166 1564 3212; x_wconf 88' lang='lat' dir='ltr'><strong>natura</strong></span> <span class='ocrx_word' id='word_1_257' title='bbox 1614 3155 2024 3225; x_wconf 87' lang='lat' dir='ltr'><strong>inseparabilem</strong></span> 
     </span>
    </p>
   </div>
   <div class='ocr_carea' id='block_1_32' title="bbox 441 3247 2027 3318">
    <p class='ocr_par' dir='ltr' id='par_1_32' title="bbox 441 3247 2027 3318">
     <span class='ocr_line' id='line_1_32' title="bbox 441 3247 2027 3318; baseline 0.003 -20"><span class='ocrx_word' id='word_1_258' title='bbox 441 3247 573 3303; x_wconf 85' lang='lat' dir='ltr'><strong>nihil</strong></span> <span class='ocrx_word' id='word_1_259' title='bbox 614 3250 862 3317; x_wconf 84' lang='lat' dir='ltr'><strong>peccandi</strong></span> <span class='ocrx_word' id='word_1_260' title='bbox 898 3250 1301 3318; x_wconf 75' lang='lat' dir='ltr'><strong>possibilitatem</strong></span> <span class='ocrx_word' id='word_1_261' title='bbox 1340 3249 1536 3304; x_wconf 85' lang='lat' dir='ltr'><strong>habere</strong></span> <span class='ocrx_word' id='word_1_262' title='bbox 1565 3247 1887 3304; x_wconf 77' lang='lat' dir='ltr'><strong>defenditur.</strong></span> <span class='ocrx_word' id='word_1_263' title='bbox 1918 3247 2027 3305; x_wconf 89' lang='lat' dir='ltr'><strong>Sed</strong></span> 
     </span>
    </p>
   </div>
   <div class='ocr_carea' id='block_1_33' title="bbox 440 3339 2026 3411">
    <p class='ocr_par' dir='ltr' id='par_1_33' title="bbox 440 3339 2026 3411">
     <span class='ocr_line' id='line_1_33' title="bbox 440 3339 2026 3411; baseline 0 -16"><span class='ocrx_word' id='word_1_264' title='bbox 440 3341 525 3395; x_wconf 88' lang='lat' dir='ltr'><strong>his</strong></span> <span class='ocrx_word' id='word_1_265' title='bbox 542 3340 717 3395; x_wconf 86' lang='lat' dir='ltr'><strong>verbis</strong></span> <span class='ocrx_word' id='word_1_266' title='bbox 740 3340 788 3394; x_wconf 88' lang='lat' dir='ltr'><strong>id</strong></span> <span class='ocrx_word' id='word_1_267' title='bbox 805 3341 996 3411; x_wconf 80' lang='lat' dir='ltr'><strong>agitur,</strong></span> <span class='ocrx_word' id='word_1_268' title='bbox 1015 3342 1172 3395; x_wconf 85' lang='lat' dir='ltr'><strong>etiam</strong></span> <span class='ocrx_word' id='word_1_269' title='bbox 1195 3356 1224 3393; x_wconf 86' lang='lat' dir='ltr'><strong>a</strong></span> <span class='ocrx_word' id='word_1_270' title='bbox 1248 3341 1516 3395; x_wconf 75' lang='lat' dir='ltr'><strong>nesciente</strong></span> <span class='ocrx_word' id='word_1_271' title='bbox 1532 3340 1621 3410; x_wconf 87' lang='lat' dir='ltr'><strong>qui</strong></span> <span class='ocrx_word' id='word_1_272' title='bbox 1646 3339 1897 3409; x_wconf 63' lang='lat' dir='ltr'><strong>loquitur,</strong></span> <span class='ocrx_word' id='word_1_273' title='bbox 1919 3355 2026 3396; x_wconf 90' lang='lat' dir='ltr'><strong>non</strong></span> 
     </span>
    </p>
   </div>
   <div class='ocr_carea' id='block_1_34' title="bbox 438 3430 2024 3502">
    <p class='ocr_par' dir='ltr' id='par_1_34' title="bbox 438 3430 2024 3502">
     <span class='ocr_line' id='line_1_34' title="bbox 438 3430 2024 3502; baseline -0.001 -17"><span class='ocrx_word' id='word_1_274' title='bbox 438 3440 616 3485; x_wconf 87' lang='lat' dir='ltr'><strong>autem</strong></span> <span class='ocrx_word' id='word_1_275' title='bbox 647 3432 918 3486; x_wconf 88' lang='lat' dir='ltr'><strong>nesciente</strong></span> <span class='ocrx_word' id='word_1_276' title='bbox 950 3432 1041 3486; x_wconf 91' lang='lat' dir='ltr'><strong>illo</strong></span> <span class='ocrx_word' id='word_1_277' title='bbox 1068 3432 1155 3501; x_wconf 81' lang='lat' dir='ltr'><strong>qui</strong></span> <span class='ocrx_word' id='word_1_278' title='bbox 1183 3431 1296 3486; x_wconf 71' lang='lat' dir='ltr'><strong>lucc</strong></span> <span class='ocrx_word' id='word_1_279' title='bbox 1326 3430 1589 3502; x_wconf 80' lang='lat' dir='ltr'><strong>loquenda</strong></span> <span class='ocrx_word' id='word_1_280' title='bbox 1614 3431 1838 3486; x_wconf 88' lang='lat' dir='ltr'><strong>incautis</strong></span> <span class='ocrx_word' id='word_1_281' title='bbox 1864 3431 2024 3487; x_wconf 88' lang='lat' dir='ltr'><strong>etiam</strong></span> 
     </span>
    </p>
   </div>
   <div class='ocr_carea' id='block_1_35' title="bbox 442 3516 2023 3593">
    <p class='ocr_par' dir='ltr' id='par_1_35' title="bbox 442 3516 2023 3593">
     <span class='ocr_line' id='line_1_35' title="bbox 442 3516 2023 3593; baseline -0.006 -15"><span class='ocrx_word' id='word_1_282' title='bbox 442 3525 605 3578; x_wconf 83' lang='lat' dir='ltr'><strong>Deum</strong></span> <span class='ocrx_word' id='word_1_283' title='bbox 626 3523 933 3578; x_wconf 85' lang='lat' dir='ltr'><strong>timentibus</strong></span> <span class='ocrx_word' id='word_1_284' title='bbox 958 3523 1209 3593; x_wconf 72' lang='lat' dir='ltr'><strong>suggerit,</strong></span> <span class='ocrx_word' id='word_1_285' title='bbox 1226 3534 1283 3577; x_wconf 90' lang='lat' dir='ltr'><strong>ut</strong></span> <span class='ocrx_word' id='word_1_286' title='bbox 1300 3531 1586 3577; x_wconf 87' lang='lat' dir='ltr'><strong>cvacuetnr</strong></span> <span class='ocrx_word' id='word_1_287' title='bbox 1599 3520 1794 3577; x_wconf 85' lang='lat' dir='ltr'><strong>Christi</strong></span> <span class='ocrx_word' id='word_1_288' title='bbox 1810 3516 2023 3588; x_wconf 63' lang='lat' dir='ltr'><strong>gratia&#39;,</strong></span> 
     </span>
    </p>
   </div>
   <div class='ocr_carea' id='block_1_36' title="bbox 442 3612 2021 3685">
    <p class='ocr_par' dir='ltr' id='par_1_36' title="bbox 442 3612 2021 3685">
     <span class='ocr_line' id='line_1_36' title="bbox 442 3612 2021 3685; baseline -0.002 -15"><span class='ocrx_word' id='word_1_289' title='bbox 442 3614 674 3670; x_wconf 89' lang='lat' dir='ltr'><strong>humana</strong></span> <span class='ocrx_word' id='word_1_290' title='bbox 696 3614 793 3669; x_wconf 81' lang='lat' dir='ltr'><strong>sibi</strong></span> <span class='ocrx_word' id='word_1_291' title='bbox 813 3615 876 3669; x_wconf 91' lang='lat' dir='ltr'><strong>ad</strong></span> <span class='ocrx_word' id='word_1_292' title='bbox 895 3614 1151 3685; x_wconf 76' lang='lat' dir='ltr'><strong>justitiam</strong></span> <span class='ocrx_word' id='word_1_293' title='bbox 1172 3629 1320 3669; x_wconf 85' lang='lat' dir='ltr'><strong>suam</strong></span> <span class='ocrx_word' id='word_1_294' title='bbox 1336 3614 1487 3683; x_wconf 87' lang='lat' dir='ltr'><strong>quasi</strong></span> <span class='ocrx_word' id='word_1_295' title='bbox 1501 3612 1797 3670; x_wconf 76' lang='lat' dir='ltr'><strong>sufficiente</strong></span> <span class='ocrx_word' id='word_1_296' title='bbox 1814 3616 2021 3669; x_wconf 87' lang='lat' dir='ltr'><strong>natura.</strong></span> 
     </span>
    </p>
   </div>
   <div class='ocr_carea' id='block_1_37' title="bbox 511 3702 2028 3775">
    <p class='ocr_par' dir='ltr' id='par_1_37' title="bbox 511 3702 2028 3775">
     <span class='ocr_line' id='line_1_37' title="bbox 511 3702 2028 3775; baseline -0.001 -15"><span class='ocrx_word' id='word_1_297' title='bbox 511 3705 736 3762; x_wconf 69' lang='lat' dir='ltr'><strong>CAPUT</strong></span> <span class='ocrx_word' id='word_1_298' title='bbox 775 3705 861 3761; x_wconf 91' lang='lat' dir='ltr'><strong>Ll.</strong></span> <span class='ocrx_word' id='word_1_299' title='bbox 910 3736 981 3747; x_wconf 90' lang='lat'><strong><em>—</em></strong></span> <span class='ocrx_word' id='word_1_300' title='bbox 1033 3706 1124 3762; x_wconf 68' lang='grc' dir='ltr'><strong>δυ.</strong></span> <span class='ocrx_word' id='word_1_301' title='bbox 1186 3702 1577 3761; x_wconf 83' lang='lat' dir='ltr'><strong>Possibilitatent</strong></span> <span class='ocrx_word' id='word_1_302' title='bbox 1628 3723 1730 3760; x_wconf 82' lang='lat' dir='ltr'><strong>non</strong></span> <span class='ocrx_word' id='word_1_303' title='bbox 1784 3706 2028 3775; x_wconf 82' lang='lat' dir='ltr'><strong>peccandi</strong></span> 
     </span>
    </p>
   </div>
   <div class='ocr_carea' id='block_1_38' title="bbox 437 3794 2026 3868">
    <p class='ocr_par' dir='ltr' id='par_1_38' title="bbox 437 3794 2026 3868">
     <span class='ocr_line' id='line_1_38' title="bbox 437 3794 2026 3868; baseline 0.001 -17"><span class='ocrx_word' id='word_1_304' title='bbox 437 3812 535 3865; x_wconf 84' lang='lat' dir='ltr'><strong>quo</strong></span> <span class='ocrx_word' id='word_1_305' title='bbox 584 3812 733 3851; x_wconf 87' lang='lat' dir='ltr'><strong>sensu</strong></span> <span class='ocrx_word' id='word_1_306' title='bbox 772 3794 1014 3868; x_wconf 78' lang='lat' dir='ltr'><strong>Pelagius</strong></span> <span class='ocrx_word' id='word_1_307' title='bbox 1072 3796 1166 3849; x_wconf 88' lang='lat' dir='ltr'><strong>Dei</strong></span> <span class='ocrx_word' id='word_1_308' title='bbox 1202 3797 1379 3867; x_wconf 70' lang='lat' dir='ltr'><strong>gratiae</strong></span> <span class='ocrx_word' id='word_1_309' title='bbox 1415 3796 1662 3850; x_wconf 77' lang='lat' dir='ltr'><strong>tribuerit.</strong></span> <span class='ocrx_word' id='word_1_310' title='bbox 1722 3797 1795 3852; x_wconf 89' lang='lat' dir='ltr'><strong>Ut</strong></span> <span class='ocrx_word' id='word_1_311' title='bbox 1848 3808 2026 3853; x_wconf 85' lang='lat' dir='ltr'><strong>autem</strong></span> 
     </span>
    </p>
   </div>
   <div class='ocr_carea' id='block_1_39' title="bbox 437 3887 2027 3960">
    <p class='ocr_par' dir='ltr' id='par_1_39' title="bbox 437 3887 2027 3960">
     <span class='ocr_line' id='line_1_39' title="bbox 437 3887 2027 3960; baseline 0.001 -16"><span class='ocrx_word' id='word_1_312' title='bbox 437 3889 736 3945; x_wconf 83' lang='lat' dir='ltr'><strong>deciinetut&#39;</strong></span> <span class='ocrx_word' id='word_1_313' title='bbox 773 3888 967 3945; x_wconf 82' lang='lat' dir='ltr'><strong>invidia</strong></span> <span class='ocrx_word' id='word_1_314' title='bbox 993 3930 1008 3955; x_wconf 92' lang='lat'><strong>,</strong></span> <span class='ocrx_word' id='word_1_315' title='bbox 1052 3904 1152 3959; x_wconf 87' lang='lat' dir='ltr'><strong>qua</strong></span> <span class='ocrx_word' id='word_1_316' title='bbox 1190 3887 1477 3944; x_wconf 86' lang='lat' dir='ltr'><strong>Christiani</strong></span> <span class='ocrx_word' id='word_1_317' title='bbox 1515 3889 1536 3922; x_wconf 87' lang='grc'><em>³</em></span> <span class='ocrx_word' id='word_1_318' title='bbox 1574 3904 1671 3960; x_wconf 86' lang='lat' dir='ltr'><strong>pro</strong></span> <span class='ocrx_word' id='word_1_319' title='bbox 1708 3890 1880 3946; x_wconf 88' lang='lat' dir='ltr'><strong>salute</strong></span> <span class='ocrx_word' id='word_1_320' title='bbox 1931 3905 2027 3946; x_wconf 90' lang='lat' dir='ltr'><strong>sua</strong></span> 
     </span>
    </p>
   </div>
   <div class='ocr_carea' id='block_1_40' title="bbox 436 3976 2027 4051">
    <p class='ocr_par' dir='ltr' id='par_1_40' title="bbox 436 3976 2027 4051">
     <span class='ocr_line' id='line_1_40' title="bbox 436 3976 2027 4051; baseline 0.001 -16"><span class='ocrx_word' id='word_1_321' title='bbox 436 3981 672 4035; x_wconf 89' lang='lat' dir='ltr'><strong>clamant</strong></span> <span class='ocrx_word' id='word_1_322' title='bbox 708 3988 764 4035; x_wconf 93' lang='lat' dir='ltr'><strong>et</strong></span> <span class='ocrx_word' id='word_1_323' title='bbox 797 3976 1011 4044; x_wconf 88' lang='lat' dir='ltr'><strong>dicunt,</strong></span> <span class='ocrx_word' id='word_1_324' title='bbox 1038 3980 1216 4048; x_wconf 86' lang='lat' dir='ltr'><strong>Quare</strong></span> <span class='ocrx_word' id='word_1_325' title='bbox 1254 3980 1369 4035; x_wconf 87' lang='lat' dir='ltr'><strong>sine</strong></span> <span class='ocrx_word' id='word_1_326' title='bbox 1405 3980 1672 4049; x_wconf 88' lang='lat' dir='ltr'><strong>adjutorio</strong></span> <span class='ocrx_word' id='word_1_327' title='bbox 1708 3980 1892 4051; x_wconf 73' lang='lat' dir='ltr'><strong>gratia:</strong></span> <span class='ocrx_word' id='word_1_328' title='bbox 1932 3980 2027 4036; x_wconf 77' lang='lat' dir='ltr'><strong>Dei</strong></span> 
     </span>
    </p>
   </div>
   <div class='ocr_carea' id='block_1_41' title="bbox 437 4069 2027 4142">
    <p class='ocr_par' dir='ltr' id='par_1_41' title="bbox 437 4069 2027 4142">
     <span class='ocr_line' id='line_1_41' title="bbox 437 4069 2027 4142; baseline 0 -16"><span class='ocrx_word' id='word_1_329' title='bbox 437 4069 575 4127; x_wconf 88' lang='lat' dir='ltr'><strong>dicis</strong></span> <span class='ocrx_word' id='word_1_330' title='bbox 600 4069 871 4125; x_wconf 90' lang='lat' dir='ltr'><strong>hominem</strong></span> <span class='ocrx_word' id='word_1_331' title='bbox 892 4084 1044 4139; x_wconf 64' lang='lat' dir='ltr'><strong>posse</strong></span> <span class='ocrx_word' id='word_1_332' title='bbox 1072 4087 1177 4125; x_wconf 91' lang='lat' dir='ltr'><strong>non</strong></span> <span class='ocrx_word' id='word_1_333' title='bbox 1210 4084 1430 4140; x_wconf 80' lang='lat' dir='ltr'><strong>peccare</strong></span> <span class='ocrx_word' id='word_1_334' title='bbox 1453 4070 1477 4124; x_wconf 72' lang='grc' dir='ltr'><strong><em>τ</em></strong></span> <span class='ocrx_word' id='word_1_335' title='bbox 1507 4069 1653 4140; x_wconf 83' lang='lat' dir='ltr'><strong>Ipsa,</strong></span> <span class='ocrx_word' id='word_1_336' title='bbox 1686 4072 1879 4142; x_wconf 86' lang='lat' dir='ltr'><strong>inquit,</strong></span> <span class='ocrx_word' id='word_1_337' title='bbox 1924 4089 2027 4126; x_wconf 85' lang='lat' dir='ltr'><strong>non</strong></span> 
     </span>
    </p>
   </div>
   <div class='ocr_carea' id='block_1_42' title="bbox 438 4161 2026 4235">
    <p class='ocr_par' dir='ltr' id='par_1_42' title="bbox 438 4161 2026 4235">
     <span class='ocr_line' id='line_1_42' title="bbox 438 4161 2026 4235; baseline 0.001 -18"><span class='ocrx_word' id='word_1_338' title='bbox 438 4163 686 4234; x_wconf 78' lang='lat' dir='ltr'><strong>peccandi</strong></span> <span class='ocrx_word' id='word_1_339' title='bbox 713 4162 1021 4233; x_wconf 79' lang='lat' dir='ltr'><strong>possibilitas</strong></span> <span class='ocrx_word' id='word_1_340' title='bbox 1044 4177 1143 4216; x_wconf 89' lang='lat' dir='ltr'><strong>non</strong></span> <span class='ocrx_word' id='word_1_341' title='bbox 1172 4172 1274 4216; x_wconf 83' lang='lat' dir='ltr'><strong>tant</strong></span> <span class='ocrx_word' id='word_1_342' title='bbox 1298 4164 1348 4216; x_wconf 87' lang='lat' dir='ltr'><strong>in</strong></span> <span class='ocrx_word' id='word_1_343' title='bbox 1373 4161 1566 4215; x_wconf 81' lang='lat' dir='ltr'><strong>arbitrii</strong></span> <span class='ocrx_word' id='word_1_344' title='bbox 1585 4172 1849 4234; x_wconf 79' lang='lat' dir='ltr'><strong>potestate,</strong></span> <span class='ocrx_word' id='word_1_345' title='bbox 1873 4182 2026 4235; x_wconf 85' lang='lat' dir='ltr'><strong>quam</strong></span> 
     </span>
    </p>
   </div>
   <div class='ocr_carea' id='block_1_43' title="bbox 423 4255 2029 4326">
    <p class='ocr_par' dir='ltr' id='par_1_43' title="bbox 423 4255 2029 4326">
     <span class='ocr_line' id='line_1_43' title="bbox 423 4255 2029 4326; baseline 0 -16"><span class='ocrx_word' id='word_1_346' title='bbox 423 4257 489 4312; x_wconf 75' lang='lat' dir='ltr'><strong>&#39;in</strong></span> <span class='ocrx_word' id='word_1_347' title='bbox 512 4269 710 4312; x_wconf 75' lang='lat' dir='ltr'><strong>natura:</strong></span> <span class='ocrx_word' id='word_1_348' title='bbox 724 4258 1018 4312; x_wconf 86' lang='lat' dir='ltr'><strong>necessitate</strong></span> <span class='ocrx_word' id='word_1_349' title='bbox 1046 4267 1135 4311; x_wconf 88' lang='lat' dir='ltr'><strong>est.</strong></span> <span class='ocrx_word' id='word_1_350' title='bbox 1166 4255 1422 4326; x_wconf 79' lang='lat' dir='ltr'><strong>Quidquid</strong></span> <span class='ocrx_word' id='word_1_351' title='bbox 1444 4256 1494 4309; x_wconf 91' lang='lat' dir='ltr'><strong>in</strong></span> <span class='ocrx_word' id='word_1_352' title='bbox 1514 4264 1713 4310; x_wconf 76' lang='lat' dir='ltr'><strong>natura:</strong></span> <span class='ocrx_word' id='word_1_353' title='bbox 1735 4258 2029 4312; x_wconf 84' lang='lat' dir='ltr'><strong>necessitate</strong></span> 
     </span>
    </p>
   </div>
   <div class='ocr_carea' id='block_1_44' title="bbox 437 4345 2023 4420">
    <p class='ocr_par' dir='ltr' id='par_1_44' title="bbox 437 4345 2023 4420">
     <span class='ocr_line' id='line_1_44' title="bbox 437 4345 2023 4420; baseline -0.001 -17"><span class='ocrx_word' id='word_1_354' title='bbox 437 4350 658 4420; x_wconf 81' lang='lat' dir='ltr'><strong>positum</strong></span> <span class='ocrx_word' id='word_1_355' title='bbox 684 4357 776 4414; x_wconf 89' lang='lat' dir='ltr'><strong>est,</strong></span> <span class='ocrx_word' id='word_1_356' title='bbox 807 4347 875 4401; x_wconf 85' lang='lat' dir='ltr'><strong>ad</strong></span> <span class='ocrx_word' id='word_1_357' title='bbox 902 4357 1099 4401; x_wconf 78' lang='lat' dir='ltr'><strong>natura:</strong></span> <span class='ocrx_word' id='word_1_358' title='bbox 1127 4348 1372 4416; x_wconf 79' lang='lat' dir='ltr'><strong>pertinere</strong></span> <span class='ocrx_word' id='word_1_359' title='bbox 1410 4363 1509 4400; x_wconf 87' lang='lat' dir='ltr'><strong>non</strong></span> <span class='ocrx_word' id='word_1_360' title='bbox 1537 4345 1794 4400; x_wconf 83' lang='lat' dir='ltr'><strong>dubitatur</strong></span> <span class='ocrx_word' id='word_1_361' title='bbox 1842 4357 2023 4401; x_wconf 90' lang='lat' dir='ltr'><strong>aucto-</strong></span> 
     </span>
    </p>
   </div>
   <div class='ocr_carea' id='block_1_45' title="bbox 434 4438 2027 4513">
    <p class='ocr_par' dir='ltr' id='par_1_45' title="bbox 434 4438 2027 4513">
     <span class='ocr_line' id='line_1_45' title="bbox 434 4438 2027 4513; baseline 0.001 -18"><span class='ocrx_word' id='word_1_362' title='bbox 434 4458 542 4496; x_wconf 85' lang='lat' dir='ltr'><strong>rem</strong></span> <span class='ocrx_word' id='word_1_363' title='bbox 562 4484 577 4507; x_wconf 93' lang='lat'><strong>,</strong></span> <span class='ocrx_word' id='word_1_364' title='bbox 609 4442 783 4513; x_wconf 83' lang='lat' dir='ltr'><strong>utique</strong></span> <span class='ocrx_word' id='word_1_365' title='bbox 808 4439 994 4495; x_wconf 78' lang='lat' dir='ltr'><strong>Deum.</strong></span> <span class='ocrx_word' id='word_1_366' title='bbox 1028 4439 1291 4505; x_wconf 85' lang='lat' dir='ltr'><strong>Quomodo</strong></span> <span class='ocrx_word' id='word_1_367' title='bbox 1318 4456 1435 4509; x_wconf 80' lang='lat' dir='ltr'><strong>ergo</strong></span> <span class='ocrx_word' id='word_1_368' title='bbox 1457 4481 1471 4504; x_wconf 88' lang='lat'><strong>,</strong></span> <span class='ocrx_word' id='word_1_369' title='bbox 1500 4438 1694 4509; x_wconf 86' lang='lat' dir='ltr'><strong>inquit,</strong></span> <span class='ocrx_word' id='word_1_370' title='bbox 1722 4439 1908 4510; x_wconf 83' lang='lat' dir='ltr'><strong>absque</strong></span> <span class='ocrx_word' id='word_1_371' title='bbox 1928 4440 2027 4496; x_wconf 88' lang='lat' dir='ltr'><strong>Dei</strong></span> 
     </span>
    </p>
   </div>
   <div class='ocr_carea' id='block_1_46' title="bbox 434 4526 2028 4606">
    <p class='ocr_par' dir='ltr' id='par_1_46' title="bbox 434 4526 2028 4606">
     <span class='ocr_line' id='line_1_46' title="bbox 434 4526 2028 4606; baseline 0 -19"><span class='ocrx_word' id='word_1_372' title='bbox 434 4535 599 4606; x_wconf 80' lang='lat' dir='ltr'><strong>gratia</strong></span> <span class='ocrx_word' id='word_1_373' title='bbox 623 4532 726 4587; x_wconf 86' lang='lat' dir='ltr'><strong>dici</strong></span> <span class='ocrx_word' id='word_1_374' title='bbox 748 4532 1079 4598; x_wconf 78' lang='lat' dir='ltr'><strong>existimatur,</strong></span> <span class='ocrx_word' id='word_1_375' title='bbox 1115 4530 1251 4604; x_wconf 83' lang='lat' dir='ltr'><strong>quod</strong></span> <span class='ocrx_word' id='word_1_376' title='bbox 1269 4531 1336 4584; x_wconf 92' lang='lat' dir='ltr'><strong>ad</strong></span> <span class='ocrx_word' id='word_1_377' title='bbox 1360 4526 1521 4584; x_wconf 85' lang='lat' dir='ltr'><strong>Deum</strong></span> <span class='ocrx_word' id='word_1_378' title='bbox 1554 4532 1757 4602; x_wconf 85' lang='lat' dir='ltr'><strong>proprie</strong></span> <span class='ocrx_word' id='word_1_379' title='bbox 1782 4533 2028 4601; x_wconf 85' lang='lat' dir='ltr'><strong>pertinere</strong></span> 
     </span>
    </p>
   </div>
   <div class='ocr_carea' id='block_1_47' title="bbox 435 4620 2024 4691">
    <p class='ocr_par' dir='ltr' id='par_1_47' title="bbox 435 4620 2024 4691">
     <span class='ocr_line' id='line_1_47' title="bbox 435 4620 2024 4691; baseline 0.001 -14"><span class='ocrx_word' id='word_1_380' title='bbox 435 4622 791 4678; x_wconf 78' lang='lat' dir='ltr'><strong>monstratur?</strong></span> <span class='ocrx_word' id='word_1_381' title='bbox 817 4621 1080 4691; x_wconf 81' lang='lat' dir='ltr'><strong>Expressa</strong></span> <span class='ocrx_word' id='word_1_382' title='bbox 1109 4630 1190 4675; x_wconf 81' lang='lat' dir='ltr'><strong>est</strong></span> <span class='ocrx_word' id='word_1_383' title='bbox 1228 4620 1488 4675; x_wconf 85' lang='lat' dir='ltr'><strong>sententia</strong></span> <span class='ocrx_word' id='word_1_384' title='bbox 1519 4635 1639 4690; x_wconf 74' lang='lat' dir='ltr'><strong>qua:</strong></span> <span class='ocrx_word' id='word_1_385' title='bbox 1673 4620 1889 4690; x_wconf 86' lang='lat' dir='ltr'><strong>latebat,</strong></span> <span class='ocrx_word' id='word_1_386' title='bbox 1917 4639 2024 4679; x_wconf 89' lang='lat' dir='ltr'><strong>non</strong></span> 
     </span>
    </p>
   </div>
   <div class='ocr_carea' id='block_1_48' title="bbox 435 4711 2027 4788">
    <p class='ocr_par' dir='ltr' id='par_1_48' title="bbox 435 4711 2027 4788">
     <span class='ocr_line' id='line_1_48' title="bbox 435 4711 2027 4788; baseline 0 -17"><span class='ocrx_word' id='word_1_387' title='bbox 435 4725 517 4771; x_wconf 84' lang='lat' dir='ltr'><strong>est</strong></span> <span class='ocrx_word' id='word_1_388' title='bbox 543 4714 992 4788; x_wconf 86' lang='lat' dir='ltr'><strong>quemadmodum</strong></span> <span class='ocrx_word' id='word_1_389' title='bbox 1036 4713 1203 4782; x_wconf 80' lang='lat' dir='ltr'><strong>possit</strong></span> <span class='ocrx_word' id='word_1_390' title='bbox 1250 4711 1530 4767; x_wconf 87' lang='lat' dir='ltr'><strong>abscondi.</strong></span> <span class='ocrx_word' id='word_1_391' title='bbox 1566 4711 1690 4767; x_wconf 91' lang='lat' dir='ltr'><strong>Ideo</strong></span> <span class='ocrx_word' id='word_1_392' title='bbox 1718 4712 1810 4768; x_wconf 88' lang='lat' dir='ltr'><strong>Dei</strong></span> <span class='ocrx_word' id='word_1_393' title='bbox 1840 4716 2027 4784; x_wconf 72' lang='lat' dir='ltr'><strong>gratiae</strong></span> 
     </span>
    </p>
   </div>
   <div class='ocr_carea' id='block_1_49' title="bbox 434 4798 2024 4880">
    <p class='ocr_par' dir='ltr' id='par_1_49' title="bbox 434 4798 2024 4880">
     <span class='ocr_line' id='line_1_49' title="bbox 434 4798 2024 4880; baseline 0 -17"><span class='ocrx_word' id='word_1_394' title='bbox 434 4798 619 4864; x_wconf 83' lang='lat' dir='ltr'><strong>tribuit</strong></span> <span class='ocrx_word' id='word_1_395' title='bbox 645 4824 749 4863; x_wconf 90' lang='lat' dir='ltr'><strong>non</strong></span> <span class='ocrx_word' id='word_1_396' title='bbox 774 4806 1025 4880; x_wconf 83' lang='lat' dir='ltr'><strong>peccandi</strong></span> <span class='ocrx_word' id='word_1_397' title='bbox 1059 4805 1488 4877; x_wconf 74' lang='lat' dir='ltr'><strong>possibilitatem,</strong></span> <span class='ocrx_word' id='word_1_398' title='bbox 1516 4805 1644 4875; x_wconf 86' lang='lat' dir='ltr'><strong>quia</strong></span> <span class='ocrx_word' id='word_1_399' title='bbox 1674 4805 1792 4876; x_wconf 89' lang='lat' dir='ltr'><strong>ejus</strong></span> <span class='ocrx_word' id='word_1_400' title='bbox 1813 4816 2024 4863; x_wconf 76' lang='lat' dir='ltr'><strong>natura:</strong></span> 
     </span>
    </p>
   </div>
   <div class='ocr_carea' id='block_1_50' title="bbox 439 4896 2027 4968">
    <p class='ocr_par' dir='ltr' id='par_1_50' title="bbox 439 4896 2027 4968">
     <span class='ocr_line' id='line_1_50' title="bbox 439 4896 2027 4968; baseline -0.002 -13"><span class='ocrx_word' id='word_1_401' title='bbox 439 4902 580 4956; x_wconf 86' lang='lat' dir='ltr'><strong>Deus</strong></span> <span class='ocrx_word' id='word_1_402' title='bbox 605 4912 792 4954; x_wconf 85' lang='lat' dir='ltr'><strong>auctor</strong></span> <span class='ocrx_word' id='word_1_403' title='bbox 816 4907 930 4965; x_wconf 80' lang='lat' dir='ltr'><strong>est,</strong></span> <span class='ocrx_word' id='word_1_404' title='bbox 957 4897 1041 4953; x_wconf 91' lang='lat' dir='ltr'><strong>cui</strong></span> <span class='ocrx_word' id='word_1_405' title='bbox 1076 4896 1485 4968; x_wconf 85' lang='lat' dir='ltr'><strong>possibilitatem</strong></span> <span class='ocrx_word' id='word_1_406' title='bbox 1520 4909 1626 4950; x_wconf 89' lang='lat' dir='ltr'><strong>non</strong></span> <span class='ocrx_word' id='word_1_407' title='bbox 1657 4896 1911 4966; x_wconf 89' lang='lat' dir='ltr'><strong>peccandi</strong></span> <span class='ocrx_word' id='word_1_408' title='bbox 1943 4897 2027 4952; x_wconf 61' lang='lat' dir='ltr'><strong>in-</strong></span> 
     </span>
    </p>
   </div>
   <div class='ocr_carea' id='block_1_51' title="bbox 436 4986 2024 5060">
    <p class='ocr_par' dir='ltr' id='par_1_51' title="bbox 436 4986 2024 5060">
     <span class='ocr_line' id='line_1_51' title="bbox 436 4986 2024 5060; baseline -0.002 -14"><span class='ocrx_word' id='word_1_409' title='bbox 436 4991 806 5060; x_wconf 83' lang='lat' dir='ltr'><strong>separabiliter</strong></span> <span class='ocrx_word' id='word_1_410' title='bbox 826 4990 1037 5043; x_wconf 89' lang='lat' dir='ltr'><strong>insitam</strong></span> <span class='ocrx_word' id='word_1_411' title='bbox 1059 4989 1206 5043; x_wconf 90' lang='lat' dir='ltr'><strong>dicit.</strong></span> <span class='ocrx_word' id='word_1_412' title='bbox 1232 4986 1366 5042; x_wconf 90' lang='lat' dir='ltr'><strong>Cum</strong></span> <span class='ocrx_word' id='word_1_413' title='bbox 1393 4987 1508 5042; x_wconf 86' lang='lat' dir='ltr'><strong>vult</strong></span> <span class='ocrx_word' id='word_1_414' title='bbox 1530 5000 1657 5058; x_wconf 85' lang='lat' dir='ltr'><strong>ergo</strong></span> <span class='ocrx_word' id='word_1_415' title='bbox 1678 4987 1801 5043; x_wconf 76' lang='lat' dir='ltr'><strong>facit</strong></span> <span class='ocrx_word' id='word_1_416' title='bbox 1827 4986 1869 5053; x_wconf 73' lang='grc'>⁸,</span> <span class='ocrx_word' id='word_1_417' title='bbox 1902 4988 2024 5059; x_wconf 87' lang='lat' dir='ltr'><strong>quia</strong></span> 
     </span>
    </p>
   </div>
   <div class='ocr_carea' id='block_1_52' title="bbox 439 5078 2027 5149">
    <p class='ocr_par' dir='ltr' id='par_1_52' title="bbox 439 5078 2027 5149">
     <span class='ocr_line' id='line_1_52' title="bbox 439 5078 2027 5149; baseline -0.002 -12"><span class='ocrx_word' id='word_1_418' title='bbox 439 5098 545 5138; x_wconf 89' lang='lat' dir='ltr'><strong>non</strong></span> <span class='ocrx_word' id='word_1_419' title='bbox 576 5081 690 5135; x_wconf 86' lang='lat' dir='ltr'><strong>vult</strong></span> <span class='ocrx_word' id='word_1_420' title='bbox 716 5095 821 5135; x_wconf 89' lang='lat' dir='ltr'><strong>non</strong></span> <span class='ocrx_word' id='word_1_421' title='bbox 860 5079 1005 5134; x_wconf 81' lang='lat' dir='ltr'><strong>facit.</strong></span> <span class='ocrx_word' id='word_1_422' title='bbox 1037 5079 1134 5136; x_wconf 91' lang='lat' dir='ltr'><strong>Ubi</strong></span> <span class='ocrx_word' id='word_1_423' title='bbox 1164 5080 1303 5134; x_wconf 87' lang='lat' dir='ltr'><strong>enim</strong></span> <span class='ocrx_word' id='word_1_424' title='bbox 1330 5090 1414 5134; x_wconf 90' lang='lat' dir='ltr'><strong>est</strong></span> <span class='ocrx_word' id='word_1_425' title='bbox 1447 5078 1816 5149; x_wconf 79' lang='lat' dir='ltr'><strong>inseparabilis</strong></span> <span class='ocrx_word' id='word_1_426' title='bbox 1850 5080 2027 5149; x_wconf 86' lang='lat' dir='ltr'><strong>possi-</strong></span> 
     </span>
    </p>
   </div>
   <div class='ocr_carea' id='block_1_53' title="bbox 437 5169 2024 5241">
    <p class='ocr_par' dir='ltr' id='par_1_53' title="bbox 437 5169 2024 5241">
     <span class='ocr_line' id='line_1_53' title="bbox 437 5169 2024 5241; baseline -0.002 -12"><span class='ocrx_word' id='word_1_427' title='bbox 437 5175 647 5239; x_wconf 89' lang='lat' dir='ltr'><strong>bilitas,</strong></span> <span class='ocrx_word' id='word_1_428' title='bbox 685 5171 734 5227; x_wconf 89' lang='lat' dir='ltr'><strong>ei</strong></span> <span class='ocrx_word' id='word_1_429' title='bbox 764 5169 1006 5226; x_wconf 87' lang='lat' dir='ltr'><strong>accidere</strong></span> <span class='ocrx_word' id='word_1_430' title='bbox 1046 5186 1151 5224; x_wconf 90' lang='lat' dir='ltr'><strong>non</strong></span> <span class='ocrx_word' id='word_1_431' title='bbox 1184 5180 1357 5240; x_wconf 83' lang='lat' dir='ltr'><strong>potest</strong></span> <span class='ocrx_word' id='word_1_432' title='bbox 1386 5171 1679 5226; x_wconf 87' lang='lat' dir='ltr'><strong>voluntatis</strong></span> <span class='ocrx_word' id='word_1_433' title='bbox 1709 5172 2024 5241; x_wconf 85' lang='lat' dir='ltr'><strong>infirmitas,</strong></span> 
     </span>
    </p>
   </div>
   <div class='ocr_carea' id='block_1_54' title="bbox 423 5260 2025 5333">
    <p class='ocr_par' dir='ltr' id='par_1_54' title="bbox 423 5260 2025 5333">
     <span class='ocr_line' id='line_1_54' title="bbox 423 5260 2025 5333; baseline 0.001 -17"><span class='ocrx_word' id='word_1_434' title='bbox 423 5264 526 5318; x_wconf 76' lang='lat' dir='ltr'><strong>&#39;vel</strong></span> <span class='ocrx_word' id='word_1_435' title='bbox 576 5263 751 5333; x_wconf 91' lang='lat' dir='ltr'><strong>potius</strong></span> <span class='ocrx_word' id='word_1_436' title='bbox 776 5261 1063 5315; x_wconf 82' lang='lat' dir='ltr'><strong>voluntatis</strong></span> <span class='ocrx_word' id='word_1_437' title='bbox 1092 5260 1389 5329; x_wconf 86' lang='lat' dir='ltr'><strong>adjacentia</strong></span> <span class='ocrx_word' id='word_1_438' title='bbox 1420 5271 1473 5316; x_wconf 86' lang='lat' dir='ltr'><strong>ct</strong></span> <span class='ocrx_word' id='word_1_439' title='bbox 1519 5261 1861 5331; x_wconf 70' lang='lat' dir='ltr'><strong>perfectionis</strong></span> <span class='ocrx_word' id='word_1_440' title='bbox 1889 5265 2025 5318; x_wconf 87' lang='lat' dir='ltr'><strong>indi-</strong></span> 
     </span>
    </p>
   </div>
   <div class='ocr_carea' id='block_1_55' title="bbox 438 5351 2023 5427">
    <p class='ocr_par' dir='ltr' id='par_1_55' title="bbox 438 5351 2023 5427">
     <span class='ocr_line' id='line_1_55' title="bbox 438 5351 2023 5427; baseline 0 -18"><span class='ocrx_word' id='word_1_441' title='bbox 438 5354 633 5427; x_wconf 82' lang='lat' dir='ltr'><strong>gentia.</strong></span> <span class='ocrx_word' id='word_1_442' title='bbox 667 5352 725 5408; x_wconf 91' lang='lat' dir='ltr'><strong>Si</strong></span> <span class='ocrx_word' id='word_1_443' title='bbox 769 5365 900 5422; x_wconf 89' lang='lat' dir='ltr'><strong>ergo</strong></span> <span class='ocrx_word' id='word_1_444' title='bbox 954 5351 1024 5404; x_wconf 90' lang='lat' dir='ltr'><strong>ita</strong></span> <span class='ocrx_word' id='word_1_445' title='bbox 1077 5361 1190 5418; x_wconf 89' lang='lat' dir='ltr'><strong>est,</strong></span> <span class='ocrx_word' id='word_1_446' title='bbox 1242 5351 1384 5406; x_wconf 90' lang='lat' dir='ltr'><strong>unde</strong></span> <span class='ocrx_word' id='word_1_447' title='bbox 1412 5352 1577 5421; x_wconf 78' lang='lat' dir='ltr'><strong>venit,</strong></span> <span class='ocrx_word' id='word_1_448' title='bbox 1620 5353 1759 5408; x_wconf 77' lang='lat' dir='ltr'><strong>Velle</strong></span> <span class='ocrx_word' id='word_1_449' title='bbox 1785 5355 1983 5426; x_wconf 86' lang='lat' dir='ltr'><strong>adjacet</strong></span> <span class='ocrx_word' id='word_1_450' title='bbox 2008 5399 2023 5423; x_wconf 88' lang='lat'><strong>,</strong></span> 
     </span>
    </p>
   </div>
   <div class='ocr_carea' id='block_1_56' title="bbox 504 5461 1344 5528">
    <p class='ocr_par' dir='ltr' id='par_1_56' title="bbox 504 5461 1344 5528">
     <span class='ocr_line' id='line_1_56' title="bbox 504 5461 1344 5528; baseline -0.005 -10"><span class='ocrx_word' id='word_1_451' title='bbox 504 5471 523 5503; x_wconf 72' lang='grc' dir='ltr'><strong><em>ι</em></strong></span> <span class='ocrx_word' id='word_1_452' title='bbox 548 5476 756 5528; x_wconf 72' lang='lat' dir='ltr'><strong>Quatuor</strong></span> <span class='ocrx_word' id='word_1_453' title='bbox 780 5479 812 5517; x_wconf 89' lang='lat' dir='ltr'><strong>e</strong></span> <span class='ocrx_word' id='word_1_454' title='bbox 836 5465 1071 5516; x_wconf 70' lang='lat' dir='ltr'><strong>Vaticanis</strong></span> <span class='ocrx_word' id='word_1_455' title='bbox 1092 5461 1344 5524; x_wconf 76' lang='lat' dir='ltr'><strong>Mss.,ista.</strong></span> 
     </span>
    </p>
   </div>
   <div class='ocr_carea' id='block_1_57' title="bbox 502 5528 1847 5598">
    <p class='ocr_par' dir='ltr' id='par_1_57' title="bbox 502 5528 1847 5598">
     <span class='ocr_line' id='line_1_57' title="bbox 502 5528 1847 5598; baseline 0 -18"><span class='ocrx_word' id='word_1_456' title='bbox 502 5533 525 5598; x_wconf 65' lang='grc' dir='ltr'><strong>ξ</strong></span> <span class='ocrx_word' id='word_1_457' title='bbox 547 5529 737 5598; x_wconf 71' lang='lat' dir='ltr'><strong>aliquot</strong></span> <span class='ocrx_word' id='word_1_458' title='bbox 749 5528 979 5598; x_wconf 70' lang='lat' dir='ltr'><strong>callicaui</strong></span> <span class='ocrx_word' id='word_1_459' title='bbox 1003 5534 1129 5598; x_wconf 65' lang='lat' dir='ltr'><strong>Mss,</strong></span> <span class='ocrx_word' id='word_1_460' title='bbox 1154 5533 1205 5577; x_wconf 87' lang='lat' dir='ltr'><strong>ut</strong></span> <span class='ocrx_word' id='word_1_461' title='bbox 1227 5533 1482 5578; x_wconf 81' lang='lat' dir='ltr'><strong>cuucuctur</strong></span> <span class='ocrx_word' id='word_1_462' title='bbox 1505 5540 1632 5581; x_wconf 71' lang='lat' dir='ltr'><strong>crux</strong></span> <span class='ocrx_word' id='word_1_463' title='bbox 1652 5528 1847 5582; x_wconf 77' lang='lat' dir='ltr'><strong>Christi.</strong></span> 
     </span>
    </p>
   </div>
   <div class='ocr_carea' id='block_1_58' title="bbox 505 5589 1179 5648">
    <p class='ocr_par' dir='ltr' id='par_1_58' title="bbox 505 5589 1179 5648">
     <span class='ocr_line' id='line_1_58' title="bbox 505 5589 1179 5648; baseline -0.009 -6"><span class='ocrx_word' id='word_1_464' title='bbox 505 5594 528 5626; x_wconf 88' lang='grc'><strong><em>³</em></strong></span> <span class='ocrx_word' id='word_1_465' title='bbox 542 5589 760 5643; x_wconf 77' lang='grc' dir='ltr'><strong>11ἱοέᾱὶιί</strong></span> <span class='ocrx_word' id='word_1_466' title='bbox 781 5589 982 5648; x_wconf 88' lang='lat' dir='ltr'><strong>addunt,</strong></span> <span class='ocrx_word' id='word_1_467' title='bbox 1015 5589 1179 5639; x_wconf 88' lang='lat' dir='ltr'><strong>etiam.</strong></span> 
     </span>
    </p>
   </div>
   <div class='ocr_carea' id='block_1_59' title="bbox 502 5650 2024 5713">
    <p class='ocr_par' dir='ltr' id='par_1_59' title="bbox 502 5650 2024 5713">
     <span class='ocr_line' id='line_1_59' title="bbox 502 5650 2024 5713; baseline 0.001 -10"><span class='ocrx_word' id='word_1_468' title='bbox 502 5654 526 5688; x_wconf 73' lang='grc' dir='ltr'>ι</span> <span class='ocrx_word' id='word_1_469' title='bbox 542 5655 616 5705; x_wconf 84' lang='lat' dir='ltr'><strong>sic</strong></span> <span class='ocrx_word' id='word_1_470' title='bbox 637 5653 788 5704; x_wconf 84' lang='lat' dir='ltr'><strong>habet</strong></span> <span class='ocrx_word' id='word_1_471' title='bbox 802 5658 947 5713; x_wconf 82' lang='lat' dir='ltr'><strong>vetus</strong></span> <span class='ocrx_word' id='word_1_472' title='bbox 966 5651 1122 5701; x_wconf 80' lang='lat' dir='ltr'><strong>codex</strong></span> <span class='ocrx_word' id='word_1_473' title='bbox 1137 5650 1521 5713; x_wconf 76' lang='lat' dir='ltr'><strong>Cygirannensis.</strong></span> <span class='ocrx_word' id='word_1_474' title='bbox 1532 5652 1772 5704; x_wconf 78' lang='lat' dir='ltr'><strong>Editiones</strong></span> <span class='ocrx_word' id='word_1_475' title='bbox 1788 5667 1906 5705; x_wconf 89' lang='lat' dir='ltr'><strong>vero</strong></span> <span class='ocrx_word' id='word_1_476' title='bbox 1922 5663 2024 5706; x_wconf 81' lang='lat' dir='ltr'><strong>Am.</strong></span> 
     </span>
    </p>
   </div>
   <div class='ocr_carea' id='block_1_60' title="bbox 437 5712 2029 5783">
    <p class='ocr_par' dir='ltr' id='par_1_60' title="bbox 437 5712 2029 5783">
     <span class='ocr_line' id='line_1_60' title="bbox 437 5712 2029 5783; baseline 0.001 -16"><span class='ocrx_word' id='word_1_477' title='bbox 437 5722 514 5767; x_wconf 64' lang='lat' dir='ltr'><strong>fr.</strong></span> <span class='ocrx_word' id='word_1_478' title='bbox 534 5723 586 5783; x_wconf 85' lang='lat' dir='ltr'><strong>et</strong></span> <span class='ocrx_word' id='word_1_479' title='bbox 607 5722 738 5783; x_wconf 81' lang='lat' dir='ltr'><strong>Lov._,</strong></span> <span class='ocrx_word' id='word_1_480' title='bbox 754 5712 900 5778; x_wconf 79' lang='lat' dir='ltr'><strong>faciat</strong></span> <span class='ocrx_word' id='word_1_481' title='bbox 919 5726 933 5762; x_wconf 91' lang='lat'><em>:</em></span> <span class='ocrx_word' id='word_1_482' title='bbox 951 5714 1109 5775; x_wconf 75' lang='lat' dir='ltr'><strong>iisque</strong></span> <span class='ocrx_word' id='word_1_483' title='bbox 1131 5712 1441 5762; x_wconf 83' lang='lat' dir='ltr'><strong>consentiunt</strong></span> <span class='ocrx_word' id='word_1_484' title='bbox 1460 5712 1540 5783; x_wconf 79' lang='lat' dir='ltr'><strong>alii</strong></span> <span class='ocrx_word' id='word_1_485' title='bbox 1559 5721 1686 5771; x_wconf 68' lang='grc' dir='ltr'><strong>λιες..</strong></span> <span class='ocrx_word' id='word_1_486' title='bbox 1704 5729 1907 5783; x_wconf 87' lang='lat' dir='ltr'><strong>quorum</strong></span> <span class='ocrx_word' id='word_1_487' title='bbox 1923 5724 2029 5768; x_wconf 86' lang='lat' dir='ltr'><strong>tres</strong></span> 
     </span>
    </p>
   </div>
   <div class='ocr_carea' id='block_1_61' title="bbox 440 5778 2028 5840">
    <p class='ocr_par' dir='ltr' id='par_1_61' title="bbox 440 5778 2028 5840">
     <span class='ocr_line' id='line_1_61' title="bbox 440 5778 2028 5840; baseline 0.001 -14"><span class='ocrx_word' id='word_1_488' title='bbox 440 5778 653 5840; x_wconf 58' lang='grc' dir='ltr'><strong>ςδιρειηὶ</strong></span> <span class='ocrx_word' id='word_1_489' title='bbox 688 5780 760 5828; x_wconf 85' lang='lat' dir='ltr'><strong>sic</strong></span> <span class='ocrx_word' id='word_1_490' title='bbox 800 5783 968 5840; x_wconf 66' lang='lat' dir='ltr'><strong>lostea</strong></span> <span class='ocrx_word' id='word_1_491' title='bbox 993 5783 1372 5837; x_wconf 83' lang='lat' dir='ltr'><strong>prosequuntur,</strong></span> <span class='ocrx_word' id='word_1_492' title='bbox 1398 5778 1512 5837; x_wconf 70' lang='lat' dir='ltr'><strong>quia</strong></span> <span class='ocrx_word' id='word_1_493' title='bbox 1536 5790 1649 5823; x_wconf 70' lang='lat' dir='ltr'><strong>cum</strong></span> <span class='ocrx_word' id='word_1_494' title='bbox 1687 5791 1776 5826; x_wconf 78' lang='lat' dir='ltr'><strong>non</strong></span> <span class='ocrx_word' id='word_1_495' title='bbox 1820 5778 1913 5829; x_wconf 76' lang='lat' dir='ltr'><strong>vnit</strong></span> <span class='ocrx_word' id='word_1_496' title='bbox 1936 5792 2028 5828; x_wconf 87' lang='lat' dir='ltr'><strong>non</strong></span> 
     </span>
    </p>
   </div>
   <div class='ocr_carea' id='block_1_62' title="bbox 436 5834 577 5899">
    <p class='ocr_par' dir='ltr' id='par_1_62' title="bbox 436 5834 577 5899">
     <span class='ocr_line' id='line_1_62' title="bbox 436 5834 577 5899; baseline -0.071 0"><span class='ocrx_word' id='word_1_497' title='bbox 436 5834 577 5899; x_wconf 54' lang='lat' dir='ltr'><strong>(erit.</strong></span> 
     </span>
    </p>
   </div>
   <div class='ocr_carea' id='block_1_63' title="bbox 1390 391 2753 463">
    <p class='ocr_par' dir='ltr' id='par_1_63' title="bbox 1390 391 2753 463">
     <span class='ocr_line' id='line_1_63' title="bbox 1390 391 2753 463; baseline 0.007 -13"><span class='ocrx_word' id='word_1_498' title='bbox 1390 394 1478 451; x_wconf 85' lang='lat' dir='ltr'><strong>DE</strong></span> <span class='ocrx_word' id='word_1_499' title='bbox 1516 393 1794 453; x_wconf 72' lang='lat' dir='ltr'><strong>NA&#39;I‘URA</strong></span> <span class='ocrx_word' id='word_1_500' title='bbox 1839 391 1927 450; x_wconf 83' lang='grc' dir='ltr'><strong>ΕΤ</strong></span> <span class='ocrx_word' id='word_1_501' title='bbox 1964 393 2244 463; x_wconf 71' lang='lat' dir='ltr'><strong>GRATM,</strong></span> <span class='ocrx_word' id='word_1_502' title='bbox 2283 396 2345 454; x_wconf 88' lang='lat' dir='ltr'><strong>S.</strong></span> <span class='ocrx_word' id='word_1_503' title='bbox 2382 397 2753 459; x_wconf 76' lang='lat' dir='ltr'><strong>AUGUSTINI</strong></span> 
     </span>
    </p>
   </div>
   <div class='ocr_carea' id='block_1_64' title="bbox 2137 507 3713 589">
    <p class='ocr_par' dir='ltr' id='par_1_64' title="bbox 2137 507 3713 589">
     <span class='ocr_line' id='line_1_64' title="bbox 2137 507 3713 589; baseline 0.011 -30"><span class='ocrx_word' id='word_1_504' title='bbox 2137 507 2378 577; x_wconf 79' lang='lat' dir='ltr'><strong>perﬁcere</strong></span> <span class='ocrx_word' id='word_1_505' title='bbox 2401 516 2568 563; x_wconf 82' lang='lat' dir='ltr'><strong>autem</strong></span> <span class='ocrx_word' id='word_1_506' title='bbox 2612 511 2795 567; x_wconf 84' lang='lat' dir='ltr'><strong>bonum</strong></span> <span class='ocrx_word' id='word_1_507' title='bbox 2822 529 2922 568; x_wconf 85' lang='lat' dir='ltr'><strong>non</strong></span> <span class='ocrx_word' id='word_1_508' title='bbox 2960 512 3159 585; x_wconf 80' lang='lat' dir='ltr'><strong>adjacet</strong></span> <span class='ocrx_word' id='word_1_509' title='bbox 3175 515 3203 571; x_wconf 69' lang='lat'><strong><em>2</em></strong></span> <span class='ocrx_word' id='word_1_510' title='bbox 3225 514 3281 572; x_wconf 89' lang='lat' dir='ltr'><strong>Si</strong></span> <span class='ocrx_word' id='word_1_511' title='bbox 3322 517 3465 573; x_wconf 89' lang='lat' dir='ltr'><strong>enim</strong></span> <span class='ocrx_word' id='word_1_512' title='bbox 3492 518 3596 576; x_wconf 87' lang='lat' dir='ltr'><strong>iste</strong></span> <span class='ocrx_word' id='word_1_513' title='bbox 3620 534 3713 589; x_wconf 85' lang='lat' dir='ltr'><strong>qut</strong></span> 
     </span>
    </p>
   </div>
   <div class='ocr_carea' id='block_1_65' title="bbox 2134 595 3714 682">
    <p class='ocr_par' dir='ltr' id='par_1_65' title="bbox 2134 595 3714 682">
     <span class='ocr_line' id='line_1_65' title="bbox 2134 595 3714 682; baseline 0.012 -32"><span class='ocrx_word' id='word_1_514' title='bbox 2134 595 2274 653; x_wconf 89' lang='lat' dir='ltr'><strong>hunc</strong></span> <span class='ocrx_word' id='word_1_515' title='bbox 2301 599 2491 655; x_wconf 87' lang='lat' dir='ltr'><strong>librum</strong></span> <span class='ocrx_word' id='word_1_516' title='bbox 2517 602 2750 672; x_wconf 83' lang='lat' dir='ltr'><strong>scripsit,</strong></span> <span class='ocrx_word' id='word_1_517' title='bbox 2777 602 2846 660; x_wconf 88' lang='lat' dir='ltr'><strong>de</strong></span> <span class='ocrx_word' id='word_1_518' title='bbox 2877 604 2967 661; x_wconf 82' lang='lat' dir='ltr'><strong>illa</strong></span> <span class='ocrx_word' id='word_1_519' title='bbox 2997 605 3229 664; x_wconf 85' lang='lat' dir='ltr'><strong>hominis</strong></span> <span class='ocrx_word' id='word_1_520' title='bbox 3252 619 3440 665; x_wconf 83' lang='lat' dir='ltr'><strong>natura</strong></span> <span class='ocrx_word' id='word_1_521' title='bbox 3466 609 3714 682; x_wconf 53' lang='lat' dir='ltr'><strong>loquere»</strong></span> 
     </span>
    </p>
   </div>
   <div class='ocr_carea' id='block_1_66' title="bbox 2134 692 3717 772">
    <p class='ocr_par' dir='ltr' id='par_1_66' title="bbox 2134 692 3717 772">
     <span class='ocr_line' id='line_1_66' title="bbox 2134 692 3717 772; baseline 0.012 -31"><span class='ocrx_word' id='word_1_522' title='bbox 2134 697 2239 754; x_wconf 86' lang='lat' dir='ltr'><strong>tur,</strong></span> <span class='ocrx_word' id='word_1_523' title='bbox 2295 706 2416 760; x_wconf 74' lang='lat' dir='ltr'><strong>qua:</strong></span> <span class='ocrx_word' id='word_1_524' title='bbox 2460 692 2640 762; x_wconf 85' lang='lat' dir='ltr'><strong>primo</strong></span> <span class='ocrx_word' id='word_1_525' title='bbox 2669 694 2934 765; x_wconf 88' lang='lat' dir='ltr'><strong>inculpata</strong></span> <span class='ocrx_word' id='word_1_526' title='bbox 2979 702 3035 752; x_wconf 87' lang='lat' dir='ltr'><strong>et</strong></span> <span class='ocrx_word' id='word_1_527' title='bbox 3061 710 3190 752; x_wconf 87' lang='lat' dir='ltr'><strong>sana</strong></span> <span class='ocrx_word' id='word_1_528' title='bbox 3224 698 3242 733; x_wconf 80' lang='grc'><strong>⁸</strong></span> <span class='ocrx_word' id='word_1_529' title='bbox 3267 699 3483 757; x_wconf 82' lang='lat' dir='ltr'><strong>condita</strong></span> <span class='ocrx_word' id='word_1_530' title='bbox 3505 711 3610 772; x_wconf 83' lang='lat' dir='ltr'><strong>est,</strong></span> <span class='ocrx_word' id='word_1_531' title='bbox 3640 712 3717 760; x_wconf 76' lang='lat' dir='ltr'><strong>ut-</strong></span> 
     </span>
    </p>
   </div>
   <div class='ocr_carea' id='block_1_67' title="bbox 2130 787 3719 868">
    <p class='ocr_par' dir='ltr' id='par_1_67' title="bbox 2130 787 3719 868">
     <span class='ocr_line' id='line_1_67' title="bbox 2130 787 3719 868; baseline 0.014 -37"><span class='ocrx_word' id='word_1_532' title='bbox 2130 794 2359 851; x_wconf 89' lang='lat' dir='ltr'><strong>cumque</strong></span> <span class='ocrx_word' id='word_1_533' title='bbox 2386 792 2755 853; x_wconf 86' lang='lat' dir='ltr'><strong>acceptaretnr</strong></span> <span class='ocrx_word' id='word_1_534' title='bbox 2777 787 2877 843; x_wconf 89' lang='lat' dir='ltr'><strong>hoc</strong></span> <span class='ocrx_word' id='word_1_535' title='bbox 2901 787 3101 844; x_wconf 89' lang='lat' dir='ltr'><strong>dictum</strong></span> <span class='ocrx_word' id='word_1_536' title='bbox 3131 808 3146 845; x_wconf 90' lang='lat'><strong>:</strong></span> <span class='ocrx_word' id='word_1_537' title='bbox 3172 807 3475 863; x_wconf 85' lang='lat' dir='ltr'><strong>quanquam</strong></span> <span class='ocrx_word' id='word_1_538' title='bbox 3506 796 3719 868; x_wconf 79' lang='lat' dir='ltr'><strong>insepa-</strong></span> 
     </span>
    </p>
   </div>
   <div class='ocr_carea' id='block_1_68' title="bbox 2132 869 3711 953">
    <p class='ocr_par' dir='ltr' id='par_1_68' title="bbox 2132 869 3711 953">
     <span class='ocr_line' id='line_1_68' title="bbox 2132 869 3711 953; baseline 0.015 -31"><span class='ocrx_word' id='word_1_539' title='bbox 2132 869 2354 926; x_wconf 82' lang='lat' dir='ltr'><strong>rabilem</strong></span> <span class='ocrx_word' id='word_1_540' title='bbox 2406 872 2603 930; x_wconf 81' lang='lat' dir='ltr'><strong>habere</strong></span> <span class='ocrx_word' id='word_1_541' title='bbox 2632 877 3069 945; x_wconf 76' lang='lat' dir='ltr'><strong>possibilitatem,</strong></span> <span class='ocrx_word' id='word_1_542' title='bbox 3102 880 3153 935; x_wconf 85' lang='lat' dir='ltr'><strong>id</strong></span> <span class='ocrx_word' id='word_1_543' title='bbox 3182 889 3283 949; x_wconf 89' lang='lat' dir='ltr'><strong>cst,</strong></span> <span class='ocrx_word' id='word_1_544' title='bbox 3310 895 3368 937; x_wconf 89' lang='lat' dir='ltr'><strong>nt</strong></span> <span class='ocrx_word' id='word_1_545' title='bbox 3390 885 3462 939; x_wconf 82' lang='lat' dir='ltr'><strong>ila</strong></span> <span class='ocrx_word' id='word_1_546' title='bbox 3492 885 3666 944; x_wconf 87' lang='lat' dir='ltr'><strong>dicam</strong></span> <span class='ocrx_word' id='word_1_547' title='bbox 3695 928 3711 953; x_wconf 91' lang='lat'><strong>,</strong></span> 
     </span>
    </p>
   </div>
   <div class='ocr_carea' id='block_1_69' title="bbox 2130 957 3716 1046">
    <p class='ocr_par' dir='ltr' id='par_1_69' title="bbox 2130 957 3716 1046">
     <span class='ocr_line' id='line_1_69' title="bbox 2130 957 3716 1046; baseline 0.015 -35"><span class='ocrx_word' id='word_1_548' title='bbox 2130 957 2552 1029; x_wconf 87' lang='lat' dir='ltr'><strong>inamissibilem,</strong></span> <span class='ocrx_word' id='word_1_549' title='bbox 2583 981 2686 1021; x_wconf 90' lang='lat' dir='ltr'><strong>non</strong></span> <span class='ocrx_word' id='word_1_550' title='bbox 2717 965 2899 1022; x_wconf 89' lang='lat' dir='ltr'><strong>debuit</strong></span> <span class='ocrx_word' id='word_1_551' title='bbox 2952 969 3036 1025; x_wconf 89' lang='lat' dir='ltr'><strong>illa</strong></span> <span class='ocrx_word' id='word_1_552' title='bbox 3083 964 3270 1025; x_wconf 84' lang='lat' dir='ltr'><strong>natura</strong></span> <span class='ocrx_word' id='word_1_553' title='bbox 3300 972 3441 1039; x_wconf 88' lang='lat' dir='ltr'><strong>dici,</strong></span> <span class='ocrx_word' id='word_1_554' title='bbox 3486 990 3605 1046; x_wconf 58' lang='lat' dir='ltr'><strong>quas</strong></span> <span class='ocrx_word' id='word_1_555' title='bbox 3637 978 3716 1034; x_wconf 85' lang='lat' dir='ltr'><strong>vi-</strong></span> 
     </span>
    </p>
   </div>
   <div class='ocr_carea' id='block_1_70' title="bbox 2131 1052 3713 1134">
    <p class='ocr_par' dir='ltr' id='par_1_70' title="bbox 2131 1052 3713 1134">
     <span class='ocr_line' id='line_1_70' title="bbox 2131 1052 3713 1134; baseline 0.015 -32"><span class='ocrx_word' id='word_1_556' title='bbox 2131 1052 2246 1106; x_wconf 88' lang='lat' dir='ltr'><strong>tiari</strong></span> <span class='ocrx_word' id='word_1_557' title='bbox 2278 1066 2457 1123; x_wconf 90' lang='lat' dir='ltr'><strong>posset</strong></span> <span class='ocrx_word' id='word_1_558' title='bbox 2481 1058 2523 1122; x_wconf 77' lang='lat'><strong>&#39;,</strong></span> <span class='ocrx_word' id='word_1_559' title='bbox 2552 1067 2607 1112; x_wconf 88' lang='lat' dir='ltr'><strong>et</strong></span> <span class='ocrx_word' id='word_1_560' title='bbox 2653 1058 2918 1115; x_wconf 87' lang='lat' dir='ltr'><strong>medicum</strong></span> <span class='ocrx_word' id='word_1_561' title='bbox 2946 1076 3208 1131; x_wconf 74' lang='lat' dir='ltr'><strong>quaerere,</strong></span> <span class='ocrx_word' id='word_1_562' title='bbox 3247 1065 3337 1134; x_wconf 90' lang='lat' dir='ltr'><strong>qui</strong></span> <span class='ocrx_word' id='word_1_563' title='bbox 3372 1067 3504 1122; x_wconf 63' lang='lat' dir='ltr'><strong>caeci</strong></span> <span class='ocrx_word' id='word_1_564' title='bbox 3531 1070 3713 1126; x_wconf 87' lang='lat' dir='ltr'><strong>oculos</strong></span> 
     </span>
    </p>
   </div>
   <div class='ocr_carea' id='block_1_71' title="bbox 2128 1146 3714 1229">
    <p class='ocr_par' dir='ltr' id='par_1_71' title="bbox 2128 1146 3714 1229">
     <span class='ocr_line' id='line_1_71' title="bbox 2128 1146 3714 1229; baseline 0.014 -35"><span class='ocrx_word' id='word_1_565' title='bbox 2128 1152 2382 1211; x_wconf 82' lang='lat' dir='ltr'><strong>sanaret,</strong></span> <span class='ocrx_word' id='word_1_566' title='bbox 2431 1156 2485 1200; x_wconf 91' lang='lat' dir='ltr'><strong>et</strong></span> <span class='ocrx_word' id='word_1_567' title='bbox 2540 1146 2753 1204; x_wconf 82' lang='lat' dir='ltr'><strong>videndi</strong></span> <span class='ocrx_word' id='word_1_568' title='bbox 2799 1151 3207 1219; x_wconf 83' lang='lat' dir='ltr'><strong>possibilitatem</strong></span> <span class='ocrx_word' id='word_1_569' title='bbox 3240 1156 3564 1225; x_wconf 87' lang='lat' dir='ltr'><strong>restitueret,</strong></span> <span class='ocrx_word' id='word_1_570' title='bbox 3590 1175 3714 1229; x_wconf 71' lang='lat' dir='ltr'><strong>qua:</strong></span> 
     </span>
    </p>
   </div>
   <div class='ocr_carea' id='block_1_72' title="bbox 2131 1232 3716 1321">
    <p class='ocr_par' dir='ltr' id='par_1_72' title="bbox 2131 1232 3716 1321">
     <span class='ocr_line' id='line_1_72' title="bbox 2131 1232 3716 1321; baseline 0.013 -34"><span class='ocrx_word' id='word_1_571' title='bbox 2131 1232 2301 1289; x_wconf 82' lang='lat' dir='ltr'><strong>fuerat</strong></span> <span class='ocrx_word' id='word_1_572' title='bbox 2341 1236 2538 1292; x_wconf 86' lang='lat' dir='ltr'><strong>amissa</strong></span> <span class='ocrx_word' id='word_1_573' title='bbox 2584 1253 2680 1308; x_wconf 89' lang='lat' dir='ltr'><strong>per</strong></span> <span class='ocrx_word' id='word_1_574' title='bbox 2704 1242 2998 1298; x_wconf 67' lang='lat' dir='ltr'><strong>cacitatem</strong></span> <span class='ocrx_word' id='word_1_575' title='bbox 3029 1262 3042 1298; x_wconf 93' lang='lat'><strong>:</strong></span> <span class='ocrx_word' id='word_1_576' title='bbox 3071 1245 3321 1314; x_wconf 88' lang='lat' dir='ltr'><strong>quoniam</strong></span> <span class='ocrx_word' id='word_1_577' title='bbox 3366 1261 3543 1305; x_wconf 65' lang='lat' dir='ltr'><strong>caicus</strong></span> <span class='ocrx_word' id='word_1_578' title='bbox 3588 1260 3716 1321; x_wconf 87' lang='lat' dir='ltr'><strong>puto</strong></span> 
     </span>
    </p>
   </div>
   <div class='ocr_carea' id='block_1_73' title="bbox 2128 1321 3714 1403">
    <p class='ocr_par' dir='ltr' id='par_1_73' title="bbox 2128 1321 3714 1403">
     <span class='ocr_line' id='line_1_73' title="bbox 2128 1321 3714 1403; baseline 0.016 -31"><span class='ocrx_word' id='word_1_579' title='bbox 2128 1321 2271 1391; x_wconf 85' lang='lat' dir='ltr'><strong>quod</strong></span> <span class='ocrx_word' id='word_1_580' title='bbox 2316 1324 2445 1380; x_wconf 87' lang='lat' dir='ltr'><strong>velit</strong></span> <span class='ocrx_word' id='word_1_581' title='bbox 2481 1326 2662 1384; x_wconf 90' lang='lat' dir='ltr'><strong>videre</strong></span> <span class='ocrx_word' id='word_1_582' title='bbox 2687 1370 2702 1395; x_wconf 97' lang='lat'><strong>,</strong></span> <span class='ocrx_word' id='word_1_583' title='bbox 2733 1330 2828 1386; x_wconf 90' lang='lat' dir='ltr'><strong>sed</strong></span> <span class='ocrx_word' id='word_1_584' title='bbox 2857 1346 2965 1388; x_wconf 90' lang='lat' dir='ltr'><strong>non</strong></span> <span class='ocrx_word' id='word_1_585' title='bbox 2995 1342 3199 1403; x_wconf 89' lang='lat' dir='ltr'><strong>potest;</strong></span> <span class='ocrx_word' id='word_1_586' title='bbox 3230 1335 3275 1391; x_wconf 87' lang='lat' dir='ltr'><strong>si</strong></span> <span class='ocrx_word' id='word_1_587' title='bbox 3300 1346 3478 1395; x_wconf 88' lang='lat' dir='ltr'><strong>autem</strong></span> <span class='ocrx_word' id='word_1_588' title='bbox 3506 1340 3619 1396; x_wconf 86' lang='lat' dir='ltr'><strong>vult</strong></span> <span class='ocrx_word' id='word_1_589' title='bbox 3660 1350 3714 1398; x_wconf 90' lang='lat' dir='ltr'><strong>et</strong></span> 
     </span>
    </p>
   </div>
   <div class='ocr_carea' id='block_1_74' title="bbox 2130 1416 3705 1497">
    <p class='ocr_par' dir='ltr' id='par_1_74' title="bbox 2130 1416 3705 1497">
     <span class='ocr_line' id='line_1_74' title="bbox 2130 1416 3705 1497; baseline 0.013 -33"><span class='ocrx_word' id='word_1_590' title='bbox 2130 1427 2239 1467; x_wconf 90' lang='lat' dir='ltr'><strong>non</strong></span> <span class='ocrx_word' id='word_1_591' title='bbox 2260 1423 2453 1482; x_wconf 90' lang='lat' dir='ltr'><strong>potest,</strong></span> <span class='ocrx_word' id='word_1_592' title='bbox 2481 1416 2621 1472; x_wconf 70' lang='lat' dir='ltr'><strong>ineSt</strong></span> <span class='ocrx_word' id='word_1_593' title='bbox 2641 1419 2908 1489; x_wconf 81' lang='lat' dir='ltr'><strong>voluntas,</strong></span> <span class='ocrx_word' id='word_1_594' title='bbox 2930 1422 3024 1478; x_wconf 89' lang='lat' dir='ltr'><strong>sed</strong></span> <span class='ocrx_word' id='word_1_595' title='bbox 3044 1424 3240 1480; x_wconf 83' lang='lat' dir='ltr'><strong>amissa</strong></span> <span class='ocrx_word' id='word_1_596' title='bbox 3259 1434 3343 1481; x_wconf 89' lang='lat' dir='ltr'><strong>est</strong></span> <span class='ocrx_word' id='word_1_597' title='bbox 3363 1428 3705 1497; x_wconf 81' lang='lat' dir='ltr'><strong>possibilitas.</strong></span> 
     </span>
    </p>
   </div>
   <div class='ocr_carea' id='block_1_75' title="bbox 2200 1502 3711 1590">
    <p class='ocr_par' dir='ltr' id='par_1_75' title="bbox 2200 1502 3711 1590">
     <span class='ocr_line' id='line_1_75' title="bbox 2200 1502 3711 1590; baseline 0.012 -32"><span class='ocrx_word' id='word_1_598' title='bbox 2200 1502 2425 1561; x_wconf 79' lang='lat' dir='ltr'><strong>CAPUT</strong></span> <span class='ocrx_word' id='word_1_599' title='bbox 2461 1506 2571 1563; x_wconf 74' lang='grc' dir='ltr'><strong>ιιι.</strong></span> <span class='ocrx_word' id='word_1_600' title='bbox 2594 1537 2668 1551; x_wconf 86' lang='lat'><strong>-—-</strong></span> <span class='ocrx_word' id='word_1_601' title='bbox 2700 1509 2792 1566; x_wconf 87' lang='lat'><strong>60.</strong></span> <span class='ocrx_word' id='word_1_602' title='bbox 2846 1510 2996 1568; x_wconf 83' lang='lat' dir='ltr'><strong>Idem</strong></span> <span class='ocrx_word' id='word_1_603' title='bbox 3042 1524 3290 1573; x_wconf 83' lang='lat' dir='ltr'><strong>tractatur.</strong></span> <span class='ocrx_word' id='word_1_604' title='bbox 3340 1529 3711 1590; x_wconf 76' lang='lat' dir='ltr'><strong>argumentum.</strong></span> 
     </span>
    </p>
   </div>
   <div class='ocr_carea' id='block_1_76' title="bbox 2130 1593 3718 1675">
    <p class='ocr_par' dir='ltr' id='par_1_76' title="bbox 2130 1593 3718 1675">
     <span class='ocr_line' id='line_1_76' title="bbox 2130 1593 3718 1675; baseline 0.013 -29"><span class='ocrx_word' id='word_1_605' title='bbox 2130 1593 2320 1650; x_wconf 86' lang='lat' dir='ltr'><strong>Adhuc</strong></span> <span class='ocrx_word' id='word_1_606' title='bbox 2339 1595 2515 1653; x_wconf 84' lang='lat' dir='ltr'><strong>videte</strong></span> <span class='ocrx_word' id='word_1_607' title='bbox 2533 1614 2664 1669; x_wconf 91' lang='lat' dir='ltr'><strong>quas</strong></span> <span class='ocrx_word' id='word_1_608' title='bbox 2688 1602 2857 1657; x_wconf 91' lang='lat' dir='ltr'><strong>moles</strong></span> <span class='ocrx_word' id='word_1_609' title='bbox 2878 1613 3122 1672; x_wconf 83' lang='lat' dir='ltr'><strong>conetur,</strong></span> <span class='ocrx_word' id='word_1_610' title='bbox 3147 1621 3252 1675; x_wconf 87' lang='lat' dir='ltr'><strong>qua</strong></span> <span class='ocrx_word' id='word_1_611' title='bbox 3279 1605 3301 1638; x_wconf 85' lang='grc'>⁸</span> <span class='ocrx_word' id='word_1_612' title='bbox 3328 1621 3481 1663; x_wconf 87' lang='lat' dir='ltr'><strong>suam</strong></span> <span class='ocrx_word' id='word_1_613' title='bbox 3501 1618 3718 1666; x_wconf 88' lang='lat' dir='ltr'><strong>senten-</strong></span> 
     </span>
    </p>
   </div>
   <div class='ocr_carea' id='block_1_77' title="bbox 2132 1683 3716 1766">
    <p class='ocr_par' dir='ltr' id='par_1_77' title="bbox 2132 1683 3716 1766">
     <span class='ocr_line' id='line_1_77' title="bbox 2132 1683 3716 1766; baseline 0.013 -27"><span class='ocrx_word' id='word_1_614' title='bbox 2132 1683 2259 1740; x_wconf 89' lang='lat' dir='ltr'><strong>tiam</strong></span> <span class='ocrx_word' id='word_1_615' title='bbox 2282 1683 2461 1755; x_wconf 89' lang='lat' dir='ltr'><strong>ducat,</strong></span> <span class='ocrx_word' id='word_1_616' title='bbox 2494 1688 2810 1760; x_wconf 87' lang='lat' dir='ltr'><strong>irrumpere,</strong></span> <span class='ocrx_word' id='word_1_617' title='bbox 2842 1694 2887 1748; x_wconf 90' lang='lat' dir='ltr'><strong>si</strong></span> <span class='ocrx_word' id='word_1_618' title='bbox 2942 1695 3163 1750; x_wconf 81' lang='lat' dir='ltr'><strong>valeret.</strong></span> <span class='ocrx_word' id='word_1_619' title='bbox 3195 1695 3392 1766; x_wconf 88' lang='lat' dir='ltr'><strong>Objicit</strong></span> <span class='ocrx_word' id='word_1_620' title='bbox 3438 1700 3581 1756; x_wconf 88' lang='lat' dir='ltr'><strong>enim</strong></span> <span class='ocrx_word' id='word_1_621' title='bbox 3609 1702 3716 1759; x_wconf 87' lang='lat' dir='ltr'><strong>sibi</strong></span> 
     </span>
    </p>
   </div>
   <div class='ocr_carea' id='block_1_78' title="bbox 2131 1779 3714 1849">
    <p class='ocr_par' dir='ltr' id='par_1_78' title="bbox 2131 1779 3714 1849">
     <span class='ocr_line' id='line_1_78' title="bbox 2131 1779 3714 1849; baseline 0.011 -19"><span class='ocrx_word' id='word_1_622' title='bbox 2131 1779 2478 1847; x_wconf 64' lang='lat' dir='ltr'><strong>quaestionem</strong></span> <span class='ocrx_word' id='word_1_623' title='bbox 2504 1822 2522 1849; x_wconf 96' lang='lat'><strong>,</strong></span> <span class='ocrx_word' id='word_1_624' title='bbox 2565 1782 2795 1839; x_wconf 85' lang='lat' dir='ltr'><strong>dicens:</strong></span> <span class='ocrx_word' id='word_1_625' title='bbox 2828 1803 2848 1838; x_wconf 72' lang='grc' dir='ltr'>ι</span> <span class='ocrx_word' id='word_1_626' title='bbox 2892 1785 2997 1842; x_wconf 89' lang='lat' dir='ltr'><strong>Sed</strong></span> <span class='ocrx_word' id='word_1_627' title='bbox 3041 1802 3168 1842; x_wconf 90' lang='lat' dir='ltr'><strong>caro</strong></span> <span class='ocrx_word' id='word_1_628' title='bbox 3219 1789 3376 1845; x_wconf 90' lang='lat' dir='ltr'><strong>nobis</strong></span> <span class='ocrx_word' id='word_1_629' title='bbox 3420 1792 3714 1849; x_wconf 87' lang='lat' dir='ltr'><strong>secundum</strong></span> 
     </span>
    </p>
   </div>
   <div class='ocr_carea' id='block_1_79' title="bbox 2138 1868 3713 1952">
    <p class='ocr_par' dir='ltr' id='par_1_79' title="bbox 2138 1868 3713 1952">
     <span class='ocr_line' id='line_1_79' title="bbox 2138 1868 3713 1952; baseline 0.011 -33"><span class='ocrx_word' id='word_1_630' title='bbox 2138 1884 2159 1919; x_wconf 72' lang='grc' dir='ltr'>ι</span> <span class='ocrx_word' id='word_1_631' title='bbox 2192 1868 2501 1937; x_wconf 84' lang='lat' dir='ltr'><strong>Apostolum</strong></span> <span class='ocrx_word' id='word_1_632' title='bbox 2530 1875 2793 1929; x_wconf 88' lang='lat' dir='ltr'><strong>contraria</strong></span> <span class='ocrx_word' id='word_1_633' title='bbox 2828 1885 2905 1931; x_wconf 86' lang='lat' dir='ltr'><strong>est</strong></span> <span class='ocrx_word' id='word_1_634' title='bbox 2956 1875 3152 1947; x_wconf 81' lang='lat' dir='ltr'><strong>(Gatat.</strong></span> <span class='ocrx_word' id='word_1_635' title='bbox 3182 1894 3232 1945; x_wconf 89' lang='lat' dir='ltr'><strong>v,</strong></span> <span class='ocrx_word' id='word_1_636' title='bbox 3266 1877 3359 1950; x_wconf 81' lang='lat' dir='ltr'><strong>l7)</strong></span> <span class='ocrx_word' id='word_1_637' title='bbox 3382 1921 3399 1947; x_wconf 90' lang='lat'><strong>,</strong></span> <span class='ocrx_word' id='word_1_638' title='bbox 3431 1880 3639 1952; x_wconf 84' lang='lat' dir='ltr'><strong>inquies</strong></span> <span class='ocrx_word' id='word_1_639' title='bbox 3667 1903 3713 1937; x_wconf 73' lang='grc' dir='ltr'><strong>ι.</strong></span> 
     </span>
    </p>
   </div>
   <div class='ocr_carea' id='block_1_80' title="bbox 2144 1959 3719 2046">
    <p class='ocr_par' dir='ltr' id='par_1_80' title="bbox 2144 1959 3719 2046">
     <span class='ocr_line' id='line_1_80' title="bbox 2144 1959 3719 2046; baseline 0.01 -31"><span class='ocrx_word' id='word_1_640' title='bbox 2144 1959 2351 2019; x_wconf 89' lang='lat' dir='ltr'><strong>Deinde</strong></span> <span class='ocrx_word' id='word_1_641' title='bbox 2395 1966 2725 2035; x_wconf 88' lang='lat' dir='ltr'><strong>respondet:</strong></span> <span class='ocrx_word' id='word_1_642' title='bbox 2761 1987 2781 2020; x_wconf 75' lang='grc' dir='ltr'>ι</span> <span class='ocrx_word' id='word_1_643' title='bbox 2825 1967 2927 2034; x_wconf 81' lang='lat' dir='ltr'><strong>Qui</strong></span> <span class='ocrx_word' id='word_1_644' title='bbox 2952 1969 3064 2025; x_wconf 82' lang='lat' dir='ltr'><strong>fieri</strong></span> <span class='ocrx_word' id='word_1_645' title='bbox 3097 1980 3290 2040; x_wconf 88' lang='lat' dir='ltr'><strong>potest,</strong></span> <span class='ocrx_word' id='word_1_646' title='bbox 3323 1981 3377 2027; x_wconf 85' lang='lat' dir='ltr'><strong>ut</strong></span> <span class='ocrx_word' id='word_1_647' title='bbox 3403 1973 3719 2046; x_wconf 88' lang='lat' dir='ltr'><strong>cuicumque</strong></span> 
     </span>
    </p>
   </div>
   <div class='ocr_carea' id='block_1_81' title="bbox 2138 2053 3719 2127">
    <p class='ocr_par' dir='ltr' id='par_1_81' title="bbox 2138 2053 3719 2127">
     <span class='ocr_line' id='line_1_81' title="bbox 2138 2053 3719 2127; baseline 0.011 -22"><span class='ocrx_word' id='word_1_648' title='bbox 2138 2070 2158 2105; x_wconf 72' lang='grc' dir='ltr'><strong><em>ι</em></strong></span> <span class='ocrx_word' id='word_1_649' title='bbox 2182 2053 2449 2125; x_wconf 83' lang='lat' dir='ltr'><strong>baptizato</strong></span> <span class='ocrx_word' id='word_1_650' title='bbox 2476 2058 2547 2111; x_wconf 91' lang='lat' dir='ltr'><strong>sit</strong></span> <span class='ocrx_word' id='word_1_651' title='bbox 2572 2073 2698 2113; x_wconf 89' lang='lat' dir='ltr'><strong>caro</strong></span> <span class='ocrx_word' id='word_1_652' title='bbox 2744 2061 3011 2114; x_wconf 87' lang='lat' dir='ltr'><strong>contraria</strong></span> <span class='ocrx_word' id='word_1_653' title='bbox 3038 2102 3054 2127; x_wconf 93' lang='lat'><strong>,</strong></span> <span class='ocrx_word' id='word_1_654' title='bbox 3099 2077 3220 2117; x_wconf 91' lang='lat' dir='ltr'><strong>cum</strong></span> <span class='ocrx_word' id='word_1_655' title='bbox 3252 2063 3546 2119; x_wconf 84' lang='lat' dir='ltr'><strong>secundum</strong></span> <span class='ocrx_word' id='word_1_656' title='bbox 3568 2080 3719 2122; x_wconf 81' lang='lat' dir='ltr'><strong>eum-</strong></span> 
     </span>
    </p>
   </div>
   <div class='ocr_carea' id='block_1_82' title="bbox 2138 2139 3717 2227">
    <p class='ocr_par' dir='ltr' id='par_1_82' title="bbox 2138 2139 3717 2227">
     <span class='ocr_line' id='line_1_82' title="bbox 2138 2139 3717 2227; baseline 0.01 -30"><span class='ocrx_word' id='word_1_657' title='bbox 2138 2164 2157 2197; x_wconf 75' lang='grc' dir='ltr'>ι</span> <span class='ocrx_word' id='word_1_658' title='bbox 2189 2145 2312 2202; x_wconf 88' lang='lat' dir='ltr'><strong>dem</strong></span> <span class='ocrx_word' id='word_1_659' title='bbox 2342 2139 2655 2217; x_wconf 82' lang='lat' dir='ltr'><strong>Apostolunt</strong></span> <span class='ocrx_word' id='word_1_660' title='bbox 2682 2151 2736 2206; x_wconf 91' lang='lat' dir='ltr'><strong>in</strong></span> <span class='ocrx_word' id='word_1_661' title='bbox 2766 2167 2932 2207; x_wconf 89' lang='lat' dir='ltr'><strong>carne</strong></span> <span class='ocrx_word' id='word_1_662' title='bbox 2957 2169 3063 2208; x_wconf 91' lang='lat' dir='ltr'><strong>non</strong></span> <span class='ocrx_word' id='word_1_663' title='bbox 3091 2168 3214 2210; x_wconf 89' lang='lat' dir='ltr'><strong>esse</strong></span> <span class='ocrx_word' id='word_1_664' title='bbox 3243 2155 3612 2227; x_wconf 73' lang='lat' dir='ltr'><strong>intelligatur?</strong></span> <span class='ocrx_word' id='word_1_665' title='bbox 3640 2158 3717 2213; x_wconf 82' lang='lat' dir='ltr'><strong>ita</strong></span> 
     </span>
    </p>
   </div>
   <div class='ocr_carea' id='block_1_83' title="bbox 2139 2238 3718 2318">
    <p class='ocr_par' dir='ltr' id='par_1_83' title="bbox 2139 2238 3718 2318">
     <span class='ocr_line' id='line_1_83' title="bbox 2139 2238 3718 2318; baseline 0.011 -29"><span class='ocrx_word' id='word_1_666' title='bbox 2139 2254 2157 2289; x_wconf 71' lang='grc' dir='ltr'>ι</span> <span class='ocrx_word' id='word_1_667' title='bbox 2192 2238 2335 2293; x_wconf 86' lang='lat' dir='ltr'><strong>enim</strong></span> <span class='ocrx_word' id='word_1_668' title='bbox 2361 2239 2437 2293; x_wconf 88' lang='lat' dir='ltr'><strong>ait</strong></span> <span class='ocrx_word' id='word_1_669' title='bbox 2467 2257 2482 2294; x_wconf 92' lang='lat'><strong>:</strong></span> <span class='ocrx_word' id='word_1_670' title='bbox 2516 2238 2615 2295; x_wconf 85' lang='lat' dir='ltr'><strong>Vos</strong></span> <span class='ocrx_word' id='word_1_671' title='bbox 2633 2252 2800 2296; x_wconf 86' lang='lat' dir='ltr'><strong>autem</strong></span> <span class='ocrx_word' id='word_1_672' title='bbox 2822 2244 2873 2297; x_wconf 86' lang='lat' dir='ltr'><strong>in</strong></span> <span class='ocrx_word' id='word_1_673' title='bbox 2897 2259 3047 2298; x_wconf 81' lang='lat' dir='ltr'><strong>carne</strong></span> <span class='ocrx_word' id='word_1_674' title='bbox 3073 2261 3176 2299; x_wconf 85' lang='lat' dir='ltr'><strong>non</strong></span> <span class='ocrx_word' id='word_1_675' title='bbox 3200 2247 3318 2300; x_wconf 86' lang='lat' dir='ltr'><strong>estis</strong></span> <span class='ocrx_word' id='word_1_676' title='bbox 3344 2265 3365 2300; x_wconf 76' lang='grc' dir='ltr'><strong><em>ι</em></strong></span> <span class='ocrx_word' id='word_1_677' title='bbox 3398 2248 3574 2318; x_wconf 77' lang='lat' dir='ltr'><strong>(Rom.</strong></span> <span class='ocrx_word' id='word_1_678' title='bbox 3601 2264 3718 2316; x_wconf 86' lang='lat' dir='ltr'><strong>vnt,</strong></span> 
     </span>
    </p>
   </div>
   <div class='ocr_carea' id='block_1_84' title="bbox 2133 2328 3720 2404">
    <p class='ocr_par' dir='ltr' id='par_1_84' title="bbox 2133 2328 3720 2404">
     <span class='ocr_line' id='line_1_84' title="bbox 2133 2328 3720 2404; baseline 0.008 -19"><span class='ocrx_word' id='word_1_679' title='bbox 2133 2328 2209 2399; x_wconf 88' lang='lat'><strong>9).</strong></span> <span class='ocrx_word' id='word_1_680' title='bbox 2254 2330 2419 2397; x_wconf 83' lang='lat' dir='ltr'><strong>Bene,</strong></span> <span class='ocrx_word' id='word_1_681' title='bbox 2465 2333 2607 2403; x_wconf 82' lang='lat' dir='ltr'><strong>quod</strong></span> <span class='ocrx_word' id='word_1_682' title='bbox 2648 2333 2930 2404; x_wconf 82' lang='lat' dir='ltr'><strong>baptizatis</strong></span> <span class='ocrx_word' id='word_1_683' title='bbox 2973 2336 3102 2392; x_wconf 90' lang='lat' dir='ltr'><strong>dicit</strong></span> <span class='ocrx_word' id='word_1_684' title='bbox 3131 2352 3350 2393; x_wconf 87' lang='lat' dir='ltr'><strong>carnem</strong></span> <span class='ocrx_word' id='word_1_685' title='bbox 3395 2342 3720 2398; x_wconf 81' lang='lat' dir='ltr'><strong>contrariam</strong></span> 
     </span>
    </p>
   </div>
   <div class='ocr_carea' id='block_1_85' title="bbox 2133 2424 3719 2499">
    <p class='ocr_par' dir='ltr' id='par_1_85' title="bbox 2133 2424 3719 2499">
     <span class='ocr_line' id='line_1_85' title="bbox 2133 2424 3719 2499; baseline 0.009 -26"><span class='ocrx_word' id='word_1_686' title='bbox 2133 2432 2257 2473; x_wconf 88' lang='lat' dir='ltr'><strong>esse</strong></span> <span class='ocrx_word' id='word_1_687' title='bbox 2286 2434 2393 2475; x_wconf 88' lang='lat' dir='ltr'><strong>non</strong></span> <span class='ocrx_word' id='word_1_688' title='bbox 2418 2435 2614 2491; x_wconf 87' lang='lat' dir='ltr'><strong>posse;</strong></span> <span class='ocrx_word' id='word_1_689' title='bbox 2642 2424 2786 2494; x_wconf 90' lang='lat' dir='ltr'><strong>quod</strong></span> <span class='ocrx_word' id='word_1_690' title='bbox 2828 2435 3005 2480; x_wconf 91' lang='lat' dir='ltr'><strong>utrum</strong></span> <span class='ocrx_word' id='word_1_691' title='bbox 3033 2443 3216 2481; x_wconf 89' lang='lat' dir='ltr'><strong>verum</strong></span> <span class='ocrx_word' id='word_1_692' title='bbox 3244 2430 3333 2493; x_wconf 89' lang='lat' dir='ltr'><strong>sit,</strong></span> <span class='ocrx_word' id='word_1_693' title='bbox 3368 2438 3489 2499; x_wconf 84' lang='lat' dir='ltr'><strong>post</strong></span> <span class='ocrx_word' id='word_1_694' title='bbox 3516 2431 3719 2489; x_wconf 85' lang='lat' dir='ltr'><strong>videbi-</strong></span> 
     </span>
    </p>
   </div>
   <div class='ocr_carea' id='block_1_86' title="bbox 2132 2508 3722 2594">
    <p class='ocr_par' dir='ltr' id='par_1_86' title="bbox 2132 2508 3722 2594">
     <span class='ocr_line' id='line_1_86' title="bbox 2132 2508 3722 2594; baseline 0.011 -33"><span class='ocrx_word' id='word_1_695' title='bbox 2132 2522 2252 2565; x_wconf 90' lang='lat' dir='ltr'><strong>mus</strong></span> <span class='ocrx_word' id='word_1_696' title='bbox 2275 2508 2479 2581; x_wconf 83' lang='lat' dir='ltr'><strong>(Capitc</strong></span> <span class='ocrx_word' id='word_1_697' title='bbox 2499 2514 2757 2585; x_wconf 79' lang='lat' dir='ltr'><strong>proximo)</strong></span> <span class='ocrx_word' id='word_1_698' title='bbox 2785 2532 2800 2569; x_wconf 90' lang='lat'><strong>:</strong></span> <span class='ocrx_word' id='word_1_699' title='bbox 2828 2531 2970 2571; x_wconf 88' lang='lat' dir='ltr'><strong>nunc</strong></span> <span class='ocrx_word' id='word_1_700' title='bbox 2995 2532 3122 2573; x_wconf 85' lang='lat' dir='ltr'><strong>vero</strong></span> <span class='ocrx_word' id='word_1_701' title='bbox 3142 2518 3263 2587; x_wconf 88' lang='lat' dir='ltr'><strong>quia</strong></span> <span class='ocrx_word' id='word_1_702' title='bbox 3290 2535 3395 2574; x_wconf 85' lang='lat' dir='ltr'><strong>non</strong></span> <span class='ocrx_word' id='word_1_703' title='bbox 3422 2522 3594 2590; x_wconf 90' lang='lat' dir='ltr'><strong>potuit</strong></span> <span class='ocrx_word' id='word_1_704' title='bbox 3620 2537 3722 2594; x_wconf 86' lang='lat' dir='ltr'><strong>pe-</strong></span> 
     </span>
    </p>
   </div>
   <div class='ocr_carea' id='block_1_87' title="bbox 2133 2599 3722 2675">
    <p class='ocr_par' dir='ltr' id='par_1_87' title="bbox 2133 2599 3722 2675">
     <span class='ocr_line' id='line_1_87' title="bbox 2133 2599 3722 2675; baseline 0.011 -22"><span class='ocrx_word' id='word_1_705' title='bbox 2133 2599 2274 2655; x_wconf 93' lang='lat' dir='ltr'><strong>nitus</strong></span> <span class='ocrx_word' id='word_1_706' title='bbox 2294 2616 2354 2656; x_wconf 86' lang='lat' dir='ltr'><strong>se</strong></span> <span class='ocrx_word' id='word_1_707' title='bbox 2378 2602 2618 2659; x_wconf 84' lang='lat' dir='ltr'><strong>oblivisci</strong></span> <span class='ocrx_word' id='word_1_708' title='bbox 2640 2620 2761 2661; x_wconf 90' lang='lat' dir='ltr'><strong>esse</strong></span> <span class='ocrx_word' id='word_1_709' title='bbox 2780 2605 3128 2663; x_wconf 90' lang='lat' dir='ltr'><strong>christianum</strong></span> <span class='ocrx_word' id='word_1_710' title='bbox 3147 2651 3161 2675; x_wconf 92' lang='lat'><strong>,</strong></span> <span class='ocrx_word' id='word_1_711' title='bbox 3190 2609 3284 2665; x_wconf 89' lang='lat' dir='ltr'><strong>scd</strong></span> <span class='ocrx_word' id='word_1_712' title='bbox 3314 2611 3366 2666; x_wconf 91' lang='lat' dir='ltr'><strong>id</strong></span> <span class='ocrx_word' id='word_1_713' title='bbox 3397 2611 3521 2669; x_wconf 86' lang='lat' dir='ltr'><strong>licet</strong></span> <span class='ocrx_word' id='word_1_714' title='bbox 3546 2616 3722 2671; x_wconf 87' lang='lat' dir='ltr'><strong>tenui-</strong></span> 
     </span>
    </p>
   </div>
   <div class='ocr_carea' id='block_1_88' title="bbox 2135 2691 3723 2762">
    <p class='ocr_par' dir='ltr' id='par_1_88' title="bbox 2135 2691 3723 2762">
     <span class='ocr_line' id='line_1_88' title="bbox 2135 2691 3723 2762; baseline 0.012 -19"><span class='ocrx_word' id='word_1_715' title='bbox 2135 2697 2216 2744; x_wconf 90' lang='lat' dir='ltr'><strong>ter</strong></span> <span class='ocrx_word' id='word_1_716' title='bbox 2236 2691 2549 2748; x_wconf 89' lang='lat' dir='ltr'><strong>recordatus</strong></span> <span class='ocrx_word' id='word_1_717' title='bbox 2574 2702 2658 2749; x_wconf 89' lang='lat' dir='ltr'><strong>est</strong></span> <span class='ocrx_word' id='word_1_718' title='bbox 2682 2736 2698 2761; x_wconf 91' lang='lat'><strong>,</strong></span> <span class='ocrx_word' id='word_1_719' title='bbox 2728 2698 2952 2752; x_wconf 86' lang='lat' dir='ltr'><strong>recessit</strong></span> <span class='ocrx_word' id='word_1_720' title='bbox 2979 2712 3008 2751; x_wconf 90' lang='lat' dir='ltr'><strong>a</strong></span> <span class='ocrx_word' id='word_1_721' title='bbox 3030 2697 3346 2756; x_wconf 88' lang='lat' dir='ltr'><strong>defensione</strong></span> <span class='ocrx_word' id='word_1_722' title='bbox 3365 2710 3591 2759; x_wconf 65' lang='lat' dir='ltr'><strong>naturae.</strong></span> <span class='ocrx_word' id='word_1_723' title='bbox 3621 2704 3723 2762; x_wconf 88' lang='lat' dir='ltr'><strong>Ubi</strong></span> 
     </span>
    </p>
   </div>
   <div class='ocr_carea' id='block_1_89' title="bbox 2139 2783 3721 2858">
    <p class='ocr_par' dir='ltr' id='par_1_89' title="bbox 2139 2783 3721 2858">
     <span class='ocr_line' id='line_1_89' title="bbox 2139 2783 3721 2858; baseline 0.011 -23"><span class='ocrx_word' id='word_1_724' title='bbox 2139 2790 2223 2835; x_wconf 93' lang='lat' dir='ltr'><strong>est</strong></span> <span class='ocrx_word' id='word_1_725' title='bbox 2250 2797 2379 2852; x_wconf 82' lang='lat' dir='ltr'><strong>ergo</strong></span> <span class='ocrx_word' id='word_1_726' title='bbox 2406 2783 2833 2854; x_wconf 87' lang='lat' dir='ltr'><strong>inseparabilitas</strong></span> <span class='ocrx_word' id='word_1_727' title='bbox 2862 2788 3274 2858; x_wconf 87' lang='lat' dir='ltr'><strong>possibilitatis?</strong></span> <span class='ocrx_word' id='word_1_728' title='bbox 3303 2793 3385 2847; x_wconf 79' lang='lat' dir='ltr'><strong>Au</strong></span> <span class='ocrx_word' id='word_1_729' title='bbox 3412 2792 3549 2850; x_wconf 71' lang='lat' dir='ltr'><strong>forte</strong></span> <span class='ocrx_word' id='word_1_730' title='bbox 3579 2811 3721 2851; x_wconf 84' lang='lat' dir='ltr'><strong>non-</strong></span> 
     </span>
    </p>
   </div>
   <div class='ocr_carea' id='block_1_90' title="bbox 2131 2872 3724 2945">
    <p class='ocr_par' dir='ltr' id='par_1_90' title="bbox 2131 2872 3724 2945">
     <span class='ocr_line' id='line_1_90' title="bbox 2131 2872 3724 2945; baseline 0.011 -19"><span class='ocrx_word' id='word_1_731' title='bbox 2131 2872 2258 2928; x_wconf 91' lang='lat' dir='ltr'><strong>dum</strong></span> <span class='ocrx_word' id='word_1_732' title='bbox 2297 2874 2552 2945; x_wconf 86' lang='lat' dir='ltr'><strong>haptizati</strong></span> <span class='ocrx_word' id='word_1_733' title='bbox 2601 2879 2654 2932; x_wconf 92' lang='lat' dir='ltr'><strong>in</strong></span> <span class='ocrx_word' id='word_1_734' title='bbox 2698 2886 2886 2933; x_wconf 89' lang='lat' dir='ltr'><strong>natura</strong></span> <span class='ocrx_word' id='word_1_735' title='bbox 2939 2880 3216 2936; x_wconf 90' lang='lat' dir='ltr'><strong>hominum</strong></span> <span class='ocrx_word' id='word_1_736' title='bbox 3263 2898 3368 2938; x_wconf 90' lang='lat' dir='ltr'><strong>non</strong></span> <span class='ocrx_word' id='word_1_737' title='bbox 3416 2886 3578 2941; x_wconf 74' lang='lat' dir='ltr'><strong>sunt?</strong></span> <span class='ocrx_word' id='word_1_738' title='bbox 3625 2887 3724 2945; x_wconf 83' lang='lat' dir='ltr'><strong>Hic</strong></span> 
     </span>
    </p>
   </div>
   <div class='ocr_carea' id='block_1_91' title="bbox 2135 2967 3717 3046">
    <p class='ocr_par' dir='ltr' id='par_1_91' title="bbox 2135 2967 3717 3046">
     <span class='ocr_line' id='line_1_91' title="bbox 2135 2967 3717 3046; baseline 0.009 -27"><span class='ocrx_word' id='word_1_739' title='bbox 2135 2980 2376 3046; x_wconf 71' lang='lat' dir='ltr'><strong>prorsus,</strong></span> <span class='ocrx_word' id='word_1_740' title='bbox 2426 2967 2513 3023; x_wconf 92' lang='lat' dir='ltr'><strong>hic</strong></span> <span class='ocrx_word' id='word_1_741' title='bbox 2540 2978 2723 3038; x_wconf 89' lang='lat' dir='ltr'><strong>posset</strong></span> <span class='ocrx_word' id='word_1_742' title='bbox 2750 2970 3007 3040; x_wconf 79' lang='lat' dir='ltr'><strong>evigilare</strong></span> <span class='ocrx_word' id='word_1_743' title='bbox 3035 2972 3077 3034; x_wconf 70' lang='grc'><strong>⁸.</strong></span> <span class='ocrx_word' id='word_1_744' title='bbox 3105 2983 3158 3027; x_wconf 88' lang='grc' dir='ltr'>ει</span> <span class='ocrx_word' id='word_1_745' title='bbox 3185 2972 3230 3027; x_wconf 90' lang='lat' dir='ltr'><strong>si</strong></span> <span class='ocrx_word' id='word_1_746' title='bbox 3257 2974 3498 3031; x_wconf 86' lang='lat' dir='ltr'><strong>advertat</strong></span> <span class='ocrx_word' id='word_1_747' title='bbox 3524 2986 3717 3046; x_wconf 87' lang='lat' dir='ltr'><strong>potest.</strong></span> 
     </span>
    </p>
   </div>
   <div class='ocr_carea' id='block_1_92' title="bbox 2135 3056 3724 3135">
    <p class='ocr_par' dir='ltr' id='par_1_92' title="bbox 2135 3056 3724 3135">
     <span class='ocr_line' id='line_1_92' title="bbox 2135 3056 3724 3135; baseline 0.008 -25"><span class='ocrx_word' id='word_1_748' title='bbox 2135 3056 2236 3121; x_wconf 79' lang='lat' dir='ltr'><strong>Qui</strong></span> <span class='ocrx_word' id='word_1_749' title='bbox 2258 3057 2370 3125; x_wconf 80' lang='lat' dir='ltr'><strong>ﬁeri</strong></span> <span class='ocrx_word' id='word_1_750' title='bbox 2412 3067 2591 3129; x_wconf 86' lang='lat' dir='ltr'><strong>potest,</strong></span> <span class='ocrx_word' id='word_1_751' title='bbox 2617 3059 2806 3130; x_wconf 92' lang='lat' dir='ltr'><strong>inquit,</strong></span> <span class='ocrx_word' id='word_1_752' title='bbox 2830 3069 2884 3113; x_wconf 84' lang='lat' dir='ltr'><strong>ut</strong></span> <span class='ocrx_word' id='word_1_753' title='bbox 2909 3063 3201 3134; x_wconf 81' lang='lat' dir='ltr'><strong>cuicumque</strong></span> <span class='ocrx_word' id='word_1_754' title='bbox 3225 3062 3477 3135; x_wconf 69' lang='lat' dir='ltr'><strong>baptizata</strong></span> <span class='ocrx_word' id='word_1_755' title='bbox 3496 3067 3560 3121; x_wconf 88' lang='lat' dir='ltr'><strong>sit</strong></span> <span class='ocrx_word' id='word_1_756' title='bbox 3599 3084 3724 3123; x_wconf 86' lang='lat' dir='ltr'><strong>caro</strong></span> 
     </span>
    </p>
   </div>
   <div class='ocr_carea' id='block_1_93' title="bbox 2136 3146 3722 3223">
    <p class='ocr_par' dir='ltr' id='par_1_93' title="bbox 2136 3146 3722 3223">
     <span class='ocr_line' id='line_1_93' title="bbox 2136 3146 3722 3223; baseline 0.009 -24"><span class='ocrx_word' id='word_1_757' title='bbox 2136 3146 2393 3200; x_wconf 86' lang='lat' dir='ltr'><strong>contraria</strong></span> <span class='ocrx_word' id='word_1_758' title='bbox 2417 3147 2443 3201; x_wconf 83' lang='lat'><strong><em>?</em></strong></span> <span class='ocrx_word' id='word_1_759' title='bbox 2473 3149 2612 3219; x_wconf 85' lang='lat' dir='ltr'><strong>Ergo</strong></span> <span class='ocrx_word' id='word_1_760' title='bbox 2652 3164 2761 3205; x_wconf 89' lang='lat' dir='ltr'><strong>non</strong></span> <span class='ocrx_word' id='word_1_761' title='bbox 2788 3149 3068 3220; x_wconf 83' lang='lat' dir='ltr'><strong>baptizatis</strong></span> <span class='ocrx_word' id='word_1_762' title='bbox 3095 3164 3270 3223; x_wconf 88' lang='lat' dir='ltr'><strong>potest</strong></span> <span class='ocrx_word' id='word_1_763' title='bbox 3291 3168 3416 3211; x_wconf 86' lang='lat' dir='ltr'><strong>caro</strong></span> <span class='ocrx_word' id='word_1_764' title='bbox 3440 3170 3561 3213; x_wconf 88' lang='lat' dir='ltr'><strong>esse</strong></span> <span class='ocrx_word' id='word_1_765' title='bbox 3587 3173 3722 3214; x_wconf 84' lang='lat' dir='ltr'><strong>con—</strong></span> 
     </span>
    </p>
   </div>
   <div class='ocr_carea' id='block_1_94' title="bbox 2134 3241 3723 3314">
    <p class='ocr_par' dir='ltr' id='par_1_94' title="bbox 2134 3241 3723 3314">
     <span class='ocr_line' id='line_1_94' title="bbox 2134 3241 3723 3314; baseline 0.008 -20"><span class='ocrx_word' id='word_1_766' title='bbox 2134 3241 2318 3296; x_wconf 87' lang='lat' dir='ltr'><strong>traria.</strong></span> <span class='ocrx_word' id='word_1_767' title='bbox 2372 3242 2616 3312; x_wconf 73' lang='lat' dir='ltr'><strong>Exponat</strong></span> <span class='ocrx_word' id='word_1_768' title='bbox 2644 3243 3129 3314; x_wconf 85' lang='lat' dir='ltr'><strong>quemadmodum;</strong></span> <span class='ocrx_word' id='word_1_769' title='bbox 3171 3261 3293 3301; x_wconf 91' lang='lat' dir='ltr'><strong>cum</strong></span> <span class='ocrx_word' id='word_1_770' title='bbox 3332 3249 3404 3303; x_wconf 89' lang='lat' dir='ltr'><strong>sit</strong></span> <span class='ocrx_word' id='word_1_771' title='bbox 3449 3249 3610 3305; x_wconf 89' lang='lat' dir='ltr'><strong>etiam</strong></span> <span class='ocrx_word' id='word_1_772' title='bbox 3666 3251 3723 3307; x_wconf 91' lang='lat' dir='ltr'><strong>in</strong></span> 
     </span>
    </p>
   </div>
   <div class='ocr_carea' id='block_1_95' title="bbox 2133 3332 3722 3401">
    <p class='ocr_par' dir='ltr' id='par_1_95' title="bbox 2133 3332 3722 3401">
     <span class='ocr_line' id='line_1_95' title="bbox 2133 3332 3722 3401; baseline 0.008 -14"><span class='ocrx_word' id='word_1_773' title='bbox 2133 3332 2263 3401; x_wconf 89' lang='lat' dir='ltr'><strong>ipsis</strong></span> <span class='ocrx_word' id='word_1_774' title='bbox 2293 3332 2380 3388; x_wconf 87' lang='lat' dir='ltr'><strong>illa</strong></span> <span class='ocrx_word' id='word_1_775' title='bbox 2400 3333 2468 3387; x_wconf 87' lang='lat' dir='ltr'><strong>ab</strong></span> <span class='ocrx_word' id='word_1_776' title='bbox 2488 3348 2554 3390; x_wconf 91' lang='lat' dir='ltr'><strong>eo</strong></span> <span class='ocrx_word' id='word_1_777' title='bbox 2593 3336 2815 3390; x_wconf 83' lang='lat' dir='ltr'><strong>multum</strong></span> <span class='ocrx_word' id='word_1_778' title='bbox 2847 3335 3067 3392; x_wconf 82' lang='lat' dir='ltr'><strong>defensa</strong></span> <span class='ocrx_word' id='word_1_779' title='bbox 3111 3345 3299 3395; x_wconf 89' lang='lat' dir='ltr'><strong>natura</strong></span> <span class='ocrx_word' id='word_1_780' title='bbox 3332 3358 3345 3394; x_wconf 90' lang='lat'><strong>:</strong></span> <span class='ocrx_word' id='word_1_781' title='bbox 3373 3349 3521 3396; x_wconf 89' lang='lat' dir='ltr'><strong>certe</strong></span> <span class='ocrx_word' id='word_1_782' title='bbox 3551 3343 3635 3398; x_wconf 86' lang='lat' dir='ltr'><strong>vel</strong></span> <span class='ocrx_word' id='word_1_783' title='bbox 3666 3344 3722 3399; x_wconf 91' lang='lat' dir='ltr'><strong>in</strong></span> 
     </span>
    </p>
   </div>
   <div class='ocr_carea' id='block_1_96' title="bbox 2132 3423 3725 3502">
    <p class='ocr_par' dir='ltr' id='par_1_96' title="bbox 2132 3423 3725 3502">
     <span class='ocr_line' id='line_1_96' title="bbox 2132 3423 3725 3502; baseline 0.007 -24"><span class='ocrx_word' id='word_1_784' title='bbox 2132 3424 2212 3478; x_wconf 89' lang='lat' dir='ltr'><strong>eis</strong></span> <span class='ocrx_word' id='word_1_785' title='bbox 2250 3423 2499 3479; x_wconf 84' lang='lat' dir='ltr'><strong>concedit</strong></span> <span class='ocrx_word' id='word_1_786' title='bbox 2546 3439 2667 3481; x_wconf 89' lang='lat' dir='ltr'><strong>esse</strong></span> <span class='ocrx_word' id='word_1_787' title='bbox 2710 3425 2945 3482; x_wconf 85' lang='lat' dir='ltr'><strong>vitiatam</strong></span> <span class='ocrx_word' id='word_1_788' title='bbox 2972 3467 2988 3494; x_wconf 96' lang='lat'><strong>,</strong></span> <span class='ocrx_word' id='word_1_789' title='bbox 3020 3427 3064 3482; x_wconf 90' lang='lat' dir='ltr'><strong>si</strong></span> <span class='ocrx_word' id='word_1_790' title='bbox 3089 3426 3201 3498; x_wconf 88' lang='lat' dir='ltr'><strong>jam</strong></span> <span class='ocrx_word' id='word_1_791' title='bbox 3234 3429 3290 3484; x_wconf 89' lang='lat' dir='ltr'><strong>in</strong></span> <span class='ocrx_word' id='word_1_792' title='bbox 3314 3430 3593 3502; x_wconf 81' lang='lat' dir='ltr'><strong>baptizatis</strong></span> <span class='ocrx_word' id='word_1_793' title='bbox 3632 3433 3725 3490; x_wconf 87' lang='lat' dir='ltr'><strong>ille</strong></span> 
     </span>
    </p>
   </div>
   <div class='ocr_carea' id='block_1_97' title="bbox 2132 3516 3722 3591">
    <p class='ocr_par' dir='ltr' id='par_1_97' title="bbox 2132 3516 3722 3591">
     <span class='ocr_line' id='line_1_97' title="bbox 2132 3516 3722 3591; baseline 0.008 -21"><span class='ocrx_word' id='word_1_794' title='bbox 2132 3516 2345 3573; x_wconf 87' lang='lat' dir='ltr'><strong>saucius</strong></span> <span class='ocrx_word' id='word_1_795' title='bbox 2390 3531 2555 3573; x_wconf 89' lang='lat' dir='ltr'><strong>sanus</strong></span> <span class='ocrx_word' id='word_1_796' title='bbox 2593 3516 2660 3574; x_wconf 90' lang='lat' dir='ltr'><strong>de</strong></span> <span class='ocrx_word' id='word_1_797' title='bbox 2686 3517 2896 3575; x_wconf 81' lang='lat' dir='ltr'><strong>stabulo</strong></span> <span class='ocrx_word' id='word_1_798' title='bbox 2935 3534 3184 3591; x_wconf 82' lang='lat' dir='ltr'><strong>egressus</strong></span> <span class='ocrx_word' id='word_1_799' title='bbox 3212 3531 3315 3589; x_wconf 91' lang='lat' dir='ltr'><strong>est,</strong></span> <span class='ocrx_word' id='word_1_800' title='bbox 3343 3533 3433 3578; x_wconf 90' lang='lat' dir='ltr'><strong>aut</strong></span> <span class='ocrx_word' id='word_1_801' title='bbox 3478 3539 3640 3581; x_wconf 85' lang='lat' dir='ltr'><strong>sanus</strong></span> <span class='ocrx_word' id='word_1_802' title='bbox 3665 3526 3722 3582; x_wconf 90' lang='lat' dir='ltr'><strong>in</strong></span> 
     </span>
    </p>
   </div>
   <div class='ocr_carea' id='block_1_98' title="bbox 2132 3607 3724 3679">
    <p class='ocr_par' dir='ltr' id='par_1_98' title="bbox 2132 3607 3724 3679">
     <span class='ocr_line' id='line_1_98' title="bbox 2132 3607 3724 3679; baseline 0.007 -18"><span class='ocrx_word' id='word_1_803' title='bbox 2132 3607 2341 3664; x_wconf 83' lang='lat' dir='ltr'><strong>stabulo</strong></span> <span class='ocrx_word' id='word_1_804' title='bbox 2365 3616 2471 3673; x_wconf 85' lang='lat' dir='ltr'><strong>est,</strong></span> <span class='ocrx_word' id='word_1_805' title='bbox 2499 3623 2608 3679; x_wconf 83' lang='lat' dir='ltr'><strong>quo</strong></span> <span class='ocrx_word' id='word_1_806' title='bbox 2626 3624 2748 3665; x_wconf 90' lang='lat' dir='ltr'><strong>eum</strong></span> <span class='ocrx_word' id='word_1_807' title='bbox 2779 3610 3073 3666; x_wconf 88' lang='lat' dir='ltr'><strong>curandum</strong></span> <span class='ocrx_word' id='word_1_808' title='bbox 3096 3613 3403 3670; x_wconf 89' lang='lat' dir='ltr'><strong>misericors</strong></span> <span class='ocrx_word' id='word_1_809' title='bbox 3432 3615 3724 3672; x_wconf 83' lang='lat' dir='ltr'><strong>Samarita-</strong></span> 
     </span>
    </p>
   </div>
   <div class='ocr_carea' id='block_1_99' title="bbox 2131 3700 3721 3776">
    <p class='ocr_par' dir='ltr' id='par_1_99' title="bbox 2131 3700 3721 3776">
     <span class='ocr_line' id='line_1_99' title="bbox 2131 3700 3721 3776; baseline 0.008 -21"><span class='ocrx_word' id='word_1_810' title='bbox 2131 3714 2235 3756; x_wconf 88' lang='lat' dir='ltr'><strong>nus</strong></span> <span class='ocrx_word' id='word_1_811' title='bbox 2252 3700 2465 3757; x_wconf 81' lang='lat' dir='ltr'><strong>advexit</strong></span> <span class='ocrx_word' id='word_1_812' title='bbox 2490 3701 2644 3773; x_wconf 86' lang='lat' dir='ltr'><strong>(Luc.</strong></span> <span class='ocrx_word' id='word_1_813' title='bbox 2674 3717 2735 3771; x_wconf 73' lang='grc' dir='ltr'><strong>ι,</strong></span> <span class='ocrx_word' id='word_1_814' title='bbox 2760 3702 2977 3776; x_wconf 74' lang='lat'><strong>30-35).</strong></span> <span class='ocrx_word' id='word_1_815' title='bbox 3000 3704 3169 3760; x_wconf 87' lang='lat' dir='ltr'><strong>Porro</strong></span> <span class='ocrx_word' id='word_1_816' title='bbox 3196 3706 3242 3761; x_wconf 92' lang='lat' dir='ltr'><strong>si</strong></span> <span class='ocrx_word' id='word_1_817' title='bbox 3272 3708 3355 3763; x_wconf 85' lang='lat' dir='ltr'><strong>vel</strong></span> <span class='ocrx_word' id='word_1_818' title='bbox 3384 3708 3500 3775; x_wconf 83' lang='lat' dir='ltr'><strong>istis</strong></span> <span class='ocrx_word' id='word_1_819' title='bbox 3523 3724 3721 3766; x_wconf 86' lang='lat' dir='ltr'><strong>conce-</strong></span> 
     </span>
    </p>
   </div>
   <div class='ocr_carea' id='block_1_100' title="bbox 2132 3791 3717 3871">
    <p class='ocr_par' dir='ltr' id='par_1_100' title="bbox 2132 3791 3717 3871">
     <span class='ocr_line' id='line_1_100' title="bbox 2132 3791 3717 3871; baseline 0.006 -24"><span class='ocrx_word' id='word_1_820' title='bbox 2132 3791 2211 3847; x_wconf 91' lang='lat' dir='ltr'><strong>dit</strong></span> <span class='ocrx_word' id='word_1_821' title='bbox 2260 3807 2475 3848; x_wconf 88' lang='lat' dir='ltr'><strong>carnem</strong></span> <span class='ocrx_word' id='word_1_822' title='bbox 2524 3808 2645 3849; x_wconf 87' lang='lat' dir='ltr'><strong>esse</strong></span> <span class='ocrx_word' id='word_1_823' title='bbox 2670 3795 2995 3850; x_wconf 89' lang='lat' dir='ltr'><strong>contrariam</strong></span> <span class='ocrx_word' id='word_1_824' title='bbox 3019 3837 3035 3863; x_wconf 93' lang='lat'><strong>,</strong></span> <span class='ocrx_word' id='word_1_825' title='bbox 3066 3795 3211 3851; x_wconf 88' lang='lat' dir='ltr'><strong>dicat</strong></span> <span class='ocrx_word' id='word_1_826' title='bbox 3240 3798 3365 3868; x_wconf 91' lang='lat' dir='ltr'><strong>quid</strong></span> <span class='ocrx_word' id='word_1_827' title='bbox 3397 3800 3717 3871; x_wconf 83' lang='lat' dir='ltr'><strong>contigerit,</strong></span> 
     </span>
    </p>
   </div>
   <div class='ocr_carea' id='block_1_101' title="bbox 2131 3886 3725 3961">
    <p class='ocr_par' dir='ltr' id='par_1_101' title="bbox 2131 3886 3725 3961">
     <span class='ocr_line' id='line_1_101' title="bbox 2131 3886 3725 3961; baseline 0.006 -22"><span class='ocrx_word' id='word_1_828' title='bbox 2131 3898 2252 3939; x_wconf 91' lang='lat' dir='ltr'><strong>cum</strong></span> <span class='ocrx_word' id='word_1_829' title='bbox 2280 3889 2350 3938; x_wconf 85' lang='lat' dir='ltr'><strong>sit</strong></span> <span class='ocrx_word' id='word_1_830' title='bbox 2374 3893 2692 3956; x_wconf 90' lang='lat' dir='ltr'><strong>utrumque,</strong></span> <span class='ocrx_word' id='word_1_831' title='bbox 2739 3886 2839 3941; x_wconf 91' lang='lat' dir='ltr'><strong>hoc</strong></span> <span class='ocrx_word' id='word_1_832' title='bbox 2867 3896 2969 3954; x_wconf 90' lang='lat' dir='ltr'><strong>est,</strong></span> <span class='ocrx_word' id='word_1_833' title='bbox 3013 3891 3068 3942; x_wconf 91' lang='lat' dir='ltr'><strong>ct</strong></span> <span class='ocrx_word' id='word_1_834' title='bbox 3096 3902 3222 3943; x_wconf 90' lang='lat' dir='ltr'><strong>caro</strong></span> <span class='ocrx_word' id='word_1_835' title='bbox 3248 3899 3304 3944; x_wconf 89' lang='lat' dir='ltr'><strong>et</strong></span> <span class='ocrx_word' id='word_1_836' title='bbox 3326 3890 3553 3961; x_wconf 82' lang='lat' dir='ltr'><strong>spiritus</strong></span> <span class='ocrx_word' id='word_1_837' title='bbox 3576 3907 3725 3949; x_wconf 66' lang='lat' dir='ltr'><strong>crea«</strong></span> 
     </span>
    </p>
   </div>
   <div class='ocr_carea' id='block_1_102' title="bbox 2134 3974 3719 4051">
    <p class='ocr_par' dir='ltr' id='par_1_102' title="bbox 2134 3974 3719 4051">
     <span class='ocr_line' id='line_1_102' title="bbox 2134 3974 3719 4051; baseline 0.007 -24"><span class='ocrx_word' id='word_1_838' title='bbox 2134 3983 2250 4028; x_wconf 86' lang='lat' dir='ltr'><strong>tura</strong></span> <span class='ocrx_word' id='word_1_839' title='bbox 2283 3975 2441 4030; x_wconf 88' lang='lat' dir='ltr'><strong>unius</strong></span> <span class='ocrx_word' id='word_1_840' title='bbox 2469 3974 2818 4047; x_wconf 89' lang='lat' dir='ltr'><strong>ejusdemque</strong></span> <span class='ocrx_word' id='word_1_841' title='bbox 2842 3978 3121 4045; x_wconf 87' lang='lat' dir='ltr'><strong>creatoris,</strong></span> <span class='ocrx_word' id='word_1_842' title='bbox 3151 3980 3338 4048; x_wconf 81' lang='lat' dir='ltr'><strong>procul</strong></span> <span class='ocrx_word' id='word_1_843' title='bbox 3363 3980 3527 4037; x_wconf 91' lang='lat' dir='ltr'><strong>dubio</strong></span> <span class='ocrx_word' id='word_1_844' title='bbox 3556 3981 3719 4051; x_wconf 90' lang='lat' dir='ltr'><strong>bona,</strong></span> 
     </span>
    </p>
   </div>
   <div class='ocr_carea' id='block_1_103' title="bbox 2131 4068 3724 4146">
    <p class='ocr_par' dir='ltr' id='par_1_103' title="bbox 2131 4068 3724 4146">
     <span class='ocr_line' id='line_1_103' title="bbox 2131 4068 3724 4146; baseline 0.007 -26"><span class='ocrx_word' id='word_1_845' title='bbox 2131 4069 2254 4138; x_wconf 87' lang='lat' dir='ltr'><strong>quia</strong></span> <span class='ocrx_word' id='word_1_846' title='bbox 2274 4068 2399 4124; x_wconf 93' lang='lat' dir='ltr'><strong>boni</strong></span> <span class='ocrx_word' id='word_1_847' title='bbox 2420 4087 2433 4123; x_wconf 90' lang='lat'><strong>:</strong></span> <span class='ocrx_word' id='word_1_848' title='bbox 2457 4070 2572 4125; x_wconf 75' lang='lat' dir='ltr'><strong>nisi</strong></span> <span class='ocrx_word' id='word_1_849' title='bbox 2594 4070 2721 4141; x_wconf 89' lang='lat' dir='ltr'><strong>quia</strong></span> <span class='ocrx_word' id='word_1_850' title='bbox 2752 4070 2855 4127; x_wconf 91' lang='lat' dir='ltr'><strong>hoc</strong></span> <span class='ocrx_word' id='word_1_851' title='bbox 2882 4080 2964 4127; x_wconf 90' lang='lat' dir='ltr'><strong>est</strong></span> <span class='ocrx_word' id='word_1_852' title='bbox 2991 4071 3199 4139; x_wconf 86' lang='lat' dir='ltr'><strong>vitium,</strong></span> <span class='ocrx_word' id='word_1_853' title='bbox 3227 4073 3369 4144; x_wconf 89' lang='lat' dir='ltr'><strong>quod</strong></span> <span class='ocrx_word' id='word_1_854' title='bbox 3398 4076 3614 4146; x_wconf 85' lang='lat' dir='ltr'><strong>prepria</strong></span> <span class='ocrx_word' id='word_1_855' title='bbox 3637 4076 3724 4131; x_wconf 88' lang='lat' dir='ltr'><strong>in-</strong></span> 
     </span>
    </p>
   </div>
   <div class='ocr_carea' id='block_1_104' title="bbox 2132 4159 3723 4236">
    <p class='ocr_par' dir='ltr' id='par_1_104' title="bbox 2132 4159 3723 4236">
     <span class='ocr_line' id='line_1_104' title="bbox 2132 4159 3723 4236; baseline 0.008 -22"><span class='ocrx_word' id='word_1_856' title='bbox 2132 4159 2331 4216; x_wconf 88' lang='lat' dir='ltr'><strong>flictum</strong></span> <span class='ocrx_word' id='word_1_857' title='bbox 2354 4170 2437 4217; x_wconf 84' lang='lat' dir='ltr'><strong>est</strong></span> <span class='ocrx_word' id='word_1_858' title='bbox 2455 4163 2756 4231; x_wconf 81' lang='lat' dir='ltr'><strong>voluntate;</strong></span> <span class='ocrx_word' id='word_1_859' title='bbox 2781 4173 2836 4220; x_wconf 90' lang='lat' dir='ltr'><strong>et</strong></span> <span class='ocrx_word' id='word_1_860' title='bbox 2865 4164 2968 4219; x_wconf 93' lang='lat' dir='ltr'><strong>hoc</strong></span> <span class='ocrx_word' id='word_1_861' title='bbox 2994 4175 3055 4219; x_wconf 90' lang='lat' dir='ltr'><strong>ut</strong></span> <span class='ocrx_word' id='word_1_862' title='bbox 3080 4164 3136 4219; x_wconf 91' lang='lat' dir='ltr'><strong>in</strong></span> <span class='ocrx_word' id='word_1_863' title='bbox 3164 4175 3358 4220; x_wconf 85' lang='lat' dir='ltr'><strong>natura</strong></span> <span class='ocrx_word' id='word_1_864' title='bbox 3381 4175 3623 4236; x_wconf 89' lang='lat' dir='ltr'><strong>sanetur,</strong></span> <span class='ocrx_word' id='word_1_865' title='bbox 3650 4183 3723 4227; x_wconf 87' lang='lat' dir='ltr'><strong>eo</strong></span> 
     </span>
    </p>
   </div>
   <div class='ocr_carea' id='block_1_105' title="bbox 2132 4242 3724 4327">
    <p class='ocr_par' dir='ltr' id='par_1_105' title="bbox 2132 4242 3724 4327">
     <span class='ocr_line' id='line_1_105' title="bbox 2132 4242 3724 4327; baseline 0.005 -20"><span class='ocrx_word' id='word_1_866' title='bbox 2132 4253 2248 4323; x_wconf 87' lang='lat' dir='ltr'><strong>ipso</strong></span> <span class='ocrx_word' id='word_1_867' title='bbox 2268 4267 2406 4324; x_wconf 89' lang='lat' dir='ltr'><strong>opus</strong></span> <span class='ocrx_word' id='word_1_868' title='bbox 2424 4264 2508 4310; x_wconf 90' lang='lat' dir='ltr'><strong>est</strong></span> <span class='ocrx_word' id='word_1_869' title='bbox 2535 4255 2824 4323; x_wconf 87' lang='lat' dir='ltr'><strong>salvatore,</strong></span> <span class='ocrx_word' id='word_1_870' title='bbox 2853 4271 2958 4327; x_wconf 92' lang='lat' dir='ltr'><strong>quo</strong></span> <span class='ocrx_word' id='word_1_871' title='bbox 2979 4257 3219 4313; x_wconf 87' lang='lat' dir='ltr'><strong>instituta</strong></span> <span class='ocrx_word' id='word_1_872' title='bbox 3238 4266 3322 4313; x_wconf 88' lang='lat' dir='ltr'><strong>est</strong></span> <span class='ocrx_word' id='word_1_873' title='bbox 3350 4266 3540 4314; x_wconf 85' lang='lat' dir='ltr'><strong>natura</strong></span> <span class='ocrx_word' id='word_1_874' title='bbox 3560 4242 3724 4315; x_wconf 46' lang='lat' dir='ltr'><strong>creaé</strong></span> 
     </span>
    </p>
   </div>
   <div class='ocr_carea' id='block_1_106' title="bbox 2134 4344 3723 4422">
    <p class='ocr_par' dir='ltr' id='par_1_106' title="bbox 2134 4344 3723 4422">
     <span class='ocr_line' id='line_1_106' title="bbox 2134 4344 3723 4422; baseline 0.006 -24"><span class='ocrx_word' id='word_1_875' title='bbox 2134 4354 2266 4400; x_wconf 84' lang='lat' dir='ltr'><strong>tore.</strong></span> <span class='ocrx_word' id='word_1_876' title='bbox 2293 4344 2407 4400; x_wconf 79' lang='lat' dir='ltr'><strong>Hoc</strong></span> <span class='ocrx_word' id='word_1_877' title='bbox 2428 4346 2713 4414; x_wconf 89' lang='lat' dir='ltr'><strong>salvatore,</strong></span> <span class='ocrx_word' id='word_1_878' title='bbox 2741 4361 2911 4418; x_wconf 81' lang='lat' dir='ltr'><strong>eaque</strong></span> <span class='ocrx_word' id='word_1_879' title='bbox 2940 4348 3084 4403; x_wconf 85' lang='lat' dir='ltr'><strong>illius</strong></span> <span class='ocrx_word' id='word_1_880' title='bbox 3110 4348 3395 4416; x_wconf 86' lang='lat' dir='ltr'><strong>medicina,</strong></span> <span class='ocrx_word' id='word_1_881' title='bbox 3435 4365 3541 4422; x_wconf 83' lang='lat' dir='ltr'><strong>qua</strong></span> <span class='ocrx_word' id='word_1_882' title='bbox 3584 4351 3723 4408; x_wconf 72' lang='lat' dir='ltr'><strong>Ver-</strong></span> 
     </span>
    </p>
   </div>
   <div class='ocr_carea' id='block_1_107' title="bbox 2132 4436 3720 4515">
    <p class='ocr_par' dir='ltr' id='par_1_107' title="bbox 2132 4436 3720 4515">
     <span class='ocr_line' id='line_1_107' title="bbox 2132 4436 3720 4515; baseline 0.006 -25"><span class='ocrx_word' id='word_1_883' title='bbox 2132 4436 2255 4491; x_wconf 87' lang='lat' dir='ltr'><strong>imm</strong></span> <span class='ocrx_word' id='word_1_884' title='bbox 2286 4452 2412 4493; x_wconf 89' lang='lat' dir='ltr'><strong>caro</strong></span> <span class='ocrx_word' id='word_1_885' title='bbox 2436 4437 2636 4493; x_wconf 82' lang='lat' dir='ltr'><strong>factum</strong></span> <span class='ocrx_word' id='word_1_886' title='bbox 2658 4449 2762 4505; x_wconf 89' lang='lat' dir='ltr'><strong>est,</strong></span> <span class='ocrx_word' id='word_1_887' title='bbox 2797 4448 2855 4496; x_wconf 90' lang='lat' dir='ltr'><strong>ut.</strong></span> <span class='ocrx_word' id='word_1_888' title='bbox 2889 4439 3157 4496; x_wconf 88' lang='lat' dir='ltr'><strong>habitaret</strong></span> <span class='ocrx_word' id='word_1_889' title='bbox 3186 4442 3241 4496; x_wconf 90' lang='lat' dir='ltr'><strong>in</strong></span> <span class='ocrx_word' id='word_1_890' title='bbox 3289 4442 3444 4498; x_wconf 85' lang='lat' dir='ltr'><strong>nobis</strong></span> <span class='ocrx_word' id='word_1_891' title='bbox 3472 4443 3649 4513; x_wconf 80' lang='lat' dir='ltr'><strong>(Joan.</strong></span> <span class='ocrx_word' id='word_1_892' title='bbox 3680 4462 3720 4515; x_wconf 87' lang='lat' dir='ltr'><strong>t,</strong></span> 
     </span>
    </p>
   </div>
   <div class='ocr_carea' id='block_1_108' title="bbox 2133 4528 3722 4603">
    <p class='ocr_par' dir='ltr' id='par_1_108' title="bbox 2133 4528 3722 4603">
     <span class='ocr_line' id='line_1_108' title="bbox 2133 4528 3722 4603; baseline 0.004 -20"><span class='ocrx_word' id='word_1_893' title='bbox 2133 4528 2242 4599; x_wconf 75' lang='lat' dir='ltr'><strong>li),</strong></span> <span class='ocrx_word' id='word_1_894' title='bbox 2272 4529 2316 4583; x_wconf 88' lang='lat' dir='ltr'><strong>si</strong></span> <span class='ocrx_word' id='word_1_895' title='bbox 2342 4543 2475 4599; x_wconf 86' lang='lat' dir='ltr'><strong>opus</strong></span> <span class='ocrx_word' id='word_1_896' title='bbox 2491 4543 2613 4585; x_wconf 87' lang='lat' dir='ltr'><strong>esse</strong></span> <span class='ocrx_word' id='word_1_897' title='bbox 2642 4528 2906 4585; x_wconf 87' lang='lat' dir='ltr'><strong>fateamur</strong></span> <span class='ocrx_word' id='word_1_898' title='bbox 2932 4530 3117 4601; x_wconf 87' lang='lat' dir='ltr'><strong>parvis</strong></span> <span class='ocrx_word' id='word_1_899' title='bbox 3142 4540 3195 4586; x_wconf 87' lang='lat' dir='ltr'><strong>et</strong></span> <span class='ocrx_word' id='word_1_900' title='bbox 3215 4532 3448 4603; x_wconf 88' lang='lat' dir='ltr'><strong>magnis,</strong></span> <span class='ocrx_word' id='word_1_901' title='bbox 3478 4534 3534 4589; x_wconf 81' lang='lat' dir='ltr'><strong>id</strong></span> <span class='ocrx_word' id='word_1_902' title='bbox 3563 4543 3665 4600; x_wconf 90' lang='lat' dir='ltr'><strong>est,</strong></span> <span class='ocrx_word' id='word_1_903' title='bbox 3689 4551 3722 4590; x_wconf 86' lang='lat' dir='ltr'><strong>a</strong></span> 
     </span>
    </p>
   </div>
   <div class='ocr_carea' id='block_1_109' title="bbox 2132 4619 3722 4696">
    <p class='ocr_par' dir='ltr' id='par_1_109' title="bbox 2132 4619 3722 4696">
     <span class='ocr_line' id='line_1_109' title="bbox 2132 4619 3722 4696; baseline 0.007 -24"><span class='ocrx_word' id='word_1_904' title='bbox 2132 4619 2393 4690; x_wconf 75' lang='lat' dir='ltr'><strong>vagitibus</strong></span> <span class='ocrx_word' id='word_1_905' title='bbox 2421 4619 2677 4676; x_wconf 78' lang='lat' dir='ltr'><strong>infantum</strong></span> <span class='ocrx_word' id='word_1_906' title='bbox 2711 4637 2880 4693; x_wconf 91' lang='lat' dir='ltr'><strong>usque</strong></span> <span class='ocrx_word' id='word_1_907' title='bbox 2906 4621 2975 4678; x_wconf 88' lang='lat' dir='ltr'><strong>ad</strong></span> <span class='ocrx_word' id='word_1_908' title='bbox 3001 4636 3167 4678; x_wconf 86' lang='lat' dir='ltr'><strong>canos</strong></span> <span class='ocrx_word' id='word_1_909' title='bbox 3195 4638 3385 4679; x_wconf 88' lang='lat' dir='ltr'><strong>senum</strong></span> <span class='ocrx_word' id='word_1_910' title='bbox 3417 4641 3433 4692; x_wconf 93' lang='lat'><strong>;</strong></span> <span class='ocrx_word' id='word_1_911' title='bbox 3462 4633 3572 4680; x_wconf 84' lang='lat' dir='ltr'><strong>tota</strong></span> <span class='ocrx_word' id='word_1_912' title='bbox 3599 4642 3722 4696; x_wconf 69' lang='lat' dir='ltr'><strong>qua:</strong></span> 
     </span>
    </p>
   </div>
   <div class='ocr_carea' id='block_1_110' title="bbox 2132 4708 3720 4784">
    <p class='ocr_par' dir='ltr' id='par_1_110' title="bbox 2132 4708 3720 4784">
     <span class='ocr_line' id='line_1_110' title="bbox 2132 4708 3720 4784; baseline 0.006 -21"><span class='ocrx_word' id='word_1_913' title='bbox 2132 4708 2269 4766; x_wconf 84' lang='lat' dir='ltr'><strong>inter</strong></span> <span class='ocrx_word' id='word_1_914' title='bbox 2294 4723 2392 4765; x_wconf 91' lang='lat' dir='ltr'><strong>nos</strong></span> <span class='ocrx_word' id='word_1_915' title='bbox 2410 4720 2527 4778; x_wconf 89' lang='lat' dir='ltr'><strong>est,</strong></span> <span class='ocrx_word' id='word_1_916' title='bbox 2559 4709 2718 4783; x_wconf 84' lang='lat' dir='ltr'><strong>hujus</strong></span> <span class='ocrx_word' id='word_1_917' title='bbox 2735 4712 3048 4784; x_wconf 68' lang='lat' dir='ltr'><strong>quaestionis</strong></span> <span class='ocrx_word' id='word_1_918' title='bbox 3068 4715 3435 4771; x_wconf 84' lang='lat' dir='ltr'><strong>controversia</strong></span> <span class='ocrx_word' id='word_1_919' title='bbox 3456 4715 3720 4773; x_wconf 88' lang='lat' dir='ltr'><strong>dissoluta</strong></span> 
     </span>
    </p>
   </div>
   <div class='ocr_carea' id='block_1_111' title="bbox 2130 4809 2233 4856">
    <p class='ocr_par' dir='ltr' id='par_1_111' title="bbox 2130 4809 2233 4856">
     <span class='ocr_line' id='line_1_111' title="bbox 2130 4809 2233 4856; baseline -0.01 0"><span class='ocrx_word' id='word_1_920' title='bbox 2130 4809 2233 4856; x_wconf 66' lang='grc'><strong>881..</strong></span> 
     </span>
    </p>
   </div>
   <div class='ocr_carea' id='block_1_112' title="bbox 2201 4891 3721 4969">
    <p class='ocr_par' dir='ltr' id='par_1_112' title="bbox 2201 4891 3721 4969">
     <span class='ocr_line' id='line_1_112' title="bbox 2201 4891 3721 4969; baseline 0.005 -22"><span class='ocrx_word' id='word_1_921' title='bbox 2201 4891 2427 4949; x_wconf 79' lang='lat' dir='ltr'><strong>CAPUT</strong></span> <span class='ocrx_word' id='word_1_922' title='bbox 2464 4892 2597 4950; x_wconf 82' lang='lat' dir='ltr'><strong>LI&quot;.</strong></span> <span class='ocrx_word' id='word_1_923' title='bbox 2623 4923 2694 4941; x_wconf 73' lang='lat'><strong>—.—-</strong></span> <span class='ocrx_word' id='word_1_924' title='bbox 2720 4893 2811 4951; x_wconf 80' lang='lat'><strong>6!.</strong></span> <span class='ocrx_word' id='word_1_925' title='bbox 2853 4893 2931 4949; x_wconf 78' lang='lat' dir='ltr'><strong>De</strong></span> <span class='ocrx_word' id='word_1_926' title='bbox 2965 4912 3067 4968; x_wconf 84' lang='lat' dir='ltr'><strong>qua</strong></span> <span class='ocrx_word' id='word_1_927' title='bbox 3103 4895 3186 4951; x_wconf 79' lang='lat' dir='ltr'><strong>hic</strong></span> <span class='ocrx_word' id='word_1_928' title='bbox 3221 4897 3392 4969; x_wconf 77' lang='lat' dir='ltr'><strong>gratia</strong></span> <span class='ocrx_word' id='word_1_929' title='bbox 3430 4896 3525 4953; x_wconf 85' lang='lat' dir='ltr'><strong>Dei</strong></span> <span class='ocrx_word' id='word_1_930' title='bbox 3561 4898 3721 4955; x_wconf 74' lang='lat' dir='ltr'><strong>disse-</strong></span> 
     </span>
    </p>
   </div>
   <div class='ocr_carea' id='block_1_113' title="bbox 2130 4983 3716 5057">
    <p class='ocr_par' dir='ltr' id='par_1_113' title="bbox 2130 4983 3716 5057">
     <span class='ocr_line' id='line_1_113' title="bbox 2130 4983 3716 5057; baseline 0.006 -21"><span class='ocrx_word' id='word_1_931' title='bbox 2130 4992 2292 5037; x_wconf 89' lang='lat' dir='ltr'><strong>ratur.</strong></span> <span class='ocrx_word' id='word_1_932' title='bbox 2334 4983 2561 5040; x_wconf 59' lang='grc' dir='ltr'><strong>Ποῖ-ἔειπε</strong></span> <span class='ocrx_word' id='word_1_933' title='bbox 2594 4986 2785 5056; x_wconf 78' lang='lat' dir='ltr'><strong>impius</strong></span> <span class='ocrx_word' id='word_1_934' title='bbox 2810 5000 2844 5039; x_wconf 75' lang='grc' dir='ltr'><em>α</em></span> <span class='ocrx_word' id='word_1_935' title='bbox 2870 4986 3279 5057; x_wconf 83' lang='lat' dir='ltr'><strong>concupiscentia</strong></span> <span class='ocrx_word' id='word_1_936' title='bbox 3312 5004 3415 5043; x_wconf 88' lang='lat' dir='ltr'><strong>non</strong></span> <span class='ocrx_word' id='word_1_937' title='bbox 3452 4990 3716 5045; x_wconf 76' lang='lat' dir='ltr'><strong>liberatur.</strong></span> 
     </span>
    </p>
   </div>
   <div class='ocr_carea' id='block_1_114' title="bbox 2130 5073 3722 5152">
    <p class='ocr_par' dir='ltr' id='par_1_114' title="bbox 2130 5073 3722 5152">
     <span class='ocr_line' id='line_1_114' title="bbox 2130 5073 3722 5152; baseline 0.007 -24"><span class='ocrx_word' id='word_1_938' title='bbox 2130 5073 2281 5129; x_wconf 81' lang='lat' dir='ltr'><strong>Nunc</strong></span> <span class='ocrx_word' id='word_1_939' title='bbox 2295 5075 2406 5145; x_wconf 87' lang='lat' dir='ltr'><strong>jam</strong></span> <span class='ocrx_word' id='word_1_940' title='bbox 2424 5075 2723 5143; x_wconf 83' lang='lat' dir='ltr'><strong>videamus,</strong></span> <span class='ocrx_word' id='word_1_941' title='bbox 2746 5086 2923 5131; x_wconf 90' lang='lat' dir='ltr'><strong>utrum</strong></span> <span class='ocrx_word' id='word_1_942' title='bbox 2961 5088 3018 5133; x_wconf 86' lang='lat' dir='ltr'><strong>et</strong></span> <span class='ocrx_word' id='word_1_943' title='bbox 3051 5078 3336 5148; x_wconf 82' lang='lat' dir='ltr'><strong>baptizatis</strong></span> <span class='ocrx_word' id='word_1_944' title='bbox 3360 5082 3572 5152; x_wconf 75' lang='lat' dir='ltr'><strong>legatur</strong></span> <span class='ocrx_word' id='word_1_945' title='bbox 3592 5097 3722 5140; x_wconf 84' lang='lat' dir='ltr'><strong>caro</strong></span> 
     </span>
    </p>
   </div>
   <div class='ocr_carea' id='block_1_115' title="bbox 2131 5168 3718 5242">
    <p class='ocr_par' dir='ltr' id='par_1_115' title="bbox 2131 5168 3718 5242">
     <span class='ocr_line' id='line_1_115' title="bbox 2131 5168 3718 5242; baseline 0.006 -21"><span class='ocrx_word' id='word_1_946' title='bbox 2131 5181 2250 5222; x_wconf 83' lang='lat' dir='ltr'><strong>esse</strong></span> <span class='ocrx_word' id='word_1_947' title='bbox 2273 5168 2560 5223; x_wconf 86' lang='lat' dir='ltr'><strong>contraria.</strong></span> <span class='ocrx_word' id='word_1_948' title='bbox 2592 5168 2692 5225; x_wconf 90' lang='lat' dir='ltr'><strong>Ubi</strong></span> <span class='ocrx_word' id='word_1_949' title='bbox 2722 5183 2925 5239; x_wconf 69' lang='lat' dir='ltr'><strong>qurere,</strong></span> <span class='ocrx_word' id='word_1_950' title='bbox 2954 5171 3152 5241; x_wconf 87' lang='lat' dir='ltr'><strong>quibus</strong></span> <span class='ocrx_word' id='word_1_951' title='bbox 3177 5170 3387 5228; x_wconf 88' lang='lat' dir='ltr'><strong>dicebat</strong></span> <span class='ocrx_word' id='word_1_952' title='bbox 3405 5176 3718 5242; x_wconf 80' lang='lat' dir='ltr'><strong>Apostolus,</strong></span> 
     </span>
    </p>
   </div>
   <div class='ocr_carea' id='block_1_116' title="bbox 2139 5257 3722 5334">
    <p class='ocr_par' dir='ltr' id='par_1_116' title="bbox 2139 5257 3722 5334">
     <span class='ocr_line' id='line_1_116' title="bbox 2139 5257 3722 5334; baseline 0.006 -24"><span class='ocrx_word' id='word_1_953' title='bbox 2139 5276 2157 5310; x_wconf 76' lang='grc' dir='ltr'>ι</span> <span class='ocrx_word' id='word_1_954' title='bbox 2190 5257 2320 5313; x_wconf 84' lang='lat' dir='ltr'><strong>Caro</strong></span> <span class='ocrx_word' id='word_1_955' title='bbox 2343 5260 2654 5330; x_wconf 85' lang='lat' dir='ltr'><strong>concupiscit</strong></span> <span class='ocrx_word' id='word_1_956' title='bbox 2676 5261 2925 5316; x_wconf 84' lang='lat' dir='ltr'><strong>adversus</strong></span> <span class='ocrx_word' id='word_1_957' title='bbox 2952 5262 3220 5332; x_wconf 87' lang='lat' dir='ltr'><strong>spiritum,</strong></span> <span class='ocrx_word' id='word_1_958' title='bbox 3250 5273 3297 5317; x_wconf 86' lang='lat' dir='ltr'><strong>et</strong></span> <span class='ocrx_word' id='word_1_959' title='bbox 3316 5266 3527 5334; x_wconf 86' lang='lat' dir='ltr'><strong>spiritus</strong></span> <span class='ocrx_word' id='word_1_960' title='bbox 3541 5266 3722 5320; x_wconf 79' lang='lat' dir='ltr'><strong>aduer-</strong></span> 
     </span>
    </p>
   </div>
   <div class='ocr_carea' id='block_1_117' title="bbox 2129 5350 3724 5423">
    <p class='ocr_par' dir='ltr' id='par_1_117' title="bbox 2129 5350 3724 5423">
     <span class='ocr_line' id='line_1_117' title="bbox 2129 5350 3724 5423; baseline 0.005 -20"><span class='ocrx_word' id='word_1_961' title='bbox 2129 5365 2216 5403; x_wconf 86' lang='lat' dir='ltr'><strong>sus</strong></span> <span class='ocrx_word' id='word_1_962' title='bbox 2233 5365 2473 5412; x_wconf 86' lang='lat' dir='ltr'><strong>carnem;</strong></span> <span class='ocrx_word' id='word_1_963' title='bbox 2504 5350 2612 5405; x_wconf 74' lang='lat' dir='ltr'><strong>hac</strong></span> <span class='ocrx_word' id='word_1_964' title='bbox 2634 5351 2786 5423; x_wconf 71' lang='lat' dir='ltr'><strong>enim</strong></span> <span class='ocrx_word' id='word_1_965' title='bbox 2823 5352 3036 5407; x_wconf 75' lang='lat' dir='ltr'><strong>inuicem</strong></span> <span class='ocrx_word' id='word_1_966' title='bbox 3064 5353 3434 5423; x_wconf 71' lang='lat' dir='ltr'><strong>adversantur;</strong></span> <span class='ocrx_word' id='word_1_967' title='bbox 3457 5365 3508 5408; x_wconf 89' lang='lat' dir='ltr'><strong>ut</strong></span> <span class='ocrx_word' id='word_1_968' title='bbox 3534 5372 3635 5411; x_wconf 88' lang='lat' dir='ltr'><strong>non</strong></span> <span class='ocrx_word' id='word_1_969' title='bbox 3661 5373 3724 5411; x_wconf 76' lang='lat' dir='ltr'><strong>ea</strong></span> 
     </span>
    </p>
   </div>
   <div class='ocr_carea' id='block_1_118' title="bbox 2131 5441 3723 5518">
    <p class='ocr_par' dir='ltr' id='par_1_118' title="bbox 2131 5441 3723 5518">
     <span class='ocr_line' id='line_1_118' title="bbox 2131 5441 3723 5518; baseline 0.007 -25"><span class='ocrx_word' id='word_1_970' title='bbox 2131 5456 2245 5509; x_wconf 73' lang='lat' dir='ltr'><strong>qua:</strong></span> <span class='ocrx_word' id='word_1_971' title='bbox 2268 5441 2418 5496; x_wconf 78' lang='lat' dir='ltr'><strong>vultis</strong></span> <span class='ocrx_word' id='word_1_972' title='bbox 2442 5443 2644 5514; x_wconf 77' lang='lat' dir='ltr'><strong>faciatis</strong></span> <span class='ocrx_word' id='word_1_973' title='bbox 2668 5442 2869 5515; x_wconf 81' lang='lat' dir='ltr'><strong>(Galat.</strong></span> <span class='ocrx_word' id='word_1_974' title='bbox 2898 5460 2956 5512; x_wconf 86' lang='lat' dir='ltr'><strong>v,</strong></span> <span class='ocrx_word' id='word_1_975' title='bbox 2987 5445 3118 5516; x_wconf 67' lang='lat'><strong>17)?</strong></span> <span class='ocrx_word' id='word_1_976' title='bbox 3143 5446 3225 5502; x_wconf 80' lang='lat' dir='ltr'><strong>Ad</strong></span> <span class='ocrx_word' id='word_1_977' title='bbox 3254 5445 3490 5512; x_wconf 84' lang='lat' dir='ltr'><strong>Galatas,</strong></span> <span class='ocrx_word' id='word_1_978' title='bbox 3517 5457 3576 5502; x_wconf 91' lang='lat' dir='ltr'><strong>ut</strong></span> <span class='ocrx_word' id='word_1_979' title='bbox 3598 5450 3723 5518; x_wconf 83' lang='lat' dir='ltr'><strong>opi-</strong></span> 
     </span>
    </p>
   </div>
   <div class='ocr_carea' id='block_1_119' title="bbox 2155 5596 3721 5708">
    <p class='ocr_par' dir='ltr' id='par_1_119' title="bbox 2155 5596 3721 5708">
     <span class='ocr_line' id='line_1_119' title="bbox 2155 5596 3721 5708; baseline 0.006 -62"><span class='ocrx_word' id='word_1_980' title='bbox 2155 5596 2367 5708; x_wconf 53' lang='grc' dir='ltr'><strong>01³ωωὶιὶ</strong></span> <span class='ocrx_word' id='word_1_981' title='bbox 2412 5605 2466 5648; x_wconf 82' lang='grc' dir='ltr'>ει</span> <span class='ocrx_word' id='word_1_982' title='bbox 2503 5600 2760 5662; x_wconf 66' lang='lat' dir='ltr'><strong>manuscrij</strong></span> <span class='ocrx_word' id='word_1_983' title='bbox 2779 5600 2831 5662; x_wconf 90' lang='lat' dir='ltr'><strong>ti,</strong></span> <span class='ocrx_word' id='word_1_984' title='bbox 2873 5612 2972 5650; x_wconf 86' lang='lat' dir='ltr'><strong>uno</strong></span> <span class='ocrx_word' id='word_1_985' title='bbox 3002 5610 3213 5665; x_wconf 78' lang='lat' dir='ltr'><strong>excepto</strong></span> <span class='ocrx_word' id='word_1_986' title='bbox 3250 5601 3489 5654; x_wconf 80' lang='lat' dir='ltr'><strong>Gallicam</strong></span> <span class='ocrx_word' id='word_1_987' title='bbox 3523 5603 3721 5666; x_wconf 84' lang='lat' dir='ltr'><strong>codice,</strong></span> 
     </span>
    </p>
   </div>
   <div class='ocr_carea' id='block_1_120' title="bbox 2132 5672 3215 5787">
    <p class='ocr_par' dir='ltr' id='par_1_120' title="bbox 2132 5672 3215 5787">
     <span class='ocr_line' id='line_1_120' title="bbox 2132 5672 3215 5787; baseline 0.003 -18"><span class='ocrx_word' id='word_1_988' title='bbox 2132 5672 2298 5787; x_wconf 48' lang='lat' dir='ltr'><strong>8013mm</strong></span> <span class='ocrx_word' id='word_1_989' title='bbox 2324 5718 2539 5787; x_wconf 82' lang='lat' dir='ltr'><strong>editione</strong></span> <span class='ocrx_word' id='word_1_990' title='bbox 2561 5727 2669 5787; x_wconf 81' lang='lat' dir='ltr'><strong>Iov.</strong></span> <span class='ocrx_word' id='word_1_991' title='bbox 2695 5723 2773 5774; x_wconf 88' lang='lat' dir='ltr'><strong>hic</strong></span> <span class='ocrx_word' id='word_1_992' title='bbox 2793 5722 3024 5785; x_wconf 88' lang='lat' dir='ltr'><strong>additum,</strong></span> <span class='ocrx_word' id='word_1_993' title='bbox 3048 5731 3215 5787; x_wconf 72' lang='grc' dir='ltr'>ροιεεη.</span> 
     </span>
    </p>
   </div>
   <div class='ocr_carea' id='block_1_121' title="bbox 2200 5782 2655 5845">
    <p class='ocr_par' dir='ltr' id='par_1_121' title="bbox 2200 5782 2655 5845">
     <span class='ocr_line' id='line_1_121' title="bbox 2200 5782 2655 5845; baseline 0 -15"><span class='ocrx_word' id='word_1_994' title='bbox 2200 5782 2219 5813; x_wconf 90' lang='grc'><strong><em>³</em></strong></span> <span class='ocrx_word' id='word_1_995' title='bbox 2253 5782 2384 5845; x_wconf 78' lang='lat' dir='ltr'><strong>Apud</strong></span> <span class='ocrx_word' id='word_1_996' title='bbox 2406 5789 2495 5831; x_wconf 84' lang='lat' dir='ltr'><strong>Lov</strong></span> <span class='ocrx_word' id='word_1_997' title='bbox 2520 5818 2534 5840; x_wconf 93' lang='lat'><strong>,</strong></span> <span class='ocrx_word' id='word_1_998' title='bbox 2558 5782 2655 5843; x_wconf 79' lang='lat' dir='ltr'><strong>qui.</strong></span> 
     </span>
    </p>
   </div>
   <div class='ocr_carea' id='block_1_122' title="bbox 2200 5842 3128 5911">
    <p class='ocr_par' dir='ltr' id='par_1_122' title="bbox 2200 5842 3128 5911">
     <span class='ocr_line' id='line_1_122' title="bbox 2200 5842 3128 5911; baseline 0.003 -20"><span class='ocrx_word' id='word_1_999' title='bbox 2200 5847 2217 5875; x_wconf 75' lang='grc'><strong>⁸</strong></span> <span class='ocrx_word' id='word_1_1000' title='bbox 2252 5842 2321 5894; x_wconf 64' lang='lat' dir='ltr'><strong>sic</strong></span> <span class='ocrx_word' id='word_1_1001' title='bbox 2346 5842 2520 5911; x_wconf 74' lang='lat' dir='ltr'><strong>aliquot</strong></span> <span class='ocrx_word' id='word_1_1002' title='bbox 2549 5852 2650 5895; x_wconf 61' lang='lat' dir='ltr'><strong>.Vtss.</strong></span> <span class='ocrx_word' id='word_1_1003' title='bbox 2680 5852 2733 5896; x_wconf 74' lang='lat' dir='ltr'><strong>At</strong></span> <span class='ocrx_word' id='word_1_1004' title='bbox 2758 5847 2887 5907; x_wconf 81' lang='lat' dir='ltr'><strong>editi,</strong></span> <span class='ocrx_word' id='word_1_1005' title='bbox 2917 5845 3128 5911; x_wconf 62' lang='grc' dir='ltr'><strong>νὶςῐιανε.</strong></span> 
     </span>
    </p>
   </div>
  </div>
