4202 6592
477 499 579 557 977

478 628 596 678 nor,
625 609 681 667 id
722 611 969 682 scripsit:
996 610 1188 681 quibus
1233 608 1382 672 dicit,
1430 612 1529 679 Qui
1555 627 1673 682 ergo
1721 610 1893 665 tribuit
1921 611 2057 666 vobis

477 701 747 774 Spiritum,
777 711 824 757 et
848 702 1054 757 virtutes
1088 710 1334 771 aperatur
1355 706 1405 756 iu
1436 703 1574 757 vobis
1597 717 1617 767 ;
1642 719 1704 757 ex
1731 702 1967 774 operibus
1996 703 2062 756 le-

474 795 581 867 gis,
612 811 678 849 an
705 809 770 850 ea:
796 792 976 849 auditu
1015 792 1133 861 ﬁdei
1183 790 1398 868 (Gatat.
1428 809 1504 859 ut,
1534 791 1633 866 5)?
1661 791 1813 850 Unde
1839 801 2062 863 apparet

474 905 597 946 cum
625 887 943 944 Christianis
971 885 1157 958 loqui,
1198 898 1252 944 et
1281 886 1472 959 quibus
1495 888 1634 943 Deus
1656 886 1915 941 tribuerat
1936 883 2059 956 Spi-

476 980 633 1036 ritum
665 997 679 1034 :
705 993 835 1053 ergo
863 978 1026 1035 etiam
1055 979 1354 1050 haptizatis.
1385 978 1522 1033 Ecce
1551 986 1604 1034 et
1633 977 1912 1048 baptizatis
1935 991 2061 1031 οπο

479 1072 894 1130 invenituresse
934 1072 1239 1139 contraria,
1268 1080 1322 1126 et
1353 1084 1458 1131 non
1509 1068 1700 1129 adesse
1737 1067 2063 1140 possibilitas

476 1165 587 1232 illa,
621 1179 783 1234 quam
814 1163 1241 1237 inseparabiliter
1275 1162 1487 1218 insitam
1517 1160 1646 1219 dicit
1670 1175 1791 1217 esse
1836 1168 2059 1215 naturae.

477 1254 573 1313 Ubi
598 1265 683 1314 est
707 1256 847 1327 quod
875 1257 970 1321 ait,
1018 1274 1037 1309 ι
1056 1254 1154 1322 Qui
1187 1253 1301 1309 fleri
1331 1260 1508 1323 potest
1531 1260 1588 1307 ut
1613 1251 1934 1320 cuicumque
1963 1249 2059 1304 ba-

482 1367 501 1401 c
532 1348 728 1419 ptizato
757 1347 828 1402 sit
869 1360 999 1402 caro
1033 1343 1336 1400 contraria?
1368 1361 1387 1395 ι
1431 1340 1843 1411 Quomodolibet
1867 1338 2064 1394 intelli-

473 1448 563 1511 gat
588 1453 826 1506 carnem,
853 1437 978 1509 quia
1023 1450 1210 1492 revera
1242 1450 1348 1489 non
1375 1442 1564 1488 natura
1608 1432 1725 1504 ejus
1774 1447 1895 1502 qua:
1923 1430 2062 1486 bona

474 1537 580 1593 est,
605 1525 700 1583 sed
722 1526 846 1581 vitia
872 1524 1107 1582 carnalia
1136 1521 1437 1579 carnishoc
1462 1521 1581 1578 loco
1616 1519 1832 1576 nomine
1859 1535 2061 1575 nuncu-

473 1628 698 1689 pantur;
743 1632 871 1674 ecce
906 1624 1083 1675 tamen
1126 1615 1289 1671 etiam
1338 1612 1617 1683 baptizatis
1644 1627 1771 1669 caro
1796 1612 2062 1668 contraria

473 1718 595 1778 est:
627 1718 682 1764 et
715 1707 985 1781 quomodo
1013 1703 1325 1762 contraria?
1352 1702 1424 1760 Ut
1451 1718 1557 1759 non
1586 1702 1728 1775 quod
1752 1702 1939 1757 volunt
1975 1699 2058 1756 fa—

472 1801 637 1855 ciant.
667 1800 802 1856 Ecce
828 1798 985 1855 adest
1018 1798 1265 1853 voluntas
1291 1795 1344 1851 in
1375 1794 1629 1859 homine;
1663 1794 1751 1851 ubi
1780 1802 1865 1851 est
1888 1792 2062 1865 possi-

475 1891 654 1949 bilitas
690 1891 776 1945 illa
820 1870 1065 1946 naturae?
1096 1888 1382 1944 Fateamur
1407 1886 1630 1958 gratiam
1659 1884 2014 1942 necessariam
2040 1926 2058 1952 ,

472 1984 780 2047 clamemus,
809 1981 967 2049 Miser
994 1997 1083 2052 ego
1111 1980 1283 2047 homo,
1327 1978 1441 2049 quis
1476 1994 1556 2032 me
1594 1976 1825 2032 liberabit
1851 1977 1914 2032 de
1942 1992 2057 2031 cor-

477 2092 598 2148 pore
624 2077 797 2130 mortis
821 2074 1015 2148 hujus?
1040 2074 1105 2129 Et
1124 2072 1512 2145 respondeatur
1543 2072 1715 2137 nobis,
1741 2070 1922 2128 Gratia
1960 2070 2060 2126 Dei

474 2184 565 2237 per
586 2165 762 2235 desum
789 2164 1043 2235 Christum
1068 2164 1346 2233 Dominum
1364 2173 1596 2221 nostrum
1626 2161 1801 2235 (Rom.
1820 2178 1925 2230 vn,
1945 2159 2017 2217 ‘24
2037 2201 2063 2229 ,7

473 2257 587 2328 es).

545 2348 631 2418 (ξὲ.
668 2346 892 2417 Quando
933 2346 1077 2402 enim
1115 2346 1235 2402 istis
1285 2346 1586 2403 rectissime
1638 2345 1855 2415 dicitur,
1881 2345 2057 2415 Quare

471 2438 591 2494 sine
627 2438 889 2509 adjutorio
915 2437 1102 2509 gratim
1132 2437 1226 2494 Dei
1251 2435 1429 2497 dicitis
1459 2437 1729 2492 hominem
1753 2450 1910 2506 posse
1937 2451 2057 2492 esse

472 2533 588 2585 sine
612 2528 870 2600 peccato?
898 2543 1004 2583 non
1033 2537 1159 2586 tunc
1178 2527 1243 2582 de
1272 2527 1361 2583 illa
1389 2526 1560 2599 gratia
1583 2527 1806 2596 qumstio
1822 2533 1923 2593 est,
1952 2541 2054 2595 qua

471 2630 556 2677 est
593 2622 753 2689 homo
790 2606 1071 2686 conditus;
1101 2619 1198 2676 sed
1232 2618 1299 2675 de
1337 2619 1435 2674 ista
1458 2658 1472 2685 ,
1513 2632 1616 2689 qua
1660 2618 1717 2672 tit
1757 2617 1935 2687 salvus
1962 2632 2059 2687 per

471 2719 645 2768 Jesun.
697 2710 970 2769 Christum
1018 2709 1303 2766 Dominum
1350 2717 1613 2764 nostrum.
1663 2707 1871 2763 Fideles
1913 2706 2054 2762 enim

472 2812 692 2858 orantes
731 2800 949 2868 dicunt,
995 2798 1078 2854 Ne
1113 2815 1206 2855 nos
1243 2798 1435 2869 inferas
1472 2799 1525 2853 in
1567 2799 1925 2863 tentationem;
1968 2796 2058 2881 sed

472 2894 629 2948 libera
656 2909 747 2949 nas
774 2909 806 2946 a
827 2891 961 2946 malo
987 2890 1200 2964 (Matth.
1233 2904 1309 2957 vn,
1351 2889 1462 2962 i3).
1511 2888 1568 2946 Si
1614 2889 1767 2945 adest
1792 2890 2059 2960 possibili-

473 2990 575 3048 tas,
605 2984 789 3055 utquid
815 2992 971 3039 orant
993 2983 1017 3038 ?
1041 2984 1148 3040 Aut
1167 2998 1197 3037 a
1221 2997 1326 3054 quo
1353 2982 1494 3037 malo
1522 2997 1580 3037 se
1609 2981 1825 3037 liberari
1856 2990 2013 3035 orant
2033 3022 2050 3047 ,

478 3074 579 3145 nisi
620 3075 849 3141 maxime
880 3075 943 3128 de
970 3090 1181 3146 corpore
1200 3073 1377 3128 mortis
1396 3072 1589 3144 hujus?
1622 3071 1762 3128 unde
1791 3087 1898 3127 non
1927 3073 2058 3128 libe-

476 3175 556 3233 rat
594 3165 693 3231 nisi
719 3166 886 3239 gratia
905 3163 1002 3219 Dei
1022 3182 1113 3237 per
1137 3163 1317 3225 Iesum
1355 3161 1612 3221 Christum
1652 3162 1927 3219 Dominum
1966 3180 2057 3221 no-

476 3267 667 3321 urunt.
696 3258 810 3311 Non
855 3257 1037 3327 utique
1061 3257 1127 3315 de
1154 3257 1449 3315 substantia
1479 3257 1742 3329 corporis,
1769 3272 1889 3328 quae
1916 3256 2058 3313 bona

473 3357 556 3403 est
579 3347 704 3413 ;sed
728 3347 795 3403 de
822 3348 963 3403 vitiis
984 3349 1310 3414 carnalibus,
1332 3348 1474 3405 unde
1498 3365 1602 3405 non
1626 3348 1881 3406 liberatur
1898 3351 2057 3405 homo

474 3440 590 3494 sine
618 3443 784 3511 gratia
814 3439 1105 3495 Salv-alaris
1131 3480 1145 3505 ,
1193 3455 1293 3496 nec
1325 3438 1538 3511 quando
1566 3455 1661 3513 per
1688 3448 1913 3496 mortem
1940 3456 2059 3495 cor—

474 3533 617 3602 poris
644 3532 867 3589 discedit
889 3548 917 3587 a
937 3547 1183 3605 corpore.
1211 3532 1280 3587 Et
1307 3518 1410 3591 hoc
1440 3542 1496 3588 ut
1521 3532 1723 3589 diceret
1743 3534 2053 3604 Apostolus,

471 3622 598 3692 quid
622 3639 779 3691 supra
804 3622 1049 3679 dixerat?
1086 3641 1103 3675 ι
1143 3622 1308 3679 Video
1333 3623 1490 3678 aliam
1523 3623 1693 3693 legem
1723 3623 1775 3678 in
1802 3624 2059 3681 membris

478 3729 499 3764 ι
535 3713 667 3773 meis
694 3722 1079 3786 repugnantem
1129 3713 1232 3784 legi
1262 3713 1457 3769 mentis
1508 3729 1643 3768 mea:
1663 3754 1678 3781 ,
1711 3720 1766 3769 et
1790 3714 2057 3784 captivum

488 3822 508 3857 ι
546 3820 631 3860 me
659 3805 940 3861 ducentem
973 3806 1024 3879 in
1058 3806 1170 3876 lege
1200 3806 1425 3879 peccati,
1446 3821 1567 3876 qum
1597 3816 1684 3863 est
1722 3808 1776 3862 in
1805 3807 2060 3873 membris

479 3912 500 3947 ι
536 3897 668 3950 meis
698 3916 715 3949 ι
743 3896 920 3969 (Rom.
942 3912 1038 3960 vn,
1058 3896 1175 3967 25).
1200 3896 1339 3953 Ecce
1357 3896 1496 3967 quod
1522 3897 1704 3953 vitium
1729 3906 1932 3953 natura:
1963 3897 2063 3953 hu-

473 4002 644 4042 manu:
669 3988 1024 4044 inobedientia
1064 3988 1357 4044 voluntatis
1382 3987 1593 4044 inﬂixit.
1621 3990 1789 4047 Orare
1818 3991 2024 4047 sinatur
2043 4033 2058 4058 ,

478 4087 533 4132 ut
555 4088 790 4135 sanetur.
816 4078 954 4145 Quid
984 4088 1193 4135 tantum
1220 4077 1287 4134 de
1315 4087 1519 4149 natura:
1550 4080 1903 4150 possibilitate
1925 4096 2062 4152 prm-

473 4169 731 4223 sutnitur?
755 4167 1060 4236 Vulnerata,
1087 4169 1342 4236 sauciata,
1365 4178 1579 4238 vexata,
1601 4169 1802 4240 perdita
1833 4182 1944 4227 est:
1969 4189 2060 4229 ve-

474 4274 532 4315 ra
558 4258 914 4329 confessione,
942 4276 1048 4317 non
1072 4260 1205 4316 falsa
1230 4261 1541 4338 defensione
1565 4278 1699 4334 opus
1719 4263 1900 4320 habet.
1928 4260 2063 4322 Gra-

476 4351 544 4406 tia
576 4366 703 4421 ergo
734 4352 849 4420 Dei,
883 4367 990 4407 non
1019 4367 1121 4423 qua
1173 4352 1519 4434 instituatur,
1552 4354 1649 4410 sed
1678 4371 1779 4427 qua
1809 4358 2058 4412 restitua-

476 4451 578 4507 tur,
626 4454 927 4512 quaeratur;
957 4459 1077 4515 qum
1112 4444 1179 4501 ab
1208 4446 1310 4501 isto
1338 4446 1451 4519 sola
1498 4448 1761 4507 clamatur
1790 4464 1897 4505 non
1941 4466 2062 4509 esse

473 4536 796 4601 necessaria,
820 4552 941 4593 cum
966 4528 1190 4609 tacetur.
1223 4540 1322 4609 Qui
1361 4541 1408 4597 si
1438 4542 1660 4599 omnino
1689 4543 1821 4600 nihil
1846 4546 1912 4600 de
1935 4562 2059 4618 gra-

476 4628 547 4682 tia
576 4626 669 4683 Dei
696 4626 920 4694 diceret,
950 4644 1051 4721 nec
1081 4645 1198 4697 eam
1244 4633 1596 4706 quaestionem
1627 4635 1934 4692 subendam
1961 4639 2061 4694 sibi

481 4727 823 4787 proponeret,
853 4729 911 4776 ut
942 4733 972 4775 a
1016 4735 1075 4776 se
1105 4721 1172 4776 de
1194 4721 1294 4779 hac
1320 4739 1377 4777 re
1416 4722 1671 4787 invidiam
1716 4738 2017 4797 removeret
2044 4772 2060 4796 ,

473 4818 653 4879 posset
674 4810 843 4880 putari
871 4809 975 4871 hoc
993 4811 1207 4882 quidem
1235 4814 1453 4881 sentire,
1481 4816 1622 4886 quod
1643 4818 1837 4891 veritas
1862 4818 2060 4888 habet;

472 4900 567 4957 sed
589 4915 695 4955 non
717 4901 939 4970 dixisse,
953 4903 1076 4974 quia
1105 4919 1210 4960 non
1238 4907 1630 4979 ubiqueomnia
1649 4909 1875 4979 dicenda
1897 4923 2021 4968 sunt
2045 4932 2060 4969 :

471 4993 752 5064 proposuit
795 4994 862 5051 de
886 4983 1058 5067 gratia
1086 4999 1463 5069 qtuestionem,
1492 5000 1547 5057 id
1572 5004 1850 5073 respondit
1870 5006 1886 5039 ¹
1914 5007 2061 5077 quod

474 5085 706 5142 habebat
755 5087 808 5142 in
854 5088 1057 5155 corde;
1082 5089 1301 5157 deﬁnita
1349 5093 1575 5163 quatstio
1618 5104 1726 5163 est,
1765 5111 1874 5157 non
1900 5113 2061 5169 quam

472 5178 806 5245 volebamus,
826 5180 921 5235 sed
949 5181 1038 5236 ubi
1068 5183 1196 5253 quid
1226 5184 1472 5254 sentiret,
1497 5186 1893 5244 dubitabamus.

541 5272 768 5333 CAPUT
807 5275 941 5334 LIV.
980 5307 1053 5318 —
1087 5277 1180 5335 63.
1219 5276 1587 5352 Dialagismus.
1634 5281 1837 5347 Deinde
1873 5284 2061 5347 multis

474 5367 655 5425 verbis
703 5369 945 5439 Apostoh
999 5378 1225 5425 conatur
1279 5372 1565 5433 ostendere
1593 5413 1610 5439 ,
1650 5372 1794 5436 unde
1831 5390 1937 5439 non
1976 5385 2060 5441 est

474 5463 878 5533 controversia,
915 5464 1115 5535 «,quod
1152 5479 1279 5521 caro
1306 5466 1375 5523 ab
1413 5466 1505 5523 illo
1544 5468 1615 5523 ita
1654 5483 1798 5538 saepe
1833 5486 1853 5520 ι
1883 5470 2061 5525 nomi-

476 5565 653 5621 netur,
726 5564 786 5614 ut
841 5557 970 5614 velit
1018 5557 1288 5629 intelligi,
1352 5574 1459 5614 non
1519 5559 1908 5625 substantiam,
1964 5560 2059 5615 sed

483 5664 505 5699 ι
531 5661 696 5719 opera
723 5648 924 5704 carnis.
953 5667 972 5702 ι
1003 5648 1142 5718 Quid
1166 5649 1268 5704 hoc
1287 5649 1355 5705 ad
1380 5650 1532 5706 rem?
1563 5650 1696 5706 Vitia
1722 5651 1899 5708 carnis
1927 5665 2061 5706 con-

484 5740 644 5795 traria
677 5747 805 5796 sunt
829 5739 1084 5796 voluntati
1102 5740 1334 5796 hominis
1363 5758 1378 5796 :
1409 5755 1515 5797 non
1541 5751 1726 5797 natura
1745 5753 2058 5808 accusatur;

539 5896 556 5927 ⁸
591 5898 727 5958 t‘diti,
752 5898 1020 5963 respondet.
1049 5898 1214 5951 Melius
1233 5906 1365 5962 itm,
1388 5899 1650 5968 respondit.

1893 493 2095 549 LIBER
2137 493 2332 551 L'NL‘S.

2173 606 2268 663 sed
2294 607 2433 663 vitiis
2449 609 2685 665 medicus
2705 612 2978 681 quaeritur.
3001 613 3140 682 Quid
3162 621 3246 671 est
3263 616 3406 688 quod
3425 617 3748 695 interrogat,

2178 718 2195 750 ι
2226 696 2354 764 Quis
2393 698 2518 753 fecit
2563 699 2765 755 homini
2806 702 3087 771 spiritum?
3129 723 3149 758 ι
3185 714 3243 761 et
3286 708 3576 778 respondet
3604 709 3747 782 sibi,

2175 807 2195 840 ‹
2229 788 2358 846 Sine
2384 789 2544 846 dubio
2570 791 2734 847 Deus.
2776 810 2796 846 ι
2825 792 2893 849 Ει
2937 795 3064 851 item
3119 796 3432 870 interrogat,
3468 818 3491 854 ι
3525 800 3755 859 Carnem

2173 896 2195 930 ε
2228 880 2350 950 quis
2380 881 2622 937 creavit?
2658 900 2679 936 ι
2712 883 2946 954 itemque
2971 886 3283 956 respondet,
3321 906 3340 940 ι
3378 888 3547 959 Idem,
3568 892 3752 959 credo,

2168 962 2330 1026 Deus.
2368 990 2387 1025 ι
2424 970 2718 1046 lnterrogat
2745 975 2937 1044 tertio,
2976 993 2995 1029 ι
3025 975 3206 1034 Bonus
3228 989 3312 1035 est
3338 981 3429 1052 qui
3462 992 3751 1054 utrumque

2167 1065 2368 1120 creavit
2391 1065 2566 1121 Deus?
2596 1085 2617 1120 ι
2639 1067 2950 1138 respondet,
2988 1087 3008 1122 ‹
3040 1068 3181 1126 Nulli
3201 1070 3423 1127 dubium
3450 1083 3552 1130 est.
3594 1093 3614 1128 ι
3649 1076 3752 1131 Ad.

2168 1155 2272 1212 huc
2301 1156 2632 1230 interrogat,
2660 1177 2681 1211 ί
2734 1159 2804 1215 Et
2843 1168 3127 1233 utrumque
3155 1162 3298 1234 quod
3346 1163 3520 1221 bonus
3564 1176 3759 1223 auctor

2172 1264 2193 1300 α
2215 1249 2439 1317 creavit,
2464 1248 2664 1306 bonum
2691 1250 2818 1307 est?
2844 1270 2864 1304 ο
2892 1259 2948 1307 et
2972 1251 3039 1308 ad
3060 1251 3164 1311 hoc
3190 1255 3499 1327 respondet,
3534 1276 3554 1310 ι
3578 1258 3755 1316 Conli—

2172 1356 2201 1424 ι¹
2222 1339 2438 1395 tendum
2466 1349 2569 1398 est.
2598 1359 2618 1395 ι
2648 1342 2852 1398 Deinde
2878 1344 3170 1412 concludit,
3205 1365 3225 1399 ι
3261 1347 3319 1404 Si
3358 1348 3521 1420 igitur
3547 1358 3601 1407 et
3637 1350 3749 1424 spi-

2171 1420 2201 1481 ι’
2216 1431 2348 1486 ritus
2382 1431 2557 1488 bonus
2600 1441 2681 1489 est
2703 1475 2721 1503 ,
2751 1441 2806 1490 et
2834 1450 2962 1490 caro
3012 1437 3174 1506 bona,
3216 1447 3273 1494 ut
3310 1455 3340 1494 a
3367 1439 3508 1496 bono
3534 1452 3752 1499 auctore

2170 1537 2193 1573 ι
2218 1520 2465 1590 condita;
2496 1523 2588 1594 qui
2640 1522 2753 1579 ﬁeri
2785 1532 2961 1595 potest
2986 1533 3043 1580 ut
3087 1526 3193 1582 duo
3220 1528 3359 1584 bona
3390 1532 3597 1602 possint
3646 1528 3748 1590 sibi

2171 1628 2191 1663 ‹
2219 1626 2339 1667 esse
2367 1615 2673 1670 contraria?
2693 1633 2713 1668 ι
2743 1613 2942 1674 Omitto
2970 1617 3149 1676 dicere
3180 1620 3302 1692 quia
3328 1630 3436 1678 tota
3469 1622 3629 1696 hujus
3663 1641 3752 1681 ra-

2165 1703 2437 1767 tiocinatio
2468 1707 2808 1777 turbaretur,
2841 1710 2886 1764 si
2906 1710 3026 1782 quis
3044 1710 3112 1765 ab
3140 1726 3209 1779 eo
3229 1723 3511 1785 quareret,
3536 1714 3750 1773 Estum

2164 1802 2218 1849 et
2248 1793 2414 1867 frigus
2440 1796 2561 1867 quis
2616 1796 2777 1854 fecit?
2819 1800 3171 1871 responderet
3211 1803 3353 1859 enim
3378 1845 3394 1869 ,
3423 1804 3551 1861 Sine
3586 1806 3750 1864 dubio

2168 1882 2330 1940 Deus.
2378 1885 2494 1943 Non
2547 1903 2649 1959 ego
2699 1889 2863 1944 multa
2918 1891 3190 1961 interrogo
3221 1911 3234 1949 :
3265 1894 3378 1965 ipse
3422 1898 3744 1969 concludat,

2163 1983 2340 2031 utrum
2377 1986 2470 2033 aut
2509 1978 2607 2033 ista
2643 1980 2848 2053 possint
2876 1982 2981 2037 dici
3004 1998 3108 2038 non
3142 1983 3310 2052 bona,
3339 1995 3431 2042 aut
3449 2003 3551 2042 non
3579 2003 3745 2060 appa-

2162 2074 2316 2122 reant
2340 2066 2480 2124 inter
2515 2083 2575 2125 se
2618 2085 2738 2127 esse
2768 2073 3055 2128 contraria.
3086 2073 3184 2130 llic
3211 2074 3349 2134 forte
3385 2078 3534 2143 dicit.
3560 2098 3578 2131 ι
3607 2079 3748 2153 Qua-

2169 2174 2189 2209 σ
2225 2157 2401 2215 litates
2430 2169 2556 2215 sunt
2581 2161 2698 2216 istae
2722 2163 3137 2219 substantiarum
3158 2207 3172 2232 ,
3204 2182 3309 2221 non
3351 2168 3681 2226 substantiae.
3720 2190 3765 2225 ιε

2162 2247 2237 2303 ita
2253 2259 2357 2316 est,
2380 2266 2566 2306 verum
2591 2260 2707 2319 est;
2739 2255 2830 2309 sed
2853 2256 3137 2326 qualitates
3164 2259 3455 2325 naturales,
3480 2272 3534 2318 et
3554 2264 3619 2318 ad
3648 2263 3744 2320 Dei

2161 2350 2460 2397 creaturam
2488 2343 2606 2397 sine
2630 2343 2792 2399 dubio
2821 2345 3151 2415 pertinentes
3180 2365 3192 2401 :
3223 2349 3533 2408 substantiae
3549 2353 3746 2428 quippe

2162 2447 2269 2486 non
2299 2448 2393 2502 per
2412 2448 2471 2488 se
2494 2433 2658 2502 ipsas,
2687 2433 2781 2490 sed
2811 2450 2909 2509 per
2944 2450 3071 2491 suas
3093 2438 3372 2507 qualitates
3392 2484 3407 2509 ,
3437 2442 3576 2498 sicut
3603 2460 3739 2515 aqua

2165 2532 2221 2579 et
2251 2524 2386 2596 ignis
2411 2566 2425 2591 ,
2481 2524 2733 2580 dicuntur
2771 2526 2875 2581 sibi
2902 2542 3023 2583 esse
3051 2530 3355 2585 contrariae.
3396 2531 3554 2601 Quid,
3599 2534 3644 2590 si
3673 2536 3743 2592 ita

2160 2621 2287 2668 sunt
2309 2629 2435 2670 caro
2459 2624 2514 2670 et
2540 2615 2800 2687 spiritus?
2828 2617 2970 2689 quod
2998 2618 3212 2692 quidem
3244 2636 3351 2677 non
3377 2623 3740 2693 aflirmamus;

2160 2705 2255 2762 sed
2293 2714 2351 2762 ut
2378 2706 2844 2764 ratiocinationem
2875 2710 2992 2780 ejus
3038 2727 3145 2766 non
3177 2714 3476 2769 necessaria
3513 2716 3748 2773 illatione

2160 2799 2470 2854 conclusam
2501 2800 2928 2868 ostenderemus,
2953 2801 3058 2859 hoc
3081 2803 3331 2861 diximus.
3350 2806 3582 2863 Possunt
3603 2809 3745 2865 enim

2160 2897 2215 2944 et
2235 2890 2501 2947 contraria
2528 2907 2639 2947 non
2659 2891 2888 2948 invicem
2915 2892 3189 2951 adversari
3216 2937 3232 2964 ,
3274 2896 3371 2953 sed
3399 2913 3465 2954 ex
3491 2900 3764 2958 alterutro~

2162 2981 2449 3050 temperari
2499 2989 2554 3037 et
2581 2981 2778 3039 bonam
2824 2983 3183 3041 valetudinem
3214 2985 3441 3046 reddere
3472 3007 3486 3044 :
3519 2991 3656 3048 sicut
3694 2993 3750 3049 in

2160 3083 2385 3140 corpore
2410 3071 2627 3127 siccitas
2658 3081 2715 3129 et
2735 3072 3043 3142 humiditas,
3068 3073 3235 3148 frigus
3256 3085 3310 3134 et
3328 3079 3492 3147 calor,
3521 3096 3746 3153 quorum

2162 3161 2403 3216 omnium
2432 3164 2819 3234 temperatione
2862 3165 3003 3220 bona
3026 3167 3325 3237 corporalis
3349 3169 3597 3227 valetudo
3620 3187 3749 3229 con-

2162 3251 2325 3309 sistit.
2354 3251 2461 3308 Sed
2498 3253 2642 3324 quod
2667 3254 2935 3311 contraria
2956 3264 3038 3311 est
3061 3271 3189 3312 caro
3208 3258 3439 3329 spiritui,
3472 3270 3527 3316 ut
3554 3277 3661 3318 non
3685 3280 3749 3320 ea

2161 3355 2282 3411 qua:
2330 3342 2578 3399 volumus
2630 3342 2926 3413 faciamus;
2979 3344 3166 3401 vitium
3218 3356 3337 3417 est,
3382 3364 3489 3404 non
3519 3359 3746 3408 natura:

2161 3430 2331 3500 gratia
2364 3432 2700 3489 medicinalis
2726 3443 3017 3506 qumratur,
3046 3444 3101 3492 et
3132 3439 3494 3495 controversia
3516 3440 3746 3498 finiatur.

2233 3522 2322 3576 64.
2356 3523 2470 3578 Duo
2502 3523 2704 3596 quippe
2750 3527 2849 3580 ista
2889 3526 3048 3593 bona,
3104 3542 3135 3582 a
3178 3528 3322 3585 bono
3363 3531 3472 3587 Deo
3499 3532 3747 3600 condita,

2166 3615 2436 3685 quomodo
2475 3626 2662 3673 contra
2693 3617 2851 3688 hujus
2902 3620 3363 3678 ratiocinationem
3415 3624 3471 3678 in
3518 3641 3628 3681 non
3660 3626 3752 3682 ba-

2164 3706 2376 3776 ptizatis
2402 3706 2707 3764 hominibus
2736 3719 2958 3779 possunt
2978 3711 3078 3765 sibi
3097 3726 3217 3767 esse
3241 3714 3551 3770 contraria?
3582 3715 3750 3773 Anret

2164 3795 2268 3852 hoc
2290 3799 2641 3856 eum“dixisse
2668 3802 2984 3873 paenitebit,
3017 3804 3158 3874 quod
3187 3804 3378 3861 aifectu
3407 3808 3586 3879 aliquo
3628 3809 3752 3867 fidei

2164 3887 2473 3946 christianm
2503 3891 2713 3950 locutos
2752 3893 2880 3949 est?
2916 3893 3050 3950 Cum
3077 3896 3220 3969 enim
3251 3896 3428 3964 dixit,
3466 3918 3484 3951 ι
3515 3898 3617 3967 Qui
3639 3901 3751 3956 fieri

2170 3997 2191 4032 ‹
2225 3990 2400 4051 potest
2421 3990 2478 4037 ut
2504 3983 2822 4055 cuicumque
2843 3984 2954 4056 jam
2987 3986 3255 4057 baptizato
3282 3989 3354 4046 sit
3381 4005 3509 4046 caro
3537 4001 3753 4048 contra-

2128 4071 2271 4137 »ria;
2306 4089 2326 4124 ι
2365 4072 2683 4144 signiﬁcavit
2722 4089 2829 4130 non
2873 4075 3153 4146 baptizatis
3184 4093 3401 4135 carnem
3441 4096 3599 4153 posse
3632 4099 3752 4139 esse

2165 4163 2510 4218 contrariam.
2538 4164 2674 4221 Nam
2702 4181 2802 4220 cur
2821 4166 3046 4235 addidit,
3072 4186 3090 4220 ι
3114 4168 3224 4239 jam
3249 4170 3545 4241 baptizata;
3580 4191 3598 4226 ι
3632 4191 3751 4231 cum

2166 4262 2347 4324 posset
2377 4254 2539 4310 etiam
2568 4255 2670 4312 hoc
2695 4272 2802 4314 non
2830 4256 3012 4313 addito
3034 4258 3234 4335 dicere,
3259 4279 3277 4313 ‹
3312 4261 3410 4330 Qui
3438 4265 3550 4319 fieri
3581 4274 3757 4336 potest

2171 4361 2191 4395 ο
2222 4354 2279 4397 ut
2305 4342 2624 4416 cuicumque
2654 4347 2724 4401 sit
2761 4362 2890 4403 caro
2938 4351 3206 4405 contraria
3240 4369 3253 4405 :
3291 4370 3311 4405 ι
3358 4364 3516 4425 atque
3546 4355 3613 4411 ad
3653 4356 3759 4412 hoc

2166 4433 2498 4504 probandum
2537 4435 2801 4505 subjicere
2846 4437 2991 4493 illam
3041 4440 3503 4499 ratiocinationem
3552 4461 3702 4502 suam
3736 4490 3752 4513 ,

2165 4524 2286 4595 quia
2310 4535 2595 4596 utrumque
2620 4526 2819 4582 bonum
2850 4536 2934 4583 cst
2978 4544 3009 4584 a
3051 4529 3195 4587 bono
3224 4535 3513 4602 conditum,
3544 4546 3599 4593 et
3635 4538 3756 4595 ideo

2166 4631 2271 4671 non
2316 4623 2490 4685 potest
2520 4617 2659 4672 inter
2693 4633 2753 4674 se
2794 4634 2913 4675 esse
2953 4623 3327 4701 contrarium?
3364 4625 3421 4681 Si
3469 4642 3599 4698 ergo
3648 4645 3772 4685 non.

2165 4707 2415 4781 baptizati
2438 4749 2453 4775 ,
2484 4708 2677 4781 quibus
2709 4720 2860 4766 certe
2900 4710 3097 4768 fatetur
3124 4728 3343 4771 carnem
3392 4732 3514 4773 esse
3542 4730 3754 4775 contra-

2165 4800 2337 4867 riam,
2387 4802 2498 4865 suis
2540 4803 2690 4858 illum
2743 4804 3249 4877 interrogationibus
3288 4817 3515 4880 urgeant
3565 4818 3621 4866 et
3671 4810 3754 4867 di—

2166 4900 2324 4956 cant,
2372 4894 2502 4971 Quis
2546 4893 2674 4950 fecit
2720 4893 2925 4957 homini
2967 4897 3253 4967 Spiritum?
3287 4898 3388 4954 iste
3416 4900 3765 4971 rcinondebit

2169 4984 2332 5061 Deus.
2366 4985 2607 5057 Itemque
2652 4987 2766 5053 illi,
2822 4987 3050 5044 Carnem
3089 4990 3209 5061 quis
3257 4992 3499 5057 creavit?
3541 5008 3759 5065 respon.

2166 5076 2257 5132 det
2281 5078 2382 5133 iste
2409 5120 2425 5145 ,
2461 5077 2628 5143 idem,
2660 5078 2846 5148 credo,
2873 5079 3036 5135 Deus.
3073 5072 3151 5137 illi
3200 5065 3395 5152 tertio,
3446 5084 3628 5141 Bonus
3674 5096 3765 5143 est

2164 5170 2255 5239 qui
2287 5179 2570 5240 utrumque
2611 5170 2812 5225 creavit
2860 5170 3043 5227 Deus?
3092 5180 3149 5228 et
3200 5173 3322 5241 iste,
3355 5173 3494 5231 Nulli
3535 5177 3754 5233 dubium

2165 5270 2265 5315 est.
2326 5259 2502 5329 Atque
2554 5259 2628 5315 illi
2684 5274 2852 5315 unum
2900 5261 3043 5332 quod
3098 5270 3265 5319 restat
3316 5265 3631 5336 inquirant,
3690 5267 3759 5323 Et

2164 5362 2452 5421 utrumque
2526 5349 2669 5423 quod
2762 5351 2934 5408 bonus
3020 5364 3209 5411 auctor
3283 5357 3486 5413 creavit
3554 5359 3761 5415 bonum

2166 5442 2286 5497 est?
2313 5442 2410 5496 iste
2433 5441 2702 5498 fatebitur.
2727 5442 2877 5501 Tunc
2903 5445 2975 5500 illi
2998 5461 3118 5502 eum
3139 5461 3235 5502 suo
3253 5448 3429 5519 gladio
3444 5450 3756 5521 jugulabunt

2168 5532 2461 5589 inferentes
2503 5536 2906 5591 coitclusionem
2954 5537 3072 5608 ejus
3117 5549 3172 5593 et
3213 5539 3450 5595 dicentes
3478 5559 3490 5595 :
3518 5542 3571 5595 Si
3600 5543 3759 5612 igitur

2167 5625 2390 5695 spiritus
2418 5625 2611 5692 bonus,
2639 5634 2693 5682 et
2716 5641 2843 5683 caro
2871 5628 3030 5695 bona,
3066 5637 3123 5684 ut
3147 5644 3177 5683 a
3211 5629 3352 5686 bono
3380 5638 3595 5684 auctore
3624 5645 3757 5689 cou-

2165 5716 2298 5783 dita,
2345 5716 2436 5791 qui
2481 5716 2596 5774 ﬁeri
2640 5727 2819 5790 potest
2847 5729 2905 5774 ut
2945 5719 3052 5774 duo
3092 5720 3227 5775 bona
3266 5719 3366 5774 sibi
3406 5719 3613 5789 possint
3636 5733 3759 5805 esse

2168 5808 2470 5864 contraria?
2505 5809 2601 5866 llic
2627 5810 2762 5866 forte
2791 5811 2883 5867 ille
2909 5810 3250 5883 respondebit
3291 5826 3306 5864 :
3356 5810 3485 5863 Date
3524 5808 3756 5876 veniam,

2168 5901 2291 5973 quia
2320 5916 2426 5957 non
2465 5902 2622 5960 debui
2660 5904 2856 5973 dicere,
2905 5904 3223 5973 cuicumque
3253 5900 3517 5970 baptixato
3542 5914 3757 5956 carnem
