4164 6512
472 382 579 439 979

481 509 588 550 non
617 476 774 563 posse
799 505 921 548 esse
963 489 1304 556 contrariam,
1339 501 1397 544 ut
1435 491 1537 546 hoc
1563 489 1722 544 modo
1763 489 1911 544 vobis
1940 503 2046 542 non

475 581 756 654 baptizatis
783 581 1102 638 contrariam
1131 579 1449 646 conﬁterer;
1491 580 1586 636 sed
1613 581 1732 638 sine
1759 579 1862 634 ulla
1890 592 2053 632 exce-

475 674 660 743 ptione
702 671 881 728 dicere
922 671 1101 738 debui,
1135 685 1347 726 carnem
1393 670 1524 724 nulli
1563 685 1683 724 esse
1709 665 2048 723 contrariam.

474 765 612 818 Ecce
639 779 743 832 quo
771 777 830 816 se
855 761 966 830 ipse
1001 760 1322 830 compingit;
1365 774 1490 814 ecce
1525 775 1644 829 qua:
1669 757 1934 828 loquitur,
1964 754 2053 823 qui

473 868 580 906 non
610 853 722 906 vult
749 852 980 906 clamare
1011 865 1131 904 cum
1159 849 1412 919 Apostolo
1433 890 1448 915 ,
1485 847 1609 915 Quis
1637 865 1717 902 me
1739 845 1963 901 liberabit
1992 845 2054 898 de

471 959 683 1012 corpore
710 941 885 996 mortis
923 941 1112 1011 hujus?
1142 939 1317 994 Gratia
1347 938 1443 992 Dei
1468 955 1557 1008 per
1581 937 1756 992 Iesum
1800 934 2054 990 Christum

471 1033 746 1088 Dominum
772 1042 1013 1086 nostrum.
1049 1050 1066 1082 ε
1095 1030 1196 1086 Sed
1228 1047 1342 1095 cur,
1373 1049 1392 1082 ι
1416 1031 1602 1100 inquit,
1627 1048 1646 1082 ‹
1673 1030 1917 1091 clamem,
1941 1026 2051 1096 jam

475 1123 773 1194 baptizatus
805 1122 856 1176 itt
889 1121 1137 1176 Christo?
1163 1121 1240 1176 Illi
1282 1121 1382 1176 hoc
1410 1121 1672 1186 clament,
1701 1120 1788 1189 qui
1818 1118 2050 1172 nondum

472 1216 576 1268 tale
607 1213 919 1270 beneﬁcium
953 1223 1323 1282 perceperunt,
1351 1229 1576 1282 quorutn
1611 1213 1662 1266 in
1707 1227 1764 1266 se
1805 1225 1962 1265 voces
1993 1211 2054 1266 li-

467 1303 690 1371 gurabat
721 1301 1008 1372 Apostolus
1040 1318 1052 1353 :
1082 1302 1126 1355 si
1175 1311 1349 1355 tamen
1393 1302 1476 1356 vel
1519 1300 1620 1356 hoc
1655 1301 1859 1355 dicunt.
1891 1319 1910 1352 ι
1945 1299 2050 1354 Sed

471 1403 673 1448 natura:
717 1391 813 1446 ista
857 1389 1130 1456 defensio,
1174 1405 1274 1444 nec
1315 1391 1433 1445 illos
1473 1391 1571 1445 hac
1599 1405 1730 1445 voce
1753 1389 2051 1446 exclamare

469 1480 744 1550 permittit.
775 1479 956 1550 Neque
981 1479 1122 1534 enim
1155 1480 1209 1534 in
1251 1479 1530 1550 baptizatis
1558 1490 1744 1534 natura
1774 1489 1886 1546 est,
1914 1487 1966 1534 et
1998 1479 2050 1534 in

468 1587 574 1628 non
601 1573 874 1642 baptizatis
895 1581 1081 1626 natura
1101 1587 1206 1626 non
1236 1579 1336 1626 est.
1367 1573 1471 1626 Aut
1492 1571 1536 1626 si
1565 1572 1648 1626 vel
1677 1571 1730 1627 in
1761 1573 1866 1626 illis
1895 1573 2050 1627 vitia-

465 1672 518 1716 ta
557 1677 676 1718 esse
700 1661 1008 1716 conceditur
1029 1703 1044 1729 ,
1088 1669 1145 1715 ut
1185 1677 1287 1715 non
1313 1662 1429 1716 sine
1479 1676 1638 1716 causa
1669 1661 1922 1730 clament,
1955 1662 2050 1716 ln-

470 1753 594 1808 felix
622 1753 791 1820 homo,
823 1755 936 1824 quis
965 1768 1043 1806 me
1070 1751 1296 1807 liberabit
1331 1752 1394 1807 de
1419 1769 1630 1826 corpore
1657 1755 1830 1808 mortis
1859 1755 2052 1824 hujus?

465 1842 648 1914 eisque
673 1841 1014 1897 subveniatur
1039 1841 1092 1895 in
1134 1856 1200 1896 eo
1243 1841 1383 1912 quod
1415 1842 1689 1912 sequitur,
1737 1839 1912 1896 Gratia
1954 1840 2052 1895 Dei

463 1951 555 2004 per
593 1933 770 1989 Iesum
816 1932 1071 1988 Christum
1111 1931 1386 1988 Dominum
1429 1943 1657 1988 nostrum
1681 1949 1700 1988 :
1727 1933 2050 1988 concedatur

465 2027 568 2093 iam
595 2025 805 2080 tandem
831 2021 1115 2096 aliquando
1143 2023 1426 2079 humanam
1465 2024 1672 2080 medico
1711 2023 1924 2080 Christo
1965 2023 2048 2080 in-

462 2119 642 2189 digere
671 2127 936 2174 naturam.

531 2209 754 2266 CAPUT
792 2209 900 2264 LV.
939 2239 1012 2250 —
1051 2209 1137 2266 65.
1167 2207 1364 2280 Corpus
1389 2209 1562 2263 mortis
1592 2208 1654 2262 de
1682 2209 1832 2274 vitio,
1863 2225 1960 2262 non
1987 2207 2048 2261 de

460 2301 743 2357 substantia
759 2301 967 2354 dictant.
986 2299 1180 2368 Qumro
1199 2307 1397 2364 autem,
1416 2299 1502 2354 ubi
1525 2309 1712 2354 natura
1732 2299 1916 2354 istam‘
1935 2315 2048 2368 ιιι-ι’-

461 2392 655 2446 diderit
681 2392 1000 2458 libertatem,
1029 2405 1187 2462 quam
1209 2391 1308 2445 sibi
1329 2390 1442 2445 dari
1469 2397 1718 2462 exoptat,
1751 2406 1869 2444 cum
1897 2390 2044 2455 dicit,

460 2484 572 2552 quis
597 2499 675 2536 me
700 2481 967 2538 liberabit?
996 2497 1103 2538 non
1123 2481 1264 2537 enim
1292 2489 1346 2536 ct
1372 2480 1460 2536 ille
1489 2480 1840 2536 substantiam
1871 2482 2045 2536 carnis

461 2583 696 2640 accusat,
719 2589 839 2628 cum
862 2572 988 2628 dicit
1008 2573 1218 2628 liberari
1243 2587 1302 2628 se
1322 2587 1518 2643 cupere
1545 2571 1608 2625 de
1635 2587 1844 2644 corpore
1870 2573 2046 2627 mortis

461 2665 614 2734 hujus
631 2707 647 2730 ,
677 2679 798 2718 cum
825 2663 982 2718 etiam
1003 2663 1261 2734 corporis,
1289 2663 1424 2718 sicut
1451 2663 1643 2718 anima:
1666 2703 1681 2728 ,
1715 2671 1902 2718 natura
1936 2664 2043 2718 Deo

461 2757 602 2810 bono
617 2756 818 2810 auctori
839 2753 1114 2810 tribuenda
1136 2755 1204 2808 sit
1221 2773 1234 2808 :
1257 2753 1350 2810 sed
1371 2755 1549 2824 utique
1563 2753 1632 2808 de
1647 2753 1787 2808 vitiis
1805 2750 2045 2822 corporis

460 2846 604 2900 dicit.
635 2845 767 2901 Nam
807 2845 874 2900 de
922 2861 1146 2916 corpore
1187 2861 1330 2900 mors
1377 2845 1618 2915 corporis
1651 2853 1864 2915 separat
1898 2863 1913 2900 :
1945 2845 2042 2900 sed

458 2945 730 2991 contracta
757 2951 822 2991 ex
857 2935 945 2989 illo
973 2937 1099 2990 vitia
1127 2935 1400 2990 colimrent
1420 2974 1437 3002 ,
1483 2933 1674 3004 quibus
1714 2935 1854 3004 jnsta
1887 2949 2040 3006 parua

459 3026 702 3092 debetur,
733 3041 890 3096 quam
937 3026 1094 3080 etiam
1147 3023 1199 3080 in
1244 3023 1450 3078 inferno
1499 3023 1590 3078 ille
1640 3023 1790 3079 dives
1837 3023 2041 3078 invenit

461 3113 615 3186 (Luc.
645 3131 750 3184 xvt,
769 3114 980 3186 22-26).
1009 3114 1144 3169 [line
1169 3129 1228 3169 se
1248 3130 1352 3168 non
1375 3121 1580 3184 poterat
1601 3115 1782 3184 utique
1811 3113 2040 3169 liberare

459 3215 548 3284 qui
577 3214 723 3281 dicit,
760 3213 886 3281 Quis
925 3229 1003 3267 me
1033 3211 1257 3267 liberabit
1293 3211 1356 3267 de
1375 3227 1585 3277 corpore
1621 3211 1795 3264 mortis
1843 3210 2042 3281 hujus?

459 3307 790 3376 Ubicumque
817 3314 992 3362 autem
1020 3307 1174 3361 istam
1216 3304 1506 3375 perdiderit
1546 3303 1865 3370 libertatem,
1894 3313 2040 3360 certe

461 3398 828 3468 inseparabilis
853 3407 934 3453 est
963 3397 1286 3468 possibilitas
1321 3396 1410 3451 illa
1437 3403 1659 3460 natum,
1695 3395 1852 3451 habet
1882 3411 2038 3466 posse

457 3505 556 3560 per
585 3489 823 3544 naturale
860 3487 1153 3545 subsidium
1171 3530 1184 3552 ,
1215 3486 1375 3542 habet
1403 3486 1542 3542 velle
1573 3477 1666 3555 per
1695 3485 1920 3541 liberum
1944 3502 2035 3540 ar-

455 3584 701 3649 bitrium;
739 3597 836 3638 cur
871 3581 1062 3654 quaerit
1099 3579 1439 3652 Baptismatis
1483 3577 1910 3634 sacramentum?
1954 3579 2034 3632 An

455 3682 672 3744 propter
696 3673 980 3728 commissa
1009 3671 1308 3741 praeterita,
1345 3679 1404 3724 ut
1430 3685 1491 3725 ea
1521 3678 1725 3724 tantum
1753 3670 2034 3740 ignoscan-

455 3773 562 3830 tur,
588 3781 706 3834 qua:
731 3764 848 3819 ﬁeri
875 3764 1064 3817 intecta
1095 3777 1200 3816 non
1233 3761 1723 3830 possuntibimitte
1740 3761 2032 3826 hominem,

459 3857 656 3911 clamet
684 3855 824 3924 quod
855 3856 1136 3909 clamabat.
1177 3852 1293 3908 Non
1323 3853 1465 3908 enim
1498 3862 1698 3908 tantum
1729 3853 2032 3918 desiderat,

454 3955 512 4000 ut
545 3960 639 4014 per
673 3943 1048 4014 indulgentiam
1080 3943 1149 3996 sit
1174 3942 1240 3997 de
1280 3943 1560 4010 praeteritis
1601 3943 1910 4012 impunitus,
1940 3945 2034 3998 sed

455 4035 618 4092 etiam
655 4044 712 4089 ut
748 4035 815 4088 sit
853 4033 920 4088 de
955 4041 1149 4087 caetero
1179 4031 1246 4086 ad
1285 4048 1388 4086 non
1433 4031 1758 4101 peccandum
1793 4031 1948 4088 fortis
1981 4045 2035 4088 et

453 4125 682 4181 validus.
709 4123 1114 4181 Condeleclatur
1137 4121 1278 4178 enim
1311 4123 1408 4192 legi
1441 4123 1533 4178 Dei
1566 4123 1855 4178 secundum
1895 4125 2030 4181 inte-

455 4215 656 4272 riorem
695 4213 996 4279 hominem,
1023 4211 1168 4267 videt
1192 4221 1366 4267 autem
1397 4211 1552 4266 aliam
1589 4212 1760 4283 legem
1787 4213 1837 4268 in
1869 4229 2034 4270 mem-

455 4308 566 4363 bris
593 4307 704 4362 suis
734 4315 1114 4376 repugnantem
1144 4305 1243 4374 legi
1281 4305 1474 4360 mentis
1517 4321 1628 4359 sua:
1659 4323 1672 4358 :
1707 4305 1850 4360 videt
1879 4321 1995 4362 esse
2015 4349 2030 4374 ,

455 4413 560 4454 non
583 4397 771 4452 recolit
801 4397 994 4462 fuisse;
1027 4395 1374 4464 prmsentibus
1403 4405 1647 4465 urgetur,
1682 4411 1784 4450 non
1809 4405 2033 4468 prmer-

455 4489 525 4546 ita
577 4488 957 4545 reminiscitur.
1006 4485 1116 4542 Nec
1164 4493 1362 4540 tantum
1413 4495 1794 4556 repugnantem
1849 4485 2030 4554 videt,

452 4595 639 4636 verum
667 4581 826 4634 etiam
857 4577 1213 4647 captivantem
1243 4591 1302 4630 se
1331 4576 1382 4630 in
1411 4576 1530 4646 lege
1562 4577 1782 4646 peccati,
1805 4593 1922 4648 quae
1952 4589 2034 4633 est

453 4671 506 4727 iu
533 4669 786 4726 membris
804 4661 940 4740 ejus,
973 4683 1080 4722 non
1101 4682 1220 4738 quae
1243 4666 1357 4721 fuit.
1383 4666 1515 4721 Hinc
1535 4675 1617 4721 est
1634 4666 1774 4737 quod
1795 4668 1989 4722 clamat
2017 4685 2028 4718 τ

452 4761 482 4819 I
491 4763 648 4832 nfeiix
679 4763 848 4828 homo,
875 4763 986 4830 quis
1007 4775 1085 4814 me
1109 4757 1336 4814 liberabit
1356 4757 1421 4812 de
1431 4773 1639 4828 corpore
1656 4759 1828 4812 martis
1845 4759 2034 4826 huius?

453 4855 668 4910 Sinatnr
681 4853 1077 4914 orare.sinatur
1101 4847 1423 4921 adjutorium
1455 4849 1646 4903 medici
1678 4849 2030 4918 potentissimi

453 4947 712 5015 ﬂagitare.
743 4945 878 5012 Quid
907 4941 1320 5000 contradicitur?
1348 4940 1484 5008 Quid
1515 4939 1876 5010 obstrepitur?
1905 4940 2030 5012 quid

452 5039 618 5091 miser
642 5035 1055 5090 misericordiam
1087 5035 1277 5090 Christi
1311 5044 1488 5103 petere
1505 5031 1832 5104 prohibetur,
1855 5043 1908 5088 et
1933 5034 2035 5088 hoc

451 5145 482 5182 a
511 5125 862 5184 Christianis?
893 5125 1023 5179 Nam
1065 5135 1120 5180 et
1156 5127 1229 5181 illi
1256 5140 1375 5180 cum
1403 5125 1616 5181 Christo
1653 5125 2030 5190 ambulabant,

451 5220 542 5292 qui
571 5233 768 5274 caecum
807 5219 828 5250 '
869 5217 1044 5272 lumen
1089 5215 1366 5270 clamando
1407 5225 1592 5286 petere
1637 5215 1982 5286 prohibebant
2017 5233 2030 5268 :

451 5309 546 5364 sed
577 5308 736 5364 etiam
769 5307 910 5362 inter
939 5305 1222 5360 tumultum
1255 5305 1724 5361 contradicentium
1755 5305 1904 5360 audit
1943 5305 2034 5361 ille

451 5399 770 5456 clamantem
800 5395 990 5468 (Marc.
1025 5411 1054 5449 κ
1077 5435 1092 5457 ,
1123 5393 1316 5466 46-52)
1346 5411 1359 5447 :
1389 5395 1526 5449 unde
1565 5395 1686 5450 huic
1717 5409 2031 5465 responsum

519 5547 536 5580 ¹
569 5551 734 5602 Plures
755 5557 882 5608 Mss,
907 5547 1014 5598 ista.

517 5621 537 5648 ²
567 5615 706 5670 Editi,
729 5607 896 5662 cteros.
931 5607 1206 5670 corrigendi
1247 5619 1308 5656 ex
1347 5607 1682 5670 manuscriptis
1715 5608 1794 5670 qui
1833 5607 2032 5666 habent,

451 5688 650 5734 carrum.
673 5667 812 5734 juxta
837 5667 1184 5730 marcumfcap.
1210 5681 1239 5734 x
1266 5667 1382 5734 :_vei
1407 5677 1542 5716 certe
1563 5667 1823 5734 legendum
1847 5675 2031 5734 pstea,

453 5734 588 5784 σοιτίὶι
612 5729 691 5783 ξιιὲ
715 5733 1004 5792 rtmmmtes;
1025 5741 1118 5792 non
1141 5729 1194 5776 ut
1219 5729 1265 5776 in
1289 5729 1403 5788 ipsis
1427 5741 1619 5792 quoque.
1645 5731 1800 5790 editis,
1825 5729 2034 5790 singula-

458 5801 494 5850 η
522 5809 742 5858 numero,
766 5791 902 5846 audit
925 5790 1006 5844 illc
1032 5789 1328 5842 clamautrm.

1419 379 1506 436 DE
1545 379 1825 438 NATURA
1863 381 1954 437 ET
1987 377 2266 448 GRATIA,
2305 375 2364 432 S.
2404 375 2772 434 AUGUSTINI

3634 383 3738 440 280

2165 498 2277 552 est,
2319 486 2497 543 Gratia
2541 487 2634 544 Dei
2673 505 2762 558 per
2791 487 2966 544 Iesum
3015 488 3266 544 Christum
3312 488 3587 547 Dominum
3639 513 3729 548 no-

2163 589 2338 633 stram.

2233 667 2320 723 66.
2349 669 2515 724 Porro
2545 671 2589 726 si
2617 672 2682 726 ab
2711 671 2824 725 istis
2849 672 2931 726 vel
2971 671 3070 726 hoc
3107 671 3484 744 impetramus,
3515 684 3573 730 ut
3601 690 3738 730 non-

2161 756 2285 811 dum
2315 758 2562 827 baptizati
2605 759 2886 829 implorent
2921 761 3171 814 auxilium
3198 763 3381 830 gratia:
3407 763 3733 832 Salvatoris,

2163 863 2266 905 non
2288 857 2371 902 est
2393 847 2494 903 hoc
2519 849 2730 918 quidem
2759 865 2942 919 parum
2977 850 3228 905 adversus
3257 853 3398 905 illam
3431 852 3618 908 falsam
3637 853 3734 909 de-

2161 938 2453 994 fensionem
2479 951 2722 1010 tanquam
2745 941 2842 995 sibi
2869 941 3180 996 sufﬁcientis
3201 952 3401 996 natura
3427 954 3478 999 et
3503 955 3736 1013 potesta-

2161 1029 2227 1082 tis
2255 1028 2404 1083 liberi
2433 1029 2633 1086 arbitrii
2669 1047 2683 1084 :
2713 1044 2882 1098 neque
2910 1031 3050 1084 enim
3081 1030 3179 1084 sibi
3217 1031 3408 1086 sut‘ticit
3445 1035 3532 1102 qui
3569 1033 3732 1100 dicit,

2158 1117 2353 1188 Infelix
2389 1119 2538 1172 homo
2557 1159 2571 1183 ,
2601 1119 2714 1190 quis
2739 1135 2816 1173 me
2838 1119 3108 1174 liberabit?
3145 1131 3235 1174 aut
3281 1121 3488 1190 plenam
3519 1123 3735 1178 Iiberta-

2161 1221 2262 1263 tem
2305 1209 2496 1264 habere
2531 1209 2785 1265 dicendus
2825 1219 2926 1276 est,
2977 1211 3066 1282 qui
3111 1227 3168 1266 se
3206 1212 3380 1267 adhuc
3415 1215 3642 1283 postulat
3669 1215 3730 1269 li-

2157 1300 2353 1354 berari.

2229 1389 2453 1445 CAPUT
2491 1389 2621 1444 LVI.
2650 1420 2722 1431 —
2753 1389 2894 1445 Idem
2931 1401 3172 1445 tractatur
3215 1403 3580 1464 argumentum.
3621 1395 3731 1450 Ve-

2157 1491 2452 1535 rumtamen
2476 1485 2630 1536 etiam
2663 1481 2789 1536 illud
2818 1483 3108 1549 videamus,
3141 1494 3316 1538 utrum
3345 1485 3419 1538 illi
3449 1487 3537 1556 qui
3565 1487 3734 1556 bapti-

2157 1571 2256 1626 zati
2287 1579 2410 1626 sunt
2437 1572 2632 1628 iaciant
2660 1573 2796 1628 bona
2826 1590 2942 1644 quae
2971 1574 3176 1640 volunt,
3209 1575 3350 1630 nulla
3395 1578 3570 1632 carnis
3597 1593 3731 1632 con-

2155 1663 2476 1733 cupiscentia
2507 1674 2850 1735 repugnante.
2881 1664 2986 1719 Sed
3016 1665 3140 1734 quid
3177 1665 3300 1720 hinc
3329 1666 3588 1732 dicamus,
3617 1671 3734 1738 ipso

2155 1763 2555 1816 commemorat,
2583 1754 2668 1810 ubi
2687 1755 3006 1810 concludens
3024 1757 3163 1810 hunc
3179 1755 3373 1824 locum,
3400 1755 3468 1813 Ut
3489 1759 3728 1826 diximus,

2155 1845 2342 1917 inquit,
2367 1845 2496 1898 illud
2517 1861 2614 1914 quo
2643 1846 2939 1910 continetur,
2965 1863 2984 1897 ι
3012 1843 3142 1900 Caro
3166 1848 3472 1917 concupiscit
3493 1851 3732 1904 adversus

2153 1937 2406 2006 spiritum,
2443 1955 2462 1988 ι
2493 1937 2684 1990 nonde
2713 1937 2878 1990 carnis
2915 1937 3226 2003 substantia,
3276 1937 3363 1990 sed
3400 1939 3462 1991 de
3499 1941 3730 2009 operibus

2153 2028 2337 2082 sentire
2385 2043 2582 2082 necesse
2604 2037 2695 2080 est.
2727 2027 2838 2082 lloc
2859 2035 2911 2081 ct
2936 2042 3031 2080 nos
3059 2027 3302 2095 dicimus,
3329 2045 3432 2084 non
3459 2029 3526 2084 de
3551 2032 3730 2085 carnis

2153 2117 2466 2182 substantia,
2497 2117 2590 2172 sed
2619 2117 2686 2172 de
2711 2119 2958 2188 operibus
2985 2117 3202 2182 dictum,
3243 2135 3361 2188 qua:
3405 2120 3620 2175 veniunt
3660 2121 3729 2176 de

2152 2207 2349 2264 carnali
2382 2207 2397 2238 ¹
2429 2208 2887 2277 concupiscentia,
2928 2207 2996 2262 de
3019 2219 3238 2279 peccato
3265 2209 3498 2273 scilicet,
3531 2209 3600 2264 de
3623 2227 3728 2280 quo

2155 2300 2404 2369 praecepit
2434 2309 2486 2353 ut
2516 2314 2622 2353 non
2660 2307 2844 2368 regnet
2873 2299 2924 2352 in
2953 2307 3136 2354 nostro
3161 2299 3374 2355 mortali
3401 2315 3626 2374 corpore
3659 2301 3728 2358 ad

2152 2387 2503 2443 obcdicndum
2527 2387 2805 2444 desideriis
2830 2389 2944 2458 ejus
2969 2388 3140 2460 (Rom.
3171 2406 3246 2456 vt,
3276 2389 3387 2462 12).

2221 2479 2447 2535 CAPUT
2483 2479 2638 2534 LVII.
2665 2510 2736 2520 —
2770 2479 2856 2535 (i7.
2901 2481 3007 2536 Sub
3050 2481 3159 2553 lege
3198 2484 3313 2555 quis
3353 2499 3460 2538 esse
3503 2484 3726 2540 dicatur.

2125 2570 2252 2634 Sed
2281 2571 2520 2626 attendat
2548 2571 2568 2603 ²
2598 2569 2756 2626 etiam
2799 2572 2912 2642 ipse
2938 2613 2953 2639 ,
2993 2571 3102 2642 jam
3143 2574 3418 2642 baptizatis
3455 2574 3616 2632 fuisse
3641 2576 3724 2632 di-

2148 2669 2314 2730 ctum,
2351 2661 2481 2718 Caro
2521 2664 2824 2734 concupiscit
2872 2663 3112 2718 adversus
3151 2665 3403 2735 spiritum,
3436 2677 3482 2721 et
3512 2669 3722 2738 spiritus

2147 2752 2385 2808 adversus
2412 2770 2652 2822 carnem;
2689 2763 2742 2810 ut
2778 2770 2879 2808 non
2911 2771 2971 2809 ea
3009 2771 3124 2826 quae
3147 2755 3294 2810 vultis
3322 2757 3542 2828 faciatis.
3567 2761 3631 2814 Et
3659 2777 3726 2816 ne

2147 2843 2213 2898 ab
2235 2843 2346 2916 ipsa
2368 2860 2542 2914 pugna
2563 2844 2774 2900 desides
2793 2843 3011 2912 laceret,
3038 2854 3092 2901 et
3121 2861 3219 2916 per
3240 2845 3376 2904 hanc
3404 2851 3722 2906 sententiam

2147 2933 2503 2989 laxamentum
2553 2937 2805 3006 peccandi
2849 2937 3062 2992 dedisse
3105 2938 3393 3008 videretur,
3439 2941 3674 3012 adjungit
3703 2984 3720 3012 ,

2147 3023 2297 3093 Quod
2315 3027 2360 3080 si
2379 3027 2560 3097 spiritu
2591 3029 2849 3096 ducimini,
2879 3045 2978 3084 non
3007 3031 3174 3085 adhuc
3199 3033 3316 3086 estis
3339 3033 3429 3088 sub
3456 3035 3564 3106 lege
3588 3034 3723 3110 (Ga-

2145 3117 2235 3169 lat.
2267 3132 2319 3184 v,
2353 3118 2440 3182 t7,
2477 3119 2586 3190 l8).
2631 3117 2741 3174 Sub
2767 3119 2884 3191 lege
2927 3129 3012 3176 est
3059 3123 3220 3188 enim,
3249 3124 3339 3194 qui
3367 3125 3558 3183 timore
3591 3143 3724 3198 sup-

2143 3206 2282 3275 plicii
2318 3207 2460 3277 quod
2485 3208 2570 3263 lex
2603 3207 2852 3277 minatur,
2883 3225 2988 3265 non
3013 3225 3195 3266 amore
3216 3213 3452 3282 justitiaa,
3477 3231 3536 3272 se
3561 3220 3723 3274 sentit

2143 3297 2412 3353 abstinere
2444 3298 2512 3353 ab
2541 3314 2702 3370 opere
2719 3301 2940 3370 peccati,
2968 3301 3200 3358 nondum
3227 3303 3362 3360 liber
3393 3321 3492 3362 nec
3515 3309 3720 3366 alienus

2143 3403 2172 3441 a
2219 3389 2490 3445 voluntate
2535 3392 2806 3460 peccandi.
2859 3393 2913 3446 In
2959 3393 3068 3462 ipsa
3114 3395 3254 3449 enim
3288 3397 3556 3454 voluntate
3597 3417 3720 3456 reus

2141 3487 2243 3542 cst,
2275 3493 2376 3548 qua
2403 3481 2601 3546 mallet,
2633 3481 2678 3536 si
2709 3482 2818 3535 lieri
2847 3491 3043 3552 posset,
3073 3501 3175 3539 non
3207 3501 3328 3543 esse
3347 3489 3486 3559 quod
3511 3492 3712 3558 timeat,

2142 3581 2192 3624 ut
2221 3571 2382 3626 libere
2409 3570 2565 3626 faciat
2585 3572 2726 3642 quod
2746 3573 2952 3628 occulte
2979 3573 3266 3631 desiderat.
3291 3579 3431 3648 Ergo
3451 3581 3496 3634 si
3509 3583 3715 3652 spiritu,

2141 3662 2326 3731 inquit,
2357 3663 2619 3730 ducimiui,
2653 3681 2750 3718 non
2783 3665 2946 3719 adhuc
2973 3667 3086 3721 estis
3111 3669 3200 3722 sub
3227 3670 3332 3740 lege
3359 3687 3378 3724 :
3409 3673 3586 3741 utique
3605 3675 3718 3744 lege

2139 3769 2256 3822 qua:
2301 3755 2544 3808 timorem
2591 3755 2809 3820 incutit,
2859 3772 2962 3811 non
3005 3758 3188 3814 tribuit
3228 3761 3568 3828 charitatem;
3599 3781 3718 3834 quae

2141 3845 2369 3899 charitas
2397 3845 2492 3899 Dei
2529 3843 2719 3900 diffusa
2749 3857 2830 3900 est
2859 3848 2910 3900 in
2942 3848 3189 3904 cordibus
3217 3852 3414 3906 nostris
3435 3893 3448 3916 ,
3489 3869 3592 3907 non
3624 3870 3718 3923 per

2141 3933 2272 4003 legis
2316 3935 2566 4000 litteram,
2598 3935 2690 3989 scd
2723 3951 2818 4006 per
2845 3937 3101 4006 Spiritum
3151 3951 3392 3995 sanctum
3437 3943 3524 4010 qui
3563 3943 3718 3998 datus

2140 4036 2218 4081 est
2251 4027 2403 4081 nobis
2425 4027 2599 4096 (Rom.
2629 4044 2679 4090 v,
2702 4027 2781 4098 5).
2810 4029 2930 4083 Ilmc
2951 4039 3031 4084 est
3057 4029 3138 4084 lex
3171 4031 3450 4097 libertatis,
3473 4049 3578 4088 non
3601 4051 3716 4088 ser-

2137 4118 2352 4181 vitutis;
2382 4119 2500 4188 quia
2529 4119 2802 4174 charitatis
2828 4120 3028 4189 utique,
3055 4137 3157 4176 non
3183 4122 3388 4178 timoris
3414 4143 3426 4178 :
3449 4124 3514 4178 dc
3541 4141 3640 4194 qua
3663 4135 3717 4180 et

2139 4207 2372 4262 Jacobus
2398 4208 2670 4277 apostolus
2700 4209 2791 4271 ait,
2829 4209 2927 4274 Qui
2955 4219 3120 4264 autem
3145 4213 3450 4282 perspexerit
3478 4215 3528 4266 in
3558 4215 3716 4284 legem

2139 4299 2408 4366 perfectam
2445 4297 2684 4351 libertatis
2713 4297 2916 4367 (Jacobi
2956 4315 3004 4364 t,
3031 4299 3154 4371 25).
3203 4301 3348 4357 Unde
3383 4311 3436 4358 et
3467 4304 3572 4364 ille.
3605 4319 3710 4358 non

2138 4385 2346 4455 quidem
2373 4385 2482 4455 jam
2512 4387 2626 4456 lege
2666 4387 2755 4441 Dei
2787 4389 3086 4443 terrebatur
3115 4399 3170 4443 ut
3210 4407 3415 4456 servus,
3449 4393 3540 4448 sed
3581 4410 3714 4448 con-

2137 4477 2497 4532 delectabatur
2518 4477 2564 4531 ei
2589 4479 2876 4532 secundum
2905 4479 3209 4536 interiorem
3240 4482 3508 4538 hominem
3536 4504 3548 4536 :
3574 4487 3714 4541 videt

2140 4577 2314 4622 tamen
2343 4567 2516 4622 adhuc
2543 4568 2699 4621 aliam
2729 4569 2900 4638 legem
2931 4569 2980 4624 in
3007 4571 3258 4626 membris
3279 4587 3390 4628 su.s
3417 4590 3718 4644 repugnan-

2139 4665 2242 4711 tem
2289 4657 2392 4727 legi
2440 4657 2632 4712 mentis
2675 4672 2802 4712 sum.
2844 4659 2916 4713 Ita
2959 4668 3012 4714 et
3057 4661 3162 4727 hic,
3205 4661 3267 4716 Si
3293 4665 3492 4733 spiritu,
3524 4665 3714 4736 inquit,

2137 4747 2381 4800 ducimini
2400 4789 2413 4812 ,
2461 4763 2560 4800 non
2593 4746 2762 4800 adhuc
2789 4748 2906 4802 estis
2933 4749 3023 4802 sub
3049 4748 3172 4818 lege.
3205 4749 3260 4804 In
3288 4761 3538 4822 quantum
3567 4757 3716 4824 quis-

2137 4853 2239 4908 que
2259 4837 2446 4907 spiritu
2468 4837 2696 4904 ducitur,
2721 4853 2824 4894 non
2845 4847 2928 4894 est
2945 4839 3046 4894 sub
3067 4839 3181 4910 lege
3211 4859 3224 4894 :
3247 4841 3364 4912 quia
3387 4843 3438 4897 in
3463 4855 3714 4913 quantum

2137 4928 2534 4984 condelectatnr
2555 4929 2654 4997 legi
2679 4929 2791 4996 Dei,
2820 4945 2924 4982 non
2949 4939 3031 4984 est
3059 4930 3158 4984 sub
3184 4931 3312 4999 legis
3335 4933 3524 4987 timore
3553 4951 3566 4985 :
3591 4935 3714 5003 quia

2137 5023 2298 5077 timor
2325 5029 2644 5076 tormentum
2671 5021 2830 5078 habet
2851 5021 2902 5093 (l
2921 5021 3074 5076 Joan.
3107 5037 3179 5090 tv,
3213 5023 3326 5094 18),
3351 5040 3454 5078 non
3481 5025 3718 5081 delecta-

2139 5115 2358 5168 honeun

2208 5203 2431 5260 CAPUT
2485 5202 2662 5259 LVIII.
2691 5233 2763 5243 —
2789 5202 2878 5256 68.
2911 5201 3054 5256 Idem
3081 5211 3325 5257 tractatur
3343 5215 3708 5276 argumentum.

2139 5293 2365 5350 Proinde
2393 5294 2436 5348 si
2464 5303 2608 5348 recte
2633 5295 2912 5358 sentimus,
2941 5293 3078 5347 sicut
3117 5309 3214 5363 pro
3241 5295 3494 5356 membris
3515 5297 3714 5352 sanatis

2136 5386 2333 5456 gratias
2357 5399 2532 5455 agere,
2565 5384 2634 5438 ita
2661 5397 2757 5452 pro
2778 5383 3029 5437 sanandis
3053 5398 3210 5438 orare
3229 5383 3505 5446 debemus,
3537 5393 3594 5439 ut
3615 5387 3712 5438 ah—

2139 5476 2456 5531 solutissima
2503 5475 2588 5530 cui
2635 5475 2766 5529 nihil
2802 5475 2924 5530 addi
2965 5475 3133 5544 possit
3177 5476 3422 5542 sanitate,
3481 5477 3714 5545 perfecsa

2143 5571 2234 5624 Dei
2271 5569 2548 5632 suavitate,
2581 5567 2734 5637 plena
2777 5567 3020 5622 libertate
3061 5565 3410 5636 perfruamur.
3437 5567 3548 5624 Non
3571 5570 3712 5624 enim

2203 5724 2216 5755 ι
2256 5723 2388 5782 Fditi,
2408 5721 2722 5784 carnissuss.
2749 5721 2955 5771 vaticani
2971 5733 3150 5784 omnes
3175 5731 3220 5772 ct
3245 5721 3484 5784 Gallicani,
3507 5723 3710 5776 cornu.

2203 5787 2220 5816 ³
2255 5788 2325 5834 sic
2350 5791 2451 5832 Mss.
2480 5791 2532 5832 At
2557 5783 2686 5844 editi,
2711 5795 2794 5832 nec
2819 5783 3031 5834 alterutri.
