4202 6528
316 412 415 472 τεεί

321 529 606 587 abnuimus
626 526 907 583 humanam
933 536 1172 581 naturae.
1198 535 1354 594 posse
1369 535 1486 577 esse
1512 518 1625 575 sine
1655 524 1890 586 peccato,

322 632 415 675 aut
426 619 534 675 ullo
548 617 709 674 modo
724 632 918 688 negare
930 616 1184 672 debemus
1208 611 1386 683 perﬁci
1410 625 1584 681 posse,
1603 621 1759 678 quant
1778 621 1897 675 pro-

323 709 483 766 ﬁcere
499 723 606 764 non
636 721 907 779 negamus,
941 706 1034 762 sed
1057 705 1225 777 gratia
1254 702 1349 759 Dei
1387 716 1482 772 per
1523 699 1704 755 Jesum
1745 695 1895 753 Chri-

322 810 463 855 stum
490 799 773 855 Dominum
799 807 1036 853 nostrum
1071 814 1086 852 :
1114 810 1180 852 eo
1198 792 1483 863 adjuvante
1504 789 1619 845 ﬁeri
1646 787 1894 853 dicimus,

322 901 381 946 ut
408 891 545 961 justa
575 898 630 945 et
667 889 817 944 beata
853 889 942 951 sit,
986 902 1017 942 a
1061 902 1169 957 quo
1205 891 1383 940 creata
1408 889 1575 938 estut
1603 879 1693 934 sit.
1721 876 1897 933 Facile

323 981 498 1051 itaque
519 979 797 1044 refellitur,
827 977 966 1048 quod
996 992 1027 1030 a
1052 973 1368 1046 quibusdam
1389 971 1489 1027 sibi
1518 970 1648 1024 dicit
1674 967 1893 1037 opponi,

325 1092 347 1125 ι
385 1073 634 1129 Diabolus
676 1070 830 1126 nobis
873 1069 1203 1124 adversatur.
1244 1085 1264 1119 ι
1317 1064 1543 1120 Prorsus
1587 1060 1708 1115 huic
1742 1058 1893 1129 obje-

320 1164 483 1220 ctioni
500 1163 757 1218 eteadem
774 1161 933 1216 verba
961 1158 1365 1228 rcSpondemns,
1385 1171 1502 1226 qttte
1529 1154 1642 1223 ipse
1670 1164 1895 1219 respon-

320 1256 425 1311 dit:
446 1275 464 1307 ι
491 1242 817 1311 Resistamus
846 1252 942 1316 illi,
962 1260 1013 1307 et
1036 1249 1217 1320 fugiet.
1236 1246 1488 1309 Resistitc,
1512 1243 1676 1315 inquit
1711 1242 1895 1317 beatus

319 1349 608 1418 apostolus,
651 1346 873 1411 diabolo,
911 1354 957 1398 et
1010 1343 1166 1415 fugiet
1217 1357 1249 1393 a
1298 1338 1435 1393 vobis
1475 1334 1675 1407 (Jacobi
1707 1348 1777 1397 tv,
1810 1333 1890 1400 7).

320 1439 469 1495 Unde
511 1432 1031 1492 animadvertendum
1083 1441 1164 1487 est
1202 1429 1327 1501 quid
1375 1427 1541 1498 possit
1586 1424 1666 1478 his
1700 1436 1894 1477 nocere

318 1546 453 1602 quos
491 1530 641 1601 fugit,
681 1529 766 1584 vel
804 1541 959 1598 quam
996 1525 1241 1579 virtutem
1284 1520 1479 1576 habere
1521 1511 1894 1585 intelligendus

317 1625 409 1691 sit,
439 1624 527 1694 qui
565 1622 695 1678 solis
735 1617 1024 1690 pra-valere
1067 1631 1173 1670 non
1222 1608 1592 1691 resistentibus
1641 1613 1831 1676 potest.
1869 1621 1888 1657 ι

318 1715 443 1771 Haec
466 1722 519 1769 et
546 1728 662 1768 mea
691 1711 853 1767 verba
879 1716 1005 1765 sunt
1031 1725 1045 1761 :
1074 1704 1249 1761 verius
1274 1702 1415 1757 enim
1440 1699 1542 1755 dici
1572 1713 1676 1750 non
1698 1702 1891 1765 potest.

317 1804 425 1860 Sed
469 1804 572 1859 hoc
615 1802 837 1857 interest
870 1799 1008 1854 inter
1033 1810 1131 1851 nos
1157 1802 1212 1848 ct
1253 1793 1403 1855 istos,
1432 1786 1572 1860 quod
1604 1800 1702 1840 nos
1730 1781 1890 1839 etiam

316 1912 436 1952 cum
464 1894 676 1950 diabolo
705 1890 986 1956 resistitur,
1032 1884 1354 1958 poscendum
1396 1880 1488 1935 Dei
1531 1876 1850 1947 adjutorium
1873 1912 1888 1937 ,

317 2003 422 2041 non
450 1986 624 2041 solum
654 1998 757 2038 non
785 1987 1059 2052 negamus,
1087 1990 1269 2033 verum
1305 1974 1466 2029 etiam
1495 1969 1841 2041 praedicamus
1874 1983 1886 2018 ε

318 2078 401 2131 isti
429 2086 604 2133 autem
635 2082 830 2130 tantam
873 2072 1109 2127 tribuunt
1148 2072 1462 2137 potestatem
1496 2057 1753 2115 voluntati
1776 2098 1791 2120 ,
1836 2064 1891 2109 ut

314 2169 494 2239 pietati
539 2167 777 2222 auferant
835 2160 1150 2219 orationem.
1193 2155 1324 2211 Nam
1362 2151 1542 2221 utique
1581 2158 1634 2203 ut
1677 2145 1886 2200 diabolo

314 2237 622 2315 resistamus
647 2264 702 2310 et
727 2252 884 2324 fugiat
919 2267 948 2305 a
976 2248 1147 2314 nobis,
1180 2246 1299 2301 ideo
1328 2248 1607 2314 precantes
1630 2237 1854 2292 dicimus
1872 2276 1886 2297 ,

314 2351 400 2407 Ne
427 2364 518 2403 nos
548 2349 737 2418 inferas
762 2345 813 2398 in
838 2342 1160 2397 tentationem
1187 2335 1398 2410 (Matth.
1431 2348 1504 2397 vt,
1534 2329 1622 2401 15)
1650 2347 1662 2382 :
1693 2326 1811 2382 ideo
1837 2335 1893 2380 et

313 2437 567 2495 admoniti
605 2415 811 2490 sumus
877 2441 1124 2501 tanquam
1191 2425 1261 2480 ab
1318 2424 1643 2492 imperatore
1691 2415 1890 2472 milites

312 2535 626 2586 exhortante
650 2533 705 2580 et
732 2523 962 2587 dicente,
997 2517 1230 2589 Vigilatc,
1260 2522 1307 2569 et
1331 2520 1504 2579 orate,
1536 2525 1600 2564 ne
1625 2506 1819 2563 intretis
1836 2504 1890 2558 in

313 2623 633 2683 totitotimem
660 2617 852 2688 (Marc.
882 2629 990 2677 xtv,
1017 2610 1133 2682 38).

383 2711 609 2770 CAPUT
646 2708 782 2765 LIX.
827 2735 898 2749 —
932 2703 1021 2760 69.
1052 2701 1200 2757 Idem
1246 2706 1491 2754 tractatur
1516 2698 1887 2766 argumentum.

311 2804 463 2876 Quod
487 2817 615 2859 vero
636 2809 817 2858 contra
848 2810 942 2854 eos
967 2795 1219 2865 disputat,
1254 2791 1343 2862 qui
1373 2788 1584 2851 dicunt,
1620 2803 1640 2837 ι
1676 2784 1743 2839 Ει
1770 2782 1891 2853 quis

312 2873 450 2955 nolit
473 2898 587 2953 sine
616 2900 831 2966 peccato
857 2903 975 2945 esse
994 2929 1009 2954 ,
1038 2887 1082 2942 si
1112 2885 1214 2940 hoe
1240 2884 1291 2937 in
1317 2879 1551 2937 hominis
1575 2887 1721 2933 esset
1746 2873 1892 2945 posi-

312 3000 426 3047 tum
454 2983 747 3059 potestate?
780 3002 799 3036 ι
830 2981 996 3037 Recte
1019 2977 1231 3049 quidem
1260 2974 1531 3043 disputat,
1562 2988 1597 3029 ,ι
1644 2968 1745 3023 hoc
1774 2967 1890 3036 ipso

311 3095 409 3139 eos
428 3057 665 3135 conﬁteri
693 3089 797 3130 non
822 3088 941 3130 esse
967 3066 1313 3140 impossibile,
1336 3064 1456 3135 quia
1478 3062 1583 3118 hoc
1602 3059 1683 3114 vel
1706 3057 1887 3122 multi,

310 3173 397 3227 vel
425 3184 610 3226 omnes
638 3168 822 3222 volunt
849 3181 863 3217 :
897 3181 917 3216 ι
950 3161 1045 3217 sed
1075 3161 1175 3214 hoc
1199 3155 1338 3213 unde
1373 3155 1444 3210 sit
1486 3150 1737 3224 possibile
1763 3163 1890 3203 cono

310 3265 544 3326 ﬁtentur,
574 3270 628 3315 et
664 3272 762 3328 pax
791 3263 893 3311 est.
923 3252 1041 3323 ipsa
1067 3256 1152 3306 est
1182 3247 1325 3304 enim
1363 3245 1529 3316 gratia
1560 3242 1653 3297 Dei
1684 3254 1780 3310 per
1803 3238 1894 3294 Je-

310 3368 430 3409 sum
472 3350 741 3406 Christum
772 3344 1052 3401 Dominum
1092 3347 1330 3394 nostrum
1357 3377 1372 3403 ,
1412 3349 1517 3406 qua
1546 3331 1764 3388 omnino
1790 3328 1892 3384 iste

311 3461 413 3502 nos
437 3449 654 3498 orantes
685 3436 920 3508 adjuvari
956 3444 1014 3491 ut
1049 3449 1155 3488 non
1188 3444 1492 3504 peccemus,
1523 3439 1781 3496 nusquam
1807 3423 1890 3478 di-

312 3550 438 3592 cere
464 3532 648 3588 voluit.
679 3527 831 3601 Quod
874 3527 919 3582 si
966 3525 1103 3580 forte
1149 3523 1376 3578 latenter
1413 3517 1611 3585 sentit,
1654 3516 1895 3586 ignoscat

315 3628 475 3682 aliter
510 3608 926 3694 suspicantibus;
970 3617 1089 3688 ipse
1121 3613 1264 3671 enim
1299 3613 1401 3667 hoc
1437 3610 1597 3677 facit,
1640 3607 1729 3679 qui
1772 3621 1892 3662 cum

314 3727 518 3774 tantam
547 3714 615 3769 de
641 3712 740 3768 hac
769 3725 829 3766 re
866 3709 1096 3779 patiatur
1132 3704 1407 3769 invidiam,
1439 3700 1637 3756 sentire
1663 3698 1715 3754 id
1737 3697 1849 3753 vult
1873 3738 1889 3763 ,

314 3818 371 3864 et
397 3805 639 3862 confiteri
665 3801 747 3858 vel
780 3799 1015 3872 proﬁteri
1039 3813 1145 3854 non
1174 3795 1307 3850 vult.
1336 3792 1474 3865 Quid
1504 3798 1620 3847 erat
1645 3804 1893 3860 magnum

314 3908 375 3953 ut
422 3898 524 3951 hoc
560 3894 795 3957 diceret,
839 3904 961 3946 cum
1016 3885 1312 3959 praesertim
1351 3881 1453 3938 sibi
1504 3881 1606 3936 hoc
1642 3887 1895 3949 tanquam

314 4004 383 4044 ex
415 3998 639 4057 persona
668 3981 1092 4037 adversariorum
1118 3975 1420 4047 oppositum
1448 3979 1675 4027 tractare
1695 3978 1748 4025 et
1772 3983 1900 4039 ape-

316 4086 427 4134 rire
463 4072 791 4144 susceperit?
829 4071 939 4127 Cur
984 4069 1093 4124 illic
1133 4067 1301 4122 solam
1339 4072 1582 4120 naturam
1613 4059 1898 4117 defendere

315 4167 501 4231 Voluit,
533 4173 589 4220 et
615 4163 737 4235 quia
766 4166 926 4218 homo
968 4159 1041 4214 ita
1087 4165 1300 4214 creatus
1326 4163 1429 4221 εει,
1462 4161 1519 4208 ιιι
1544 4166 1649 4207 non
1680 4164 1899 4220 peccare

316 4264 533 4327 posset,
586 4254 631 4308 si
678 4264 899 4322 peccare
946 4249 1225 4315 noluisset,
1265 4244 1526 4309 asseruit,
1570 4256 1635 4297 ac
1673 4255 1773 4313 per
1798 4239 1901 4294 hoc

318 4344 463 4417 qu0d
492 4344 563 4398 ita
588 4351 793 4397 creatus
823 4348 939 4406 est,
970 4352 1089 4395 eam
1123 4333 1529 4407 possibilitatem
1571 4329 1638 4385 ad
1677 4329 1900 4401 gratiam

323 4436 422 4491 Dei
468 4434 731 4505 pertinere
774 4429 1038 4494 definivit,
1076 4441 1179 4498 qua
1222 4423 1576 4497 possibilitate
1599 4422 1645 4477 si
1672 4419 1904 4475 noluerit

324 4541 565 4598 peccare,
597 4537 701 4578 non
729 4528 948 4592 peccat;
978 4529 1035 4593 et
1070 4518 1240 4574 noluit
1268 4514 1468 4587 aliquid
1504 4513 1681 4569 dicere
1708 4509 1774 4566 de
1802 4525 1900 4576 eo,

320 4615 464 4690 quod
508 4615 619 4685 ipsa
675 4621 862 4667 natura
910 4609 1077 4680 gratia
1122 4607 1217 4663 Dei
1261 4620 1355 4675 per
1396 4604 1579 4660 Jesum
1629 4599 1901 4657 Christum

328 4689 604 4759 Dominum
635 4710 874 4757 nostrum
910 4698 993 4755 vel
1028 4705 1243 4753 sanatur
1266 4695 1389 4769 quia
1427 4694 1609 4748 vitiata
1646 4698 1766 4758 est,
1820 4689 1904 4744 vei

325 4799 449 4870 quia
474 4796 574 4852 sibi
601 4806 705 4850 non
728 4793 922 4855 sufﬁcit
945 4789 1260 4863 adjuvetur?

397 4887 622 4945 CAPUT
642 4885 918 4942 [ιιι-το.
941 4883 1019 4938 An
1044 4881 1227 4952 aliquis
1246 4879 1342 4933 hac
1368 4879 1421 4932 in
1438 4878 1538 4931 uita
1558 4876 1667 4933 sine
1683 4872 1903 4945 p‘cccato.

330 4982 517 5040 Utrum
544 4981 686 5036 enim
711 4978 763 5033 in
792 4977 895 5033 hoc
918 4975 1115 5031 saeculo
1145 4972 1337 5036 fuerit,
1366 4970 1448 5025 vel
1476 4969 1578 5032 sit,
1609 4967 1696 5022 vel
1739 4963 1910 5035 possit

328 5090 449 5131 esse
473 5070 664 5144 aliquis
688 5071 758 5125 ita
780 5070 923 5141 juste
940 5067 1148 5131 vivens,
1166 5072 1226 5120 ut
1244 5062 1446 5118 nullum
1471 5058 1663 5114 habeat
1688 5054 1909 5111 omnino

330 5172 628 5236 peccatum,
647 5169 821 5233 potest
840 5173 961 5215 esse
981 5156 1157 5227 aliqua
1178 5153 1401 5226 quaestio
1420 5151 1562 5207 inter
1583 5161 1742 5205 veros
1768 5146 1907 5217 pios-
1932 5148 1937 5149 ’

332 5273 437 5329 quc
459 5254 788 5312 Christianos
816 5271 829 5307 :
857 5265 1014 5324 posse
1039 5258 1214 5304 tamen
1243 5260 1368 5303 esse
1416 5252 1565 5300 certe
1609 5249 1732 5312 post
1771 5238 1911 5293 hanc

331 5351 496 5403 vitam
521 5344 760 5417 quisquis
784 5342 1005 5414 ambigit
1025 5382 1040 5407 ,
1060 5338 1278 5411 desipit.
1304 5336 1411 5393 Sed
1436 5350 1536 5406 ego
1580 5347 1681 5388 nec
1717 5330 1785 5387 de
1810 5330 1908 5385 ista

332 5442 437 5495 vita
464 5438 582 5493 volo
605 5426 948 5492 contendere.
994 5432 1304 5501 Quanquam
1350 5427 1492 5483 enim
1530 5422 1663 5480 mihi
1689 5436 1797 5477 non
1827 5419 1908 5473 vi-

331 5534 521 5589 deatur
545 5531 698 5585 aliter
723 5524 1123 5597 intelligendum
1162 5520 1305 5595 quod
1348 5519 1602 5590 scriptum
1647 5521 1758 5580 est,
1789 5510 1911 5566 Non

326 5623 685 5700 iusti/icabitur
693 5621 745 5675 in
758 5626 1023 5690 conspectu
1034 5625 1119 5670 tuo
1130 5613 1293 5670 omnis
1308 5613 1468 5668 uiuens
1481 5607 1633 5682 (Psal
1644 5620 1723 5661 .cx
1732 5601 1882 5671 Ltt,2)
1892 5641 1909 5666 ,

331 5694 387 5773 et
408 5694 461 5773 si
486 5730 589 5787 qua
613 5712 803 5769 similia
839 5727 853 5765 :
884 5708 1081 5764 utinam
1113 5716 1291 5762 tamen
1310 5705 1325 5735 ‘
1360 5702 1525 5773 possit
1552 5695 1793 5762 ostendi,
1829 5694 1912 5749 vel

393 5833 411 5865 ⁸
447 5829 583 5890 miti,
608 5831 658 5875 ut
680 5826 855 5876 tam.
880 5819 1198 5871 Emendantur
1224 5829 1284 5867 ex
1310 5823 1413 5867 Mss.

1729 397 1925 454 LIBER
1969 396 2164 454 L’NUS.

3476 401 3582 459 281

2008 514 2121 569 hmc
2150 514 2447 570 testimonia
2478 517 2667 572 melius
2695 518 2848 573 aliter
2873 518 3089 587 intelligi
3117 534 3307 590 posse,
3339 519 3421 574 vel
3454 533 3577 589 per-

2003 602 2194 658 fectam
2223 602 2534 674 plenamque
2555 605 2812 675 justitiam
2835 606 2918 661 cui
2945 622 3162 676 prorsus
3204 606 3334 662 nihil
3372 606 3578 663 adden-

2000 693 2124 750 dum
2153 697 2221 750 sit
2240 736 2254 760 ,
2278 704 2330 749 et
2347 694 2458 750 heri
2490 697 2652 752 fuisse
2675 698 2726 751 in
2756 697 2961 768 aliquo,
2993 697 3119 752 dum
3146 699 3200 752 in
3223 698 3323 752 isto
3349 712 3579 767 corpore

1999 787 2230 853 viveret,
2256 797 2309 841 et
2351 786 2509 843 hodie
2537 803 2687 852 esse,
2720 798 2772 865 et
2801 802 2919 842 cras
2949 787 3215 852 futuram;
3246 786 3372 842 dum
3395 797 3572 842 tamen

2000 876 2156 946 longe
2184 876 2360 947 plures
2381 877 2517 944 sint,
2537 877 2624 949 qui
2650 893 2769 933 cum
2800 876 2897 933 sibi
2923 891 3090 947 usque
3117 876 3182 931 ad
3211 876 3455 931 ultimum
3493 876 3573 928 vi-

2000 975 2068 1021 ta:
2088 967 2412 1037 hujus'diem
2445 969 2800 1023 necessarium
2829 985 2946 1024 esse
2977 984 3080 1023 non
3102 969 3375 1032 dubitent,
3402 978 3459 1022 ut
3484 982 3575 1022 ve-

1999 1057 2385 1114 raciterdicant
2403 1100 2417 1124 ,
2448 1059 2653 1114 Dimitte
2682 1060 2822 1115 nobis
2846 1060 3009 1114 debita
3044 1070 3243 1125 nostra,
3270 1060 3399 1114 sicut
3419 1069 3465 1112 et
3486 1075 3577 1112 nos

1998 1147 2293 1202 dimittimus
2335 1150 2635 1205 debitoribus
2668 1135 2849 1205 nostris
2887 1135 3100 1220 (.llattlt.
3140 1165 3216 1216 γι,
3265 1150 3375 1220 12);
3423 1162 3574 1217 spem

1998 1254 2147 1293 suam
2179 1249 2352 1295 tamen
2377 1240 2428 1295 in
2460 1240 2672 1296 Christo
2715 1250 2874 1312 atque
2918 1242 2971 1296 in
2997 1242 3111 1311 ejus
3137 1241 3577 1312 promissiouibus

1999 1345 2175 1384 veram
2195 1371 2211 1397 ,
2239 1338 2435 1386 certam
2457 1372 2472 1397 ,
2501 1331 2707 1387 ﬁrmam
2729 1347 2849 1388 esse
2870 1331 3155 1387 confidant.
3186 1331 3345 1386 Nullo
3389 1340 3566 1385 tamen

1997 1423 2158 1478 modo
2183 1424 2283 1479 nisi
2306 1422 2588 1494 adjuvante
2613 1426 2778 1496 gratia
2809 1424 3293 1480 salvatorisChristi
3315 1421 3576 1491 cruciﬁxi,

1996 1523 2051 1569 et
2076 1513 2221 1569 dono
2270 1514 2498 1584 Spiritus
2519 1515 2636 1584 ejus
2655 1557 2671 1582 ,
2702 1515 2785 1570 vel
2830 1515 3095 1585 quoslibet
3121 1515 3187 1569 ad
3215 1515 3575 1584 plenissimam

1996 1604 2372 1674 perfectionem
2390 1647 2404 1671 ,
2434 1605 2516 1660 vel
2543 1620 2862 1676 quemquam
2892 1605 2958 1659 ad
2988 1605 3430 1675 qualemcumque
3445 1618 3572 1674 pro-

1996 1704 2210 1749 vectum
2235 1709 2380 1750 verae
2427 1694 2632 1764 piaeque
2673 1694 2891 1765 justitiae
2921 1695 3228 1764 pervenire,
3277 1694 3367 1763 qui
3410 1694 3574 1763 nega-

1995 1785 2167 1840 verint
2184 1825 2199 1851 ,
2240 1781 2418 1839 nescio
2445 1793 2619 1838 utrum
2637 1791 2780 1838 recte
2807 1784 3010 1853 possint
3036 1785 3085 1838 in
3108 1783 3574 1854 qualiumcumque

1995 1875 2416 1932 Christianorum
2439 1890 2661 1931 numero
2690 1875 2950 1946 deputari.

2065 1965 2291 2022 CAPUT
2307 1965 2442 2021 LXI.
2467 1996 2539 2006 —
2559 1966 2616 2019 7i
2633 2005 2645 2017 .
2666 1964 2953 2036 Respondet
2979 1964 3046 2018 ad
3070 1962 3432 2019 catholicorum
3447 1965 3574 2019 srri-

1993 2065 2194 2128 ptorum
2245 2056 2526 2111 testimonia
2572 2071 2686 2127 qua:
2736 2054 2977 2127 Pelagius
3021 2071 3113 2126 pro
3159 2071 3212 2110 se
3253 2055 3572 2126 protulerat:

1991 2146 2263 2209 Lactantii,
2299 2145 2509 2211 Hilarii,
2539 2145 2787 2199 Ambrosii
2816 2154 2862 2198 et
2884 2143 3202 2214 Hieronymi.
3245 2146 3320 2198 Ac
3345 2158 3441 2214 per
3468 2144 3569 2198 hoc
3600 2164 3605 2171 ·

1992 2248 2045 2293 et
2071 2253 2131 2292 ea
2164 2237 2485 2304 testimonia,
2513 2252 2631 2308 quae
2658 2251 2764 2291 non
2802 2235 3017 2307 quidem
3046 2236 3114 2291 de
3152 2235 3445 2305 Scripturis
3473 2250 3568 2290 ca-

1993 2328 2217 2392 nonicis,
2246 2327 2339 2383 sed
2380 2327 2449 2383 de
2489 2326 2801 2397 quibusdam
2818 2325 3198 2381 catholicorum
3227 2334 3568 2380 tractatorum

1991 2417 2259 2487 upusculis
2285 2416 2477 2486 posuit,
2514 2417 2702 2471 volens
2731 2432 3012 2472 occurrere
3037 2416 3100 2470 iis
3128 2416 3215 2485 qui
3243 2431 3364 2470 eum
3397 2416 3566 2469 solum

1991 2509 2232 2565 dicerent
2272 2510 2371 2565 ista
2409 2507 2730 2573 defendere,
2775 2509 2845 2564 ita
2885 2518 3009 2563 sunt
3046 2507 3253 2571 media,
3299 2514 3356 2561 nt
3403 2521 3576 2576 neque

1991 2609 2176 2654 contra
2211 2607 2449 2654 nostram
2479 2599 2796 2654 sententiam
2823 2598 2949 2663 sint,
2973 2612 3143 2669 neque
3170 2607 3351 2651 contra
3382 2596 3568 2665 ipsius.

1992 2690 2047 2745 lu
2077 2690 2268 2761 quibus
2293 2690 2452 2746 etiam
2479 2688 2720 2745 nonnihil
2769 2688 2837 2743 de
2881 2688 3031 2743 libris
3071 2687 3204 2742 meis
3234 2687 3601 2755 interponere-

1990 2784 2193 2850 voluit,
2225 2798 2313 2837 me
2341 2796 2553 2853 quoque
2597 2781 2824 2851 aliquem
2851 2780 3111 2850 deputans
3134 2819 3149 2845 ,
3182 2778 3269 2848 qui
3301 2793 3423 2832 cum
3466 2776 3573 2832 illis

1991 2876 2400 2932 commemorari
2443 2876 2637 2945 dignus
2679 2872 2909 2927 viderer.
2962 2870 3115 2927 Unde
3165 2870 3400 2938 ingratus
3453 2884 3572 2923 esse

1991 2985 2097 3024 non
2127 2968 2299 3024 debeo
2318 3011 2333 3035 ,
2355 2978 2404 3023 et
2433 2966 2776 3023 familiariora
2803 2966 2995 3020 affectu
3025 2963 3188 3018 nolim
3211 2972 3270 3016 ιιι
3294 2970 3457 3024 erret,
3481 2963 3570 3031 qui

1992 3059 2133 3115 hunc
2163 3059 2293 3114 mihi
2319 3059 2508 3114 detulit
2536 3057 2815 3112 honorem.
2849 3056 3023 3111 Prima
3052 3055 3193 3110 enim
3225 3068 3342 3121 qua:
3374 3051 3569 3120 posuit,

1992 3152 2115 3226 quia
2141 3166 2334 3206 nomen
2363 3149 2477 3221 ejus
2525 3150 2616 3220 qui
2663 3163 2726 3204 ea
2755 3146 2888 3203 dixit
2916 3147 2990 3219 (a)
3013 3187 3028 3213 ,
3061 3160 3166 3199 non
3196 3144 3264 3199 ibi
3298 3143 3419 3213 legi,
3458 3142 3571 3196 sive

1992 3245 2112 3316 quia
2143 3244 2230 3299 ille
2252 3257 2358 3297 non
2387 3240 2632 3311 scripsit,
2661 3238 2774 3293 sive
2797 3238 2916 3308 quia
2954 3235 3124 3292 codex
3148 3248 3304 3304 quem
3326 3231 3566 3295 misistis,

1993 3338 2047 3396 id
2075 3338 2249 3407 aliqua
2274 3334 2412 3390 forte
2439 3332 2789 3388 mendositate
2826 3344 2932 3386 non
2978 3328 3196 3390 habuit,
3246 3332 3572 3396 pertractare

1993 3428 2120 3503 quid
2146 3443 2280 3499 opus
2298 3426 2417 3482 est?
2456 3423 2682 3480 Maxime
2710 3423 2962 3493 quoniam
3007 3432 3123 3482 me,
3167 3417 3221 3471 in
3268 3412 3573 3492 hujusmodi

1994 3517 2353 3592 quorumlibet
2377 3514 2651 3569 hominum
2675 3512 2891 3581 scriptis
2917 3509 3143 3565 liberum
3176 3506 3316 3580 (quia
3339 3505 3467 3559 solis
3487 3517 3576 3557 ca-

1997 3611 2203 3669 nonicis
2230 3609 2401 3666 debeo
2422 3607 2541 3663 sine
2567 3606 2672 3660 ulla
2702 3602 3034 3659 recusatione
3053 3595 3419 3667 consensum),
3443 3592 3575 3649 nihil

1997 3715 2178 3763 movet
2205 3707 2221 3739 ²
2252 3702 2393 3776 quod
2427 3701 2494 3757 de
2523 3700 2664 3756 illius
2687 3695 2899 3768 scriptis
2920 3735 2937 3762 ,
2967 3693 3117 3765 cujus
3142 3705 3335 3746 nomen
3367 3703 3471 3743 non
3502 3685 3576 3740 ibi
3660 3728 3666 3735 .

1997 3797 2173 3853 inveni
2198 3836 2214 3861 ,
2242 3795 2329 3850 ille
2356 3791 2567 3865 posuit:
2596 3808 2616 3843 ι
2652 3786 2899 3859 Oportuit
2927 3784 3239 3854 magistrum
3272 3779 3576 3835 doctorem-

1999 3904 2104 3961 que
2129 3885 2382 3942 virtutis'
2427 3881 2629 3938 homini
2657 3878 2985 3935 simillimum
3019 3874 3157 3940 ﬁeri,
3214 3879 3273 3927 ut
3313 3867 3579 3925 vincendo

2000 3986 2275 4052 peccatum
2302 3975 2490 4030 doceat
2512 3972 2784 4028 hominem
2816 3969 3027 4022 vincere
3052 3978 3208 4035 posse
3247 3970 3520 4032 peccatum
3554 3977 3574 4012 ι

2002 4069 2319 4142 (Lactantius
2339 4064 2724 4121 Institutionum
2748 4061 2837 4116 lib.
2882 4060 2938 4125 ι,
2971 4074 3122 4127 capp.
3152 4056 3243 4119 24,
3267 4054 3385 4123 25).
3437 4052 3583 4121 Quo-

2004 4160 2163 4217 modo
2190 4158 2330 4214 enim
2367 4156 2565 4212 dictum
2593 4155 2662 4208 sit
2686 4195 2701 4220 ,
2732 4161 2917 4207 auctor
2944 4148 3101 4217 hujus
3127 4144 3404 4202 sententia:
3429 4143 3582 4197 vide-

2002 4250 2074 4306 rit
2097 4248 2322 4319 qualiter
2351 4233 2522 4315 possit
2538 4255 2807 4312 exponere
2838 4256 2852 4292 :
2879 4237 3004 4294 dum
3035 4246 3212 4292 tamen
3238 4248 3338 4289 nos
3364 4233 3582 4288 minime

2002 4340 2331 4403 dubitemus,
2361 4344 2637 4406 peccatum
2676 4330 2953 4388 Christum
2983 4328 3035 4383 in
3076 4342 3135 4383 se
3174 4342 3279 4382 non
3332 4324 3585 4379 habuisse

2005 4431 2147 4505 quod
2171 4429 2427 4491 vinceret,
2479 4427 2567 4497 qui
2616 4434 2771 4480 natus
2798 4432 2882 4479 est
2933 4422 2985 4476 in
3032 4419 3375 4488 similitudine
3408 4416 3587 4473 carnis

2007 4522 2208 4596 peccati
2232 4562 2247 4588 ,
2277 4535 2381 4576 non
2411 4520 2463 4574 in
2491 4533 2651 4573 carne
2670 4514 2895 4588 peccati.
2928 4512 3086 4569 Aliud
3121 4510 3363 4581 ejusdem
3385 4510 3455 4564 ita
3484 4522 3586 4578 po-

2007 4614 2113 4672 suit
2142 4630 2156 4667 :
2189 4631 2209 4665 (
2243 4612 2309 4666 Et
2328 4611 2543 4676 iterum,
2576 4617 2634 4663 ut
2658 4606 2935 4663 desideriis
2960 4607 3141 4660 carnis
3175 4600 3446 4663 edomitis,
3488 4597 3585 4652 do-

2008 4712 2154 4761 ceret
2178 4718 2283 4757 non
2304 4699 2638 4757 necessitatis
2661 4712 2780 4755 esse
2819 4709 3041 4766 peccare
3059 4736 3074 4760 ,
3107 4692 3201 4748 sed
3242 4688 3495 4760 propositi
3524 4701 3588 4741 ac

2009 4794 2297 4853 voluntatis
2323 4790 2365 4845 ³.
2393 4809 2413 4845 ι
2438 4790 2550 4862 Ego
2569 4787 2833 4845 desideria
2855 4786 3032 4841 carnis
3057 4785 3125 4855 (si
3155 4797 3260 4838 non
3285 4780 3584 4836 illicitarum

2010 4882 2557 4956 concupiscentiarnm
2593 4881 2679 4935 hic
2707 4876 2976 4950 dicuntur)
3027 4875 3262 4944 accipio,
3308 4871 3464 4928 sicuti
3508 4878 3592 4925 est

2013 4979 2179 5034 fames
2199 5018 2214 5043 ,
2244 4974 2362 5029 sitis
2383 5014 2398 5041 ,
2428 4970 2649 5028 refectio
2690 4965 3039 5032 lassitudinis,
3064 4973 3122 5020 et
3159 4964 3202 5019 si
3248 4962 3373 5034 quid
3400 4961 3590 5031 hujus-

2012 5067 2157 5127 modi
2204 5073 2306 5122 eet.
2353 5064 2455 5119 Per
2499 5063 2617 5121 haec
2655 5059 2796 5115 enim
2826 5056 3063 5129 quidam,
3115 5053 3356 5126 quamvis
3384 5067 3446 5108 ea
3483 5051 3593 5107 sint

2014 5156 2372 5230 inculpabilia,
2424 5156 2479 5209 in
2525 5144 2711 5222 culpas
2754 5148 3039 5214 decidunt;
3073 5145 3212 5217 quod
3252 5144 3320 5200 ab
3348 5143 3437 5199 illo
3478 5141 3585 5198 Saf-

2013 5262 2199 5309 vatore
2245 5247 2446 5336 abfuit,
2507 5241 2717 5301 etiamsi
2768 5240 2886 5296 haec
2943 5238 2996 5295 in
3050 5251 3117 5293 eo
3162 5236 3326 5292 fuisse
3375 5242 3594 5306 propter

2081 5477 2097 5509 ί
2117 5482 2182 5526 tta
2204 5469 2487 5523 sorbonieus
2507 5462 2875 5527 manusa'iptus.
2889 5465 2943 5511 ιι
2958 5463 3143 5509 sum.
3159 5463 3212 5507 et
3226 5432 3358 5514 Lam,
3372 5461 3467 5501 non
3481 5447 3602 5500 nimi

2017 5545 2271 5653 ηκζυιεἑξέιίιᾱ,
2294 5589 2537 5653 virtutum.
2561 5594 2617 5638 At
2637 5593 2767 5645 uss,
2788 5580 2994 5653 virtutis.

2083 5661 2105 5693 ι
2136 5633 2856 5714 Χῶῗὶὲῗὲῖ’ᾗιίὶὲέὲίιζεῖ,ἐὲά
2879 5633 3092 5707 mp...-
3112 5633 3377 5717 mm...
3499 5707 3526 5717 ﬂ
3566 5707 3573 5715 ι

2081 5712 2450 5866 (adamantina;
2494 5733 2536 5781 is
2558 5739 2665 5791 est,
2714 5741 2775 5779 ex
2810 5739 2907 5790 quo
2932 5718 3205 5771 testimonia
3242 5716 3391 5779 prima
3428 5712 3603 5771 petivit

2020 5811 2082 5853 t‘e
2168 5812 2259 5849 tus.
