4202 6528
623 449 727 502 933

623 547 1024 619 similitudinem
1049 553 1224 612 carnis
1265 548 1492 622 peccati,
1528 543 1816 616 Evangelia
1858 549 1993 596 teste
2023 536 2204 592 videa-

683 667 763 706 ns.

695 739 924 798 CAPUT
979 735 1137 794 LXII.
1162 765 1234 776 —
1254 733 1342 790 72.
1370 729 1565 786 Facere
1591 735 1637 782 et
1675 725 1914 798 perﬁcere
1929 720 2204 795 justitiam.

652 841 819 892 :eatus
845 848 971 888 vero
997 830 1228 886 Hilarius
1248 869 1264 894 ,
1295 824 1446 894 cujus
1467 815 1632 878 verba
1653 819 1770 873 ιιωο
1797 815 2003 887 posuit,
2041 831 2060 864 ‹
2094 811 2208 866 Non

627 928 772 980 etum
804 923 905 981 nisi
931 905 1144 990 'spiritu
1193 913 1412 990 perfecti
1453 921 1508 970 et
1552 903 2208 966 immortalitatemutati,

627 1013 770 1085 quod
796 1012 925 1066 solis
945 1009 1154 1079 mundis
1178 1005 1341 1064 corde
1369 1003 1684 1074 dispositum
1711 1008 1826 1060 est,
1857 995 1958 1050 huc
1987 993 2128 1066 quod
2157 995 2212 1047 in

633 1106 744 1160 Dco
759 1115 840 1158 est
859 1101 1156 1158 immortale
1172 1112 1454 1156 cernemus
1480 1113 1499 1148 ι
1527 1091 1784 1166 (Hilarius
1797 1090 1850 1143 in
1873 1087 2002 1142 illud
2019 1085 2208 1140 Matth.

626 1211 683 1259 v,
727 1193 876 1248 Beati
917 1192 1104 1247 mundo
1130 1190 1336 1262 corde);
1392 1187 1520 1259 quid
1561 1185 1756 1242 dixerit
1783 1190 1969 1238 contra
1992 1177 2043 1234 id
2070 1177 2211 1250 quod

627 1287 893 1352 dicimus,
924 1285 1006 1340 vel
1051 1282 1177 1354 quid
1225 1283 1383 1336 istum
1427 1277 1662 1350 adjuvet,
1695 1271 1906 1336 nescio,
1949 1271 2050 1326 nisi
2091 1269 2214 1340 quia

629 1393 786 1446 posse
812 1392 930 1433 esse
957 1375 1228 1432 hominem
1255 1371 1452 1428 mundo
1476 1368 1640 1450 corde
1676 1373 1901 1422 testatus
1931 1372 2032 1420 est.
2062 1359 2214 1450 Quod

629 1469 749 1538 quis
775 1465 1082 1538 uegat?sed
1107 1464 1274 1535 gratia
1305 1462 1396 1518 Dei
1417 1476 1510 1531 per
1529 1458 1711 1514 Jesum
1739 1453 2006 1512 Christum
2039 1449 2214 1506 Domi-

630 1573 755 1612 num
787 1566 1046 1617 nostrum,
1081 1571 1185 1610 non
1226 1553 1337 1608 sola
1381 1547 1587 1606 arbitrii
1618 1547 1886 1602 libertate.
1909 1541 2042 1599 Item
2073 1538 2215 1611 quod

630 1666 754 1706 eum
779 1649 978 1706 dixisse
1003 1652 1424 1710 commemorat,
1471 1659 1491 1694 ‹
1529 1640 1670 1710 Quas
1695 1637 1798 1694 Job
1833 1636 2039 1691 litteras
2066 1633 2214 1704 lege-

631 1752 734 1808 l‘al,
759 1749 816 1796 ut
839 1740 1132 1796 abstineret
1168 1751 1228 1792 se
1251 1736 1318 1790 ah
1339 1733 1484 1791 omni
1516 1746 1576 1788 re
1601 1729 1864 1799 maligna;
1895 1725 2018 1798 quia
2047 1723 2214 1778 Deum

631 1833 743 1887 snia
766 1841 944 1887 mente
968 1830 1112 1886 vitiis
1139 1843 1244 1883 non
1266 1825 1506 1881 admixta
1535 1811 1909 1882 venerabatur,
1936 1817 2100 1870 Deum
2123 1829 2218 1868 an-

631 1923 960 1978 tenncolere
996 1920 1219 1990 justitite
1259 1917 1531 1989 proprium
1579 1913 1812 1970 ot'iicium
1866 1917 1950 1965 est
1978 1927 1990 1963 :
2023 1927 2042 1960 ι
2091 1905 2216 1976 quid

631 2013 848 2069 fecisset
871 2011 972 2068 Job
995 2011 1148 2078 dixit,
1178 2023 1283 2064 non
1311 2007 1437 2079 quid
1467 2008 1519 2062 in
1541 2005 1641 2060 hoc
1661 2001 1858 2058 smculo
1883 1999 2214 2071 perfecisset,

630 2104 866 2160 autsine
893 2104 1061 2175 gratia
1103 2103 1397 2160 Salvatoris
1418 2142 1434 2168 ,
1471 2115 1627 2169 quem
1671 2097 1829 2152 etiam
1861 2093 2217 2164 prophetavit,

631 2196 716 2250 vel
742 2193 954 2251 fecisset
973 2195 1055 2250 vel
1081 2193 1413 2266 perfecisset.
1453 2191 1698 2246 Abstinet
1724 2189 1866 2244 enim
1895 2201 1953 2242 se
1978 2186 2044 2240 ab
2071 2184 2218 2238 omni

632 2302 693 2341 re
714 2285 888 2352 mala,
915 2285 1074 2340 etiam
1101 2285 1191 2356 qui
1237 2283 1398 2338 habet
1424 2290 1720 2352 peccatum,
1771 2276 1911 2347 quod
1949 2277 2002 2330 in
2030 2289 2089 2330 se
2126 2287 2216 2329 re-

635 2393 800 2448 gnare
829 2391 935 2432 non
957 2377 1116 2444 sinit,
1147 2376 1233 2432 cui
1274 2373 1516 2444 subrepit
1554 2369 1898 2441 improbanda
1933 2363 2218 2437 Cogitatio,

633 2482 795 2536 quam
825 2467 1106 2537 pervenire
1135 2466 1200 2522 ad
1241 2465 1401 2520 finem
1431 2462 1608 2533 Operis
1641 2468 1746 2517 non
1793 2459 2072 2530 permittit.
2111 2455 2220 2513 Sed

633 2556 776 2619 aliud
808 2565 891 2613 est
915 2572 1020 2612 non
1044 2555 1239 2612 habere
1270 2563 1564 2625 peceatum,
1592 2551 1734 2608 aliud
1763 2566 1868 2604 non
1894 2547 2111 2604 obedire
2129 2547 2220 2603 de-

634 2646 848 2704 sideriis
873 2648 1010 2720 ejus.
1037 2646 1198 2703 Aliud
1222 2655 1306 2702 est
1335 2647 1558 2716 irnplcre
1585 2643 1726 2714 quod
1745 2650 2068 2714 prmecptum
2093 2649 2175 2696 est
2199 2681 2216 2708 ,

637 2734 764 2792 Non
815 2739 1137 2807 concupisces
1188 2735 1383 2810 (Exod.
1429 2751 1533 2802 xx,
1575 2735 1700 2804 i7);
1750 2741 1806 2789 et
1845 2731 1985 2788 aliud
2015 2739 2098 2786 est
2125 2746 2222 2800 per

540 2843 552 2855 ·
636 2827 920 2897 quemdam
947 2828 1282 2884 abstinentia:
1309 2834 1558 2907 conatum
1581 2825 1770 2880 saltem
1799 2823 1850 2879 id
1892 2839 2051 2895 agere
2081 2822 2224 2894 quod

637 2917 766 2971 item
797 2917 1051 2986 scriptum
1094 2927 1199 2984 est,
1233 2915 1358 2972 Post
1401 2913 1830 2987 concupiscentias
1861 2923 1972 2968 tuas
2013 2929 2116 2966 non
2141 2928 2226 2968 eas

593 3029 602 3032 ί
641 3004 828 3074 (Eccli.
859 3023 1009 3074 xvut,
1035 3005 1126 3081 50)
1159 3025 1172 3060 :
1198 3007 1330 3062 nihil
1361 3011 1554 3062 horum
1606 3016 1781 3060 tamen
1823 3003 1962 3058 scire
1993 3019 2051 3058 se
2081 3012 2228 3058 recte

644 3113 806 3168 posse
825 3101 940 3154 sine
956 3100 1123 3170 gratia
1145 3099 1453 3154 Salvatoris.
1477 3098 1676 3152 Facere
1699 3104 1782 3152 est
1801 3093 2225 3166 ergojnstitiam,

635 3191 696 3246 in
722 3205 850 3248 vero
882 3191 972 3247 Dei
999 3192 1144 3246 cultu
1187 3206 1312 3262 cum
1343 3191 1554 3246 interno
1595 3185 2038 3256 concupiscentia:
2083 3184 2228 3239 malo

644 3283 855 3340 interna
913 3282 1308 3338 conﬂictatione
1375 3295 1658 3352 pugnare:
1689 3279 1950 3350 perlicere
2001 3285 2178 3332 autem
2209 3317 2225 3344 ,

644 3377 865 3438 omnino
909 3376 1272 3433 adversarium
1310 3390 1416 3430 non
1458 3373 1674 3431 habere.
1714 3370 1846 3431 Nam
1877 3370 1965 3439 qui
1998 3377 2224 3441 pugnat,

644 3480 699 3521 et
727 3467 900 3525 adhuc
929 3467 1276 3538 periclitatur,
1305 3474 1362 3521 et
1385 3463 1670 3536 aliquando
1707 3461 2026 3533 percutitur,
2067 3461 2228 3516 etiam

643 3560 686 3618 si
721 3573 824 3614 non
853 3559 1142 3614 sternitur:
1172 3557 1263 3628 qui
1297 3565 1474 3612 autem
1518 3570 1627 3612 non
1657 3553 1817 3612 habet
1841 3551 2228 3615 adversarium,

522 3683 547 3714 -_
571 3706 578 3712 ,
646 3651 801 3720 plena
825 3665 954 3720 pace
981 3650 1208 3705 lmtatur.
1240 3647 1308 3703 Et
1327 3647 1341 3701 i
1348 3664 1440 3718 pse
1453 3661 1577 3702 esse
1589 3645 1706 3701 sine
1723 3653 1938 3715 peccato
1955 3637 2231 3700 verissime

649 3742 858 3806 dicitur,
889 3742 942 3796 in
973 3756 1078 3811 quo
1098 3739 1301 3796 nttllum
1325 3737 1524 3792 habitat
1549 3745 1826 3805 peccatum
1847 3749 1862 3800 ;
1883 3747 1988 3787 non
2020 3731 2108 3801 qui
2136 3746 2233 3802 per

645 3831 1024 3888 abstinentiam
1054 3831 1177 3884 mali
1201 3828 1379 3898 operis
1410 3827 1563 3894 dicit,
1580 3825 1702 3880 1am
1721 3841 1821 3878 non
1847 3839 1936 3894 ego
1955 3837 2136 3892 operor
2162 3821 2230 3875 il-

647 3920 759 3988 lud,
780 3921 870 3975 sed
897 3921 952 3974 id
973 3919 1178 3991 quodin
1203 3935 1281 3972 me
1300 3918 1490 3978 habitat
1516 3925 1771 3986 peccatum
1789 3913 1966 3988 (Rom.
1993 3929 2086 3977 vn,
2111 3909 2230 3983 20).

721 4013 809 4066 75.
837 4010 970 4067 Nam
995 4019 1050 4066 et
1076 4011 1193 4081 ipse
1217 4009 1320 4068 Job
1355 4008 1424 4064 de
1459 4007 1692 4079 peccatis
1716 4007 1826 4085 suis
1854 4021 1958 4060 non
1989 4013 2149 4071 tacet,
2179 4013 2236 4064 et

649 4105 834 4174 utique
863 4103 987 4158 huic
1026 4101 1200 4156 amico
1239 4101 1453 4156 vestro‘
1481 4101 1675 4157 merito
1715 4098 1918 4167 placet,
1959 4097 2233 4154 humilita-

627 4191 756 4250 'tem
785 4195 931 4252 nullo
957 4193 1116 4249 modo
1155 4193 1206 4248 in
1241 4192 1494 4248 falsitatis
1537 4199 1686 4263 parte
1715 4190 2016 4262 ponendam
2047 4207 2060 4244 :
2091 4190 2234 4255 unde

649 4287 703 4342 id
742 4285 883 4357 quod
911 4285 1014 4342 Job
1051 4285 1356 4348 conﬁtetur,
1402 4285 1526 4355 quia
1577 4299 1738 4339 verax
1767 4283 1858 4337 Dei
1899 4283 2072 4338 cultor
2116 4291 2232 4352 est,

651 4376 1023 4446 proculdubio
1072 4375 1336 4432 veraciter
1376 4376 1679 4431 conﬁtetur.
1728 4374 1798 4430 Et
1843 4373 1962 4446 ipse
2007 4373 2236 4430 Hilarius

651 4484 774 4524 cum
804 4468 980 4524 locum
1007 4469 1201 4524 Psalmi
1223 4477 1532 4540 exponeret,
1555 4467 1644 4524 ubi
1669 4467 1926 4538 scriptum
1953 4477 2054 4532 est,
2077 4467 2236 4538 Spre-

652 4561 772 4616 visti
796 4577 968 4618 omnes
987 4560 1295 4620 discedam:
1319 4577 1350 4616 a
1365 4559 1818 4632 justiﬁcatiouibus
1835 4560 1958 4626 tuis,
1987 4559 2098 4615 ait:
2129 4579 2148 4612 σ
2181 4561 2236 4619 Si

651 4653 796 4708 enim
823 4653 963 4710 Deus
991 4663 1298 4723 peccatores
1322 4661 1600 4722 siierneret
1618 4691 1635 4716 ,
1655 4665 1847 4704 omnes
1868 4649 2048 4720 utique
2078 4667 2236 4720 sper-

655 4753 840 4811 lueret;
865 4746 992 4817 quia
1019 4745 1138 4802 sine
1164 4753 1381 4816 peccato
1408 4757 1568 4800 nemo
1593 4751 1697 4799 est.
1741 4741 1846 4800 Sed
1879 4745 2084 4813 spernit
2121 4745 2235 4799 dis-

654 4835 914 4895 cedentes
956 4852 986 4896 a
1010 4851 1100 4906 se,
1128 4851 1269 4908 quos
1292 4844 1565 4907 apostatas
1591 4843 1784 4898 vocant
1811 4855 1831 4888 ι
1859 4834 2146 4907 (Hilarius,
2187 4837 2240 4892 in

658 4925 808 4984 Psal.
869 4943 1070 4993 exvut.
1137 4927 1286 4997 H8).
1356 4926 1557 4992 Videtis
1615 4926 2064 4996 quemadmodum
2131 4944 2237 4986 non

652 5016 1024 5086 dixerit,-quia
1053 5017 1169 5072 sine
1209 5027 1428 5088 peccato
1461 5031 1621 5076 nemo
1668 5014 1852 5084 merit,
1881 5025 2131 5088 tanquam
2174 5018 2242 5074 de

655 5109 944 5178 praeteritis
990 5110 1246 5180 loquens,
1295 5109 1390 5170 sed
1449 5108 1592 5180 quod
1645 5108 1764 5170 sine
1810 5118 2041 5182 peccato.
2081 5125 2241 5167 nemo

658 5169 760 5268 sit;
789 5199 928 5256 unde
957 5169 1189 5270 quidem.
1232 5169 1293 5261 ut
1339 5169 1484 5267 dixi,
1529 5215 1637 5262 non
1661 5169 1956 5261 contendo.
1989 5169 2244 5273 Quisquis

662 5293 804 5346 enim
832 5308 936 5346 non
963 5292 1104 5348 cedit
1125 5291 1314 5348 Joanni
1352 5293 1626 5364 apostolo,
1653 5293 1745 5364 qui
1770 5299 1870 5348 nec
1895 5293 2009 5363 ipse
2043 5294 2152 5360 ait,
2183 5293 2244 5348 Si

595 5433 608 5474 ξ
659 5383 939 5442 dixerimus
957 5383 1077 5455 quia
1101 5393 1364 5455 peccatum
1399 5399 1505 5440 non
1555 5383 1867 5450 habuimus;
1895 5384 1990 5440 sed
2017 5401 2118 5440 non
2148 5386 2242 5440 ha-

729 5579 755 5642 '_
782 5578 984 5627 Vaticani
1025 5586 1231 5642 quatuor
1254 5586 1308 5642 et
1335 5578 1556 5630 Gallicani
1577 5586 1707 5642 mssa
1743 5576 1906 5642 amico
1921 5587 2082 5633 nostra
2108 5595 2126 5632 :
2150 5595 2246 5634 nou

660 5637 808 5706 male,
833 5657 856 5685 ι
875 5647 986 5706 nam
1009 5637 1062 5690 ei.
1083 5653 1188 5706 nos,
1203 5657 1239 5706 ιι⁸
1254 5641 1323 5692 ait
1338 5643 1628 5706 Augustinus
1647 5637 1703 5691 in
1717 5641 1917 5706 epistola
1945 5643 2118 5706 186,_ad
2135 5651 2248 5694 Pau-

662 5697 834 5759 linum,
857 5714 906 5749 n.
933 5701 978 5759 1,
1009 5717 1035 5768 ε
1055 5697 1326 5753 non'solum
1343 5697 1620 5768 dileximus,
1643 5697 1817 5754 verum
1838 5705 1983 5768 etiam
2003 5697 2249 5768 diligimus

668 5774 854 5873 Lm].
880 5777 902 5805 ι
935 5761 1100 5812 Melius
1122 5772 1302 5824 tamen,
1325 5763 1480 5816 amico
1501 5761 1690 5826 vestro;
1720 5767 1907 5814 Timasii
1950 5761 2173 5819 nimirum
2197 5775 2250 5820 et

1575 433 1660 487 DE
1700 428 1977 485 NATUfH
2020 424 2105 480 ET
2144 420 2422 486 CRXTH,
2465 418 2521 474 S.
2567 417 2934 476 AUGUSTlNI

3796 416 3898 472 281

2313 531 2483 588 bemus
2509 532 2552 603 (l
2579 531 2734 586 Joan.
2764 547 2802 598 ι,
2831 531 2886 599 8)
2913 549 2926 586 :
2956 531 3207 602 episcopo
3235 528 3437 593 Hilario
3475 528 3744 600 quomodo
3782 544 3894 585 ces-

2313 638 2472 678 surus
2499 631 2578 678 est
2597 623 2622 692 2
2643 621 2748 678 Pro
2775 621 2946 692 gratia
2968 619 3172 674 Christi
3201 619 3376 675 clamo
3394 659 3410 685 ,
3439 619 3558 674 sine
3595 631 3700 688 qua
3734 632 3896 674 nemo

2309 713 2650 784 justificatur,
2685 721 2936 782 tanquam
2965 710 3266 767 sufﬁciente
3311 716 3516 766 natura
3551 709 3726 765 libero
3755 708 3893 764 arbi-

2316 805 2436 860 trio.
2473 805 2585 860 Imo
2631 807 2744 876 ipse
2779 817 2878 874 pro
2923 819 2986 859 ea
3031 802 3224 858 clamat
3251 801 3338 858 :ei
3379 799 3645 858 cedatur‘
3675 798 3896 868 dicenti,

2319 897 2444 952 Sine
2473 913 2549 952 me
2575 897 2705 951 nihil
2731 895 2938 968 potestis
2957 895 3126 966 facere
3145 891 3322 963 (Joan.
3353 909 3444 971 xv,
3471 892 3554 964 5).

2389 986 2615 1045 CAPUT
2655 986 2832 1042 LXIII.
2855 1015 2928 1027 —
2951 985 3042 1042 74.
3076 983 3301 1058 Opponit
3337 983 3441 1038 alia
3478 979 3731 1036 Ambrosii
3755 979 3898 1038 testi-

2317 1069 2504 1134 monia.
2537 1079 2765 1136 Sanctus
2793 1085 2971 1133 autem
3001 1076 3316 1132 Ambrosius
3350 1089 3538 1132 revera
3577 1073 3630 1128 in
3668 1086 3734 1128 eo
3774 1071 3896 1126 loco

2317 1187 2474 1243 quem
2505 1172 2604 1228 iste
2632 1176 3052 1235 commemorat,
3095 1169 3201 1224 illis
3240 1167 3444 1223 resistit
3471 1165 3561 1238 qui
3593 1165 3775 1220 dicunt
3806 1162 3903 1216 ho.

2317 1265 2514 1318 minem
2547 1278 2650 1318 non
2679 1277 2800 1318 esse
2825 1275 2982 1334 posse
3009 1259 3128 1318 sine
3166 1267 3385 1332 peccato
3427 1259 3484 1314 in
3529 1257 3630 1314 hac
3671 1256 3800 1312 vita.
3833 1253 3901 1311 Ut

2317 1357 2460 1410 enim
2488 1371 2550 1410 ea
2571 1354 2806 1418 diceret,
2849 1353 3055 1424 accepit
3095 1351 3436 1408 occasionem
3473 1349 3541 1405 de
3563 1347 3820 1404 Zacharia
3849 1355 3904 1402 et

2319 1445 2588 1502 Elisabeth
2609 1485 2626 1511 ,
2655 1443 2869 1515 quodin
2898 1442 3184 1514 Evangelio
3209 1440 3612 1498 commemorati
3638 1447 3764 1494 sunt
3789 1451 3902 1492 am-

2319 1535 2530 1590 bulasse
2560 1535 2611 1588 in
2653 1533 2902 1589 omnibus
2945 1531 3414 1604 justiflcationibus
3442 1530 3576 1601 legis
3620 1529 3740 1584 sine
3768 1541 3904 1596 que-

2319 1628 2428 1682 rela
2453 1643 2467 1681 :
2495 1625 2748 1696 numquid
2773 1633 2950 1681 tamen
2975 1624 3317 1696 negat'gratia
3341 1623 3436 1679 Dei
3463 1622 3577 1678 ﬁeri
3599 1636 3694 1692 per
3715 1620 3899 1677 Jesum

2319 1714 2590 1772 Christum
2617 1715 2895 1770 Dominum
2918 1715 3194 1771 nostrum?
3219 1713 3302 1769 Ex
3323 1727 3426 1784 qua
3458 1710 3559 1766 fide
3587 1710 3750 1766 etiam
3775 1717 3904 1764 ante

2320 1807 2436 1879 ejus
2455 1808 2757 1878 passionem
2799 1806 2974 1878 justos
3025 1806 3224 1862 vixisse
3269 1819 3376 1860 non
3403 1803 3618 1858 dubium
3656 1809 3774 1866 est,
3815 1801 3904 1870 qui

2322 1907 2537 1970 praestat
2573 1897 2828 1968 Spiritum
2867 1904 3110 1952 sanctum
3150 1895 3239 1967 qui
3280 1894 3435 1950 datus
3460 1902 3542 1949 est
3582 1891 3768 1956 nobis,
3809 1903 3908 1960 per

2320 2003 2480 2058 quem
2519 1987 2830 2043 ditl‘unditur
2871 1986 3104 2042 charitas
3147 1987 3200 2041 in
3249 1984 3500 2041 cordibus
3537 1981 3758 2047 nostris,
3805 1994 3908 2050 qua

2322 2093 2424 2134 una
2441 2077 2568 2150 ju~ti
2598 2088 2719 2134 sunt
2749 2077 3070 2149 quicumque
3105 2077 3233 2148 justi
3277 2082 3419 2130 sunt.
3453 2074 3621 2143 Quem
3647 2071 3906 2141 Spiritum

2323 2180 2644 2224 memoratus
2661 2169 2942 2240 episcopus
2962 2171 3120 2224 etiam
3138 2167 3386 2240 precibus
3409 2167 3477 2220 im
3486 2161 3799 2234 petrandnm
3813 2158 3906 2216 ad-

2327 2268 2512 2314 monet
2540 2259 2634 2330 (ita
2657 2259 2730 2313 illi
2759 2259 3004 2313 voluntas
3029 2258 3284 2313 divinitus
3313 2274 3418 2312 non
3443 2256 3622 2326 adjuta
3648 2268 3758 2308 non
3795 2251 3906 2308 suf-

2325 2349 2452 2422 ﬁcit)
2477 2391 2493 2418 ,
2522 2351 2611 2405 ubi
2637 2349 2691 2404 in
2721 2350 2920 2422 hymno
2945 2365 3042 2405 suo
3067 2349 3216 2414 dicit,

2724 2463 2950 2526 totisque
2980 2467 3178 2526 prtesnt
3199 2462 3221 2494 ³
3243 2458 3430 2511 sedulis
3446 2495 3462 2520 ,

2723 2549 2946 2593 Sanctum
2966 2543 3152 2593 mereri
3183 2542 3404 2608 Spiritum
3425 2541 3516 2604 (α).

2395 2648 2484 2703 75.
2507 2646 2948 2704 Commemorabo
2979 2653 3034 2702 et
3058 2661 3158 2716 ego
3183 2645 3248 2700 de
3281 2643 3384 2702 hoc
3414 2643 3529 2714 ipso
3549 2658 3710 2714 opere
3739 2645 3908 2700 sancti

2325 2736 2594 2794 Ambrosii
2637 2735 2865 2807 aliquid,
2901 2751 2968 2791 ex
3005 2751 3112 2806 quo
3153 2736 3254 2792 iste
3291 2734 3728 2790 commemoravit
3773 2733 3911 2805 quod

2327 2825 2854 2882 commemorandum
2917 2826 3141 2896 putavit.
3194 2844 3214 2878 ι
3253 2823 3429 2880 Visum
3491 2834 3594 2890 est,
3633 2843 3652 2878 ι
3714 2824 3910 2896 inquit,

2333 2935 2354 2971 ι
2383 2918 2525 2972 mihi.
2551 2917 2860 2974 Potestnon
2887 2918 2985 2972 soli
3017 2917 3186 2972 vistun
3212 2933 3332 2974 esse
3351 2960 3368 2986 ,
3399 2917 3539 2988 quod
3589 2917 3766 2971 visuin
3809 2917 3907 2972 sibi

2327 3024 2449 3065 esse
2483 3007 2743 3066 declarat.
2781 3009 2896 3066 Non
2935 3009 3078 3064 enim
3125 3009 3396 3066 voluntate
3438 3017 3641 3064 tantum
3682 3007 3910 3064 humana

2330 3100 2501 3154 visum
2531 3108 2612 3154 est
2634 3139 2647 3162 ,
2671 3099 2765 3155 sed
2807 3100 2944 3157 sicut
2971 3099 3167 3170 placuit
3203 3100 3252 3156 ei
3283 3101 3370 3170 qui
3398 3101 3449 3155 in
3477 3115 3584 3168 me,
3613 3099 3806 3172 inquit,
3835 3099 3912 3154 lo-

2331 3191 2508 3262 quitur
2533 3190 2776 3246 Christus
2803 3191 2847 3257 ³,
2873 3193 2961 3262 qui
3007 3201 3064 3246 ut
3107 3191 3156 3247 id
3187 3192 3327 3263 quod
3356 3193 3553 3248 bonum
3602 3203 3723 3261 est,
3767 3193 3913 3248 nobis

2331 3296 2544 3352 quoque
2585 3281 2782 3338 bonum
2834 3283 3001 3340 videri
3054 3285 3220 3354 possit
3266 3293 3536 3354 operatur.
3575 3284 3746 3354 Quem
3776 3285 3912 3341 enim

2333 3372 2639 3440 miseratur,
2669 3381 2724 3428 et
2750 3381 2924 3430 vocat.
2957 3373 3024 3428 Et
3066 3374 3186 3429 ideo
3227 3375 3318 3444 qui
3356 3373 3622 3430 Christum
3651 3377 3912 3446 sequitur,

2332 3471 2508 3532 potest
2530 3463 2889 3532 interrogatus
2917 3478 3014 3522 cur
3041 3479 3162 3525 esse
3195 3464 3424 3520 voluerit
3442 3464 3768 3522 christianos
3786 3505 3802 3532 ,
3831 3481 3914 3520 re-

2334 3553 2618 3622 Spondere,
2652 3551 2825 3608 Visum
2854 3564 2926 3608 est
2957 3553 3100 3608 mihi.
3125 3554 3275 3622 Quod
3299 3569 3420 3609 cum
3450 3554 3602 3621 dicit,
3636 3571 3741 3610 non
3769 3563 3916 3626 negat

2338 3643 2450 3700 Deo
2473 3643 2680 3710 visum;
2709 3659 2738 3698 a
2770 3644 2880 3700 Deo
2907 3645 3049 3701 enim
3077 3655 3406 3715 pra-paratur
3447 3645 3698 3704 voluntas
3747 3647 3906 3702 homi-

2337 3748 2463 3788 num
2493 3751 2506 3788 :
2539 3741 2594 3788 ut
2619 3735 2762 3790 enim
2807 3734 2946 3790 Deus
2973 3734 3352 3790 honorilicetur
3378 3752 3408 3790 a
3442 3747 3650 3797 sancto.
3681 3737 3774 3792 Dei
3805 3754 3918 3808 grao

2339 3823 2406 3878 tia
2427 3832 2530 3881 est.
2564 3841 2585 3876 ι
2618 3824 2760 3880 Ecce
2805 3825 2930 3896 quid
2977 3816 3078 3882 iste
3119 3827 3326 3898 sapiat,
3372 3828 3414 3882 si
3447 3829 3624 3884 verbis
3654 3827 3916 3883 Ambrosii

2336 3915 2648 3981 delectatur,
2669 3916 2810 3988 quod
2825 3933 2854 3972 a
2884 3918 2992 3975 Deo
3009 3930 3338 3990 prteparatur
3360 3919 3601 3976 voluntas
3617 3919 3913 3986 hominum,

2338 4016 2394 4062 et
2414 4008 2578 4070 nulla,
2609 4009 2692 4064 vel
2717 4024 2822 4064 non
2845 4025 3034 4080 magna
3057 4010 3281 4080 qumstio
3309 4019 3422 4076 est,
3455 4010 3575 4080 quis
3601 4010 3680 4065 vel
3706 4010 3917 4080 quando

2339 4097 2680 4166 perficiatur,
2713 4099 2838 4154 dum
2893 4109 3068 4154 tamen
3105 4101 3222 4154 sine
3259 4100 3428 4170 gratia
3468 4101 3664 4156 Christi
3695 4101 3918 4173 idipsum

2339 4186 2637 4260 fieriposse
2661 4189 2878 4248 minimc
2903 4188 3196 4246 dubitetur.
3235 4191 3436 4247 Deinde
3463 4201 3721 4262 quantum
3767 4201 3914 4257 erat,

2340 4286 2397 4332 ut
2415 4277 2712 4336 attenderet
2741 4277 2843 4336 iste
2872 4294 3035 4336 unum
3085 4295 3294 4335 versum
3334 4279 3402 4336 de
3439 4279 3707 4336 Ambrosii
3744 4280 3919 4337 verbis

2339 4385 2458 4438 qua:
2485 4369 2682 4441 posuit.
2709 4368 2840 4428 Cum
2870 4371 3012 4428 enim
3041 4373 3128 4429 ille
3151 4372 3395 4439 dixisset,
3429 4392 3452 4427 ι
3485 4373 3619 4429 Nam
3655 4390 3778 4430 cum
3817 4375 3918 4430 Εε-

2335 4459 2501 4516 elesia
2525 4475 2592 4516 ex
2615 4461 2886 4532 gentibus,
2915 4459 3016 4518 hoc
3045 4472 3146 4526 est,
3197 4479 3263 4522 ex
3304 4465 3670 4532 peccatoribus
3697 4480 3922 4536 congre-

2339 4557 2460 4620 gata
2485 4549 2590 4617 sit,
2628 4551 2898 4622 quomodo
2937 4567 3002 4611 ex
3043 4554 3322 4611 maculatis
3359 4557 3697 4612 immaculata
3752 4566 3924 4626 potest

2342 4658 2492 4716 esse,
2518 4645 2620 4700 nisi
2643 4645 2816 4714 primo
2837 4661 2932 4718 per
2959 4644 3152 4704 Christi
3173 4648 3422 4718 gratiam,
3454 4648 3596 4721 quod
3621 4649 3801 4706 abluta
3829 4633 3922 4704 de-

2343 4733 2468 4788 licto
2489 4735 2586 4800 sit;
2617 4733 2840 4800 deinde,
2881 4735 3023 4806 quod
3065 4751 3158 4806 per
3184 4737 3494 4808 qualitatem
3541 4752 3646 4796 non
3677 4737 3924 4810 peccandi

2343 4823 2608 4880 abstineat
2633 4840 2664 4880 a
2691 4825 2940 4882 delictis?
2973 4845 2992 4880 ι
3033 4827 3130 4886 llle
3149 4827 3372 4893 addidit,
3404 4828 3546 4900 quod
3575 4829 3678 4886 iste
3703 4837 3923 4901 apparet

2345 4929 2442 4970 cur
2468 4916 2668 4974 addere
2695 4917 2964 4974 noluerit:
2995 4917 3070 4974 ait
3089 4934 3320 4991 namque
3347 4921 3466 4988 ille,
3501 4939 3520 4974 ι
3552 4921 3663 4978 Nec
3689 4922 3759 4978 ab
3778 4921 3926 4979 initio

2345 5005 2716 5074 immaculata;
2744 5008 2990 5066 humana:
3013 5009 3157 5072 enim
3189 5010 3292 5068 hoc
3318 5012 3648 5084 impossibile
3675 5023 3914 5073 naturae:

2345 5102 2439 5158 sed
2463 5117 2558 5172 per
2583 5101 2678 5161 Dei
2703 5103 2930 5174 gratiam
2968 5111 3024 5160 et
3056 5104 3368 5176 qualitatem
3397 5105 3504 5174 sui,
3533 5105 3656 5178 quia
3683 5105 3796 5176 jam
3825 5121 3927 5161 non

2345 5203 2562 5265 peccat,
2611 5193 2678 5248 ﬁt
2702 5203 2756 5249 ut
2799 5195 3134 5256 immaculata
3159 5196 3401 5254 videatur
3431 5215 3453 5250 ι
3507 5195 3849 5267 (Atubrosius,
3875 5195 3927 5250 it:

2347 5281 2504 5338 Luca:
2523 5292 2678 5354 caput
2709 5283 2788 5354 1).
2827 5283 2954 5340 llaec
2976 5285 3160 5352 verba,
3207 5286 3306 5342 iste
3331 5301 3427 5348 cur
3475 5303 3586 5352 non
3627 5287 3926 5348 addiderit.

2349 5372 2468 5442 quis
2503 5389 2610 5430 non
2636 5373 2938 5448 intelligat?
2967 5375 3080 5432 Hoc
3121 5367 3298 5448 agiiur
3343 5377 3526 5448 utique
3565 5393 3706 5438 nunc
3745 5378 3797 5434 in
3829 5377 3928 5432 hoc

2415 5526 2436 5598 ξ
2465 5523 2682 5598 nopnplli
2708 5527 2958 5598 exueditis,
2981 5528 3224 5598 credatur.

2414 5589 2436 5655 ξ
2466 5587 2573 5637 Sola
2590 5588 2696 5638 fere
2723 5589 2870 5655 editio
2887 5595 3024 5655 μοι,

2413 5648 2436 5716 ξ
2465 5655 2672 5716 Quatuor
2694 5651 2900 5716 πιείρεωὶ
2922 5648 3284 5716 {Spit-itus.

2415 5707 2488 5773 (ᾳ)
2519 5715 2730 5773 Hymnus
2753 5709 2836 5760 ille
2869 5707 3205 5764 Ambrosianus
3225 5713 3516 5772 amonacbis
3534 5711 3926 5764 Cistercieusibus

2351 5770 2538 5842 canitur
2561 5770 2621 5820 ad
2643 5773 2881 5842 tertiam,
2927 5777 3166 5828 Dominica
3201 5770 3490 5840 Pahnarum,
3527 5783 3578 5826 et
3607 5777 3827 5838 proxime
3846 5784 3926 5826 se-

2353 5831 2614 5889 ntientibus
2634 5831 2875 5882 diebus.’
3475 5831 3487 5840 ν
3607 5831 3623 5838 -
3702 5847 3712 5855 ,
