4202 6552
319 408 430 464 εδδ

325 521 544 589 smnio,
577 531 635 579 ut
662 520 727 578 ad
757 523 934 589 istam,
984 535 1142 593 quam
1192 534 1381 577 omnes
1426 520 1594 576 sancti
1645 519 1901 590 cupiunt.

327 614 871 671 immaculatissimam
900 611 1188 682 puritatem
1217 611 1451 667 Ecclesia
1503 621 1686 666 sancta
1716 625 1911 680 perve-

328 708 472 774 niat,
520 722 640 778 quae
685 705 737 759 in
785 703 964 759 futuro
992 704 1188 759 sarculo
1229 717 1403 773 neque
1441 703 1621 774 aliquo
1648 705 1912 758 malorum

328 801 601 856 hominum
630 797 729 853 sibi
754 797 1045 868 permixto,
1076 810 1249 867 neque
1273 796 1447 867 aliqua
1476 794 1531 850 in
1565 810 1624 851 se
1654 794 1769 865 lege
1790 807 1915 865 pec-

326 894 429 950 cati
457 892 737 947 resistente
766 889 869 962 legi
911 890 1139 955 mentis,
1186 889 1346 944 ducat
1386 888 1793 944 mundissimam
1834 888 1915 941 vi-

328 983 510 1037 tamin
549 981 851 1037 aeternitate
893 980 1092 1035 divina.
1135 978 1334 1034 Tamen
1373 978 1613 1033 attendat
1653 978 1755 1033 iste
1781 976 1912 1048 quid

327 1073 614 1130 secundum
654 1073 955 1143 Scripturas
994 1072 1308 1127 Ambrosius
1345 1073 1631 1143 episcopus
1672 1071 1910 1137 dixerit,

333 1185 354 1218 ι
390 1166 497 1221 Nec
525 1165 593 1221 ab
632 1165 784 1220 initio
819 1163 1189 1230 immaculata;
1214 1164 1463 1220 humanae
1487 1165 1629 1219 enim
1675 1164 1776 1219 hoc
1812 1163 1915 1219 im-

326 1257 579 1329 possibile
605 1266 830 1312 naturas.
862 1274 883 1310 ι
916 1254 1110 1327 Utique
1157 1255 1300 1311 enim
1334 1256 1404 1311 ab
1446 1256 1598 1311 initio
1625 1254 1776 1322 dicit,
1807 1270 1913 1324 quo

327 1366 392 1407 es
423 1350 590 1405 Adam
621 1349 911 1406 nascimur.
938 1347 1073 1404 Nam
1099 1355 1152 1403 et
1180 1347 1296 1419 ipse
1323 1347 1495 1403 Adam
1538 1348 1912 1404 immaculatus

326 1440 513 1511 procul
550 1439 713 1497 dubio
762 1438 936 1497 factus
971 1448 1054 1496 est
1077 1456 1091 1493 :
1114 1439 1210 1496 sed
1238 1440 1292 1496 in
1337 1441 1417 1496 eis
1445 1439 1539 1512 qui
1565 1450 1692 1496 sunt
1720 1448 1911 1495 natura

327 1531 421 1586 lilii
448 1532 570 1598 irae,
615 1531 872 1587 ducentes
916 1545 988 1587 ex
1026 1531 1116 1586 illo
1140 1530 1284 1603 quod
1313 1532 1555 1587 vitiatum
1582 1545 1664 1588 est
1710 1532 1762 1586 in
1793 1532 1908 1598 illo,

325 1621 394 1677 sb
424 1622 572 1677 initio
613 1636 732 1677 esse
774 1620 1165 1690 immaculatos,
1195 1620 1443 1679 humanae.
1467 1632 1676 1679 naturas
1705 1622 1911 1694 impos-

323 1711 479 1767 sibiie
504 1711 769 1767 deﬁnivit.

396 1802 619 1861 CAPUT
658 1803 840 1860 LXIV.
878 1824 952 1847 ι-
989 1804 1078 1861 76.
1106 1802 1255 1859 Idem
1275 1813 1518 1859 tractatur
1535 1813 1909 1877 argumentum.

323 1893 456 1950 Item
514 1892 745 1951 Joannes
782 1893 1404 1965 Constantinopolitauus
1432 1896 1715 1966 episc0pus
1759 1895 1912 1964 cujus

322 1986 501 2057 posuit
515 1986 829 2040 sententiam
844 2027 859 2051 ,
888 1986 1008 2040 dicit
1032 1996 1289 2056 peccatum
1309 2002 1410 2040 non
1431 2002 1536 2040 esse
1554 1987 1906 2051 substantiam,

212 2128 219 2131 _
319 2076 412 2131 sed
447 2087 613 2129 actum
642 2076 916 2148 malignum
941 2092 958 2130 :
980 2076 1099 2147 quis
1123 2075 1225 2131 hoc
1248 2076 1448 2147 negat?
1476 2075 1543 2130 Et
1568 2077 1689 2147 quia
1714 2092 1814 2130 non
1839 2084 1911 2130 est

322 2168 557 2221 naturale
573 2208 589 2234 ,
615 2167 728 2221 ideo
745 2177 923 2221 contra
946 2167 1078 2222 illud
1103 2167 1258 2240 legem
1284 2168 1478 2233 datam,
1501 2175 1547 2222 et
1573 2168 1710 2239 quod
1737 2167 1801 2221 de
1826 2182 1911 2219 ar-

323 2259 459 2314 bitrii
500 2257 724 2313 libertate
764 2258 1018 2313 descendit
1049 2277 1062 2313 :
1090 2260 1250 2314 etiam
1282 2258 1383 2314 hoc
1420 2259 1540 2330 quis
1578 2258 1778 2329 negat?
1804 2257 1910 2313 Sed

323 2365 467 2405 nunc
494 2350 667 2421 agitur
691 2349 757 2405 de
784 2350 1012 2407 humana
1034 2359 1219 2407 natura
1248 2367 1366 2422 quae
1396 2351 1575 2406 vitiata
1599 2360 1709 2416 est;
1741 2351 1912 2421 agitur

323 2450 379 2497 et
402 2441 470 2495 de
492 2440 658 2510 gratia
689 2439 779 2495 Dei
805 2440 824 2473 ¹
846 2457 949 2511 qua
974 2451 1191 2496 sanatur
1212 2456 1306 2511 per
1328 2441 1592 2497 medicum
1616 2439 1907 2505 Christum,

321 2544 433 2600 quo
456 2546 559 2585 non
590 2529 851 2601 indigeret
877 2531 922 2587 si
949 2545 1075 2586 sana
1098 2540 1273 2599 esset,
1302 2548 1420 2603 qua:
1441 2532 1509 2586 ab
1531 2536 1635 2587 isto
1657 2539 1908 2602 tanquam

322 2635 455 2676 sana
474 2660 491 2688 ,
517 2621 597 2675 vel
627 2630 873 2692 tanquam
900 2621 998 2676 sibi
1026 2620 1323 2679 sufﬁciente
1350 2622 1639 2678 voluntatis
1665 2623 1907 2689 arbitrio,

322 2726 483 2783 posse
512 2728 618 2768 non
651 2728 871 2783 peccare
894 2712 1217 2769 defenditur.

397 2804 483 2859 77.
524 2803 652 2872 Quis
678 2805 803 2859 item
831 2804 1153 2862 christianus
1196 2806 1431 2877 ignorat,
1476 2807 1616 2879 quod
1663 2808 1910 2865 beatissi-

320 2911 469 2950 mum
494 2895 717 2969 Xystum
747 2896 1000 2951 Romamn
1024 2896 1272 2953 Ecclesia:
1297 2899 1602 2971 episcopum
1625 2910 1677 2954 et
1700 2900 1910 2956 Domini

320 2996 611 3058 martyrem
659 2986 856 3043 dixisse
890 2990 1408 3061 commemorat(a),
1459 2991 1590 3059 Quia
1636 2991 1911 3047 libertatem

325 3077 520 3131 arbitrii
536 3077 614 3131 sui
627 3077 848 3149 permisit
865 3078 1149 3133 hominibus
1172 3076 1308 3133 Deus
1326 3089 1403 3146 ,ut
1438 3097 1565 3154 pure
1584 3091 1631 3135 et
1661 3083 1770 3137 sine
1787 3097 1910 3153 pec-

318 3178 434 3223 cato
456 3168 666 3224 viventes
687 3168 875 3223 similes
896 3170 1022 3238 ﬁant
1051 3169 1155 3223 Deo
1176 3171 1202 3225 2
1223 3169 1325 3226 Sed
1347 3171 1412 3225 ad
1434 3171 1606 3241 ipsum
1632 3172 1909 3228 arbitrium

319 3259 552 3330 pertinet
572 3268 846 3315 vocantem
867 3260 1050 3315 audire
1067 3268 1121 3315 ct
1140 3260 1361 3317 credere
1379 3303 1395 3327 ,
1419 3269 1475 3318 ct
1494 3263 1560 3318 ab
1580 3279 1645 3317 eo
1665 3264 1719 3319 in
1750 3280 1908 3335 quem

318 3351 609 3407 crcditnon
634 3350 885 3422 peccandi
911 3351 1231 3422 adjutorlum
1260 3354 1549 3424 postulare.
1578 3354 1709 3410 Nam
1726 3357 1913 3428 utique

316 3459 441 3500 cum
457 3443 602 3510 dicit,
641 3444 825 3499 similes
862 3445 989 3515 fiant
1020 3443 1150 3511 Deo;
1182 3460 1278 3516 per
1292 3445 1603 3502 charitatem
1626 3448 1721 3504 Dei
1749 3447 1912 3503 futuri

318 3546 445 3592 sunt
459 3536 661 3592 similes
687 3536 826 3603 Deo,
858 3552 975 3607 qua:
995 3535 1185 3592 diﬂasa
1213 3546 1297 3593 est
1316 3539 1368 3592 in
1397 3539 1648 3594 cordibus
1676 3540 1873 3596 nostris
1892 3581 1908 3605 ,

318 3644 428 3685 non
450 3639 648 3684 natum
664 3628 1032 3700 possibilitate,
1055 3644 1155 3685 nec
1175 3630 1341 3686 libero
1361 3630 1583 3687 arbitrio
1602 3632 1743 3704 quod
1761 3642 1842 3689 est
1857 3634 1908 3687 iu

319 3721 506 3789 nobis,
537 3721 628 3777 sed
659 3737 752 3792 per
776 3720 1034 3792 Spiritum
1062 3729 1304 3777 sanctum
1334 3723 1423 3794 qui
1446 3723 1601 3778 datus
1621 3732 1704 3780 est
1732 3723 1907 3781 nobis.

320 3810 391 3866 Et
414 3812 552 3883 quod
577 3812 703 3868 dicit
731 3812 869 3867 idem
891 3821 1110 3884 martyr,
1136 3810 1401 3885 Templum
1429 3818 1692 3869 sanctum’
1713 3825 1786 3871 est
1801 3815 1911 3870 Deo

318 3920 464 3958 ruens
488 3920 617 3975 pura
636 3945 652 3971 ,
683 3913 730 3959 et
754 3904 917 3957 altare
941 3904 1184 3973 optimum
1200 3912 1274 3959 est
1300 3906 1345 3958 ei
1369 3921 1455 3960 eor
1472 3905 1714 3960 mundum
1740 3915 1785 3960 et
1804 3907 1913 3978 sine

319 4004 556 4065 peccato;
588 3994 707 4065 quis
736 3994 905 4049 nescit
931 3992 997 4048 ad
1029 3995 1181 4050 istam
1212 3996 1590 4067 perfectionem
1619 3997 1913 4067 perducen-

318 4085 448 4144 dum
475 4100 567 4141 cor
596 4084 848 4148 mundum
868 4128 884 4155 ,
916 4086 1041 4141 dum
1072 4086 1293 4142 interior
1332 4087 1492 4142 homo
1529 4099 1816 4144 renovatur
1843 4089 1911 4145 de

317 4172 408 4231 die
434 4176 485 4229 in
518 4175 688 4240 diem;
721 4190 824 4230 non
857 4185 1034 4231 tamen
1080 4177 1197 4232 sine
1241 4178 1408 4248 gratia
1456 4166 1548 4234 Dei
1592 4195 1688 4250 per
1726 4179 1909 4235 Jesum

317 4267 589 4324 Christum
640 4267 921 4322 Dominum
951 4267 1238 4323 nostrum?
1286 4269 1413 4324 Item
1453 4270 1593 4341 quod
1636 4267 1710 4326 ait
1754 4272 1906 4342 ipse,

324 4357 422 4412 Vir
439 4370 604 4415 castus
631 4367 675 4412 et
707 4359 814 4413 sine
838 4370 1043 4429 peccato
1068 4369 1363 4430 potestatem
1388 4362 1581 4433 accepit
1605 4378 1637 4414 a
1677 4360 1781 4417 Deo
1804 4378 1927 4417 esse

319 4450 461 4521 ﬁlius
489 4448 615 4514 Dei;
657 4449 836 4521 utique
872 4449 1181 4518 admonuit,
1214 4467 1279 4507 ne
1317 4464 1436 4506 cum
1478 4452 1702 4523 quisque
1739 4450 1909 4507 factus

319 4539 482 4595 fuerit
509 4539 578 4594 ita
607 4551 785 4597 castus
809 4548 864 4596 et
892 4541 1006 4596 sine
1048 4553 1267 4612 peccato
1292 4539 1473 4616 (quod
1500 4542 1588 4597 ubi
1616 4552 1671 4599 et
1695 4543 1910 4613 quando

318 4632 461 4688 ineo
497 4632 800 4702 perﬁciatur
827 4633 1078 4688 nonnulla
1106 4633 1330 4704 quaestio
1353 4643 1474 4700 est,
1505 4634 1598 4690 sed
1628 4634 1766 4691 inter
1795 4636 1910 4705 pios

319 4722 455 4781 bene
476 4725 752 4796 quaeritur,
776 4724 917 4780 inter
935 4739 1070 4795 quos
1092 4733 1270 4781 tamen
1288 4733 1499 4781 constat
1519 4726 1630 4782 fieri
1651 4743 1827 4796 posse,
1855 4736 1910 4783 et

318 4819 437 4872 sine
461 4815 753 4871 mediatore
780 4815 876 4871 Dei
913 4823 967 4871 et
992 4815 1264 4871 hominum
1298 4816 1513 4874 homine
1539 4817 1754 4874 Christo
1781 4818 1906 4875 Jcsu

318 4903 434 4959 fieri
453 4920 556 4959 non
574 4905 755 4976 posse)
780 4922 793 4959 :
812 4913 1007 4971 tamen,
1030 4915 1085 4960 ut
1104 4906 1283 4962 dicere
1305 4922 1596 4978 coeperam,
1616 4909 1910 4979 prudenter

316 4994 518 5070 Xystus
546 4994 855 5064 admonuit,
885 5011 953 5052 ne
981 5012 1101 5053 cum
1135 4997 1292 5053 fuerit
1311 5000 1535 5071 quisque
1568 5000 1688 5056 talis
1713 5000 1904 5069 factus,

316 5095 373 5142 et
398 5101 494 5157 per
518 5085 619 5142 hoc
655 5096 798 5143 recte
826 5087 965 5144 inter
1011 5088 1148 5145 filios
1195 5090 1287 5146 Dei
1328 5090 1642 5163 deputatus,
1693 5087 1910 5164 putetur

314 5178 483 5253 ipsius
526 5180 687 5245 luisse
717 5184 1025 5253 potestatis,
1057 5200 1215 5256 quam
1246 5202 1342 5257 per
1377 5187 1602 5258 gratiam
1632 5190 1836 5260 accepit
1875 5204 1906 5246 a

1741 399 1946 463 LIBER
1983 401 2185 463 UNUS.

3516 420 3620 481 286

2032 519 2169 585 Deo,
2203 536 2322 576 cum
2351 535 2468 577 eam
2501 537 2604 578 non
2642 521 2864 581 haberet
2890 527 2942 582 iu
2970 538 3156 585 natura
3193 530 3301 603 jam
3330 536 3509 591 vitiata
3535 546 3621 593 at-

2017 627 2121 681 que
2160 611 2483 682 depravata,
2521 613 2660 670 sicut
2701 616 2754 670 in
2782 616 3075 690 Evangelia
3115 623 3324 693 legitur,
3367 630 3624 697 Quotquot

2017 711 2184 756 autem
2210 713 2647 775 receperuntrum,
2668 706 2806 761 dedit
2819 709 2892 762 eis
2908 719 3202 779 potestatem
3223 713 3359 781 ﬁlios
3375 714 3474 769 Dei
3503 717 3623 787 ﬁeri

2022 792 2217 866 (Joan.
2240 808 2292 862 ι,
2328 794 2435 868 l2)
2467 811 2485 850 :
2514 797 2654 868 quod
2683 799 2866 870 utique
2894 816 3004 857 non
3029 813 3185 858 erant
3207 820 3302 874 per
3332 817 3620 874 naturam,

2018 899 2119 940 nec
2147 885 2366 940 omnino
2394 897 2608 955 essent,
2637 890 2738 944 nisi
2782 904 2905 946 eum
2936 894 3242 963 recipiendo
3278 899 3618 969 accepissent

2017 987 2114 1043 per
2141 974 2259 1043 ejus
2280 976 2505 1044 gratiam
2549 976 2851 1049 huiusmodi
2882 991 3221 1051 potestatem.
3246 985 3372 1042 lianc
3397 998 3480 1045 est
3520 1005 3618 1060 μου

2018 1073 2216 1132 testas,
2243 1082 2403 1137 quam
2450 1068 2551 1124 sibi
2593 1069 2829 1127 vindicat
2856 1072 3111 1132 fortitudo
3155 1077 3464 1145 charitatis,
3496 1097 3617 1152 qua:

2018 1170 2124 1237 non
2151 1166 2234 1212 est
2256 1157 2310 1212 in
2337 1158 2520 1227 nobis,
2555 1159 2657 1216 nisi
2686 1176 2783 1233 per
2805 1162 3062 1235 Spiritum
3107 1177 3351 1225 sanctum
3394 1172 3483 1242 qui
3513 1171 3617 1228 da-
3703 1168 3709 1177 ’

2020 1253 2104 1301 tus
2130 1256 2214 1301 est
2239 1248 2416 1304 nobis.

2087 1335 2314 1393 CAPUT
2361 1337 2724 1397 LXV.-—78.
2764 1340 2913 1398 Idem
2955 1354 3202 1401 tractatur
3232 1360 3610 1420 argumentum.
3686 1325 3699 1335 ε

2017 1423 2171 1493 Quod
2199 1442 2333 1484 vero
2372 1429 2653 1503 presbyter
2695 1433 3016 1490 venerabilis
3061 1435 3413 1510 Hieronymus
3446 1440 3613 1503 dixit.

2018 1517 2071 1572 in
2094 1519 2158 1574 iis
2181 1518 2302 1591 qua:
2325 1521 2473 1577 illum
2496 1522 2697 1580 dixisse
2719 1537 3138 1596 commemorat,
3180 1544 3301 1586 cum
3326 1545 3625 1602 exponeret

2016 1609 2159 1679 quod
2182 1611 2441 1682 scriptum
2461 1622 2573 1680 est,
2603 1613 2751 1670 Beati
2789 1619 2980 1673 mundo
3024 1620 3206 1688 corde,
3252 1623 3488 1694 quoniam
3516 1626 3621 1696 ipsi

2016 1700 2181 1756 Deum
2201 1703 2433 1759 uidebam
2461 1721 2481 1760 :
2511 1706 2683 1772 «Quos
2706 1725 2806 1764 non
2836 1712 3005 1782 arguit
3029 1716 3335 1770 conscientia
3365 1718 3470 1772 ulla
3495 1736 3616 1789 pec-

2017 1792 2154 1857 cati;
2180 1809 2201 1844 ι
2230 1802 2285 1849 et
2320 1794 2517 1864 adjecit
2546 1814 2560 1851 :
2597 1816 2617 1851 ι
2649 1797 2876 1855 Mundus
2900 1803 3088 1857 mundo
3111 1805 3263 1860 corde
3288 1809 3613 1879 conspicitur,

2016 1884 2259 1953 templum
2287 1884 2380 1940 Dei
2403 1903 2505 1942 non
2534 1899 2695 1959 potest
2736 1907 2844 1946 esse
2877 1892 3128 1963 pollutum
3162 1914 3183 1950 ι
3210 1896 3613 1971 (Hieronymus,

2017 1974 2068 2026 in
2095 1984 2252 2043 caput
2277 1991 2314 2032 ν
2350 1975 2582 2033 ΜαιιΙιωὶ
2605 1978 2624 2050 )
2648 1997 2661 2033 :
2692 1979 2795 2036 hoc
2820 1982 3021 2054 ulique‘
3049 1987 3224 2055 agitur
3249 1988 3301 2042 iu
3331 1989 3484 2044 nobis
3512 2006 3610 2045 co-

2016 2066 2194 2120 nando
2213 2108 2227 2130 ,
2268 2066 2590 2138 laborando,
2622 2071 2864 2137 orando,
2896 2074 3260 2145 impetrando,
3282 2087 3343 2134 ut
3367 2080 3433 2135 ad
3461 2080 3607 2136 illam

2016 2158 2431 2227 perfectionem,
2465 2160 2515 2215 in
2554 2177 2656 2231 qua
2700 2163 2971 2234 possimus
3002 2165 3166 2222 Deum
3211 2170 3411 2226 mundo
3451 2172 3619 2227 corde

2013 2251 2354 2319 conspicere,
2383 2252 2501 2322 ejus
2527 2253 2693 2323 gratia
2725 2255 3080 2325 perducamur
3110 2274 3205 2328 per
3227 2259 3409 2316 Jesum
3435 2260 3618 2318 Chris-

2017 2348 2128 2395 tum
2150 2341 2436 2397 Dominum
2452 2353 2714 2399 nostrum.
2738 2346 2866 2401 ltem
2882 2347 3025 2416 quod
3041 2348 3114 2402 ait
3133 2364 3164 2403 a
3184 2362 3481 2408 memorato
3495 2352 3614 2408 dic—

2017 2439 2127 2486 tum
2141 2446 2263 2487 esse
2280 2432 2610 2505 presbytero,
2628 2433 2797 2489 Liberi
2810 2436 3007 2492 arbitrii
3022 2454 3113 2493 nos
3127 2439 3514 2509 condiditDeus,
3527 2459 3619 2497 nec

2015 2522 2084 2576 ad
2101 2524 2362 2589 virtutem,
2393 2540 2485 2579 nec
2520 2526 2591 2578 ad
2604 2516 2739 2580 sitia
2763 2528 3060 2584 necessitate
3086 2530 3374 2597 trahimur;
3393 2533 3620 2603 alioquin

2014 2616 2100 2670 ubi
2108 2618 2424 2684 necessitas,
2451 2634 2542 2673 nec
2569 2635 2760 2675 corona
2779 2631 2851 2676 est
2883 2620 3006 2695 (Id.
3037 2631 3213 2677 contra
3241 2624 3574 2682 Joviaianum
3592 2666 3612 2696 ,

2016 2706 2103 2761 lib.
2126 2706 2200 2777 2)
2226 2746 2243 2774 ,
2270 2709 2395 2779 quis
2414 2723 2521 2765 non
2541 2711 2832 2781 agnoscat?
2853 2713 2970 2782 quis
2989 2728 3096 2769 non
3125 2723 3237 2770 toto
3260 2716 3426 2772 corde
3448 2720 3619 2774 susei-

2017 2798 2167 2867 piat?
2200 2798 2320 2868 quis
2362 2799 2521 2855 aliter
2561 2800 2831 2856 conditam
2872 2801 3158 2858 humanam
3191 2814 3346 2875 neget
3370 2821 3492 2863 esse
3516 2822 3618 2863 na-

2017 2888 2231 2942 turam?
2256 2887 2364 2944 Sed
2392 2889 2443 2944 in
2475 2901 2622 2947 recte
2658 2889 2905 2947 faciendo
2934 2892 3054 2948 ideo
3079 2895 3283 2950 nullum
3311 2905 3396 2951 est
3434 2897 3620 2953 vincu-

2016 2978 2128 3035 lum
2158 2981 2490 3037 necessitatis
2512 3023 2528 3049 ,
2554 2983 2679 3053 quia
2713 2983 2934 3039 libertas
2980 2993 3063 3040 est
3084 2985 3358 3043 charitatis
3384 2990 3424 3041 ⁸.

2086 3070 2313 3127 CAPUT
2356 3071 2633 3126 LXVI.—
2652 3073 2741 3129 79.
2776 3072 3025 3138 Quaedam
3051 3077 3295 3145 peccandi
3317 3079 3611 3135 necessitas.

2020 3161 2148 3217 Redi
2189 3176 2321 3233 ergo
2338 3162 2407 3217 ad
2447 3165 2791 3234 apostolicam
2823 3167 3141 3222 sententiam
3186 3186 3199 3223 :
3240 3168 3474 3226 Charitas
3519 3170 3618 3227 Dei

2016 3252 2207 3320 diﬂ'usa
2225 3263 2300 3308 est
2319 3254 2372 3308 in
2392 3254 2629 3310 cordibus
2652 3256 2840 3312 nostris
2863 3273 2955 3327 per
2986 3257 3239 3329 Spiritum
3265 3271 3497 3315 sanctum
3527 3262 3619 3334 qui

2016 3344 2164 3400 datus
2200 3354 2273 3400 est
2300 3346 2444 3401 nobis
2474 3345 2670 3416 (Rom.
2713 3363 2747 3402 ν
2767 3390 2783 3415 ,
2812 3348 2912 3420 5).
2945 3352 2990 3404 Α
3017 3365 3154 3420 quo,
3183 3352 3285 3406 nisi
3308 3353 3377 3407 ab
3406 3353 3500 3408 illo
3522 3355 3618 3424 qui

2016 3437 2258 3493 ascendit
2282 3438 2338 3492 in
2359 3438 2523 3492 altum
2543 3479 2560 3506 ,
2589 3440 2876 3509 captivavit
2892 3441 3257 3510 captivitatem
3275 3485 3290 3510 ,
3313 3443 3460 3499 dedit
3475 3445 3616 3501 dona

2017 3524 2318 3583 hominibus
2347 3526 2577 3599 (Ephes.
2605 3544 2688 3594 tv,
2721 3530 2755 3586 8
2781 3530 2837 3599 )?
2863 3530 3015 3598 Quod
3043 3542 3221 3587 autem
3250 3523 3319 3591 es
3345 3534 3493 3591 vitiis
3520 3554 3616 3590 na-

2016 3625 2169 3684 turae,
2203 3633 2309 3673 non
2329 3634 2397 3674 ex
2416 3619 2721 3676 conditione
2742 3630 2965 3688 naturae,
2992 3621 3063 3678 sit
3084 3623 3326 3693 qumdam
3356 3627 3613 3697 peccandi

2015 3709 2340 3776 necessitas,
2370 3709 2550 3764 audiat
2576 3708 2769 3776 homo,
2802 3719 2963 3781 atque
2993 3721 3051 3766 ut
3084 3713 3273 3769 eadem
3318 3717 3613 3774 necessitas

2016 3814 2123 3855 non
2143 3799 2246 3867 sit,
2269 3800 2441 3856 discat
2462 3801 2573 3856 Deo
2596 3801 2776 3857 dicere
2792 3841 2808 3868 ,
2841 3801 2919 3857 De
2937 3805 3314 3862 necessitatibus
3338 3808 3460 3863 meis
3485 3809 3613 3866 educ

2015 3910 2095 3948 me
2118 3893 2137 3968 (
2160 3892 2307 3950 Psal.
2338 3910 2467 3951 nn
2490 3936 2506 3963 ,
2540 3895 2607 3950 l7
2630 3895 2670 3968 ).
2698 3897 2840 3965 Quia
2867 3905 2923 3953 et
2951 3898 3002 3953 in
3029 3898 3335 3971 huiusmodi
3369 3903 3613 3962 oratione

2014 3996 2289 4043 certamen
2312 3995 2395 4044 est
2422 3988 2681 4045 adversus
2709 3998 3030 4047 tentatorem
3058 3993 3128 4049 de
3161 3994 3273 4064 ipsa
3302 4004 3484 4052 contra
3511 4012 3612 4055 nos

2013 4081 2333 4138 necessitate
2358 4092 2677 4152 pugnantem
2704 4098 2720 4151 ;
2753 4099 2818 4140 ac
2845 4100 2942 4155 per
2973 4086 3075 4142 hoc
3117 4088 3413 4159 opitulante
3440 4091 3609 4161 gratia

2014 4187 2113 4242 per
2139 4172 2321 4227 Jesum
2345 4173 2613 4229 Christum
2646 4174 2933 4231 Dominum
2967 4186 3244 4246 nostrum,
3268 4191 3322 4237 et
3342 4182 3478 4237 mala
3511 4198 3608 4237 ne-

2014 4265 2243 4320 cessitas
2258 4265 2637 4330 removebitur,
2665 4275 2718 4323 et
2748 4267 2966 4325 libertas
2993 4268 3150 4338 plena
3183 4272 3464 4328 tribuetur.

2085 4357 2312 4414 CAPUT
2362 4358 2565 4414 LXVII.
2589 4389 2658 4401 -—
2678 4359 2768 4416 80.
2809 4359 3018 4417 Duobus
3036 4364 3202 4419 modis
3224 4374 3279 4417 ut
3308 4366 3503 4432 morbi,
3536 4368 3608 4422 ita

2012 4456 2062 4503 et
2098 4458 2302 4517 peccata
2337 4459 2593 4503 caventur.
2638 4450 2928 4507 Veniamus
2985 4453 3050 4510 ad
3104 4470 3204 4510 nos
3246 4473 3260 4511 :
3301 4455 3477 4521 Item,
3520 4458 3605 4512 in-

2010 4541 2127 4610 quit
2145 4528 2525 4611 ,‘Augustinus
2562 4541 2827 4612 episcopus
2863 4543 2919 4596 in
2958 4544 3101 4602 libris
3137 4546 3201 4598 de
3238 4545 3418 4601 Libero
3457 4546 3607 4602 Arbi-

2011 4633 2142 4699 trio,
2174 4632 2513 4706 Quaecumque
2550 4633 2650 4687 ista
2675 4649 2832 4688 causa
2852 4643 2924 4689 est
2950 4636 3251 4703 voluntatis,
3298 4638 3344 4692 si
3383 4654 3485 4693 non
3512 4657 3607 4709 po-

2008 4733 2107 4780 test
2132 4725 2178 4778 ei
2203 4724 2371 4779 resisti
2388 4765 2404 4788 ,
2432 4725 2541 4781 sine
2564 4734 2767 4796 peccato
2788 4727 2833 4781 ei
2863 4726 3059 4782 ceditur
3087 4744 3100 4780 :
3130 4728 3174 4782 si
3208 4737 3375 4785 autem
3404 4736 3563 4797 potest
3583 4771 3600 4791 ,

2012 4831 2114 4870 non
2141 4816 2187 4870 ei
2207 4814 2435 4883 cedatur,
2458 4825 2504 4870 et
2529 4833 2631 4871 non
2664 4816 2969 4886 peccabitur.
2995 4816 3075 4872 An
3109 4819 3238 4887 forte
3263 4819 3398 4887 fallit
3426 4821 3603 4874 incau-

2014 4917 2121 4962 tum
2141 4908 2166 4962 ?
2187 4924 2310 4979 ergo
2329 4917 2529 4973 caveat,
2550 4924 2617 4962 ne
2635 4907 2867 4978 fallatur.
2896 4909 2977 4963 An
3002 4918 3142 4965 tanta
3168 4910 3378 4980 fallacia
3404 4920 3479 4966 est
3497 4954 3512 4979 ,
3546 4921 3603 4967 ut

2012 5000 2179 5054 caueri
2204 4999 2410 5053 omnino
2428 5015 2532 5052 non
2553 4998 2756 5068 possit?
2776 4999 2839 5054 Si
2862 4998 2937 5052 ita
2952 5006 3026 5053 est
3050 5039 3064 5062 ,
3094 5000 3239 5057 nulla
3260 5017 3379 5070 ergo
3394 5010 3602 5070 peccata

2009 5101 2147 5148 sunt.
2174 5090 2301 5157 Quis
2329 5089 2465 5144 enim
2507 5098 2676 5160 peccat
2711 5090 2766 5145 in
2782 5105 2842 5144 eo
2881 5090 3017 5160 quod
3060 5091 3225 5149 caveri
3270 5091 3412 5148 nullo
3452 5093 3602 5148 modo

2010 5183 2207 5254 potest?
2235 5180 2482 5236 Peccatur
2504 5189 2676 5235 autem
2700 5198 2714 5235 :
2741 5182 2903 5257 caveri
2928 5180 3089 5252 igitur
3115 5192 3293 5253 potest.
3328 5187 3597 5254 Agnosco.

2002 5273 2170 5331 verba
2195 5288 2313 5329 mea
2328 5280 2463 5327 sunt
2489 5271 2625 5327 :sed
2663 5271 2823 5327 etiam
2867 5273 2981 5344 ipse
3021 5274 3277 5359 dignetur
3298 5273 3599 5344 agnoscere

378 5357 411 5437 ξ
432 5358 549 5437 editi
565 5357 808 5437 {sedatio
822 5358 1075 5437 idlagitur.
1087 5360 1383 5437 (leuamenti
1395 5370 1585 5437 natura.
1605 5365 1782 5430 quwin
1813 5365 1906 5418 hac
2000 5366 2252 5436 superius
2272 5372 2466 5421 cuncta
2492 5379 2615 5435 qua:
2637 5363 2778 5421 dicta
2808 5375 2951 5423 sunt.
2988 5365 3062 5422 De
3086 5357 3475 5437 gratia'quippe
3504 5366 3599 5421 Dei

313 5418 538 5493 sitae.“
568 5421 658 5473 sed
681 5421 844 5487 Igitur
865 5418 1108 5490 de'gratia
1144 5424 1253 5480 Dei.
1285 5418 1586 5491 (:astigantur
1618 5418 1696 5480 ἐι
1733 5442 1904 5481 manu-

311 5489 598 5618 ”??itre?
619 5553 722 5618 uss.
746 5547 988 5605 omittunt.

375 5605 450 5676 (a)
486 5608 638 5676 terna
656 5606 769 5676 illa,
801 5622 914 5672 qua:
935 5610 1072 5676 velut
1094 5612 1436 5676 Xysti__ttomani
1462 5614 1674 5676 episcopi
1698 5622 1753 5666 et
1772 5628 1900 5665 mar-

314 5668 675 5743 tyt'is_Pelagius
696 5670 805 5743 ipse
817 5668 1113 5743 protulerat,
1133 5668 1316 5743 'di_d_ieit
1345 5668 1653 5743 jmstmodum
1678 5679 1900 5743 angusti-

314 5733 684 5803 ynnxmisire
697 5732 833 5803 Sexti
848 5746 958 5803 esse
973 5732 1247 5803 pbdosophi
1264 5732 1585 5803 Pythagorei,
1596 5750 1657 5803 ex
1687 5732 1900 5789 lectione

534 5795 804 5856 Hieronymi
830 5793 1058 5858 epistiad
1075 5793 1435 5856 Ctesij'moiitctﬁ
1452 5832 1467 5856 ,
1507 5793 1588 5848 ubi
1625 5802 1664 5851 is
1685 5813 1900 5851 errorem

311 5850 440 5905 hunc
455 5850 729 5920 detegens:
755 5850 1072 5914 ejus'eausarn
1098 5859 1145 5907 in
1166 5850 1376 5909 Rutilium
1396 5850 1563 5910 refert.

2006 5457 2201 5526 agitur,
2219 5470 2339 5526 qua:
2350 5454 2505 5510 nobis
2530 5468 2625 5524 per
2643 5454 2985 5512 Mediatorem
3006 5457 3264 5512 medicina
3284 5456 3596 5527 opitulatur,

2007 5566 2114 5605 non
2140 5548 2208 5604 de
2234 5547 2661 5618 impossibilitate
2695 5547 2931 5617 iustitiae.
2957 5548 3136 5603 l‘otest
3164 5563 3291 5617 ergo
3313 5547 3363 5602 ei
3382 5559 3560 5603 causa:
3579 5584 3596 5619 ,

2008 5655 2356 5713 quacumque
2401 5640 2489 5693 illa
2520 5649 2639 5706 est,
2670 5641 2845 5695 resiSti
2892 5648 3112 5708 :potest
3140 5639 3317 5709 plane.
3365 5634 3496 5691 Nam
3541 5633 3596 5702 in

2073 5800 2088 5832 ί
2128 5798 2256 5862 Apud
2280 5804 2410 5857 Lam,
2435 5793 2522 5863 hoc
2540 5793 2695 5863 itaque
2720 5806 2736 5845 :
2761 5796 2920 5844 minus
2942 5795 3092 5843 bene.

2072 5864 2091 5891 ι
2129 5855 2224 5908 Att].
2255 5870 2303 5911 et
2326 5855 2421 5919 t-'.r.',
2447 5862 2513 5907 est
2532 5855 2758 5913 Charitas.
