4164 6510
561 442 663 499 237

563 557 668 612 hoc
705 553 1027 623 adiutorium
1062 552 1423 621 postulamus,
1453 549 1711 609 dieetttes.
1742 545 1829 603 Ne
1849 565 1937 601 nos
1964 546 2154 616 inferas

562 661 618 700 nt
654 644 979 698 tentationem
1008 657 1027 695 :
1051 640 1194 707 quod
1219 640 1540 709 adjutorium
1569 655 1671 692 non
1701 650 2043 709 posceremus
2064 677 2081 703 ,
2112 638 2155 691 si

567 735 743 794 misti
767 734 915 788 nullo
939 730 1098 786 modo
1116 746 1273 801 posse
1290 730 1651 785 crederemus.
1679 729 1859 783 Potest
1882 737 2154 797 precatum

563 825 775 887 caveri,
806 823 901 878 sed
929 823 1229 892 epitulante
1254 821 1376 886 illo,
1409 819 1500 891 qui
1526 835 1630 875 non
1656 826 1835 890 potest
1861 816 1996 872 falli.
2027 817 2155 872 Nam

565 927 623 974 et
651 916 753 971 hoc
781 916 953 985 ipsum
982 915 1047 969 ad
1071 913 1367 969 cavendum
1394 922 1666 982 peccatum
1692 911 1919 981 pertinet
1945 952 1960 973 ,
1992 910 2035 963 si
2064 926 2157 964 vc—

565 1009 763 1063 raciter
799 1008 1059 1072 dicimus,
1107 1005 1311 1059 Dimitte
1337 1006 1480 1059 nobis
1517 1005 1682 1057 debita
1719 1013 1891 1056 nostra
1911 1043 1926 1067 ,
1957 1004 2083 1055 sicut
2113 1010 2159 1055 et

568 1118 660 1155 nos
689 1102 989 1155 dimittimus
1025 1100 1331 1154 debitoribus
1362 1102 1549 1155 nostris
1581 1098 1789 1169 (.ifatth.
1820 1114 1891 1163 vi,
1922 1100 2010 1162 13,
2044 1098 2155 1167 12).

572 1191 793 1246 Duobus
815 1192 955 1245 enim
994 1190 1166 1247 modis
1190 1192 1349 1245 etiam
1382 1189 1431 1243 in
1473 1204 1695 1258 corpore
1738 1199 1955 1244 cavetur
1988 1189 2158 1244 morbi

570 1281 806 1346 malum;
853 1291 907 1336 et
951 1289 1005 1335 ut
1044 1297 1150 1334 non
1188 1280 1431 1345 accidat,
1458 1289 1511 1334 et
1557 1289 1613 1333 ut
1641 1279 1683 1333 si
1721 1279 2007 1346 acciderit,
2053 1281 2161 1335 cito

567 1382 788 1427 sanetur
824 1382 918 1427 :ut
963 1387 1071 1427 no'n
1093 1372 1331 1435 accidat,
1358 1384 1640 1426 caveamus
1680 1370 1927 1438 dicendo,
1961 1370 2044 1424 Ne
2070 1388 2161 1426 nos

568 1465 760 1535 inferas
786 1465 837 1517 in
863 1465 1224 1526 tentationem;
1256 1473 1313 1517 ut
1354 1463 1461 1517 cito
1489 1470 1726 1527 sanetur,
1771 1476 2052 1516 caveamus
2080 1461 2161 1516 di-

567 1555 760 1619 cendo,
786 1554 989 1608 Dimitte
1004 1555 1144 1608 nobis
1158 1553 1322 1608 debita
1343 1562 1538 1606 nostra.
1563 1550 1689 1606 Sive
1705 1565 1835 1621 ergo
1859 1550 2156 1616 immineat,

566 1647 680 1699 sive
711 1646 1033 1709 insit,caveri
1061 1655 1227 1715 potest
1260 1644 1278 1717 (
1302 1661 1333 1698 a
1356 1645 1396 1714 ).

638 1736 729 1790 8l.
764 1735 870 1791 Sed
902 1745 1086 1790 utnon
1117 1743 1317 1790 tantum
1365 1735 1473 1799 illi,
1516 1749 1706 1789 verum
1752 1734 1911 1790 etiam
1958 1735 2023 1790 iis
2067 1736 2160 1806 qui

568 1825 787 1880 eosdem
810 1825 975 1880 libros
1006 1841 1189 1893 meos,
1231 1841 1366 1897 quos
1390 1826 1491 1881 iste
1532 1826 1686 1897 legit,
1734 1825 1801 1881 de
1837 1826 2031 1882 Libero
2060 1828 2162 1881 Ar-

566 1916 730 1971 bitrio
758 1931 862 1970 non
896 1918 1170 1987 legerunt,
1200 1926 1359 1987 atque
1391 1917 1495 1972 illis
1519 1931 1627 1971 non
1656 1916 1807 1971 lectis
1831 1957 1847 1981 ,
1880 1917 2022 1971 hunc
2047 1916 2159 1971 for-

564 2011 703 2062 sitan
735 2009 946 2080 legunt,
977 2011 1045 2066 de
1068 2010 1167 2065 hac
1194 2025 1253 2066 re
1278 2010 1540 2066 sententia
1571 2025 1687 2064 mea
1716 2009 1846 2064 satis
1873 2017 2155 2079 appareat,

563 2114 628 2152 ex
658 2100 786 2168 ipsis
809 2100 959 2155 libris
984 2116 1408 2155 commemorare
1435 2116 1521 2156 me
1549 2108 1780 2169 oportet,
1806 2100 1946 2170 quod
1979 2101 2079 2155 iste
2104 2101 2150 2156 si

563 2191 789 2245 sentiret
819 2201 980 2261 atque
1012 2192 1063 2246 in
1094 2192 1206 2246 suis
1237 2191 1427 2247 litteris
1454 2200 1699 2261 poneret,
1732 2192 1873 2246 nulla
1896 2192 2033 2247 inter
2058 2208 2156 2247 nos

563 2278 634 2333 de
674 2279 774 2334 hac
819 2295 879 2335 re
918 2283 1277 2336 controversia
1311 2290 1629 2336 remaneret.
1676 2281 1940 2337 Continuo
1964 2283 2157 2353 quippe

563 2378 688 2439 post
710 2369 872 2424 verba
902 2385 1018 2425 mea
1042 2386 1160 2440 qua:
1187 2372 1286 2424 iste
1312 2371 1780 2435 commemoravit,
1803 2370 1943 2441 quod
1972 2386 2149 2426 occur.

564 2473 688 2514 rere
731 2469 940 2529 poterat
977 2460 1091 2530 ipse
1118 2460 1320 2530 subjeci
1342 2502 1357 2527 ,
1388 2469 1441 2515 et
1467 2468 1723 2531 quantum
1754 2460 1902 2531 potui
1944 2468 2152 2531 pertra-

564 2549 703 2604 ctavi
724 2591 739 2615 ,
768 2550 951 2605 dicens
979 2567 992 2604 :
1022 2549 1091 2603 Et
1132 2561 1299 2605 tamen
1324 2552 1474 2604 etiam
1521 2568 1611 2620 per
1638 2550 1979 2622 ignorantiam
2017 2554 2156 2623 facta

565 2639 800 2709 qmedam
825 2639 1196 2710 improbantur,
1221 2650 1267 2696 et
1286 2641 1584 2713 corrigenda
1599 2640 1927 2712 judicantur,
1953 2641 2081 2695 sicut
2100 2642 2154 2696 in

563 2729 749 2783 divinis
795 2730 1179 2786 auctoritatibus
1224 2730 1459 2803 legimus.
1522 2733 1695 2802 Atque
1737 2732 1863 2787 hinc
1903 2732 2154 2788 adhibitis

565 2822 856 2891 exemplis,
888 2823 1049 2877 etiam
1078 2822 1147 2879 de
1186 2824 1493 2879 inllrmitate
1516 2823 1725 2880 loeutus
1762 2839 1903 2893 sum,
1925 2825 2109 2881 dicens
2136 2844 2150 2881 :

564 2910 700 2966 Sunt
723 2914 870 2967 etiam
897 2915 1187 2969 necessitate
1207 2916 1343 2983 facta
1365 2916 1706 2987 improbanda
1722 2958 1737 2983 ,
1759 2917 1846 2971 ubi
1880 2917 1982 2971 vult
2002 2917 2152 2972 homo

560 3012 694 3058 recte
710 3007 894 3075 facere,
908 3014 954 3059 et
971 3021 1069 3059 non
1086 3015 1266 3074 potest.
1284 3004 1421 3059 Nam
1435 3007 1567 3061 unde
1580 3016 1694 3062 sunt
1707 3007 1814 3062 illa:
1827 3024 1987 3074 voces,
1997 3026 2017 3059 ι
2031 3006 2152 3063 Non

560 3094 696 3148 enim
721 3095 857 3166 quod
884 3097 996 3150 colo
1015 3098 1148 3168 furia
1170 3098 1387 3162 bonum;
1426 3099 1514 3153 sed
1535 3099 1671 3169 quod
1695 3098 1780 3152 odi
1807 3097 1996 3153 malum
2016 3138 2032 3165 ,
2058 3101 2154 3153 hoc

560 3187 698 3256 ago?
717 3204 737 3238 ο
760 3188 933 3257 Atque
952 3188 1070 3242 aliis
1098 3190 1113 3220 ³
1141 3190 1194 3243 in
1222 3188 1360 3243 hanc
1381 3189 1701 3244 sententiam
1718 3190 2152 3245 commemoratis

560 3278 885 3333 testimoniis
911 3279 1210 3334 divinorum
1238 3281 1571 3350 eloquiorum
1601 3298 1615 3335 :
1652 3300 1670 3333 ι
1705 3281 1810 3337 Sed
1834 3282 1982 3349 haec,
2014 3301 2035 3336 ι
2070 3283 2153 3337 in-

560 3382 717 3437 quam
742 3408 758 3435 ,
798 3369 1025 3423 «omnia
1069 3368 1340 3424 hominum
1382 3380 1682 3426 suntvoces
1721 3387 1787 3427 ex
1827 3372 1917 3426 illa
1964 3373 2152 3428 mortis

564 3477 584 3511 ι
622 3460 963 3517 damnatione
992 3463 1341 3518 venientium.
1370 3463 1503 3518 Nam
1534 3464 1577 3518 si
1607 3480 1711 3519 non
1739 3473 1821 3520 est
1862 3465 1960 3519 ista
1993 3479 2147 3535 paena

561 3567 584 3602 ι
621 3550 879 3619 hominis,
934 3554 1028 3610 sed
1090 3563 1309 3621 natura,
1355 3557 1496 3611 nulla
1538 3557 1636 3611 ista
1690 3568 1907 3627 peccata
1946 3568 2087 3613 sunt.
2124 3577 2144 3612 s

558 3643 760 3700 Deinde
789 3647 943 3715 paulo
970 3656 1091 3717 post
1138 3665 1152 3701 :
1204 3665 1223 3699 ι
1256 3648 1588 3718 Relinquitur
1629 3663 1755 3717 ergo
1779 3690 1792 3712 ,
1829 3668 1849 3702 ι
1899 3649 2147 3720 inquam,

565 3755 585 3789 ι
624 3746 681 3790 ιιι
706 3738 820 3792 lucc
846 3754 1001 3808 paena
1021 3738 1162 3808 justa
1202 3739 1269 3793 de
1292 3739 1634 3793 damnatione
1681 3739 1911 3794 hominis
1952 3741 2146 3796 veniat.

563 3848 584 3883 ο
621 3830 728 3885 Nec
750 3831 1051 3886 mirandum
1080 3840 1162 3887 est
1186 3833 1327 3902 quod
1351 3832 1429 3887 vel
1459 3832 1751 3903 ignorando
1780 3849 1884 3887 non
1909 3832 2149 3889 liabetli-

565 3939 584 3972 ι
622 3922 807 3976 herum
867 3922 1143 3976 arbitrium
1207 3922 1494 3976 voluntatis
1553 3921 1617 3975 ad
1682 3922 1980 3993 eligendum
2023 3925 2149 3994 quid

563 4005 762 4065 «recte
788 4010 987 4067 faciat:
1032 4012 1117 4067 vel
1162 4012 1443 4068 resistente
1488 4012 1686 4067 carnali
1730 4013 2146 4081 consuetudine,

566 4122 583 4153 ο
621 4117 740 4172 qum
769 4101 1019 4157 violentia
1049 4102 1289 4157 mortalis
1326 4102 1683 4157 successionis
1719 4102 1948 4172 quodam
1990 4103 2149 4159 modo

565 4212 586 4245 ο
628 4194 938 4249 naturaliter
958 4194 1210 4260 inolevit,
1228 4194 1404 4248 videat
1422 4193 1546 4265 quid
1568 4204 1713 4249 recte
1733 4194 2030 4250 faciendum
2057 4195 2146 4260 sit,

518 4300 523 4307 ο
560 4304 583 4337 ε
620 4296 683 4357 et,
708 4287 865 4351 velit,
897 4302 997 4341 nec
1018 4286 1188 4357 possit
1229 4286 1468 4355 implere.
1516 4285 1606 4340 llla
1646 4295 1730 4341 est
1765 4286 1907 4342 enim
1947 4289 2148 4357 peccati

562 4394 583 4427 ι
623 4391 777 4445 pmna
802 4376 1094 4445 justissima
1116 4419 1130 4441 ,
1160 4384 1218 4431 ut
1256 4377 1463 4431 amittat
1489 4377 1712 4447 quisque
1750 4393 1858 4446 quo
1892 4378 2029 4433 bene
2069 4376 2146 4433 uti

562 4487 582 4519 ι
614 4468 812 4534 noluit,
836 4483 956 4523 cum
982 4467 1098 4522 sine
1134 4468 1237 4523 ulla
1276 4477 1454 4538 posset
1482 4467 1823 4535 difﬁcultate,
1869 4470 1914 4524 si
1947 4471 2103 4526 vellet
2131 4490 2145 4527 :

560 4579 580 4609 ι
620 4558 671 4614 id
699 4568 780 4614 est
809 4567 986 4615 autem
1006 4599 1023 4626 ,
1052 4568 1109 4613 ut
1136 4559 1225 4630 qui
1254 4561 1427 4614 sciens
1456 4569 1601 4615 recte
1630 4576 1735 4615 non
1756 4560 1913 4629 facit,
1939 4564 2148 4619 amittat

558 4669 579 4702 ι
613 4651 752 4706 scire
778 4650 902 4720 quid
930 4659 1134 4705 rectum
1163 4650 1268 4714 sit;
1301 4660 1354 4704 et
1379 4650 1469 4719 qui
1501 4660 1644 4705 recte
1672 4650 1846 4706 facere
1871 4667 1989 4707 eum
2021 4669 2146 4723 pos-

558 4759 580 4795 l
612 4751 693 4796 set
711 4740 911 4805 noluit,
933 4741 1135 4795 amittat
1163 4755 1321 4812 posse
1346 4756 1465 4796 cum
1490 4741 1636 4795 velit.
1658 4740 1790 4796 Nam
1813 4751 1937 4798 sunt
1963 4759 2143 4800 revera

555 4851 576 4885 ι
615 4832 758 4887 otnni
786 4833 1045 4902 peccanti'
1068 4832 1261 4887 anima:
1286 4831 1393 4886 duo
1427 4832 1524 4886 ista
1553 4832 1778 4901 poenalia
1800 4874 1816 4900 ,
1846 4832 2143 4901 ignarantia

555 4943 575 4975 ι
611 4935 665 4979 et
701 4924 1005 4982 difﬁcultas.
1055 4926 1133 4980 Ex
1181 4924 1477 4996 ignorantia
1519 4924 1836 4981 dehonestat
1863 4941 2049 4995 error,
2077 4945 2142 4984 ex

557 5031 576 5064 ι
614 5012 928 5068 difﬁcultate
970 5014 1235 5070 cruciatus
1274 5014 1477 5085 afﬂigit.
1518 5014 1625 5070 Sed
1660 5015 1958 5086 approbare
2011 5017 2142 5072 falsa

555 5121 574 5151 ε
612 5116 709 5172 pro
738 5104 909 5169 veris,
948 5112 1009 5159 ut
1036 5113 1181 5159 erret
1202 5106 1430 5172 invitus,
1456 5115 1511 5161 et
1536 5106 1819 5161 resistente
1839 5117 1999 5177 atque
2026 5116 2142 5162 tor-

555 5212 576 5246 ι
614 5184 1022 5264 quente'dolore
1058 5199 1286 5252 carnalis
1310 5198 1502 5253 vinculi
1530 5214 1636 5253 non
1658 5214 1814 5268 posse
1837 5214 1866 5253 a
1891 5200 2142 5255 libidino-

553 5302 573 5336 s
612 5286 687 5340 sis
705 5284 956 5355 operibus
982 5293 1278 5355 temperare
1300 5328 1315 5354 ,
1347 5303 1453 5343 non
1479 5301 1563 5344 est
1583 5298 1771 5344 natura
1792 5291 2016 5345 instituti
2039 5289 2141 5344 ho-

552 5395 572 5427 s
613 5376 807 5441 minis,
836 5376 930 5431 sed
975 5392 1131 5446 paena
1177 5378 1431 5433 damnati.
1475 5381 1605 5435 Cum
1647 5390 1825 5437 autem
1868 5382 1934 5437 de
1975 5383 2138 5437 libera

553 5487 573 5521 ι
612 5467 882 5524 voluntate
909 5478 1054 5523 recte
1083 5467 1304 5523 faciendi
1329 5470 1614 5540 loquimur,
1642 5472 1710 5527 de
1735 5474 1824 5527 illa
1853 5474 2057 5529 scilicet
2086 5474 2138 5528 in

552 5580 573 5613 σ
611 5576 711 5632 qua
742 5562 901 5614 homo
928 5560 1096 5616 factus
1117 5569 1232 5626 est,
1271 5562 1553 5631 loquimur.
1593 5582 1611 5615 ι
1650 5566 1782 5621 llinc
1814 5567 1924 5635 jam
1959 5567 2137 5621 homi-

544 5653 704 5707 nibus
747 5652 813 5706 tle
852 5652 1017 5721 ipsius
1065 5651 1376 5720 ignorantim
1394 5654 1822 5727 difﬁcultatisque
1860 5659 2134 5729 inproletn

615 5766 629 5794 ί
658 5770 765 5834 Lov.
789 5797 802 5820 ,
829 5776 967 5825 atque
993 5762 1102 5815 aliis
1126 5760 1280 5812 isthic.
1318 5765 1486 5823 Abest,
1512 5765 1667 5827 isthic,
1695 5782 1721 5817 a
1754 5772 1927 5821 nostris
1969 5786 2136 5821 manno

544 5832 749 5881 scriptis.

609 5887 682 5947 (α)
718 5887 831 5936 \‘tde
852 5893 1053 5937 ttetract.
1080 5883 1164 5933 Iilv.
1200 5886 1237 5944 I,
1258 5899 1361 5948 cap.
1384 5888 1432 5946 Ω,
1456 5904 1532 5937 nn.
1560 5890 1607 5949 Pi,
1632 5891 1677 5937 (ἰ.

1243 436 1329 491 οε
1366 432 1647 491 N.‘.'IUR.\
1690 430 1778 487 ET
1817 430 2098 494 GRATIA,
2142 428 2200 484 S.
2244 428 2614 487 AUGUSTINI
2665 431 2868 487 LIBER
2909 431 3114 490 UNUS.

3748 443 3856 499 283

2270 545 2424 613 primi
2467 548 2696 600 hominis
2724 549 2956 617 trajectis
2992 549 3131 601 vitiis
3169 556 3329 618 atque
3372 552 3682 623 transfusis,
3712 562 3859 612 velut

2263 636 2459 703 justam
2512 636 2784 706 querelam
2835 637 3226 707 deponentibus
3273 640 3340 693 ita
3388 656 3702 712 responsum
3749 657 3855 702 est.

2272 744 2291 778 ι
2327 726 2527 795 Quibus
2553 727 2810 794 breviter,
2838 748 2855 781 ι
2885 729 3097 799 inquam
3120 772 3135 796 ,
3172 750 3191 783 ι
3222 733 3595 803 respondetur,
3623 746 3679 792 ut
3703 741 3853 810 quie-

2271 836 2291 869 t
2328 828 2518 887 scant,
2575 828 2629 874 et
2673 820 2927 876 adversus
2980 823 3144 878 Deum
3195 840 3531 884 murmurare
3574 829 3859 891 desistant.

2272 926 2290 960 ι
2330 909 2493 964 Recte
2512 911 2656 965 enim
2689 910 2915 968 fortasse
2945 925 3317 983 quererentur,
3344 919 3387 973 si
3415 922 3617 977 erroris
3654 933 3707 977 et
3735 925 3863 980 libi-

2271 1018 2290 1049 ι
2328 999 2468 1054 dinis
2494 1002 2669 1055 nullus
2713 1001 2987 1057 hominum
3028 1006 3197 1059 victor
3225 1009 3480 1065 existeret
3523 1029 3536 1065 :
3580 1027 3701 1068 cum
3732 1031 3862 1071 vero

2272 1108 2290 1139 ‹
2331 1090 2524 1158 ubique
2544 1092 2611 1146 sit
2635 1108 2870 1161 praesens
2888 1136 2903 1162 ,
2927 1097 3015 1165 qui
3041 1098 3220 1152 multis
3243 1100 3413 1154 modis
3439 1116 3535 1172 per
3553 1116 3860 1161 creaturam

2272 1199 2291 1233 ι
2326 1182 2426 1236 sibi
2468 1183 2693 1239 Domino
2731 1186 3091 1255 servientem,
3139 1205 3383 1245 aversum
3437 1204 3625 1260 vocet,
3669 1198 3861 1254 doceat

2272 1289 2291 1323 t
2326 1272 2664 1341 credentem,
2689 1276 2998 1331 consoletur
3022 1290 3327 1347 sperantem
3355 1323 3368 1346 ,
3400 1282 3709 1355 diligentem
3756 1289 3856 1342 ad-

2272 1379 2291 1413 ι
2331 1362 2591 1428 hortetur,
2615 1376 2895 1420 conantem
2920 1367 3166 1438 adjuvet,
3190 1371 3435 1427 exaudiat
3454 1373 3854 1453 deprecantem;

2273 1469 2292 1503 ι
2331 1467 2437 1507 non
2466 1454 2557 1508 tibi
2578 1454 2865 1524 deputatur
2888 1458 2955 1513 ad
2985 1459 3192 1529 culpam
3214 1461 3355 1531 quod
3383 1463 3580 1519 invitus
3606 1465 3849 1535 ignoras;

2272 1558 2290 1595 ι
2327 1544 2422 1599 sed
2448 1546 2591 1615 quod
2640 1548 2864 1619 negligis
2911 1565 3151 1621 quaerere
3195 1552 3336 1621 quod
3386 1554 3633 1624 ignoras;
3683 1573 3857 1629 neque

2271 1650 2290 1683 ι
2331 1633 2456 1687 illttd
2477 1635 2617 1704 quod
2644 1637 2918 1692 vulnerata
2946 1638 3185 1693 membra
3206 1656 3311 1695 non
3332 1642 3534 1713 colligis
3552 1686 3568 1711 ,
3591 1645 3684 1699 sed
3713 1647 3856 1716 quod

2272 1742 2291 1775 ι
2330 1724 2592 1780 volentem
2629 1741 2821 1783 sanare
2859 1729 3178 1784 contemnis.
3228 1748 3247 1782 ι
3297 1729 3371 1785 Ita
3432 1740 3487 1787 et
3540 1733 3859 1790 exhortatus

2264 1828 2417 1881 sum,
2466 1825 2722 1886 quantum
2768 1819 2951 1888 potui,
2991 1819 3057 1873 ad
3087 1830 3231 1875 recte
3271 1821 3594 1887 vivendum;
3638 1834 3691 1878 et
3730 1842 3856 1895 gra-

2265 1914 2390 1962 tiam
2418 1906 2513 1962 Dei
2540 1922 2645 1963 non
2677 1910 2959 1978 evacuavi,
2987 1910 3103 1967 sine
3124 1926 3226 1982 qua
3257 1925 3444 1966 natura
3488 1913 3720 1969 humana
3741 1916 3855 1987 jam

2262 1997 2643 2053 eontenebrata
2674 2008 2834 2070 atque
2875 2002 3056 2055 vitiata
3104 1996 3389 2059 illuminari
3434 2021 3537 2061 non
3581 2016 3756 2077 potest
3800 2019 3856 2065 et

2262 2088 2475 2142 sanari:
2508 2088 2576 2144 de
2602 2105 2704 2161 qua
2726 2106 2785 2146 re
2810 2106 2929 2146 cum
2955 2092 3072 2147 istis
3098 2102 3204 2147 tota
3235 2096 3460 2148 vertitur
3500 2098 3755 2166 quaestio,
3786 2114 3855 2155 ne

2262 2177 2481 2247 gratiam
2526 2178 2622 2234 Dei
2648 2196 2767 2250 qua:
2794 2192 2877 2236 est
2906 2182 2955 2236 in
2985 2181 3200 2238 Clu-isto
3223 2183 3351 2239 Jesu
3384 2186 3608 2241 Domino
3638 2199 3850 2259 nostro,

2262 2281 2510 2336 perversa
2539 2279 2740 2325 natura:
2760 2270 3072 2328 defensione
3131 2273 3467 2330 frustremus.
3499 2277 3574 2333 De
3607 2295 3709 2349 qua
3753 2298 3851 2335 na-

2262 2370 2380 2414 tura
2403 2361 2529 2416 item
2565 2364 2722 2433 paulo
2749 2376 2865 2434 post
2892 2365 3005 2419 dixi
3049 2367 3067 2438 (
3089 2360 3163 2420 De
3181 2365 3363 2421 Libero
3382 2369 3606 2424 Arbitrio
3628 2412 3645 2439 ,
3681 2371 3769 2428 lib.
3794 2374 3849 2440 3,

2260 2450 2529 2523 n.50-5i)
2560 2470 2573 2507 :
2604 2470 2622 2505 t
2657 2454 3010 2525 Etiamipsam
3038 2465 3279 2512 naturam
3297 2458 3851 2529 aliterdicimus,cum

2259 2544 2472 2613 proprie
2497 2545 2783 2616 loquimur,
2812 2557 3055 2602 naturam
3086 2548 3317 2606 hominis
3340 2550 3511 2622 inqua
3534 2553 3763 2623 primum
3797 2555 3849 2610 in

2257 2646 2356 2686 suo
2384 2649 2580 2702 genere
2608 2634 2940 2705 inculpabilis
2974 2636 3145 2692 factus
3174 2647 3256 2693 est
3306 2656 3321 2693 :
3368 2640 3523 2695 aliter
3551 2641 3705 2696 istam
3728 2684 3745 2710 ,
3797 2644 3850 2699 in

2255 2736 2359 2792 qua
2389 2738 2453 2777 ex
2474 2724 2614 2779 illius
2633 2724 2867 2781 damnati
2891 2741 3047 2797 pmna
3066 2727 3083 2758 ί
3110 2736 3166 2782 et
3195 2728 3361 2799 ignari
3389 2739 3443 2784 et
3467 2732 3616 2786 carni
3651 2733 3850 2790 subditi

2256 2816 2554 2884 nascimur;
2591 2818 2744 2887 juxta
2774 2835 2931 2890 quem
2958 2820 3171 2875 modum
3210 2821 3338 2876 dicit
3364 2823 3685 2894 Apostolus,
3716 2826 3848 2881 Fui-

2256 2922 2368 2961 mus
2413 2908 2546 2963 enim
2588 2917 2634 2963 et
2673 2926 2764 2964 nos
2789 2910 3086 2966 naturaliter
3118 2910 3216 2980 ﬁlii
3254 2912 3377 2981 ira,
3422 2914 3550 2968 sicut
3591 2924 3639 2970 et
3681 2919 3849 2972 ctcteri

2257 2994 2492 3067 (Ephes.
2520 3014 2593 3066 ιι,
2621 2999 2718 3070 3).

2325 3088 2551 3146 CAPUT
2591 3090 2823 3147 LXVIII.
2848 3122 2919 3133 —
2944 3093 3034 3148 82.
3084 3092 3347 3160 Quomodo
3410 3098 3721 3153 adhortandi
3780 3102 3851 3154 ad

2255 3180 2408 3248 ﬁdem
2431 3222 2446 3249 ,
2494 3182 2562 3236 ad
2606 3184 2982 3255 penitentiam,
3028 3187 3097 3240 ad
3144 3191 3445 3260 profectum.
3486 3188 3542 3245 Si
3583 3206 3713 3262 ergo
3753 3208 3850 3248 vo-

2255 3272 2430 3327 lumus
2473 3274 2671 3330 animos
2706 3275 2775 3330 ad
2825 3287 2955 3331 recte
3004 3279 3269 3334 vivendum
3312 3283 3527 3353 frigidos
3580 3292 3627 3338 et
3673 3284 3849 3356 pigros

2254 3362 2539 3419 clu'istianis
2564 3366 2995 3423 exhortationibus
3014 3372 3234 3425 excitare
3253 3380 3299 3425 et
3314 3374 3623 3437 accendere;
3647 3375 3838 3445 primi-

2254 3461 2341 3509 tus
2363 3456 2708 3513 eshortemut'
2729 3459 2795 3513 ad
2827 3459 3007 3529 fidem,
3036 3477 3139 3532 qua
3164 3463 3439 3518 christiani
3472 3465 3621 3535 fiant,
3649 3476 3705 3522 et
3725 3468 3844 3539 ejus

2254 3546 2455 3601 nomini
2481 3549 2847 3619 subjiciantur,
2874 3551 2990 3606 sine
3009 3568 3116 3623 quo
3139 3553 3269 3608 salvi
3300 3569 3422 3610 esse
3453 3572 3557 3611 non
3591 3572 3840 3628 possunt.

2254 3635 2309 3691 Si
2336 3646 2512 3693 autem
2547 3638 2656 3708 jam
2694 3640 2970 3696 christiani
3007 3652 3165 3708 sunt,
3199 3655 3256 3700 et
3284 3653 3430 3701 recte
3456 3645 3637 3704 vivere
3669 3651 3846 3721 negli-

2252 3741 2409 3797 gout;
2437 3731 2785 3786 verberentur
2806 3734 3120 3799 terroribus,
3144 3744 3198 3790 et
3226 3738 3564 3806 praemiorum
3594 3738 3847 3797 laudibus

2253 3821 2558 3890 erigantur:
2589 3822 2658 3876 ita
2688 3838 2837 3889 sane,
2866 3833 2922 3878 ut
2951 3840 3054 3880 non
3082 3826 3253 3880 Solum
3281 3827 3346 3880 ad
3375 3828 3543 3882 bonas
3572 3832 3836 3900 actiones,

2254 3925 2435 3966 verum
2466 3913 2624 3968 etiam
2652 3913 2718 3968 ad
2744 3915 2854 3984 pias
2876 3917 3144 3972 orationes
3167 3932 3261 3972 eos
3285 3918 3555 3975 exhortari
3582 3922 3849 3980 memine-

2253 4002 2419 4058 rimus
2437 4046 2453 4068 ,
2491 4016 2651 4075 atque
2693 4006 2792 4061 hac
2834 4006 3099 4063 instruere
3123 4009 3352 4066 sanitate
3377 4009 3636 4068 doctrina:
3657 4056 3673 4081 ,
3705 4022 3766 4070 ut
3792 4022 3850 4071 et

2254 4093 2396 4149 iilinc
2411 4095 2608 4166 gratias
2627 4104 2805 4167 agant,
2827 4111 2948 4152 cum
2973 4098 3301 4155 instituerint
3321 4100 3456 4157 bene
3474 4103 3674 4167 vivere,
3698 4106 3846 4175 quod

2252 4185 2452 4254 aliquid
2490 4187 2607 4242 sine
2634 4187 2951 4245 difﬁcultate
2989 4190 3244 4258 fecerint;
3271 4200 3326 4247 et
3355 4193 3442 4248 ubi
3469 4193 3845 4259 difficultatem

2252 4276 2482 4347 aliquam
2530 4278 2801 4345 sentiunt,
2846 4279 3169 4335 ﬁdelissimis
3207 4290 3261 4336 et
3299 4284 3848 4352 perseverantissimis

2254 4368 2499 4437 precibus
2522 4377 2576 4424 et
2595 4369 2977 4425 misericordia:
2999 4373 3258 4442 promptis
3272 4374 3524 4443 cperibus
3539 4376 3844 4433 facilitatem

2251 4472 2281 4511 a
2312 4458 2537 4515 Domino
2565 4461 2850 4530 impetrare
2878 4465 3182 4532 persistant.
3209 4464 3297 4521 Sic
3332 4475 3511 4520 autem
3551 4469 3843 4537 prolicien-

2255 4558 2355 4612 tes.
2374 4550 2463 4604 ubi
2485 4559 2539 4605 et
2556 4552 2768 4621 quando
2794 4553 3097 4622 plenissima
3115 4554 3320 4625 justitia
3345 4557 3710 4628 perﬁciantur,
3735 4577 3843 4616 non

2252 4640 2410 4694 nimis
2431 4656 2561 4695 curo
2589 4658 2601 4693 :
2634 4642 2950 4714 ubicumque
2976 4654 3152 4700 autem
3175 4656 3231 4702 et
3249 4648 3690 4721 quandocumque
3716 4668 3844 4723 per-

2251 4731 2375 4785 fecti
2410 4731 2627 4798 fuerint,
2663 4734 2873 4789 nonnisi
2905 4737 3073 4806 gratia
3104 4737 3195 4792 Dei
3225 4753 3324 4807 per
3348 4738 3529 4794 Jesum
3559 4740 3834 4799 Christum

2251 4822 2530 4878 Dominum
2599 4833 2838 4880 nostrum
2900 4825 3081 4895 perlici
3130 4843 3290 4898 posse
3353 4832 3633 4887 conlirmo.
3700 4833 3844 4893 Sana

2249 4916 2461 4984 quando
2492 4918 2691 4988 liquido
2720 4919 3067 4990 cognoverint
3106 4921 3312 4975 nullum
3349 4933 3625 4992 peccatum
3656 4943 3715 4982 se
3742 4926 3841 4982 ha-

2249 5006 2377 5061 bere
2398 5050 2413 5073 ,
2448 5023 2553 5062 non
2581 5023 2640 5065 se
2666 5008 2847 5064 dicant
2876 5009 3071 5065 habere
3096 5022 3374 5081 peccatum
3396 5015 3439 5080 ’,
3467 5030 3535 5069 ne
3560 5018 3758 5074 veritas
3788 5020 3840 5074 in

2248 5099 2327 5153 eis
2352 5115 2456 5154 non
2488 5101 2594 5155 sit:
2626 5102 2763 5158 sicut
2792 5102 2844 5157 in
2874 5103 2953 5157 eis
2983 5104 3178 5159 veritas
3203 5120 3307 5159 non
3337 5114 3439 5172 cst,
3471 5107 3562 5177 qui
3584 5122 3706 5164 cum
3740 5109 3841 5164 ha.

2249 5190 2427 5257 beant,
2455 5208 2558 5246 non
2584 5193 2778 5249 habere
2798 5208 2857 5249 se
2884 5194 3090 5249 dicunt.

2316 5279 2541 5336 CAPUT
2578 5281 2766 5338 LXIX.
2788 5314 2859 5323 —
2879 5284 2970 5339 85.
3002 5283 3154 5337 Nihil
3181 5286 3491 5356 impossibile
3526 5287 3669 5344 Deus
3704 5307 3834 5361 prta

2245 5372 2387 5441 cipit,
2420 5372 2539 5442 quia
2567 5374 2738 5427 omnia
2767 5374 2943 5445 facilia
2980 5375 3234 5430 rharitati.
3279 5376 3446 5432 Valde
3482 5387 3661 5434 autem
3706 5381 3842 5436 bona

2244 5477 2360 5518 sunt
2408 5477 2657 5545 prwcepta
2676 5507 2692 5533 ,
2733 5468 2778 5522 si
2820 5468 3055 5537 legitime
3082 5468 3163 5523 his
3192 5478 3404 5525 utamur
3434 5471 3453 5538 (
3475 5470 3490 5524 I
3515 5470 3649 5527 Tim.
3675 5489 3713 5540 ι,
3739 5472 3837 5545 8).

2248 5556 2326 5609 Eo
2352 5558 2546 5627 quippe
2568 5558 2684 5628 ipso
2712 5574 2818 5629 quo
2845 5559 3151 5614 firmissime
3171 5561 3431 5628 creditur,
3459 5561 3620 5617 Deum
3639 5566 3839 5635 justum

2310 5713 2323 5741 ¹
2362 5711 2699 5777 tiicprzeterit,
2722 5718 2768 5762 et
2792 5712 3046 5777 mortales;
3067 5714 3195 5777 quod
3236 5714 3342 5777 ipse
3368 5714 3500 5764 locus
3521 5714 3673 5765 habet
3696 5728 3745 5766 tu
3775 5717 3839 5765 li-

2243 5772 2333 5821 bro
2356 5773 2499 5821 tertio
2520 5772 2584 5821 de
2608 5774 2776 5822 Libero
2802 5776 3018 5833 Aﬂiitrio,
3045 5772 3100 5822 of
3118 5776 3196 5824 δι.

2308 5835 2327 5864 ³
2347 5842 2441 5908 sm;
2472 5840 2543 5879 Er.
2565 5842 2613 5881 et
2637 5837 2943 5908 recentiores
2963 5838 3183 5908 quaedam
3208 5836 3552 5889 POL'MIWI'lIm
3579 5838 3836 5903 editiones,

2245 5907 2334 5944 non
2360 5894 2532 5942 habere
2554 5904 2798 5957 [erratum
2826 5909 2841 5945 .'
2865 5894 3117 5947 manifesto
3138 5912 3179 5947 οι
3196 5913 3324 5952 rore.
