4202 6528
317 369 423 429 ῒϐἷ)

323 499 368 542 τι
396 490 585 543 bonum
619 487 949 559 impossibilia
992 502 1092 540 non
1127 486 1348 556 potuisse
1390 486 1701 556 precipere;
1749 484 1910 538 hinc‘

321 578 697 643 admonemur,
728 588 783 634 et
809 580 859 633 in
892 576 1135 633 incilibus
1160 575 1286 647 quid
1316 590 1537 648 agamus
1556 617 1572 642 ,
1606 586 1658 631 et
1686 576 1737 630 ιιι
1766 574 1914 631 dilli-

323 669 514 726 cilibus
538 668 665 741 quid
695 677 959 741 petamus.
984 668 1171 724 Omnia
1197 667 1394 737 quippe
1417 668 1551 722 liunt
1583 666 1756 722 facilia
1783 668 1913 723 cba-

323 759 468 814 ritati
497 777 511 813 :
542 762 627 815 cui
674 760 765 815 uni
806 758 993 816 Christi
1038 759 1238 814 sarcina
1280 758 1399 813 levis
1448 768 1520 813 est
1551 756 1784 829 (Matth.
1826 774 1911 825 xl,

321 851 438 923 ὅθ),
464 861 556 907 aut
583 867 645 907 ea
675 868 777 908 una
800 861 883 908 est
904 852 1111 908 sarcina
1140 853 1252 923 ipsa
1277 867 1395 924 quae
1425 851 1556 907 levis
1583 861 1685 907 est.
1710 852 1914 908 Secun-

320 943 451 1000 dum
475 944 577 1001 hoc
603 944 803 1001 dictum
830 955 934 1010 est,
963 943 1033 1000 Et
1063 955 1313 1016 precepta
1342 946 1451 1016 ejus
1472 945 1647 1017 gravia
1672 962 1773 1001 non
1797 956 1913 1001 sunt

328 1035 369 1106 (1
389 1034 542 1091 Joan.
581 1052 637 1103 ν,
668 1037 722 1110 5,
753 1086 761 1093 .
788 1047 847 1093 ut
868 1037 952 1093 cui
972 1038 1151 1110 gravia
1177 1046 1323 1103 sunt,
1351 1037 1656 1093 consideret
1688 1052 1793 1093 non
1818 1053 1913 1109 po-

324 1128 487 1184 tuisse
513 1127 767 1184 divinitus
792 1128 897 1183 dici
914 1170 928 1195 ,
952 1129 1126 1201 gravia
1151 1145 1251 1183 non
1272 1137 1389 1183 sunt
1406 1170 1421 1195 ,
1452 1128 1552 1183 nisi
1584 1128 1706 1199 quia
1736 1138 1911 1199 potest

320 1233 441 1273 esse
468 1219 644 1274 cordis
668 1218 888 1275 allectus
911 1220 993 1275 cui
1023 1222 1202 1291 gravia
1220 1215 1341 1275 non
1372 1228 1517 1285 sunt,
1547 1227 1601 1275 et
1631 1229 1777 1291 petat
1803 1237 1911 1292 quo

317 1308 641 1375 destituitur,
676 1318 729 1363 ut
758 1310 979 1382 impleat
1012 1311 1150 1380 quod
1189 1310 1425 1379 jubelur.
1454 1311 1518 1363 Et
1545 1310 1685 1381 quod
1715 1309 1911 1367 dicitur

315 1399 383 1453 ad
407 1398 569 1454 Israel
600 1400 652 1455 in
687 1400 1126 1468 Deuteronomio,
1156 1402 1200 1457 si
1234 1403 1339 1473 pie,
1366 1402 1411 1456 si
1446 1412 1648 1467 sancte,
1676 1402 1720 1457 si
1751 1403 1910 1473 Spiri—

315 1490 529 1545 tualiter
551 1490 894 1561 intelligatur,
931 1492 1033 1546 hor
1061 1491 1202 1547 idem
1238 1491 1539 1562 significat:
1569 1491 1692 1563 quia
1724 1494 1907 1564 utique

311 1594 435 1635 rum
485 1579 588 1635 hoc
639 1582 999 1637 testimonium
1053 1591 1530 1638 commemorasset
1575 1584 1903 1653 Apostolus,

313 1670 489 1743 Prope
514 1683 561 1727 te
586 1684 659 1728 est
684 1675 888 1729 verbum
924 1675 977 1730 in
1012 1692 1099 1730 ore
1126 1686 1234 1743 tuo,
1275 1686 1321 1730 et
1351 1677 1403 1731 in
1431 1677 1584 1732 corde
1610 1686 1696 1732 tuo
1729 1676 1906 1750 (quod

311 1764 399 1819 hic
429 1763 611 1831 habet,
634 1766 687 1819 in
708 1767 938 1821 manibus
963 1768 1061 1821 tuis
1085 1765 1196 1841 [a]:
1225 1768 1276 1821 itt
1298 1768 1458 1824 corde
1478 1769 1620 1824 enim
1646 1779 1769 1824 sunt
1792 1770 1905 1839 Spi-

308 1855 536 1911 rituales
565 1856 829 1927 manus);
856 1859 949 1912 hoc
975 1869 1080 1924 est,
1115 1859 1321 1930 inquit,
1364 1861 1565 1915 verbum
1612 1861 1734 1930 ﬁdei
1770 1862 1905 1933 quod

306 1947 645 2013 pradicamus
685 1947 868 2018 (Deut.
907 1965 1012 2003 xxx
1033 1990 1048 2018 ,
1092 1950 1190 2015 υς
1221 1949 1374 2004 Rom.
1405 1966 1434 2005 x
1457 1992 1470 2014 ,
1499 1949 1576 2023 8).
1600 1950 1904 2009 Conversus

306 2050 435 2107 ergo
455 2038 699 2107 quisque,
723 2038 861 2093 sicut
881 2039 950 2095 ibi
975 2041 1302 2110 praecipitur,
1333 2040 1398 2096 ad
1425 2043 1703 2097 Dominum
1733 2043 1902 2099 Deum

305 2143 463 2182 suum
492 2143 556 2183 ex
586 2138 697 2184 toto
721 2130 884 2185 corde
912 2146 1030 2195 suo,
1065 2140 1120 2186 et
1143 2147 1208 2187 ex
1239 2140 1349 2187 tota
1378 2133 1554 2187 anima
1581 2149 1677 2189 sua
1698 2174 1714 2200 ,
1747 2149 1899 2189 man-

306 2216 489 2272 datum
514 2218 606 2275 Dei
631 2234 735 2274 non
760 2219 978 2276 habebit
1002 2237 1182 2292 grave.
1201 2221 1483 2290 Quomodo
1510 2232 1591 2278 est
1617 2225 1758 2279 enim
1782 2228 1901 2295 gra4

306 2322 391 2376 ve,
423 2324 544 2364 cum
577 2310 648 2365 sit
673 2310 973 2367 dilectionis
1002 2312 1345 2368 mandatum?
1373 2314 1480 2367 Aut
1507 2314 1651 2369 enim
1675 2316 1900 2384 quisque

304 2416 413 2456 non
440 2401 629 2473 diligit,
656 2411 711 2458 et
732 2403 852 2459 ideo
871 2418 1030 2475 grave
1055 2415 1139 2460 est
1161 2422 1175 2459 :
1201 2415 1291 2459 aut
1308 2405 1501 2476 diligit,
1522 2413 1577 2460 et
1596 2421 1758 2476 grave
1778 2422 1898 2463 esse

304 2506 410 2546 non
455 2500 648 2563 potest.
692 2494 868 2565 Diligit
907 2502 1116 2561 autetn,
1159 2496 1205 2550 si
1247 2496 1390 2566 quod
1436 2496 1545 2551 illic
1579 2496 1900 2553 admonetur

302 2581 495 2652 Israel,
524 2599 818 2641 conversus
845 2585 1004 2642 l‘uerit
1034 2586 1103 2643 ad
1131 2587 1413 2644 Dominum
1455 2588 1623 2664 Deum
1649 2603 1803 2644 suum
1832 2605 1895 2645 ex

366 2757 382 2820 ξ
415 2763 547 2820 pnus
567 2770 600 2820 ε
620 2759 859 2810 Vaticanis
879 2765 1006 2820 ius,
1029 2758 1137 2811 hoc.

360 2816 587 2896 ἐς),
608 2820 689 2896 Pis
711 2820 792 2896 ιρι
816 2816 1165 2896 ξἐιειείῖίιυοπει
1178 2820 1390 2896 refelli}.
1410 2822 1647 2896 ulcere
1662 2832 1899 2896 οθιιιςςο-

298 2877 445 2947 nqiuii
466 2877 643 2947 librum
649 2882 851 2947 indicat,
867 2877 955 2947 qui
972 2877 1240 2933 secundum
1258 2891 1365 2933 Lxx
1377 2877 1527 2947 addit,
1540 2891 1586 2936 et
1608 2884 1657 2936 in
1679 2885 1898 2939 manibus

296 2938 409 2993 luis.
431 2943 606 2994 Confer
627 2942 715 2993 lib.
732 2945 764 2995 5
785 2938 1110 3006 ριιέειὶοιιιιω
1124 2947 1174 2997 lu
1198 2953 1482 3009 Deuterou.,
1506 2938 1684 3011 quast.
1703 2949 1784 2998 54.

1282 367 1652 424 ADMONIHO
1693 365 1754 422 IN
1795 365 2052 422 LIBRUM
2088 366 2646 447 SUBSEQUENTEM.

3508 386 3615 448 ιυο

2024 491 2133 537 ιοιυ
2148 483 2309 539 corde
2326 500 2443 552 suo,
2459 496 2511 541 et
2536 504 2602 543 ex
2622 500 2727 542 tota
2745 491 2918 546 anima
2937 509 3052 549 sua.
3069 495 3394 563 Mandatum,
3415 500 3581 570 ittquit
3593 541 3610 570 ,
3632 568 3635 575 η

2019 592 2203 631 novum
2222 578 2288 632 do
2307 580 2464 645 vobis,
2488 592 2545 636 ut
2561 598 2647 637 vos
2668 584 2878 640 invicem
2898 588 3123 660 diligatis
3147 588 3324 663 (Joan.
3350 608 3464 658 xm,
3491 596 3614 663 54):

2018 677 2092 734 et,
2117 668 2216 737 Qui
2234 671 2399 742 diligit
2421 677 2728 743 proximum,
2754 679 2912 750 legem
2942 681 3163 751 implevit
3192 699 3212 739 :
3239 693 3311 745 et.
3337 683 3613 740 Pleni-tudo

2018 757 2163 830 legis,
2203 761 2425 818 cltaritas
2458 763 2632 837 (Rom.
2665 784 2780 835 χιιι,
2805 771 2839 825 8
2869 781 2916 824 et
2949 771 3061 843 10).
3098 773 3401 830 Secundum
3433 762 3533 830 hoc
3561 787 3618 831 et

2020 850 2144 906 illud
2172 853 2370 910 dictum
2401 868 2501 922 est,
2527 857 2588 913 Si
2616 860 2933 917 ambularent
2954 866 3159 920 semitas
3183 866 3360 933 bonas,
3394 869 3616 922 invenis-
3684 930 3687 933 _

2016 953 2123 997 sent
2144 945 2314 1013 utique
2337 950 2540 1002 semitas
2546 950 2575 1020 j
2580 952 2765 1006 ustitia:
2784 954 2912 1009 leves
2928 955 3109 1026 (Prov.
3131 974 3187 1021 tt,
3204 959 3295 1023 ‘20,
3313 976 3411 1013 sec.
3423 959 3606 1030 LXX).

2014 1033 2291 1103 Quomodo
2314 1053 2442 1109 ergo
2467 1040 2679 1107 dicitur,
2710 1042 2931 1116 PrOpter
2955 1049 3103 1102 verba
3138 1048 3387 1104 labiorum
3410 1063 3614 1105 tuorum

2015 1142 2105 1197 ego
2126 1129 2373 1183 custodivi
2396 1131 2500 1185 vias
2517 1132 2672 1187 duras
2698 1133 2869 1208 (Psal.
2894 1153 3002 1201 xw,
3021 1136 3108 1208 ιι);
3135 1140 3234 1195 nisi
3261 1141 3382 1210 quia
3407 1152 3612 1207 utrum-

1980 1292 1989 1301 .
2014 1236 2117 1290 que
2142 1238 2324 1278 vermn
2352 1226 2472 1281 est?
2502 1226 2655 1283 Dura:
2676 1240 2799 1283 sunt
2832 1229 3029 1293 timori.
3061 1233 3205 1287 leves
3230 1234 3423 1287 amori.

2083 1309 2310 1370 CAPUT
2339 1315 2505 1371 LXX.
2534 1349 2604 1359 —
2630 1319 2718 1374 8-l.
2765 1319 3040 1376 C/taritatis
3081 1325 3273 1395 gradus
3321 1324 3516 1395 faciunt
3559 1333 3608 1380 el

2003 1402 2222 1473 justitite
2244 1408 2453 1474 gradus.
2479 1407 2725 1464 Charitas
2743 1427 2871 1482 ergo
2893 1413 3160 1476 inchoata,
3188 1415 3431 1469 inchoata
3450 1415 3612 1485 justi-

2014 1493 2083 1547 tia
2113 1503 2223 1561 est;
2250 1496 2484 1553 charitas
2509 1510 2778 1570 provecta.
2810 1514 3064 1573 provecta
3091 1506 3292 1573 justitia
3330 1518 3445 1571 est;
3474 1509 3607 1562 cha—

2012 1584 2141 1639 ritas
2162 1602 2370 1657 magna,
2402 1604 2590 1660 magna
2614 1591 2816 1661 justitia
2834 1602 2947 1656 est;
2970 1594 3192 1649 clmritas
3219 1600 3461 1669 perfecta,
3487 1616 3607 1668 per-

2010 1675 2143 1745 fecta
2160 1677 2365 1746 justitia
2393 1690 2466 1733 est
2487 1695 2507 1735 :
2527 1681 2621 1736 sed
2647 1682 2877 1736 charitas
2903 1684 2967 1738 de
2992 1686 3155 1741 Corde
3196 1704 3330 1756 puro
3351 1730 3365 1753 ,
3390 1698 3443 1742 et
3472 1706 3605 1743 con-

2008 1767 2228 1822 scientia
2260 1769 2397 1824 bona
2416 1812 2431 1835 ,
2463 1781 2517 1826 et
2547 1773 2650 1827 lide
2676 1790 2785 1829 non
2819 1775 2936 1830 [icta
2960 1793 2973 1841 ;
2997 1794 3109 1847 qui:
3137 1789 3256 1833 tunc
3285 1782 3508 1835 maJima
3532 1791 3608 1837 est

2008 1858 2060 1912 in
2087 1858 2182 1913 hac
2208 1858 2331 1929 vita,
2354 1863 2556 1932 quando
2579 1882 2672 1934 pro
2705 1866 2796 1919 illa
2831 1867 2943 1937 ipsa
2979 1872 3313 1927 contemnitur
3334 1874 3432 1925 vita
3460 1888 3480 1927 :
3509 1872 3605 1927 sed

2008 1950 2174 2006 miror
2196 1952 2239 2007 si
2267 1968 2372 2007 non
2404 1952 2565 2009 habet
2588 1973 2694 2027 quo
2730 1967 2968 2023 crescat,
2998 1976 3118 2014 cum
3149 1961 3216 2016 de
3256 1964 3462 2017 mortali
3506 1980 3607 2019 ex-

2006 2045 2230 2099 cesserit
2254 2046 2380 2100 vita.
2416 2045 2753 2120 Ubicumque
2779 2060 2958 2106 autem
2982 2060 3035 2106 et
3059 2053 3505 2123 quandocumque
3532 2056 3613 2135 ita,

2007 2132 2160 2201 plena
2192 2135 2260 2190 sit
2283 2141 2318 2202 ⁸,
2349 2145 2408 2192 ut
2432 2139 2479 2193 ei
2508 2153 2613 2193 non
2651 2140 2719 2194 sit
2763 2141 2904 2210 quod
2944 2141 3253 2211 adjiciatur;
3286 2160 3390 2198 non
3422 2132 3604 2202 tamen

2004 2223 2316 2281 diffunditur
2343 2230 2397 2282 in
2423 2231 2673 2285 cordibus
2698 2233 2916 2295 nostris,
2946 2236 3025 2287 vel
3055 2246 3277 2301 naturzn,
3304 2237 3383 2291 vel
3413 2238 3593 2292 volun-

2006 2317 2128 2370 tatis
2167 2319 2400 2388 opibus'
2444 2337 2564 2390 quae
2608 2332 2733 2376 sunt
2773 2323 2822 2376 iu
2869 2325 3052 2390 nobis,
3093 2325 3189 2381 sed
3217 2342 3312 2397 per
3338 2326 3597 2395 Spiritum

2003 2417 2245 2463 sanetum
2266 2409 2357 2480 qui
2382 2410 2536 2466 datus
2559 2422 2641 2467 est
2666 2414 2820 2468 nobis
2837 2456 2851 2481 ,
2875 2418 2962 2485 qui
2990 2423 3045 2471 et
3077 2415 3371 2472 inlirmitati
3404 2412 3625 2475 nostra!

2002 2496 2310 2568 opitulatur,
2341 2511 2395 2557 et
2420 2504 2632 2558 sanitati
2661 2516 2998 2574 cooperator.
3024 2506 3135 2576 Ipsa
3161 2518 3243 2562 est
3264 2510 3404 2564 enim
3428 2511 3600 2579 gratia

2004 2589 2096 2645 Dei
2130 2607 2223 2660 per
2258 2591 2437 2647 Iesum
2466 2594 2734 2650 Christum
2768 2597 3047 2652 Dominum
3081 2608 3321 2654 nostrum
3342 2642 3356 2666 ,
3399 2602 3483 2656 cui
3515 2612 3599 2658 est

2000 2693 2121 2734 cum
2151 2681 2306 2737 Patre
2332 2693 2385 2737 et
2405 2683 2602 2752 Spiritu
2627 2696 2813 2741 saneto
2835 2689 3123 2755 :etcrnitas,
3159 2688 3391 2759 bonitas,
3415 2691 3465 2746 in
3495 2708 3600 2749 sae-

1999 2775 2120 2829 cula
2151 2776 2489 2831 smculorum.
2519 2780 2713 2834 Amen.

2065 2888 2083 2957 ξ
2120 2889 2250 2952 Apud
2274 2896 2405 2952 Lov.,
2428 2889 2571 2957 plena
2591 2892 2664 2957 ﬁt,

2064 2951 2085 2983 ³
2117 2951 2219 3001 am.
2245 2958 2317 3002 Er.
2345 2951 2398 3004 et
2419 2951 2788 3019 Quinque'uss"
2819 2955 3058 3021 operibus.
3081 2957 3200 3011 the
3221 2971 3385 3024 supra,
3408 2973 3460 3010 ιι.
3484 2959 3570 3013 19.

297 3061 3577 3095 Mm

1420 3141 2478 3260 ADMONITIO

1128 3329 1246 3403 IN
1305 3330 1762 3403 LIBRUM
1824 3330 2767 3421 SUBSEQUENTEM.

1732 3467 2158 3524 -οκξέζὶίξὲθιζξζὶἓὲθ-

369 3570 486 3626 Hoc
503 3570 821 3644 cpuseulum
847 3571 1174 3644 Augustinus
1203 3572 1255 3627 in
1280 3571 1533 3628 librorum
1563 3585 1782 3628 suorum
1810 3571 2193 3628 retractatione
2213 3572 2430 3629 silentio
2454 3574 2730 3645 prmteriit,
2752 3588 2819 3631 eo
2864 3575 3113 3632 nimirum
3139 3575 3282 3647 quod
3305 3578 3596 3647 pertineret

295 3662 364 3717 ad
389 3662 588 3718 seriem
630 3662 1008 3732 Epistolarum,
1039 3663 1109 3720 de
1135 3664 1330 3736 quibus
1354 3662 1582 3719 seorsim
1628 3661 1980 3719 retractandis
2007 3663 2293 3734 cogitabat.
2318 3664 2451 3720 Nam
2478 3665 2757 3722 exordium
2796 3666 2914 3737 ejus
2956 3668 3008 3723 in
3039 3670 3288 3724 omnibus
3312 3670 3593 3727 codicibus

300 3752 511 3810 ducitur
535 3754 606 3810 ab
647 3754 750 3810 ista
771 3755 1044 3825 epistolari
1072 3755 1413 3830 salutatione,
1443 3754 1648 3811 Sanctis
1701 3754 1942 3825 fratribus
1969 3764 2017 3809 et
2045 3757 2353 3827 coepiscopis
2393 3756 2641 3829 Eutropio
2683 3770 2730 3813 et
2774 3757 2974 3825 Paulo,
3003 3759 3311 3831 Augustinus
3332 3777 3352 3816 :
3383 3763 3596 3819 tametsi

296 3862 420 3903 eum
447 3846 564 3904 haec
586 3848 809 3919 epistola
833 3849 1007 3905 locum
1036 3848 1177 3919 apud
1219 3862 1408 3905 omnes
1444 3847 1697 3916 obtinuit,
1725 3856 1784 3903 ttt
1812 3848 1946 3905 liber
1992 3863 2224 3920 semper,
2257 3864 2367 3905 non
2408 3849 2568 3906 modo
2595 3851 2648 3905 in
2697 3851 2761 3906 iis
2787 3852 3145 3908 voluminibus
3167 3869 3286 3924 quas
3315 3856 3592 3927 exemplar

299 3942 445 3998 illius
470 3942 768 4006 continent,
799 3941 893 3997 sed
911 3942 964 3997 in
993 3949 1230 3998 veterum
1261 3941 1423 3997 etiam
1449 3941 1538 4012 qui
1569 3940 1713 3997 illam
1744 3940 1910 3998 citant
1936 3941 2169 4012 scriptis,
2198 3942 2514 4012 appelletur.
2568 3943 2712 3998 lnlcr
2762 3942 2861 3999 hos
2904 3944 3215 4000 illustriores
3241 3947 3512 4017 magisque
3537 3949 3593 4004 in

297 4033 583 4105 Augustini
630 4034 863 4090 lectione
888 4034 1109 4099 versati,
1158 4032 1431 4090 Possidius
1477 4032 1529 4087 in
1559 4030 1820 4100 ludiculo,
1852 4048 1973 4104 cap.
2005 4033 2059 4097 4,
2084 4039 2139 4088 ει
2165 4030 2474 4103 Fulgentius
2496 4031 2549 4087 in
2572 4033 2754 4089 librol
2807 4033 2873 4088 ad
2903 4034 3211 4102 Monimum,
3235 4050 3353 4106 cap.
3393 4038 3449 4104 3,
3488 4038 3595 4094 hoc

295 4139 435 4196 opus
448 4134 642 4182 vocant
669 4124 878 4181 Librum
901 4125 965 4180 de
985 4124 1301 4199 Perfectione
1319 4122 1537 4197 justitiae
1556 4122 1794 4178 hominis.
1821 4123 2176 4180 Consentiunt
2201 4124 2380 4179 omnia
2402 4122 2513 4179 fere
2542 4123 2864 4194 exemplaria
2891 4124 3096 4179 calamo
3125 4126 3320 4195 scripta
3356 4144 3369 4180 :
3396 4129 3489 4183 sed
3519 4145 3587 4185 ex

298 4218 367 4274 iis
384 4218 756 4285 Audoeneuse,
785 4218 1201 4285 Pratellense,et
1220 4215 1462 4287 quietiam
1485 4216 1586 4269 alia
1616 4214 1792 4271 eidem
1820 4216 1976 4271 titulo
2000 4214 2202 4270 addunt
2231 4215 2348 4271 hinc
2376 4215 2560 4283 verba,
2582 4214 2835 4272 Adversus
2861 4234 2945 4273 eos
2978 4218 3066 4289 qui
3090 4229 3318 4273 asserunt
3338 4220 3594 4276 hominem

299 4329 448 4384 posse
470 4314 582 4384 ﬁeri
599 4315 796 4385 justum
820 4313 943 4368 solis
973 4312 1080 4367 suis
1113 4311 1318 4367 viribus.
1345 4308 1402 4365 ln
1426 4309 1709 4365 Remensis
1727 4309 1982 4366 Ecclesia:
2000 4310 2186 4365 codice
2230 4308 2503 4380 inscriptio
2534 4309 2649 4366 hinc
2680 4310 2872 4382 legitur
2898 4329 2912 4365 :
2942 4309 3091 4365 Liber
3114 4312 3176 4366 de
3204 4312 3596 4382 Dte/initiantibus

297 4420 414 4476 qua
451 4406 690 4461 dicuntur
738 4403 977 4460 Calestii.
1030 4404 1262 4476 Prosper
1310 4403 1365 4459 in
1423 4402 1560 4459 libro
1615 4401 1874 4458 adversus
1922 4399 2282 4469 Collatorem,
2325 4416 2444 4471 cap.
2492 4403 2563 4459 43
2592 4443 2608 4469 ,
2662 4402 2906 4460 hortatur
2952 4403 3019 4459 ad
3070 4404 3352 4476 legendum
3379 4448 3394 4472 ,
3454 4408 3597 4463 inter

300 4499 436 4555 alios
454 4499 735 4572 Augustini
762 4498 951 4566 libros,
981 4512 1104 4554 eum
1125 4510 1284 4565 quem
1309 4495 1568 4568 scriptum
1592 4493 1725 4553 dicit
1765 4495 1836 4549 ad
1875 4492 2100 4550 Paulson
2126 4503 2177 4550 et
2224 4493 2531 4567 Eutropium
2561 4495 2844 4565 sacerdotes
2879 4506 3058 4552 contra
3086 4496 3289 4570 Pelagii
3322 4509 3368 4553 et
3395 4498 3614 4555 Calculi

299 4593 611 4663 ouationes.

373 4639 783 4744 Evboevautem
809 4689 928 4743 loco
956 4639 1225 4757 Prosperi,
1276 4683 1364 4740 ubi
1392 4682 1637 4755 quadam
1661 4698 1729 4740 cx
1754 4684 2027 4753 Opusculis
2076 4683 2357 4755 Augustini
2387 4691 2573 4739 contra
2601 4682 2939 4755 Pelagianos,
2971 4700 3157 4755 parum
3185 4684 3365 4740 habita
3387 4648 3596 4740 ordinis

301 4787 506 4838 ratione
554 4782 860 4849 recensuit,
888 4795 1048 4837 nemo
1076 4788 1220 4835 recte
1267 4778 1610 4851 probaverit,
1639 4777 1832 4834 librum
1860 4777 1930 4833 de
1955 4775 2289 4833 Perieetione
2320 4777 2542 4848 justitia:
2586 4778 2841 4845 hominis,
2881 4788 2971 4833 aut
3000 4778 3149 4833 libris
3182 4778 3250 4835 de
3290 4778 3496 4849 Nuptiis
3537 4786 3595 4835 et

299 4875 759 4948 Concupiscentia,
794 4884 887 4931 aut
913 4890 1004 4930 sex
1033 4873 1217 4945 primis
1254 4880 1438 4927 contra
1462 4870 1727 4927 lulianum
1773 4869 1942 4936 libris,
1977 4871 2098 4942 quia
2146 4870 2343 4927 ibidem
2376 4869 2520 4940 prius
2560 4870 2922 4937 nominantur,
2958 4880 3197 4941 tempore
3240 4870 3591 4943 posteriorem

298 4983 438 5025 esse.
463 4968 749 5025 Enimvero
771 4969 824 5023 in
851 4968 957 5023 line
982 4967 1103 5023 libri
1134 4965 1367 5022 nondum
1397 4979 1493 5020 eos
1548 4962 1946 5033 reprehendere
1969 4963 2153 5029 audet,
2182 4963 2271 5034 qui
2288 4963 2465 5032 justos
2487 4962 2606 5018 sine
2630 4963 2738 5017 ullo
2765 4976 2983 5031 prorsus
3011 4973 3242 5033 peccato
3262 4964 3497 5020 existere
3535 4966 3593 5021 in

298 5055 399 5115 hac
425 5060 528 5114 vita
553 5061 639 5115 vel
687 5061 954 5116 exstitisse
991 5059 1199 5129 aliquos
1245 5054 1594 5118 afﬁrmarent,
1635 5068 1859 5124 quorum
1898 5054 2156 5125 opinioni,
2192 5052 2641 5124 quemadmodum
2691 5053 2743 5108 in
2771 5052 2907 5109 libro
2930 5052 2998 5109 de
3038 5052 3239 5123 Spiritu
3274 5065 3329 5110 et
3357 5055 3590 5125 Littera,

297 5163 353 5203 ιι.
378 5148 435 5217 3,
463 5159 520 5207 ct
546 5150 600 5206 in
621 5152 760 5207 libro
777 5149 846 5208 de
877 5150 1071 5205 Natura
1097 5158 1154 5205 et
1177 5146 1381 5213 Gratia,
1401 5162 1493 5201 nn.
1516 5145 1609 5212 49,
1639 5145 1729 5209 70,
1752 5146 1827 5200 ita
1858 5146 1945 5203 hic
1970 5147 2307 5216 Augustinus
2326 5145 2501 5202 adhuc
2528 5145 2801 5201 existimat
2847 5161 2951 5201 non
2995 5147 3158 5202 nimis
3198 5148 3589 5204 reluctandum.

296 5247 434 5303 Nihil
460 5258 590 5317 ergo
614 5258 776 5314 super
798 5258 860 5299 ea
887 5259 945 5297 re
983 5240 1261 5297 definitum
1302 5239 1557 5293 hactenus
1581 5245 1922 5315 erat,.neqne
1942 5236 2144 5294 conditi
2174 5236 2433 5292 adversus
2458 5236 2603 5291 illam
2650 5235 2958 5306 Opinionem
2993 5245 3102 5294 tres
3148 5237 3586 5309 Carthaginensis

291 5341 527 5408 concilii,
550 5338 694 5412 qttod
713 5352 853 5391 anno
877 5335 982 5392 U8
1008 5333 1242 5389 habitum
1269 5340 1371 5399 est,
1403 5329 1667 5385 notissimi
1694 5344 1946 5401 canones,
1963 5336 2167 5392 sextus,
2199 5330 2463 5398 septimus
2488 5335 2544 5383 et
2569 5336 2789 5383 octavus
2810 5370 2823 5390 ,
2853 5343 3081 5398 quorum
3103 5329 3418 5384 auctoritate
3448 5329 3592 5384 illam

291 5432 542 5502 deinceps
572 5440 630 5485 ιιι
659 5429 1013 5501 perniciosum
1043 5439 1280 5481 errorem
1310 5421 1486 5479 caveri
1536 5421 1710 5491 jubet,
1756 5420 1912 5475 sicuti
1963 5420 2147 5474 videre
2203 5418 2327 5474 licet
2379 5417 2575 5490 passim
2626 5419 2678 5474 in
2718 5419 2868 5475 libris
2908 5429 3092 5475 contra
3146 5420 3280 5475 duas
3323 5419 3593 5489 Epistolas

292 5526 722 5597 Pelagianorum,
751 5520 1044 5592 praesertim
1062 5518 1198 5574 libro
1219 5519 1274 5584 Δ,
1302 5534 1354 5572 n.
1375 5516 1468 5583 27,
1500 5515 1586 5581 ubi
1618 5515 1692 5568 ait
1716 5531 1729 5567 :
1764 5512 1912 5568 Illud
1924 5515 2040 5588 jam
2070 5513 2273 5566 tertium
2297 5513 2578 5580 videamus,
2602 5513 2737 5584 quod
2757 5530 2858 5567 non
2884 5514 3050 5569 minus
3074 5515 3126 5568 in
3147 5514 3417 5571 islisomne
3437 5511 3591 5568 Chri-
3680 5564 3685 5567 _

292 5618 652 5672 stimembrunt
698 5622 745 5669 et
784 5622 942 5667 totum
990 5610 1101 5681 ejus
1130 5625 1314 5677 corpus
1344 5609 1594 5672 exhorret,
1625 5606 1747 5679 quia
1783 5605 2091 5659 contendunt
2114 5620 2219 5659 esse
2244 5604 2296 5658 in
2346 5604 2443 5656 hac
2472 5604 2572 5657 vita
2603 5605 2680 5659 vel
2719 5604 3062 5674 fuissejustos
3107 5606 3305 5658 nullum
3349 5602 3590 5657 habentes

289 5710 490 5762 omriino
511 5715 794 5779 peccatum.
825 5699 981 5757 Certe
1009 5715 1151 5769 anno
1177 5698 1370 5755 Christi
1392 5698 1517 5762 ιιι,
1541 5712 1662 5765 cum
1689 5694 1969 5766 epistolam
2001 5695 2099 5750 137
2122 5694 2385 5749 scriberet
2411 5694 2630 5761 llilario,
2660 5697 2991 5766 reSpondens
3021 5696 3086 5750 ad
3109 5696 3433 5768 qtttnstiones
3456 5708 3579 5766 quin

290 5802 340 5857 in
355 5802 529 5856 Sieiiia
565 5796 936 5862 movebantur,
962 5790 1149 5849 eodem
1179 5792 1331 5864 plane
1379 5789 1539 5847 modo
1565 5803 1625 5844 ac
1654 5786 1843 5844 iisdem
1869 5786 1983 5845 fere
2012 5787 2187 5843 verbis
2229 5787 2294 5845 de
2324 5790 2663 5860 simpzpsaciqt
2688 5790 2944 5857 loanitur,
2975 5792 3164 5861 quibus
3189 5791 3241 5845 in
3270 5788 3388 5844 libri
3418 5786 3590 5857 hujus
