  <div class='ocr_page' id='page_1' title='image "/cluster/home/n/w/nwhite01/storage/ocr_20150623/44-45/uc1.31175026792435/155.png"; bbox 0 0 4164 6544; ppageno 0'>
   <div class='ocr_carea' id='block_1_1' title="bbox 555 415 654 470">
    <p class='ocr_par' dir='ltr' id='par_1_1' title="bbox 555 415 654 470">
     <span class='ocr_line' id='line_1_1' title="bbox 555 415 654 470; baseline 0 0"><span class='ocrx_word' id='word_1_1' title='bbox 555 415 654 470; x_wconf 68' lang='grc' dir='ltr'>ςῠὸ</span> 
     </span>
    </p>
   </div>
   <div class='ocr_carea' id='block_1_2' title="bbox 555 517 2134 592">
    <p class='ocr_par' dir='ltr' id='par_1_2' title="bbox 555 517 2134 592">
     <span class='ocr_line' id='line_1_2' title="bbox 555 517 2134 592; baseline -0.01 -9"><span class='ocrx_word' id='word_1_2' title='bbox 555 525 876 583; x_wconf 83' lang='lat' dir='ltr'><strong>dicationetn</strong></span> <span class='ocrx_word' id='word_1_3' title='bbox 904 523 943 588; x_wconf 80' lang='lat'><strong>&#39;.</strong></span> <span class='ocrx_word' id='word_1_4' title='bbox 970 537 1064 592; x_wconf 85' lang='lat' dir='ltr'><strong>per</strong></span> <span class='ocrx_word' id='word_1_5' title='bbox 1101 519 1214 591; x_wconf 84' lang='lat' dir='ltr'><strong>ejus</strong></span> <span class='ocrx_word' id='word_1_6' title='bbox 1249 521 1470 592; x_wconf 77' lang='lat' dir='ltr'><strong>gratiam</strong></span> <span class='ocrx_word' id='word_1_7' title='bbox 1509 520 1596 588; x_wconf 91' lang='lat' dir='ltr'><strong>qui</strong></span> <span class='ocrx_word' id='word_1_8' title='bbox 1629 517 1771 572; x_wconf 86' lang='lat' dir='ltr'><strong>venit</strong></span> <span class='ocrx_word' id='word_1_9' title='bbox 1797 532 1900 570; x_wconf 87' lang='lat' dir='ltr'><strong>non</strong></span> <span class='ocrx_word' id='word_1_10' title='bbox 1942 529 2134 568; x_wconf 86' lang='lat' dir='ltr'><strong>vocare</strong></span> 
     </span>
    </p>
   </div>
   <div class='ocr_carea' id='block_1_3' title="bbox 464 602 2134 688">
    <p class='ocr_par' dir='ltr' id='par_1_3' title="bbox 464 602 2134 688">
     <span class='ocr_line' id='line_1_3' title="bbox 464 602 2134 688; baseline -0.009 -16"><span class='ocrx_word' id='word_1_11' title='bbox 464 619 476 638; x_wconf 86' lang='lat'><strong>‘</strong></span> <span class='ocrx_word' id='word_1_12' title='bbox 555 618 744 688; x_wconf 78' lang='lat' dir='ltr'><strong>iustos,</strong></span> <span class='ocrx_word' id='word_1_13' title='bbox 773 613 866 669; x_wconf 89' lang='lat' dir='ltr'><strong>sed</strong></span> <span class='ocrx_word' id='word_1_14' title='bbox 895 624 1231 682; x_wconf 86' lang='lat' dir='ltr'><strong>peccatores;</strong></span> <span class='ocrx_word' id='word_1_15' title='bbox 1261 611 1380 682; x_wconf 83' lang='lat' dir='ltr'><strong>quia</strong></span> <span class='ocrx_word' id='word_1_16' title='bbox 1408 625 1512 664; x_wconf 88' lang='lat' dir='ltr'><strong>non</strong></span> <span class='ocrx_word' id='word_1_17' title='bbox 1539 617 1619 663; x_wconf 85' lang='lat' dir='ltr'><strong>est</strong></span> <span class='ocrx_word' id='word_1_18' title='bbox 1643 621 1775 677; x_wconf 89' lang='lat' dir='ltr'><strong>opus</strong></span> <span class='ocrx_word' id='word_1_19' title='bbox 1798 607 1941 661; x_wconf 89' lang='lat' dir='ltr'><strong>sanis</strong></span> <span class='ocrx_word' id='word_1_20' title='bbox 1967 602 2134 659; x_wconf 86' lang='lat' dir='ltr'><strong>medi-</strong></span> 
     </span>
    </p>
   </div>
   <div class='ocr_carea' id='block_1_4' title="bbox 557 691 1954 771">
    <p class='ocr_par' dir='ltr' id='par_1_4' title="bbox 557 691 1954 771">
     <span class='ocr_line' id='line_1_4' title="bbox 557 691 1954 771; baseline -0.011 -9"><span class='ocrx_word' id='word_1_21' title='bbox 557 723 682 771; x_wconf 85' lang='lat' dir='ltr'><strong>cus,</strong></span> <span class='ocrx_word' id='word_1_22' title='bbox 711 705 802 760; x_wconf 87' lang='lat' dir='ltr'><strong>sed</strong></span> <span class='ocrx_word' id='word_1_23' title='bbox 834 704 970 758; x_wconf 90' lang='lat' dir='ltr'><strong>male</strong></span> <span class='ocrx_word' id='word_1_24' title='bbox 997 701 1332 756; x_wconf 87' lang='lat' dir='ltr'><strong>habentibus.</strong></span> <span class='ocrx_word' id='word_1_25' title='bbox 1361 697 1570 771; x_wconf 85' lang='lat' dir='ltr'><strong>(Matth.</strong></span> <span class='ocrx_word' id='word_1_26' title='bbox 1602 713 1688 764; x_wconf 68' lang='grc' dir='ltr'><strong>ιχ,</strong></span> <span class='ocrx_word' id='word_1_27' title='bbox 1721 697 1805 760; x_wconf 80' lang='grc'><strong>15,</strong></span> <span class='ocrx_word' id='word_1_28' title='bbox 1843 691 1954 767; x_wconf 72' lang='grc'>12).</span> 
     </span>
    </p>
   </div>
   <div class='ocr_carea' id='block_1_5' title="bbox 630 787 2135 859">
    <p class='ocr_par' dir='ltr' id='par_1_5' title="bbox 630 787 2135 859">
     <span class='ocr_line' id='line_1_5' title="bbox 630 787 2135 859; baseline -0.01 -8"><span class='ocrx_word' id='word_1_29' title='bbox 630 794 969 850; x_wconf 81' lang='lat' dir='ltr'><strong>Ilatiocinatio</strong></span> <span class='ocrx_word' id='word_1_30' title='bbox 996 793 1049 846; x_wconf 88' lang='lat'><strong>6.</strong></span> <span class='ocrx_word' id='word_1_31' title='bbox 1077 790 1291 855; x_wconf 88' lang='lat' dir='ltr'><strong>Iterum,</strong></span> <span class='ocrx_word' id='word_1_32' title='bbox 1315 789 1407 853; x_wconf 92' lang='lat' dir='ltr'><strong>ait,</strong></span> <span class='ocrx_word' id='word_1_33' title='bbox 1429 787 1749 859; x_wconf 71' lang='lat' dir='ltr'><strong>quarendum</strong></span> <span class='ocrx_word' id='word_1_34' title='bbox 1775 795 1882 851; x_wconf 89' lang='lat' dir='ltr'><strong>est,</strong></span> <span class='ocrx_word' id='word_1_35' title='bbox 1905 793 2135 837; x_wconf 88' lang='lat' dir='ltr'><strong>utrumne</strong></span> 
     </span>
    </p>
   </div>
   <div class='ocr_carea' id='block_1_6' title="bbox 560 875 2135 957">
    <p class='ocr_par' dir='ltr' id='par_1_6' title="bbox 560 875 2135 957">
     <span class='ocr_line' id='line_1_6' title="bbox 560 875 2135 957; baseline -0.009 -17"><span class='ocrx_word' id='word_1_36' title='bbox 560 896 861 957; x_wconf 79' lang='lat' dir='ltr'><strong>prtereptum</strong></span> <span class='ocrx_word' id='word_1_37' title='bbox 901 885 964 938; x_wconf 91' lang='lat' dir='ltr'><strong>sit</strong></span> <span class='ocrx_word' id='word_1_38' title='bbox 1004 882 1194 936; x_wconf 78' lang='lat' dir='ltr'><strong><em>homini</em></strong></span> <span class='ocrx_word' id='word_1_39' title='bbox 1229 881 1336 935; x_wconf 89' lang='lat' dir='ltr'><strong>sine</strong></span> <span class='ocrx_word' id='word_1_40' title='bbox 1367 889 1568 950; x_wconf 90' lang='lat' dir='ltr'><strong>peccato</strong></span> <span class='ocrx_word' id='word_1_41' title='bbox 1594 894 1718 932; x_wconf 86' lang='lat' dir='ltr'><strong>esse.</strong></span> <span class='ocrx_word' id='word_1_42' title='bbox 1749 881 1848 930; x_wconf 85' lang='lat' dir='ltr'><strong>Aut</strong></span> <span class='ocrx_word' id='word_1_43' title='bbox 1874 875 2006 929; x_wconf 86' lang='lat' dir='ltr'><strong>enim</strong></span> <span class='ocrx_word' id='word_1_44' title='bbox 2034 889 2135 927; x_wconf 88' lang='lat' dir='ltr'><strong>non</strong></span> 
     </span>
    </p>
   </div>
   <div class='ocr_carea' id='block_1_7' title="bbox 557 969 2131 1048">
    <p class='ocr_par' dir='ltr' id='par_1_7' title="bbox 557 969 2131 1048">
     <span class='ocr_line' id='line_1_7' title="bbox 557 969 2131 1048; baseline -0.009 -18"><span class='ocrx_word' id='word_1_45' title='bbox 557 986 744 1048; x_wconf 91' lang='lat' dir='ltr'><strong>potest,</strong></span> <span class='ocrx_word' id='word_1_46' title='bbox 761 985 818 1042; x_wconf 77' lang='lat' dir='ltr'><strong>et</strong></span> <span class='ocrx_word' id='word_1_47' title='bbox 848 981 1152 1045; x_wconf 66' lang='lat' dir='ltr'><strong>prazceptum</strong></span> <span class='ocrx_word' id='word_1_48' title='bbox 1174 987 1274 1024; x_wconf 89' lang='lat' dir='ltr'><strong>non</strong></span> <span class='ocrx_word' id='word_1_49' title='bbox 1295 979 1364 1024; x_wconf 89' lang='lat' dir='ltr'><strong>est</strong></span> <span class='ocrx_word' id='word_1_50' title='bbox 1391 985 1410 1023; x_wconf 92' lang='lat'><em>:</em></span> <span class='ocrx_word' id='word_1_51' title='bbox 1438 979 1528 1022; x_wconf 90' lang='lat' dir='ltr'><strong>aut</strong></span> <span class='ocrx_word' id='word_1_52' title='bbox 1553 969 1670 1038; x_wconf 84' lang='lat' dir='ltr'><strong>quia</strong></span> <span class='ocrx_word' id='word_1_53' title='bbox 1699 975 2004 1037; x_wconf 73' lang='lat' dir='ltr'><strong>praeceptum</strong></span> <span class='ocrx_word' id='word_1_54' title='bbox 2028 973 2131 1028; x_wconf 89' lang='lat' dir='ltr'><strong>est,</strong></span> 
     </span>
    </p>
   </div>
   <div class='ocr_carea' id='block_1_8' title="bbox 558 1056 2135 1138">
    <p class='ocr_par' dir='ltr' id='par_1_8' title="bbox 558 1056 2135 1138">
     <span class='ocr_line' id='line_1_8' title="bbox 558 1056 2135 1138; baseline -0.009 -17"><span class='ocrx_word' id='word_1_55' title='bbox 558 1076 736 1138; x_wconf 88' lang='lat' dir='ltr'><strong>potest.</strong></span> <span class='ocrx_word' id='word_1_56' title='bbox 770 1065 906 1119; x_wconf 89' lang='lat' dir='ltr'><strong>Nam</strong></span> <span class='ocrx_word' id='word_1_57' title='bbox 934 1063 1054 1135; x_wconf 89' lang='lat' dir='ltr'><strong>quid</strong></span> <span class='ocrx_word' id='word_1_58' title='bbox 1082 1063 1436 1133; x_wconf 64' lang='lat' dir='ltr'><strong>praciperetur</strong></span> <span class='ocrx_word' id='word_1_59' title='bbox 1458 1102 1472 1127; x_wconf 93' lang='lat'><strong>,</strong></span> <span class='ocrx_word' id='word_1_60' title='bbox 1511 1059 1643 1130; x_wconf 87' lang='lat' dir='ltr'><strong>quod</strong></span> <span class='ocrx_word' id='word_1_61' title='bbox 1668 1058 1778 1127; x_wconf 83' lang='lat' dir='ltr'><strong>ﬁeri</strong></span> <span class='ocrx_word' id='word_1_62' title='bbox 1803 1056 2005 1110; x_wconf 88' lang='lat' dir='ltr'><strong>omnino</strong></span> <span class='ocrx_word' id='word_1_63' title='bbox 2033 1069 2135 1108; x_wconf 85' lang='lat' dir='ltr'><strong>non</strong></span> 
     </span>
    </p>
   </div>
   <div class='ocr_carea' id='block_1_9' title="bbox 560 1143 2136 1224">
    <p class='ocr_par' dir='ltr' id='par_1_9' title="bbox 560 1143 2136 1224">
     <span class='ocr_line' id='line_1_9' title="bbox 560 1143 2136 1224; baseline -0.01 -14"><span class='ocrx_word' id='word_1_64' title='bbox 560 1157 763 1224; x_wconf 85' lang='lat' dir='ltr'><strong>posset?</strong></span> <span class='ocrx_word' id='word_1_65' title='bbox 793 1153 1180 1223; x_wconf 74' lang='lat' dir='ltr'><strong>Respondetur,</strong></span> <span class='ocrx_word' id='word_1_66' title='bbox 1203 1149 1594 1205; x_wconf 87' lang='lat' dir='ltr'><strong>cousultissime</strong></span> <span class='ocrx_word' id='word_1_67' title='bbox 1617 1146 1815 1200; x_wconf 87' lang='lat' dir='ltr'><strong>homini</strong></span> <span class='ocrx_word' id='word_1_68' title='bbox 1843 1143 2054 1214; x_wconf 69' lang='lat' dir='ltr'><strong>prmcipi</strong></span> <span class='ocrx_word' id='word_1_69' title='bbox 2079 1149 2136 1196; x_wconf 86' lang='lat' dir='ltr'><strong>ut</strong></span> 
     </span>
    </p>
   </div>
   <div class='ocr_carea' id='block_1_10' title="bbox 556 1241 2135 1314">
    <p class='ocr_par' dir='ltr' id='par_1_10' title="bbox 556 1241 2135 1314">
     <span class='ocr_line' id='line_1_10' title="bbox 556 1241 2135 1314; baseline -0.009 -14"><span class='ocrx_word' id='word_1_70' title='bbox 556 1247 717 1301; x_wconf 88' lang='lat' dir='ltr'><strong>rectis</strong></span> <span class='ocrx_word' id='word_1_71' title='bbox 735 1245 974 1314; x_wconf 79' lang='lat' dir='ltr'><strong>passibus</strong></span> <span class='ocrx_word' id='word_1_72' title='bbox 989 1241 1246 1306; x_wconf 90' lang='lat' dir='ltr'><strong>ambulet,</strong></span> <span class='ocrx_word' id='word_1_73' title='bbox 1259 1250 1314 1294; x_wconf 89' lang='lat' dir='ltr'><strong>ut</strong></span> <span class='ocrx_word' id='word_1_74' title='bbox 1331 1251 1452 1294; x_wconf 90' lang='lat' dir='ltr'><strong>cum</strong></span> <span class='ocrx_word' id='word_1_75' title='bbox 1473 1254 1532 1292; x_wconf 91' lang='lat' dir='ltr'><strong>se</strong></span> <span class='ocrx_word' id='word_1_76' title='bbox 1553 1253 1656 1292; x_wconf 90' lang='lat' dir='ltr'><strong>non</strong></span> <span class='ocrx_word' id='word_1_77' title='bbox 1679 1251 1836 1307; x_wconf 89' lang='lat' dir='ltr'><strong>posse</strong></span> <span class='ocrx_word' id='word_1_78' title='bbox 1857 1249 2135 1304; x_wconf 61' lang='lat' dir='ltr'><strong>perSpexeo</strong></span> 
     </span>
    </p>
   </div>
   <div class='ocr_carea' id='block_1_11' title="bbox 555 1323 2134 1402">
    <p class='ocr_par' dir='ltr' id='par_1_11' title="bbox 555 1323 2134 1402">
     <span class='ocr_line' id='line_1_11' title="bbox 555 1323 2134 1402; baseline -0.009 -12"><span class='ocrx_word' id='word_1_79' title='bbox 555 1338 654 1402; x_wconf 90' lang='lat' dir='ltr'><strong>rit,</strong></span> <span class='ocrx_word' id='word_1_80' title='bbox 686 1335 1001 1390; x_wconf 82' lang='lat' dir='ltr'><strong>medicinam</strong></span> <span class='ocrx_word' id='word_1_81' title='bbox 1039 1331 1302 1401; x_wconf 90' lang='lat' dir='ltr'><strong>requirat,</strong></span> <span class='ocrx_word' id='word_1_82' title='bbox 1333 1345 1450 1400; x_wconf 71' lang='lat' dir='ltr'><strong>qua:</strong></span> <span class='ocrx_word' id='word_1_83' title='bbox 1494 1329 1760 1382; x_wconf 90' lang='lat' dir='ltr'><strong>interioris</strong></span> <span class='ocrx_word' id='word_1_84' title='bbox 1801 1325 2032 1379; x_wconf 85' lang='lat' dir='ltr'><strong>hominis</strong></span> <span class='ocrx_word' id='word_1_85' title='bbox 2066 1323 2134 1377; x_wconf 89' lang='lat' dir='ltr'><strong>ad</strong></span> 
     </span>
    </p>
   </div>
   <div class='ocr_carea' id='block_1_12' title="bbox 555 1417 2134 1495">
    <p class='ocr_par' dir='ltr' id='par_1_12' title="bbox 555 1417 2134 1495">
     <span class='ocr_line' id='line_1_12' title="bbox 555 1417 2134 1495; baseline -0.008 -14"><span class='ocrx_word' id='word_1_86' title='bbox 555 1427 844 1481; x_wconf 84' lang='lat' dir='ltr'><strong>sanandam</strong></span> <span class='ocrx_word' id='word_1_87' title='bbox 884 1423 1086 1495; x_wconf 83' lang='lat' dir='ltr'><strong>peccati</strong></span> <span class='ocrx_word' id='word_1_88' title='bbox 1110 1421 1548 1478; x_wconf 89' lang='lat' dir='ltr'><strong>claudicationem</strong></span> <span class='ocrx_word' id='word_1_89' title='bbox 1573 1460 1587 1486; x_wconf 92' lang='lat'><strong>,</strong></span> <span class='ocrx_word' id='word_1_90' title='bbox 1615 1418 1782 1488; x_wconf 77' lang='lat' dir='ltr'><strong>gratia</strong></span> <span class='ocrx_word' id='word_1_91' title='bbox 1811 1417 1901 1472; x_wconf 87' lang='lat' dir='ltr'><strong>Dei</strong></span> <span class='ocrx_word' id='word_1_92' title='bbox 1927 1423 2010 1471; x_wconf 90' lang='lat' dir='ltr'><strong>est</strong></span> <span class='ocrx_word' id='word_1_93' title='bbox 2039 1429 2134 1485; x_wconf 89' lang='lat' dir='ltr'><strong>per</strong></span> 
     </span>
    </p>
   </div>
   <div class='ocr_carea' id='block_1_13' title="bbox 555 1513 1638 1572">
    <p class='ocr_par' dir='ltr' id='par_1_13' title="bbox 555 1513 1638 1572">
     <span class='ocr_line' id='line_1_13' title="bbox 555 1513 1638 1572; baseline -0.009 0"><span class='ocrx_word' id='word_1_94' title='bbox 555 1518 735 1572; x_wconf 85' lang='lat' dir='ltr'><strong>Jesum</strong></span> <span class='ocrx_word' id='word_1_95' title='bbox 766 1516 1034 1570; x_wconf 83' lang='lat' dir='ltr'><strong>Christum</strong></span> <span class='ocrx_word' id='word_1_96' title='bbox 1066 1513 1346 1568; x_wconf 90' lang='lat' dir='ltr'><strong>Dominum</strong></span> <span class='ocrx_word' id='word_1_97' title='bbox 1378 1517 1638 1566; x_wconf 89' lang='lat' dir='ltr'><strong>nostrum.</strong></span> 
     </span>
    </p>
   </div>
   <div class='ocr_carea' id='block_1_14' title="bbox 629 1597 2133 1671">
    <p class='ocr_par' dir='ltr' id='par_1_14' title="bbox 629 1597 2133 1671">
     <span class='ocr_line' id='line_1_14' title="bbox 629 1597 2133 1671; baseline -0.007 -11"><span class='ocrx_word' id='word_1_98' title='bbox 629 1605 968 1660; x_wconf 81' lang='lat' dir='ltr'><strong>Ilatiocinatio</strong></span> <span class='ocrx_word' id='word_1_99' title='bbox 1000 1605 1050 1657; x_wconf 87' lang='lat'><strong>7.</strong></span> <span class='ocrx_word' id='word_1_100' title='bbox 1080 1601 1295 1668; x_wconf 81' lang='lat' dir='ltr'><strong>Iterum,</strong></span> <span class='ocrx_word' id='word_1_101' title='bbox 1319 1601 1411 1667; x_wconf 87' lang='lat' dir='ltr'><strong>ait,</strong></span> <span class='ocrx_word' id='word_1_102' title='bbox 1439 1598 1767 1671; x_wconf 65' lang='lat' dir='ltr'><strong>quaerendum</strong></span> <span class='ocrx_word' id='word_1_103' title='bbox 1785 1605 1858 1653; x_wconf 85' lang='lat' dir='ltr'><strong>est</strong></span> <span class='ocrx_word' id='word_1_104' title='bbox 1877 1639 1892 1664; x_wconf 92' lang='lat'><strong>,</strong></span> <span class='ocrx_word' id='word_1_105' title='bbox 1921 1613 1988 1650; x_wconf 89' lang='lat' dir='ltr'><strong>an</strong></span> <span class='ocrx_word' id='word_1_106' title='bbox 2017 1597 2133 1650; x_wconf 94' lang='lat' dir='ltr'><strong>velit</strong></span> 
     </span>
    </p>
   </div>
   <div class='ocr_carea' id='block_1_15' title="bbox 557 1689 2134 1764">
    <p class='ocr_par' dir='ltr' id='par_1_15' title="bbox 557 1689 2134 1764">
     <span class='ocr_line' id='line_1_15' title="bbox 557 1689 2134 1764; baseline -0.006 -12"><span class='ocrx_word' id='word_1_107' title='bbox 557 1697 694 1752; x_wconf 85' lang='lat' dir='ltr'><strong>Deus</strong></span> <span class='ocrx_word' id='word_1_108' title='bbox 723 1697 972 1750; x_wconf 80' lang='lat' dir='ltr'><strong>hominem</strong></span> <span class='ocrx_word' id='word_1_109' title='bbox 1000 1696 1107 1749; x_wconf 85' lang='lat' dir='ltr'><strong>sine</strong></span> <span class='ocrx_word' id='word_1_110' title='bbox 1133 1703 1331 1764; x_wconf 81' lang='lat' dir='ltr'><strong>peccato</strong></span> <span class='ocrx_word' id='word_1_111' title='bbox 1362 1708 1485 1746; x_wconf 87' lang='lat' dir='ltr'><strong>esse.</strong></span> <span class='ocrx_word' id='word_1_112' title='bbox 1523 1691 1718 1745; x_wconf 81' lang='lat' dir='ltr'><strong>Procul</strong></span> <span class='ocrx_word' id='word_1_113' title='bbox 1741 1689 1892 1743; x_wconf 89' lang='lat' dir='ltr'><strong>dubio</strong></span> <span class='ocrx_word' id='word_1_114' title='bbox 1917 1689 2051 1752; x_wconf 90' lang='lat' dir='ltr'><strong>vult,</strong></span> <span class='ocrx_word' id='word_1_115' title='bbox 2087 1697 2134 1744; x_wconf 90' lang='lat' dir='ltr'><strong>et</strong></span> 
     </span>
    </p>
   </div>
   <div class='ocr_carea' id='block_1_16' title="bbox 555 1779 2135 1858">
    <p class='ocr_par' dir='ltr' id='par_1_16' title="bbox 555 1779 2135 1858">
     <span class='ocr_line' id='line_1_16' title="bbox 555 1779 2135 1858; baseline -0.008 -15"><span class='ocrx_word' id='word_1_116' title='bbox 555 1788 896 1858; x_wconf 86' lang='lat' dir='ltr'><strong>proculdubio</strong></span> <span class='ocrx_word' id='word_1_117' title='bbox 919 1794 1096 1856; x_wconf 78' lang='lat' dir='ltr'><strong>potest.</strong></span> <span class='ocrx_word' id='word_1_118' title='bbox 1123 1785 1248 1852; x_wconf 83' lang='lat' dir='ltr'><strong>Quis</strong></span> <span class='ocrx_word' id='word_1_119' title='bbox 1267 1784 1398 1836; x_wconf 89' lang='lat' dir='ltr'><strong>enim</strong></span> <span class='ocrx_word' id='word_1_120' title='bbox 1420 1793 1524 1836; x_wconf 88' lang='lat' dir='ltr'><strong>tam</strong></span> <span class='ocrx_word' id='word_1_121' title='bbox 1544 1782 1747 1836; x_wconf 85' lang='lat' dir='ltr'><strong>demens</strong></span> <span class='ocrx_word' id='word_1_122' title='bbox 1769 1790 1861 1848; x_wconf 90' lang='lat' dir='ltr'><strong>est,</strong></span> <span class='ocrx_word' id='word_1_123' title='bbox 1878 1789 1932 1832; x_wconf 89' lang='lat' dir='ltr'><strong>ut</strong></span> <span class='ocrx_word' id='word_1_124' title='bbox 1954 1779 2031 1832; x_wconf 87' lang='lat' dir='ltr'><strong>vel</strong></span> <span class='ocrx_word' id='word_1_125' title='bbox 2047 1779 2135 1831; x_wconf 69' lang='lat' dir='ltr'><strong>duo</strong></span> 
     </span>
    </p>
   </div>
   <div class='ocr_carea' id='block_1_17' title="bbox 555 1869 2136 1947">
    <p class='ocr_par' dir='ltr' id='par_1_17' title="bbox 555 1869 2136 1947">
     <span class='ocr_line' id='line_1_17' title="bbox 555 1869 2136 1947; baseline -0.005 -15"><span class='ocrx_word' id='word_1_126' title='bbox 555 1881 669 1933; x_wconf 88' lang='lat' dir='ltr'><strong>bitet</strong></span> <span class='ocrx_word' id='word_1_127' title='bbox 686 1879 794 1941; x_wconf 77' lang='lat' dir='ltr'><strong>fieri</strong></span> <span class='ocrx_word' id='word_1_128' title='bbox 812 1893 973 1947; x_wconf 85' lang='lat' dir='ltr'><strong>posse,</strong></span> <span class='ocrx_word' id='word_1_129' title='bbox 989 1875 1122 1943; x_wconf 87' lang='lat' dir='ltr'><strong>quod</strong></span> <span class='ocrx_word' id='word_1_130' title='bbox 1133 1875 1296 1929; x_wconf 90' lang='lat' dir='ltr'><strong>Deum</strong></span> <span class='ocrx_word' id='word_1_131' title='bbox 1316 1875 1442 1928; x_wconf 89' lang='lat' dir='ltr'><strong>velle</strong></span> <span class='ocrx_word' id='word_1_132' title='bbox 1461 1889 1559 1927; x_wconf 87' lang='lat' dir='ltr'><strong>non</strong></span> <span class='ocrx_word' id='word_1_133' title='bbox 1583 1873 1810 1926; x_wconf 82' lang='lat' dir='ltr'><strong>dubitat?</strong></span> <span class='ocrx_word' id='word_1_134' title='bbox 1829 1869 2136 1940; x_wconf 72' lang='lat' dir='ltr'><strong>Responde-</strong></span> 
     </span>
    </p>
   </div>
   <div class='ocr_carea' id='block_1_18' title="bbox 557 1965 2132 2036">
    <p class='ocr_par' dir='ltr' id='par_1_18' title="bbox 557 1965 2132 2036">
     <span class='ocr_line' id='line_1_18' title="bbox 557 1965 2132 2036; baseline -0.006 -14"><span class='ocrx_word' id='word_1_135' title='bbox 557 1980 671 2024; x_wconf 85' lang='lat' dir='ltr'><strong>tur:</strong></span> <span class='ocrx_word' id='word_1_136' title='bbox 703 1969 756 2023; x_wconf 91' lang='lat' dir='ltr'><strong>Si</strong></span> <span class='ocrx_word' id='word_1_137' title='bbox 790 1969 954 2022; x_wconf 90' lang='lat' dir='ltr'><strong>nollet</strong></span> <span class='ocrx_word' id='word_1_138' title='bbox 984 1968 1125 2021; x_wconf 88' lang='lat' dir='ltr'><strong>Deus</strong></span> <span class='ocrx_word' id='word_1_139' title='bbox 1150 1965 1418 2020; x_wconf 84' lang='lat' dir='ltr'><strong>hominem</strong></span> <span class='ocrx_word' id='word_1_140' title='bbox 1445 1965 1562 2020; x_wconf 91' lang='lat' dir='ltr'><strong>sine</strong></span> <span class='ocrx_word' id='word_1_141' title='bbox 1589 1971 1955 2036; x_wconf 26' lang='lat' dir='ltr'><strong>peccatoxesse</strong></span> <span class='ocrx_word' id='word_1_142' title='bbox 1979 2002 1994 2026; x_wconf 92' lang='lat'><strong>,</strong></span> <span class='ocrx_word' id='word_1_143' title='bbox 2025 1975 2132 2014; x_wconf 89' lang='lat' dir='ltr'><strong>non</strong></span> 
     </span>
    </p>
   </div>
   <div class='ocr_carea' id='block_1_19' title="bbox 554 2052 2134 2126">
    <p class='ocr_par' dir='ltr' id='par_1_19' title="bbox 554 2052 2134 2126">
     <span class='ocr_line' id='line_1_19' title="bbox 554 2052 2134 2126; baseline -0.004 -14"><span class='ocrx_word' id='word_1_144' title='bbox 554 2062 782 2114; x_wconf 84' lang='lat' dir='ltr'><strong>mitteret</strong></span> <span class='ocrx_word' id='word_1_145' title='bbox 797 2059 988 2113; x_wconf 87' lang='lat' dir='ltr'><strong>Filium</strong></span> <span class='ocrx_word' id='word_1_146' title='bbox 1007 2072 1159 2111; x_wconf 92' lang='lat' dir='ltr'><strong>suum</strong></span> <span class='ocrx_word' id='word_1_147' title='bbox 1176 2057 1290 2110; x_wconf 89' lang='lat' dir='ltr'><strong>sine</strong></span> <span class='ocrx_word' id='word_1_148' title='bbox 1301 2065 1539 2126; x_wconf 87' lang='lat' dir='ltr'><strong>peccato,</strong></span> <span class='ocrx_word' id='word_1_149' title='bbox 1554 2055 1642 2126; x_wconf 88' lang='lat' dir='ltr'><strong>qui</strong></span> <span class='ocrx_word' id='word_1_150' title='bbox 1663 2061 1873 2108; x_wconf 88' lang='lat' dir='ltr'><strong>sanaret</strong></span> <span class='ocrx_word' id='word_1_151' title='bbox 1889 2052 2134 2106; x_wconf 87' lang='lat' dir='ltr'><strong>homines</strong></span> 
     </span>
    </p>
   </div>
   <div class='ocr_carea' id='block_1_20' title="bbox 551 2144 2135 2219">
    <p class='ocr_par' dir='ltr' id='par_1_20' title="bbox 551 2144 2135 2219">
     <span class='ocr_line' id='line_1_20' title="bbox 551 2144 2135 2219; baseline -0.004 -15"><span class='ocrx_word' id='word_1_152' title='bbox 551 2166 580 2204; x_wconf 88' lang='lat' dir='ltr'><strong>a</strong></span> <span class='ocrx_word' id='word_1_153' title='bbox 612 2151 858 2219; x_wconf 89' lang='lat' dir='ltr'><strong>peccatis.</strong></span> <span class='ocrx_word' id='word_1_154' title='bbox 887 2149 998 2202; x_wconf 85' lang='lat' dir='ltr'><strong>lloc</strong></span> <span class='ocrx_word' id='word_1_155' title='bbox 1025 2149 1157 2201; x_wconf 91' lang='lat' dir='ltr'><strong>litin</strong></span> <span class='ocrx_word' id='word_1_156' title='bbox 1182 2147 1520 2202; x_wconf 86' lang='lat' dir='ltr'><strong>credentibus</strong></span> <span class='ocrx_word' id='word_1_157' title='bbox 1549 2155 1603 2201; x_wconf 90' lang='lat' dir='ltr'><strong>et</strong></span> <span class='ocrx_word' id='word_1_158' title='bbox 1628 2144 2025 2216; x_wconf 89' lang='lat' dir='ltr'><strong>proﬁcientibus</strong></span> <span class='ocrx_word' id='word_1_159' title='bbox 2047 2158 2135 2198; x_wconf 88' lang='lat' dir='ltr'><strong>re-</strong></span> 
     </span>
    </p>
   </div>
   <div class='ocr_carea' id='block_1_21' title="bbox 553 2232 2135 2306">
    <p class='ocr_par' dir='ltr' id='par_1_21' title="bbox 553 2232 2135 2306">
     <span class='ocr_line' id='line_1_21' title="bbox 553 2232 2135 2306; baseline -0.004 -10"><span class='ocrx_word' id='word_1_160' title='bbox 553 2244 835 2306; x_wconf 82' lang='lat' dir='ltr'><strong>novatione</strong></span> <span class='ocrx_word' id='word_1_161' title='bbox 873 2240 1142 2294; x_wconf 88' lang='lat' dir='ltr'><strong>interioris</strong></span> <span class='ocrx_word' id='word_1_162' title='bbox 1178 2237 1410 2292; x_wconf 85' lang='lat' dir='ltr'><strong>hominis</strong></span> <span class='ocrx_word' id='word_1_163' title='bbox 1445 2237 1512 2292; x_wconf 92' lang='lat' dir='ltr'><strong>de</strong></span> <span class='ocrx_word' id='word_1_164' title='bbox 1541 2237 1626 2291; x_wconf 91' lang='lat' dir='ltr'><strong>dic</strong></span> <span class='ocrx_word' id='word_1_165' title='bbox 1672 2237 1724 2290; x_wconf 89' lang='lat' dir='ltr'><strong>in</strong></span> <span class='ocrx_word' id='word_1_166' title='bbox 1761 2232 1932 2303; x_wconf 83' lang='lat' dir='ltr'><strong>diem,</strong></span> <span class='ocrx_word' id='word_1_167' title='bbox 1963 2234 2135 2290; x_wconf 90' lang='lat' dir='ltr'><strong>donec</strong></span> 
     </span>
    </p>
   </div>
   <div class='ocr_carea' id='block_1_22' title="bbox 554 2328 1849 2403">
    <p class='ocr_par' dir='ltr' id='par_1_22' title="bbox 554 2328 1849 2403">
     <span class='ocr_line' id='line_1_22' title="bbox 554 2328 1849 2403; baseline -0.008 -13"><span class='ocrx_word' id='word_1_168' title='bbox 554 2336 646 2390; x_wconf 89' lang='lat' dir='ltr'><strong>ﬁat</strong></span> <span class='ocrx_word' id='word_1_169' title='bbox 675 2332 907 2403; x_wconf 89' lang='lat' dir='ltr'><strong>perfecta</strong></span> <span class='ocrx_word' id='word_1_170' title='bbox 932 2333 1136 2400; x_wconf 88' lang='lat' dir='ltr'><strong>justitia</strong></span> <span class='ocrx_word' id='word_1_171' title='bbox 1169 2338 1418 2400; x_wconf 89' lang='lat' dir='ltr'><strong>tanquam</strong></span> <span class='ocrx_word' id='word_1_172' title='bbox 1449 2329 1646 2383; x_wconf 85' lang='lat' dir='ltr'><strong>sanitas</strong></span> <span class='ocrx_word' id='word_1_173' title='bbox 1673 2328 1849 2398; x_wconf 88' lang='lat' dir='ltr'><strong>plena.</strong></span> 
     </span>
    </p>
   </div>
   <div class='ocr_carea' id='block_1_23' title="bbox 629 2417 2134 2490">
    <p class='ocr_par' dir='ltr' id='par_1_23' title="bbox 629 2417 2134 2490">
     <span class='ocr_line' id='line_1_23' title="bbox 629 2417 2134 2490; baseline -0.007 -10"><span class='ocrx_word' id='word_1_174' title='bbox 629 2424 969 2480; x_wconf 84' lang='lat' dir='ltr'><strong>Ratiocinatio</strong></span> <span class='ocrx_word' id='word_1_175' title='bbox 991 2423 1042 2477; x_wconf 92' lang='lat'><strong>8.</strong></span> <span class='ocrx_word' id='word_1_176' title='bbox 1063 2421 1092 2475; x_wconf 81' lang='grc'><strong><em>1</em></strong></span> <span class='ocrx_word' id='word_1_177' title='bbox 1098 2431 1276 2484; x_wconf 83' lang='lat' dir='ltr'><strong>terum,</strong></span> <span class='ocrx_word' id='word_1_178' title='bbox 1307 2422 1402 2486; x_wconf 85' lang='lat' dir='ltr'><strong>ait,</strong></span> <span class='ocrx_word' id='word_1_179' title='bbox 1421 2421 1743 2490; x_wconf 66' lang='lat' dir='ltr'><strong>quaerendum</strong></span> <span class='ocrx_word' id='word_1_180' title='bbox 1772 2429 1864 2484; x_wconf 86' lang='lat' dir='ltr'><strong>est,</strong></span> <span class='ocrx_word' id='word_1_181' title='bbox 1885 2417 2134 2489; x_wconf 85' lang='lat' dir='ltr'><strong>quomodo</strong></span> 
     </span>
    </p>
   </div>
   <div class='ocr_carea' id='block_1_24' title="bbox 557 2510 2133 2581">
    <p class='ocr_par' dir='ltr' id='par_1_24' title="bbox 557 2510 2133 2581">
     <span class='ocr_line' id='line_1_24' title="bbox 557 2510 2133 2581; baseline -0.004 -12"><span class='ocrx_word' id='word_1_182' title='bbox 557 2515 663 2569; x_wconf 79' lang='lat' dir='ltr'><strong>vult</strong></span> <span class='ocrx_word' id='word_1_183' title='bbox 689 2513 828 2568; x_wconf 83' lang='lat' dir='ltr'><strong>Deus</strong></span> <span class='ocrx_word' id='word_1_184' title='bbox 853 2513 1102 2566; x_wconf 83' lang='lat' dir='ltr'><strong>hominem</strong></span> <span class='ocrx_word' id='word_1_185' title='bbox 1131 2528 1255 2579; x_wconf 87' lang='lat' dir='ltr'><strong>esse,</strong></span> <span class='ocrx_word' id='word_1_186' title='bbox 1286 2527 1396 2566; x_wconf 89' lang='lat' dir='ltr'><strong>cum</strong></span> <span class='ocrx_word' id='word_1_187' title='bbox 1427 2520 1648 2581; x_wconf 85' lang='lat' dir='ltr'><strong>peccato,</strong></span> <span class='ocrx_word' id='word_1_188' title='bbox 1682 2526 1749 2563; x_wconf 89' lang='lat' dir='ltr'><strong>an</strong></span> <span class='ocrx_word' id='word_1_189' title='bbox 1776 2510 1882 2564; x_wconf 87' lang='lat' dir='ltr'><strong>sine</strong></span> <span class='ocrx_word' id='word_1_190' title='bbox 1909 2519 2133 2579; x_wconf 87' lang='lat' dir='ltr'><strong>peccato.</strong></span> 
     </span>
    </p>
   </div>
   <div class='ocr_carea' id='block_1_25' title="bbox 559 2599 2136 2668">
    <p class='ocr_par' dir='ltr' id='par_1_25' title="bbox 559 2599 2136 2668">
     <span class='ocr_line' id='line_1_25' title="bbox 559 2599 2136 2668; baseline -0.004 -11"><span class='ocrx_word' id='word_1_191' title='bbox 559 2603 755 2657; x_wconf 77' lang='lat' dir='ltr'><strong>Procul</strong></span> <span class='ocrx_word' id='word_1_192' title='bbox 783 2603 934 2656; x_wconf 85' lang='lat' dir='ltr'><strong>dubio</strong></span> <span class='ocrx_word' id='word_1_193' title='bbox 971 2618 1072 2654; x_wconf 86' lang='lat' dir='ltr'><strong>non</strong></span> <span class='ocrx_word' id='word_1_194' title='bbox 1109 2602 1210 2654; x_wconf 88' lang='lat' dir='ltr'><strong>vult</strong></span> <span class='ocrx_word' id='word_1_195' title='bbox 1248 2617 1352 2655; x_wconf 88' lang='lat' dir='ltr'><strong>esse</strong></span> <span class='ocrx_word' id='word_1_196' title='bbox 1388 2617 1501 2653; x_wconf 91' lang='lat' dir='ltr'><strong>cum</strong></span> <span class='ocrx_word' id='word_1_197' title='bbox 1538 2609 1758 2668; x_wconf 89' lang='lat' dir='ltr'><strong>peccato.</strong></span> <span class='ocrx_word' id='word_1_198' title='bbox 1797 2599 1997 2664; x_wconf 85' lang='lat' dir='ltr'><strong>Quanta</strong></span> <span class='ocrx_word' id='word_1_199' title='bbox 2026 2599 2136 2652; x_wconf 63' lang='lat' dir='ltr'><strong>haec</strong></span> 
     </span>
    </p>
   </div>
   <div class='ocr_carea' id='block_1_26' title="bbox 557 2691 2134 2762">
    <p class='ocr_par' dir='ltr' id='par_1_26' title="bbox 557 2691 2134 2762">
     <span class='ocr_line' id='line_1_26' title="bbox 557 2691 2134 2762; baseline -0.003 -16"><span class='ocrx_word' id='word_1_200' title='bbox 557 2693 825 2762; x_wconf 82' lang='lat' dir='ltr'><strong>impietatis</strong></span> <span class='ocrx_word' id='word_1_201' title='bbox 854 2691 1166 2760; x_wconf 81' lang='lat' dir='ltr'><strong>blasphemia</strong></span> <span class='ocrx_word' id='word_1_202' title='bbox 1203 2693 1301 2758; x_wconf 89' lang='lat' dir='ltr'><strong>sit,</strong></span> <span class='ocrx_word' id='word_1_203' title='bbox 1337 2691 1656 2762; x_wconf 85' lang='lat' dir='ltr'><strong>cogitandum</strong></span> <span class='ocrx_word' id='word_1_204' title='bbox 1701 2699 1803 2755; x_wconf 81' lang='lat' dir='ltr'><strong>est,</strong></span> <span class='ocrx_word' id='word_1_205' title='bbox 1841 2699 1894 2743; x_wconf 89' lang='lat' dir='ltr'><strong>ut</strong></span> <span class='ocrx_word' id='word_1_206' title='bbox 1937 2691 2134 2743; x_wconf 86' lang='lat' dir='ltr'><strong>dicatur</strong></span> 
     </span>
    </p>
   </div>
   <div class='ocr_carea' id='block_1_27' title="bbox 562 2781 2134 2852">
    <p class='ocr_par' dir='ltr' id='par_1_27' title="bbox 562 2781 2134 2852">
     <span class='ocr_line' id='line_1_27' title="bbox 562 2781 2134 2852; baseline -0.001 -17"><span class='ocrx_word' id='word_1_207' title='bbox 562 2784 812 2838; x_wconf 87' lang='lat' dir='ltr'><strong>hominem</strong></span> <span class='ocrx_word' id='word_1_208' title='bbox 834 2797 979 2852; x_wconf 85' lang='lat' dir='ltr'><strong>posse</strong></span> <span class='ocrx_word' id='word_1_209' title='bbox 997 2798 1102 2835; x_wconf 88' lang='lat' dir='ltr'><strong>esse</strong></span> <span class='ocrx_word' id='word_1_210' title='bbox 1122 2797 1234 2834; x_wconf 89' lang='lat' dir='ltr'><strong>cum</strong></span> <span class='ocrx_word' id='word_1_211' title='bbox 1256 2792 1476 2851; x_wconf 88' lang='lat' dir='ltr'><strong>peccato,</strong></span> <span class='ocrx_word' id='word_1_212' title='bbox 1495 2783 1628 2852; x_wconf 90' lang='lat' dir='ltr'><strong>quod</strong></span> <span class='ocrx_word' id='word_1_213' title='bbox 1649 2781 1783 2834; x_wconf 86' lang='lat' dir='ltr'><strong>Deus</strong></span> <span class='ocrx_word' id='word_1_214' title='bbox 1803 2797 1900 2834; x_wconf 84' lang='lat' dir='ltr'><strong>non</strong></span> <span class='ocrx_word' id='word_1_215' title='bbox 1927 2783 2061 2846; x_wconf 87' lang='lat' dir='ltr'><strong>vult;</strong></span> <span class='ocrx_word' id='word_1_216' title='bbox 2088 2789 2134 2833; x_wconf 92' lang='lat' dir='ltr'><strong>et</strong></span> 
     </span>
    </p>
   </div>
   <div class='ocr_carea' id='block_1_28' title="bbox 559 2873 2135 2946">
    <p class='ocr_par' dir='ltr' id='par_1_28' title="bbox 559 2873 2135 2946">
     <span class='ocr_line' id='line_1_28' title="bbox 559 2873 2135 2946; baseline -0.002 -18"><span class='ocrx_word' id='word_1_217' title='bbox 559 2886 766 2946; x_wconf 80' lang='lat' dir='ltr'><strong>negetur</strong></span> <span class='ocrx_word' id='word_1_218' title='bbox 797 2890 940 2942; x_wconf 86' lang='lat' dir='ltr'><strong>posse</strong></span> <span class='ocrx_word' id='word_1_219' title='bbox 967 2890 1071 2927; x_wconf 89' lang='lat' dir='ltr'><strong>esse</strong></span> <span class='ocrx_word' id='word_1_220' title='bbox 1101 2874 1207 2926; x_wconf 87' lang='lat' dir='ltr'><strong>sine</strong></span> <span class='ocrx_word' id='word_1_221' title='bbox 1235 2883 1463 2942; x_wconf 88' lang='lat' dir='ltr'><strong>peccato,</strong></span> <span class='ocrx_word' id='word_1_222' title='bbox 1496 2873 1630 2943; x_wconf 89' lang='lat' dir='ltr'><strong>quod</strong></span> <span class='ocrx_word' id='word_1_223' title='bbox 1667 2873 1796 2926; x_wconf 68' lang='lat' dir='ltr'><strong>Betis</strong></span> <span class='ocrx_word' id='word_1_224' title='bbox 1821 2874 1961 2938; x_wconf 85' lang='lat' dir='ltr'><strong>vult;</strong></span> <span class='ocrx_word' id='word_1_225' title='bbox 1992 2873 2135 2938; x_wconf 86' lang='lat' dir='ltr'><strong>quasi</strong></span> 
     </span>
    </p>
   </div>
   <div class='ocr_carea' id='block_1_29' title="bbox 561 2963 2131 3036">
    <p class='ocr_par' dir='ltr' id='par_1_29' title="bbox 561 2963 2131 3036">
     <span class='ocr_line' id='line_1_29' title="bbox 561 2963 2131 3036; baseline -0.001 -18"><span class='ocrx_word' id='word_1_226' title='bbox 561 2967 780 3036; x_wconf 83' lang='lat' dir='ltr'><strong>aliquem</strong></span> <span class='ocrx_word' id='word_1_227' title='bbox 807 2963 875 3017; x_wconf 90' lang='lat' dir='ltr'><strong>ad</strong></span> <span class='ocrx_word' id='word_1_228' title='bbox 896 2964 990 3017; x_wconf 90' lang='lat' dir='ltr'><strong>hoc</strong></span> <span class='ocrx_word' id='word_1_229' title='bbox 1010 2963 1146 3018; x_wconf 86' lang='lat' dir='ltr'><strong>Deus</strong></span> <span class='ocrx_word' id='word_1_230' title='bbox 1166 2965 1418 3028; x_wconf 82' lang='lat' dir='ltr'><strong>creaverit,</strong></span> <span class='ocrx_word' id='word_1_231' title='bbox 1439 2973 1491 3017; x_wconf 89' lang='lat' dir='ltr'><strong>ut</strong></span> <span class='ocrx_word' id='word_1_232' title='bbox 1513 2973 1674 3034; x_wconf 87' lang='lat' dir='ltr'><strong>posset</strong></span> <span class='ocrx_word' id='word_1_233' title='bbox 1700 2980 1805 3018; x_wconf 87' lang='lat' dir='ltr'><strong>esse</strong></span> <span class='ocrx_word' id='word_1_234' title='bbox 1826 2965 1962 3034; x_wconf 84' lang='lat' dir='ltr'><strong>quod</strong></span> <span class='ocrx_word' id='word_1_235' title='bbox 1986 2965 2131 3032; x_wconf 86' lang='lat' dir='ltr'><strong>nolit,</strong></span> 
     </span>
    </p>
   </div>
   <div class='ocr_carea' id='block_1_30' title="bbox 561 3055 2137 3126">
    <p class='ocr_par' dir='ltr' id='par_1_30' title="bbox 561 3055 2137 3126">
     <span class='ocr_line' id='line_1_30' title="bbox 561 3055 2137 3126; baseline -0.001 -17"><span class='ocrx_word' id='word_1_236' title='bbox 561 3067 608 3110; x_wconf 88' lang='lat' dir='ltr'><strong>et</strong></span> <span class='ocrx_word' id='word_1_237' title='bbox 647 3073 748 3110; x_wconf 86' lang='lat' dir='ltr'><strong>non</strong></span> <span class='ocrx_word' id='word_1_238' title='bbox 788 3063 952 3124; x_wconf 89' lang='lat' dir='ltr'><strong>posset</strong></span> <span class='ocrx_word' id='word_1_239' title='bbox 990 3071 1096 3108; x_wconf 86' lang='lat' dir='ltr'><strong>esse</strong></span> <span class='ocrx_word' id='word_1_240' title='bbox 1129 3057 1262 3122; x_wconf 88' lang='lat' dir='ltr'><strong>quod</strong></span> <span class='ocrx_word' id='word_1_241' title='bbox 1287 3055 1425 3118; x_wconf 87' lang='lat' dir='ltr'><strong>velit,</strong></span> <span class='ocrx_word' id='word_1_242' title='bbox 1454 3063 1501 3107; x_wconf 90' lang='lat' dir='ltr'><strong>et</strong></span> <span class='ocrx_word' id='word_1_243' title='bbox 1529 3063 1585 3107; x_wconf 88' lang='lat' dir='ltr'><strong>ut</strong></span> <span class='ocrx_word' id='word_1_244' title='bbox 1609 3063 1782 3108; x_wconf 87' lang='lat' dir='ltr'><strong>contra</strong></span> <span class='ocrx_word' id='word_1_245' title='bbox 1805 3070 1948 3108; x_wconf 89' lang='lat' dir='ltr'><strong>suam</strong></span> <span class='ocrx_word' id='word_1_246' title='bbox 1977 3055 2137 3126; x_wconf 86' lang='lat' dir='ltr'><strong>magis</strong></span> 
     </span>
    </p>
   </div>
   <div class='ocr_carea' id='block_1_31' title="bbox 560 3143 2140 3218">
    <p class='ocr_par' dir='ltr' id='par_1_31' title="bbox 560 3143 2140 3218">
     <span class='ocr_line' id='line_1_31' title="bbox 560 3143 2140 3218; baseline -0.003 -16"><span class='ocrx_word' id='word_1_247' title='bbox 560 3164 709 3218; x_wconf 78' lang='lat' dir='ltr'><strong>quam</strong></span> <span class='ocrx_word' id='word_1_248' title='bbox 731 3155 784 3200; x_wconf 89' lang='lat' dir='ltr'><strong>ut</strong></span> <span class='ocrx_word' id='word_1_249' title='bbox 803 3147 1076 3200; x_wconf 89' lang='lat' dir='ltr'><strong>secundum</strong></span> <span class='ocrx_word' id='word_1_250' title='bbox 1094 3162 1240 3199; x_wconf 87' lang='lat' dir='ltr'><strong>suam</strong></span> <span class='ocrx_word' id='word_1_251' title='bbox 1256 3146 1484 3200; x_wconf 73' lang='lat' dir='ltr'><strong>existeret</strong></span> <span class='ocrx_word' id='word_1_252' title='bbox 1503 3145 1822 3199; x_wconf 87' lang='lat' dir='ltr'><strong>voluntatem.</strong></span> <span class='ocrx_word' id='word_1_253' title='bbox 1842 3143 1870 3199; x_wconf 84' lang='lat' dir='ltr'><strong>J</strong></span> <span class='ocrx_word' id='word_1_254' title='bbox 1874 3160 1957 3198; x_wconf 87' lang='lat' dir='ltr'><strong>am</strong></span> <span class='ocrx_word' id='word_1_255' title='bbox 1979 3159 2140 3214; x_wconf 84' lang='lat' dir='ltr'><strong>supe-</strong></span> 
     </span>
    </p>
   </div>
   <div class='ocr_carea' id='block_1_32' title="bbox 561 3235 2138 3309">
    <p class='ocr_par' dir='ltr' id='par_1_32' title="bbox 561 3235 2138 3309">
     <span class='ocr_line' id='line_1_32' title="bbox 561 3235 2138 3309; baseline -0.004 -13"><span class='ocrx_word' id='word_1_256' title='bbox 561 3241 672 3296; x_wconf 86' lang='lat' dir='ltr'><strong>rius</strong></span> <span class='ocrx_word' id='word_1_257' title='bbox 711 3255 1024 3309; x_wconf 80' lang='lat' dir='ltr'><strong>responsum</strong></span> <span class='ocrx_word' id='word_1_258' title='bbox 1053 3248 1136 3294; x_wconf 89' lang='lat' dir='ltr'><strong>est</strong></span> <span class='ocrx_word' id='word_1_259' title='bbox 1165 3255 1179 3291; x_wconf 90' lang='lat'><strong>:</strong></span> <span class='ocrx_word' id='word_1_260' title='bbox 1207 3237 1300 3293; x_wconf 89' lang='lat' dir='ltr'><strong>sed</strong></span> <span class='ocrx_word' id='word_1_261' title='bbox 1341 3236 1640 3292; x_wconf 87' lang='lat' dir='ltr'><strong>addendum</strong></span> <span class='ocrx_word' id='word_1_262' title='bbox 1667 3237 1820 3291; x_wconf 89' lang='lat' dir='ltr'><strong>video</strong></span> <span class='ocrx_word' id='word_1_263' title='bbox 1839 3277 1852 3300; x_wconf 92' lang='lat'><strong>,</strong></span> <span class='ocrx_word' id='word_1_264' title='bbox 1880 3235 2024 3307; x_wconf 90' lang='lat' dir='ltr'><strong>quod</strong></span> <span class='ocrx_word' id='word_1_265' title='bbox 2049 3252 2138 3304; x_wconf 86' lang='lat' dir='ltr'><strong>spe</strong></span> 
     </span>
    </p>
   </div>
   <div class='ocr_carea' id='block_1_33' title="bbox 561 3328 2136 3400">
    <p class='ocr_par' dir='ltr' id='par_1_33' title="bbox 561 3328 2136 3400">
     <span class='ocr_line' id='line_1_33' title="bbox 561 3328 2136 3400; baseline -0.002 -15"><span class='ocrx_word' id='word_1_266' title='bbox 561 3331 688 3385; x_wconf 90' lang='lat' dir='ltr'><strong>salvi</strong></span> <span class='ocrx_word' id='word_1_267' title='bbox 709 3330 830 3400; x_wconf 81' lang='lat' dir='ltr'><strong>[acti</strong></span> <span class='ocrx_word' id='word_1_268' title='bbox 847 3345 1036 3382; x_wconf 85' lang='lat' dir='ltr'><strong>sumus.</strong></span> <span class='ocrx_word' id='word_1_269' title='bbox 1069 3329 1196 3397; x_wconf 91' lang='lat' dir='ltr'><strong>Spes</strong></span> <span class='ocrx_word' id='word_1_270' title='bbox 1217 3337 1382 3381; x_wconf 84' lang='lat' dir='ltr'><strong>autent</strong></span> <span class='ocrx_word' id='word_1_271' title='bbox 1405 3343 1516 3396; x_wconf 69' lang='lat' dir='ltr'><strong>qua:</strong></span> <span class='ocrx_word' id='word_1_272' title='bbox 1534 3328 1749 3394; x_wconf 87' lang='lat' dir='ltr'><strong>videtur,</strong></span> <span class='ocrx_word' id='word_1_273' title='bbox 1774 3343 1873 3380; x_wconf 87' lang='lat' dir='ltr'><strong>non</strong></span> <span class='ocrx_word' id='word_1_274' title='bbox 1893 3335 1962 3380; x_wconf 91' lang='lat' dir='ltr'><strong>est</strong></span> <span class='ocrx_word' id='word_1_275' title='bbox 1982 3341 2136 3397; x_wconf 85' lang='lat' dir='ltr'><strong>spes:</strong></span> 
     </span>
    </p>
   </div>
   <div class='ocr_carea' id='block_1_34' title="bbox 557 3415 2136 3490">
    <p class='ocr_par' dir='ltr' id='par_1_34' title="bbox 557 3415 2136 3490">
     <span class='ocr_line' id='line_1_34' title="bbox 557 3415 2136 3490; baseline -0.004 -16"><span class='ocrx_word' id='word_1_276' title='bbox 557 3420 691 3490; x_wconf 88' lang='lat' dir='ltr'><strong>quod</strong></span> <span class='ocrx_word' id='word_1_277' title='bbox 728 3420 858 3472; x_wconf 88' lang='lat' dir='ltr'><strong>enim</strong></span> <span class='ocrx_word' id='word_1_278' title='bbox 907 3418 1034 3470; x_wconf 84' lang='lat' dir='ltr'><strong>videt</strong></span> <span class='ocrx_word' id='word_1_279' title='bbox 1071 3418 1182 3488; x_wconf 85' lang='lat' dir='ltr'><strong>quis</strong></span> <span class='ocrx_word' id='word_1_280' title='bbox 1208 3457 1222 3481; x_wconf 96' lang='lat'><strong>,</strong></span> <span class='ocrx_word' id='word_1_281' title='bbox 1286 3417 1408 3485; x_wconf 84' lang='lat' dir='ltr'><strong>quid</strong></span> <span class='ocrx_word' id='word_1_282' title='bbox 1451 3418 1662 3486; x_wconf 83' lang='lat' dir='ltr'><strong>sperat?</strong></span> <span class='ocrx_word' id='word_1_283' title='bbox 1708 3415 1768 3470; x_wconf 91' lang='lat' dir='ltr'><strong>Si</strong></span> <span class='ocrx_word' id='word_1_284' title='bbox 1803 3427 1968 3470; x_wconf 83' lang='lat' dir='ltr'><strong>autent</strong></span> <span class='ocrx_word' id='word_1_285' title='bbox 2001 3417 2136 3486; x_wconf 89' lang='lat' dir='ltr'><strong>quod</strong></span> 
     </span>
    </p>
   </div>
   <div class='ocr_carea' id='block_1_35' title="bbox 559 3509 2138 3578">
    <p class='ocr_par' dir='ltr' id='par_1_35' title="bbox 559 3509 2138 3578">
     <span class='ocr_line' id='line_1_35' title="bbox 559 3509 2138 3578; baseline 0 -16"><span class='ocrx_word' id='word_1_286' title='bbox 559 3527 658 3563; x_wconf 85' lang='lat' dir='ltr'><strong>non</strong></span> <span class='ocrx_word' id='word_1_287' title='bbox 715 3510 936 3562; x_wconf 87' lang='lat' dir='ltr'><strong>videmus</strong></span> <span class='ocrx_word' id='word_1_288' title='bbox 978 3524 1271 3576; x_wconf 84' lang='lat' dir='ltr'><strong>speramus,</strong></span> <span class='ocrx_word' id='word_1_289' title='bbox 1319 3524 1408 3578; x_wconf 85' lang='lat' dir='ltr'><strong>per</strong></span> <span class='ocrx_word' id='word_1_290' title='bbox 1449 3509 1743 3577; x_wconf 73' lang='lat' dir='ltr'><strong>patientia»:</strong></span> <span class='ocrx_word' id='word_1_291' title='bbox 1792 3515 2138 3576; x_wconf 76' lang='lat' dir='ltr'><strong>exspectamus</strong></span> 
     </span>
    </p>
   </div>
   <div class='ocr_carea' id='block_1_36' title="bbox 561 3599 2133 3674">
    <p class='ocr_par' dir='ltr' id='par_1_36' title="bbox 561 3599 2133 3674">
     <span class='ocr_line' id='line_1_36' title="bbox 561 3599 2133 3674; baseline -0.002 -19"><span class='ocrx_word' id='word_1_292' title='bbox 561 3601 746 3674; x_wconf 83' lang='lat' dir='ltr'><strong>(llam.</strong></span> <span class='ocrx_word' id='word_1_293' title='bbox 781 3617 904 3664; x_wconf 88' lang='lat' dir='ltr'><strong>vm,</strong></span> <span class='ocrx_word' id='word_1_294' title='bbox 931 3602 1000 3655; x_wconf 72' lang='grc'><strong>24</strong></span> <span class='ocrx_word' id='word_1_295' title='bbox 1021 3643 1034 3664; x_wconf 86' lang='grc'><strong>,</strong></span> <span class='ocrx_word' id='word_1_296' title='bbox 1065 3599 1187 3672; x_wconf 72' lang='lat'><strong>25).</strong></span> <span class='ocrx_word' id='word_1_297' title='bbox 1221 3601 1372 3654; x_wconf 77' lang='lat' dir='ltr'><strong>Tum:</strong></span> <span class='ocrx_word' id='word_1_298' title='bbox 1400 3615 1526 3670; x_wconf 81' lang='lat' dir='ltr'><strong>ergo</strong></span> <span class='ocrx_word' id='word_1_299' title='bbox 1557 3599 1659 3654; x_wconf 91' lang='lat' dir='ltr'><strong>erit</strong></span> <span class='ocrx_word' id='word_1_300' title='bbox 1699 3600 1851 3668; x_wconf 86' lang='lat' dir='ltr'><strong>plena</strong></span> <span class='ocrx_word' id='word_1_301' title='bbox 1895 3599 2096 3668; x_wconf 86' lang='lat' dir='ltr'><strong>justitia</strong></span> <span class='ocrx_word' id='word_1_302' title='bbox 2117 3640 2133 3666; x_wconf 95' lang='lat'><strong>,</strong></span> 
     </span>
    </p>
   </div>
   <div class='ocr_carea' id='block_1_37' title="bbox 559 3690 2137 3762">
    <p class='ocr_par' dir='ltr' id='par_1_37' title="bbox 559 3690 2137 3762">
     <span class='ocr_line' id='line_1_37' title="bbox 559 3690 2137 3762; baseline -0.001 -16"><span class='ocrx_word' id='word_1_303' title='bbox 559 3693 768 3762; x_wconf 85' lang='lat' dir='ltr'><strong>quando</strong></span> <span class='ocrx_word' id='word_1_304' title='bbox 801 3692 952 3761; x_wconf 87' lang='lat' dir='ltr'><strong>plena</strong></span> <span class='ocrx_word' id='word_1_305' title='bbox 997 3693 1196 3745; x_wconf 89' lang='lat' dir='ltr'><strong>sanitas</strong></span> <span class='ocrx_word' id='word_1_306' title='bbox 1239 3709 1252 3742; x_wconf 93' lang='lat'>:</span> <span class='ocrx_word' id='word_1_307' title='bbox 1291 3699 1416 3744; x_wconf 91' lang='lat' dir='ltr'><strong>tunc</strong></span> <span class='ocrx_word' id='word_1_308' title='bbox 1459 3691 1610 3759; x_wconf 85' lang='lat' dir='ltr'><strong>plena</strong></span> <span class='ocrx_word' id='word_1_309' title='bbox 1646 3691 1877 3752; x_wconf 86' lang='lat' dir='ltr'><strong>sanitas,</strong></span> <span class='ocrx_word' id='word_1_310' title='bbox 1927 3690 2137 3760; x_wconf 84' lang='lat' dir='ltr'><strong>quando</strong></span> 
     </span>
    </p>
   </div>
   <div class='ocr_carea' id='block_1_38' title="bbox 499 3777 2133 3852">
    <p class='ocr_par' dir='ltr' id='par_1_38' title="bbox 499 3777 2133 3852">
     <span class='ocr_line' id='line_1_38' title="bbox 499 3777 2133 3852; baseline -0.001 -18"><span class='ocrx_word' id='word_1_311' title='bbox 499 3811 504 3816; x_wconf 94' lang='lat'><strong>-</strong></span> <span class='ocrx_word' id='word_1_312' title='bbox 563 3783 717 3852; x_wconf 84' lang='lat' dir='ltr'><strong>plena</strong></span> <span class='ocrx_word' id='word_1_313' title='bbox 739 3781 1006 3843; x_wconf 82' lang='lat' dir='ltr'><strong>cliaritas;</strong></span> <span class='ocrx_word' id='word_1_314' title='bbox 1033 3779 1302 3847; x_wconf 75' lang='lat' dir='ltr'><strong>plenitudo</strong></span> <span class='ocrx_word' id='word_1_315' title='bbox 1321 3779 1460 3832; x_wconf 88' lang='lat' dir='ltr'><strong>enim</strong></span> <span class='ocrx_word' id='word_1_316' title='bbox 1486 3779 1615 3847; x_wconf 83' lang='lat' dir='ltr'><strong>legis</strong></span> <span class='ocrx_word' id='word_1_317' title='bbox 1635 3779 1864 3832; x_wconf 83' lang='lat' dir='ltr'><strong>charitas</strong></span> <span class='ocrx_word' id='word_1_318' title='bbox 1887 3777 1994 3850; x_wconf 88' lang='lat' dir='ltr'><strong>(Id.</strong></span> <span class='ocrx_word' id='word_1_319' title='bbox 2020 3795 2133 3846; x_wconf 80' lang='lat' dir='ltr'><strong>xm,</strong></span> 
     </span>
    </p>
   </div>
   <div class='ocr_carea' id='block_1_39' title="bbox 571 3868 2136 3939">
    <p class='ocr_par' dir='ltr' id='par_1_39' title="bbox 571 3868 2136 3939">
     <span class='ocr_line' id='line_1_39' title="bbox 571 3868 2136 3939; baseline -0.002 -12"><span class='ocrx_word' id='word_1_320' title='bbox 571 3871 688 3939; x_wconf 66' lang='lat'><strong>10):</strong></span> <span class='ocrx_word' id='word_1_321' title='bbox 711 3881 834 3924; x_wconf 84' lang='lat' dir='ltr'><strong>tunc</strong></span> <span class='ocrx_word' id='word_1_322' title='bbox 851 3879 1026 3923; x_wconf 87' lang='lat' dir='ltr'><strong>autem</strong></span> <span class='ocrx_word' id='word_1_323' title='bbox 1047 3869 1198 3938; x_wconf 86' lang='lat' dir='ltr'><strong>plena</strong></span> <span class='ocrx_word' id='word_1_324' title='bbox 1215 3868 1464 3930; x_wconf 75' lang='lat' dir='ltr'><strong>Charitas,</strong></span> <span class='ocrx_word' id='word_1_325' title='bbox 1479 3869 1688 3938; x_wconf 90' lang='lat' dir='ltr'><strong>quando</strong></span> <span class='ocrx_word' id='word_1_326' title='bbox 1705 3869 2000 3924; x_wconf 85' lang='lat' dir='ltr'><strong>videbimus</strong></span> <span class='ocrx_word' id='word_1_327' title='bbox 2015 3886 2136 3924; x_wconf 91' lang='lat' dir='ltr'><strong>cum</strong></span> 
     </span>
    </p>
   </div>
   <div class='ocr_carea' id='block_1_40' title="bbox 565 3959 2136 4031">
    <p class='ocr_par' dir='ltr' id='par_1_40' title="bbox 565 3959 2136 4031">
     <span class='ocr_line' id='line_1_40' title="bbox 565 3959 2136 4031; baseline -0.001 -15"><span class='ocrx_word' id='word_1_328' title='bbox 565 3961 720 4016; x_wconf 81' lang='lat' dir='ltr'><strong>sicuti</strong></span> <span class='ocrx_word' id='word_1_329' title='bbox 749 3971 831 4014; x_wconf 87' lang='lat' dir='ltr'><strong>cst</strong></span> <span class='ocrx_word' id='word_1_330' title='bbox 859 3959 1080 4031; x_wconf 84' lang='lat' dir='ltr'><strong>(lJoan.</strong></span> <span class='ocrx_word' id='word_1_331' title='bbox 1109 3960 1280 4028; x_wconf 73' lang='lat'><strong>111,2).</strong></span> <span class='ocrx_word' id='word_1_332' title='bbox 1311 3959 1492 4028; x_wconf 90' lang='lat' dir='ltr'><strong>Neque</strong></span> <span class='ocrx_word' id='word_1_333' title='bbox 1527 3960 1669 4014; x_wconf 89' lang='lat' dir='ltr'><strong>enim</strong></span> <span class='ocrx_word' id='word_1_334' title='bbox 1701 3962 1801 4014; x_wconf 90' lang='lat' dir='ltr'><strong>erit</strong></span> <span class='ocrx_word' id='word_1_335' title='bbox 1825 3963 1844 3992; x_wconf 82' lang='grc'>³</span> <span class='ocrx_word' id='word_1_336' title='bbox 1873 3961 2010 4030; x_wconf 91' lang='lat' dir='ltr'><strong>quod</strong></span> <span class='ocrx_word' id='word_1_337' title='bbox 2041 3961 2136 4014; x_wconf 90' lang='lat' dir='ltr'><strong>ad-</strong></span> 
     </span>
    </p>
   </div>
   <div class='ocr_carea' id='block_1_41' title="bbox 563 4050 2134 4118">
    <p class='ocr_par' dir='ltr' id='par_1_41' title="bbox 563 4050 2134 4118">
     <span class='ocr_line' id='line_1_41' title="bbox 563 4050 2134 4118; baseline -0.001 -12"><span class='ocrx_word' id='word_1_338' title='bbox 563 4054 716 4106; x_wconf 86' lang='lat' dir='ltr'><strong>datur</strong></span> <span class='ocrx_word' id='word_1_339' title='bbox 732 4052 795 4106; x_wconf 84' lang='lat' dir='ltr'><strong>ad</strong></span> <span class='ocrx_word' id='word_1_340' title='bbox 813 4051 1298 4109; x_wconf 84' lang='lat' dir='ltr'><strong>dilectionen1,eum</strong></span> <span class='ocrx_word' id='word_1_341' title='bbox 1313 4050 1442 4103; x_wconf 89' lang='lat' dir='ltr'><strong>ﬁdes</strong></span> <span class='ocrx_word' id='word_1_342' title='bbox 1460 4051 1760 4118; x_wconf 83' lang='lat' dir='ltr'><strong>pervenerit</strong></span> <span class='ocrx_word' id='word_1_343' title='bbox 1777 4050 1840 4103; x_wconf 89' lang='lat' dir='ltr'><strong>ad</strong></span> <span class='ocrx_word' id='word_1_344' title='bbox 1861 4051 2134 4104; x_wconf 78' lang='lat' dir='ltr'><strong>visionem.</strong></span> 
     </span>
    </p>
   </div>
   <div class='ocr_carea' id='block_1_42' title="bbox 637 4139 2158 4211">
    <p class='ocr_par' dir='ltr' id='par_1_42' title="bbox 637 4139 2158 4211">
     <span class='ocr_line' id='line_1_42' title="bbox 637 4139 2158 4211; baseline -0.003 -13"><span class='ocrx_word' id='word_1_345' title='bbox 637 4142 860 4198; x_wconf 70' lang='lat' dir='ltr'><strong>CAPUT</strong></span> <span class='ocrx_word' id='word_1_346' title='bbox 897 4142 980 4194; x_wconf 81' lang='lat' dir='ltr'><strong>IV.</strong></span> <span class='ocrx_word' id='word_1_347' title='bbox 995 4171 1067 4182; x_wconf 91' lang='lat'><strong>—</strong></span> <span class='ocrx_word' id='word_1_348' title='bbox 1083 4139 1417 4194; x_wconf 85' lang='lat' dir='ltr'><strong>Ratiocinatio</strong></span> <span class='ocrx_word' id='word_1_349' title='bbox 1433 4139 1486 4194; x_wconf 85' lang='lat'><strong>9.</strong></span> <span class='ocrx_word' id='word_1_350' title='bbox 1501 4139 1690 4193; x_wconf 88' lang='lat' dir='ltr'><strong>lterum</strong></span> <span class='ocrx_word' id='word_1_351' title='bbox 1705 4140 2027 4211; x_wconf 61' lang='lat' dir='ltr'><strong>quaerendum</strong></span> <span class='ocrx_word' id='word_1_352' title='bbox 2044 4150 2134 4207; x_wconf 79' lang='lat' dir='ltr'><strong>est,</strong></span> <span class='ocrx_word' id='word_1_353' title='bbox 2153 4199 2158 4204; x_wconf 55' lang='grc'>,</span> 
     </span>
    </p>
   </div>
   <div class='ocr_carea' id='block_1_43' title="bbox 567 4234 2140 4306">
    <p class='ocr_par' dir='ltr' id='par_1_43' title="bbox 567 4234 2140 4306">
     <span class='ocr_line' id='line_1_43' title="bbox 567 4234 2140 4306; baseline -0.003 -14"><span class='ocrx_word' id='word_1_354' title='bbox 567 4236 758 4305; x_wconf 89' lang='lat' dir='ltr'><strong>inquit,</strong></span> <span class='ocrx_word' id='word_1_355' title='bbox 785 4253 872 4304; x_wconf 89' lang='lat' dir='ltr'><strong>per</strong></span> <span class='ocrx_word' id='word_1_356' title='bbox 889 4236 1011 4306; x_wconf 85' lang='lat' dir='ltr'><strong>quid</strong></span> <span class='ocrx_word' id='word_1_357' title='bbox 1031 4235 1238 4304; x_wconf 66' lang='lat' dir='ltr'><strong>efficitur</strong></span> <span class='ocrx_word' id='word_1_358' title='bbox 1266 4234 1413 4287; x_wconf 86' lang='lat' dir='ltr'><strong>homo</strong></span> <span class='ocrx_word' id='word_1_359' title='bbox 1441 4250 1554 4286; x_wconf 89' lang='lat' dir='ltr'><strong>cum</strong></span> <span class='ocrx_word' id='word_1_360' title='bbox 1580 4243 1796 4304; x_wconf 87' lang='lat' dir='ltr'><strong>peccato,</strong></span> <span class='ocrx_word' id='word_1_361' title='bbox 1833 4251 1921 4304; x_wconf 88' lang='lat' dir='ltr'><strong>per</strong></span> <span class='ocrx_word' id='word_1_362' title='bbox 1945 4243 2140 4288; x_wconf 70' lang='lat' dir='ltr'><strong>naturae</strong></span> 
     </span>
    </p>
   </div>
   <div class='ocr_carea' id='block_1_44' title="bbox 567 4324 2142 4395">
    <p class='ocr_par' dir='ltr' id='par_1_44' title="bbox 567 4324 2142 4395">
     <span class='ocr_line' id='line_1_44' title="bbox 567 4324 2142 4395; baseline 0.001 -17"><span class='ocrx_word' id='word_1_363' title='bbox 567 4335 904 4379; x_wconf 76' lang='lat' dir='ltr'><strong>necessitatem</strong></span> <span class='ocrx_word' id='word_1_364' title='bbox 927 4365 942 4388; x_wconf 94' lang='lat'><strong>,</strong></span> <span class='ocrx_word' id='word_1_365' title='bbox 975 4341 1040 4376; x_wconf 89' lang='lat' dir='ltr'><strong>an</strong></span> <span class='ocrx_word' id='word_1_366' title='bbox 1073 4342 1160 4395; x_wconf 84' lang='lat' dir='ltr'><strong>per</strong></span> <span class='ocrx_word' id='word_1_367' title='bbox 1187 4324 1379 4376; x_wconf 83' lang='lat' dir='ltr'><strong>arbitrii</strong></span> <span class='ocrx_word' id='word_1_368' title='bbox 1407 4324 1696 4377; x_wconf 86' lang='lat' dir='ltr'><strong>libertatem.</strong></span> <span class='ocrx_word' id='word_1_369' title='bbox 1745 4325 1806 4378; x_wconf 88' lang='lat' dir='ltr'><strong>Si</strong></span> <span class='ocrx_word' id='word_1_370' title='bbox 1832 4341 1920 4394; x_wconf 86' lang='lat' dir='ltr'><strong>per</strong></span> <span class='ocrx_word' id='word_1_371' title='bbox 1947 4335 2142 4379; x_wconf 63' lang='lat' dir='ltr'><strong>natura</strong></span> 
     </span>
    </p>
   </div>
   <div class='ocr_carea' id='block_1_45' title="bbox 569 4413 2133 4484">
    <p class='ocr_par' dir='ltr' id='par_1_45' title="bbox 569 4413 2133 4484">
     <span class='ocr_line' id='line_1_45' title="bbox 569 4413 2133 4484; baseline -0.001 -14"><span class='ocrx_word' id='word_1_372' title='bbox 569 4415 942 4479; x_wconf 73' lang='lat' dir='ltr'><strong>necessitatem,</strong></span> <span class='ocrx_word' id='word_1_373' title='bbox 993 4415 1139 4484; x_wconf 81' lang='lat' dir='ltr'><strong>culpa</strong></span> <span class='ocrx_word' id='word_1_374' title='bbox 1180 4423 1313 4466; x_wconf 88' lang='lat' dir='ltr'><strong>caret</strong></span> <span class='ocrx_word' id='word_1_375' title='bbox 1337 4429 1355 4468; x_wconf 90' lang='lat'><strong><em>:</em></strong></span> <span class='ocrx_word' id='word_1_376' title='bbox 1375 4414 1418 4466; x_wconf 90' lang='lat' dir='ltr'><strong>si</strong></span> <span class='ocrx_word' id='word_1_377' title='bbox 1467 4429 1554 4480; x_wconf 87' lang='lat' dir='ltr'><strong>per</strong></span> <span class='ocrx_word' id='word_1_378' title='bbox 1597 4413 1790 4467; x_wconf 77' lang='lat' dir='ltr'><strong>arbitrii</strong></span> <span class='ocrx_word' id='word_1_379' title='bbox 1832 4415 2133 4481; x_wconf 87' lang='lat' dir='ltr'><strong>libertatem,</strong></span> 
     </span>
    </p>
   </div>
   <div class='ocr_carea' id='block_1_46' title="bbox 566 4503 2138 4575">
    <p class='ocr_par' dir='ltr' id='par_1_46' title="bbox 566 4503 2138 4575">
     <span class='ocr_line' id='line_1_46' title="bbox 566 4503 2138 4575; baseline 0.001 -16"><span class='ocrx_word' id='word_1_380' title='bbox 566 4507 887 4575; x_wconf 58' lang='lat' dir='ltr'><strong>quaerendum</strong></span> <span class='ocrx_word' id='word_1_381' title='bbox 919 4514 988 4556; x_wconf 90' lang='lat' dir='ltr'><strong>est</strong></span> <span class='ocrx_word' id='word_1_382' title='bbox 1015 4521 1045 4554; x_wconf 91' lang='lat' dir='ltr'><strong>a</strong></span> <span class='ocrx_word' id='word_1_383' title='bbox 1069 4520 1167 4573; x_wconf 87' lang='lat' dir='ltr'><strong>quo</strong></span> <span class='ocrx_word' id='word_1_384' title='bbox 1209 4505 1370 4572; x_wconf 84' lang='lat' dir='ltr'><strong>ipsam</strong></span> <span class='ocrx_word' id='word_1_385' title='bbox 1397 4503 1592 4556; x_wconf 84' lang='lat' dir='ltr'><strong>arbitrii</strong></span> <span class='ocrx_word' id='word_1_386' title='bbox 1621 4504 1894 4558; x_wconf 85' lang='lat' dir='ltr'><strong>libertatem</strong></span> <span class='ocrx_word' id='word_1_387' title='bbox 1931 4521 2138 4574; x_wconf 87' lang='lat' dir='ltr'><strong>accepe-</strong></span> 
     </span>
    </p>
   </div>
   <div class='ocr_carea' id='block_1_47' title="bbox 567 4595 2142 4666">
    <p class='ocr_par' dir='ltr' id='par_1_47' title="bbox 567 4595 2142 4666">
     <span class='ocr_line' id='line_1_47' title="bbox 567 4595 2142 4666; baseline 0.001 -15"><span class='ocrx_word' id='word_1_388' title='bbox 567 4599 664 4664; x_wconf 82' lang='lat' dir='ltr'><strong>rit;</strong></span> <span class='ocrx_word' id='word_1_389' title='bbox 695 4597 872 4666; x_wconf 83' lang='lat' dir='ltr'><strong>procul</strong></span> <span class='ocrx_word' id='word_1_390' title='bbox 895 4596 1044 4650; x_wconf 88' lang='lat' dir='ltr'><strong>dubio</strong></span> <span class='ocrx_word' id='word_1_391' title='bbox 1074 4612 1104 4648; x_wconf 82' lang='grc' dir='ltr'><em>α</em></span> <span class='ocrx_word' id='word_1_392' title='bbox 1137 4595 1260 4649; x_wconf 91' lang='lat' dir='ltr'><strong>Deo.</strong></span> <span class='ocrx_word' id='word_1_393' title='bbox 1290 4596 1429 4650; x_wconf 87' lang='lat' dir='ltr'><strong>Deus</strong></span> <span class='ocrx_word' id='word_1_394' title='bbox 1457 4605 1621 4650; x_wconf 86' lang='lat' dir='ltr'><strong>autem</strong></span> <span class='ocrx_word' id='word_1_395' title='bbox 1648 4599 1781 4666; x_wconf 89' lang='lat' dir='ltr'><strong>quod</strong></span> <span class='ocrx_word' id='word_1_396' title='bbox 1809 4597 1979 4664; x_wconf 86' lang='lat' dir='ltr'><strong>dedit,</strong></span> <span class='ocrx_word' id='word_1_397' title='bbox 2011 4609 2142 4654; x_wconf 81' lang='lat' dir='ltr'><strong>certe</strong></span> 
     </span>
    </p>
   </div>
   <div class='ocr_carea' id='block_1_48' title="bbox 561 4681 2142 4758">
    <p class='ocr_par' dir='ltr' id='par_1_48' title="bbox 561 4681 2142 4758">
     <span class='ocr_line' id='line_1_48' title="bbox 561 4681 2142 4758; baseline 0.001 -17"><span class='ocrx_word' id='word_1_398' title='bbox 561 4689 744 4742; x_wconf 85' lang='lat' dir='ltr'><strong>bonum</strong></span> <span class='ocrx_word' id='word_1_399' title='bbox 771 4698 865 4753; x_wconf 87' lang='lat' dir='ltr'><strong>est,</strong></span> <span class='ocrx_word' id='word_1_400' title='bbox 895 4689 1066 4756; x_wconf 86' lang='lat' dir='ltr'><strong>negari</strong></span> <span class='ocrx_word' id='word_1_401' title='bbox 1090 4687 1224 4741; x_wconf 86' lang='lat' dir='ltr'><strong>enim</strong></span> <span class='ocrx_word' id='word_1_402' title='bbox 1262 4703 1362 4740; x_wconf 85' lang='lat' dir='ltr'><strong>non</strong></span> <span class='ocrx_word' id='word_1_403' title='bbox 1389 4681 1567 4756; x_wconf 85' lang='lat' dir='ltr'><strong>potest.</strong></span> <span class='ocrx_word' id='word_1_404' title='bbox 1601 4685 1714 4752; x_wconf 86' lang='lat' dir='ltr'><strong>Qua</strong></span> <span class='ocrx_word' id='word_1_405' title='bbox 1755 4687 1911 4758; x_wconf 83' lang='lat' dir='ltr'><strong>igitur</strong></span> <span class='ocrx_word' id='word_1_406' title='bbox 1949 4691 2142 4744; x_wconf 87' lang='lat' dir='ltr'><strong>ratione</strong></span> 
     </span>
    </p>
   </div>
   <div class='ocr_carea' id='block_1_49' title="bbox 562 4777 2138 4848">
    <p class='ocr_par' dir='ltr' id='par_1_49' title="bbox 562 4777 2138 4848">
     <span class='ocr_line' id='line_1_49' title="bbox 562 4777 2138 4848; baseline 0.001 -17"><span class='ocrx_word' id='word_1_407' title='bbox 562 4779 745 4832; x_wconf 84' lang='lat' dir='ltr'><strong>bonum</strong></span> <span class='ocrx_word' id='word_1_408' title='bbox 776 4777 1038 4848; x_wconf 88' lang='lat' dir='ltr'><strong>probatur,</strong></span> <span class='ocrx_word' id='word_1_409' title='bbox 1069 4777 1114 4830; x_wconf 91' lang='lat' dir='ltr'><strong>si</strong></span> <span class='ocrx_word' id='word_1_410' title='bbox 1141 4777 1302 4847; x_wconf 85' lang='lat' dir='ltr'><strong>magis</strong></span> <span class='ocrx_word' id='word_1_411' title='bbox 1327 4777 1398 4830; x_wconf 85' lang='lat' dir='ltr'><strong>ad</strong></span> <span class='ocrx_word' id='word_1_412' title='bbox 1435 4777 1626 4830; x_wconf 88' lang='lat' dir='ltr'><strong>malum</strong></span> <span class='ocrx_word' id='word_1_413' title='bbox 1659 4793 1810 4847; x_wconf 86' lang='lat' dir='ltr'><strong>quam</strong></span> <span class='ocrx_word' id='word_1_414' title='bbox 1849 4778 1919 4831; x_wconf 91' lang='lat' dir='ltr'><strong>ad</strong></span> <span class='ocrx_word' id='word_1_415' title='bbox 1953 4779 2138 4833; x_wconf 84' lang='lat' dir='ltr'><strong>bonum</strong></span> 
     </span>
    </p>
   </div>
   <div class='ocr_carea' id='block_1_50' title="bbox 563 4867 2140 4939">
    <p class='ocr_par' dir='ltr' id='par_1_50' title="bbox 563 4867 2140 4939">
     <span class='ocr_line' id='line_1_50' title="bbox 563 4867 2140 4939; baseline -0.001 -16"><span class='ocrx_word' id='word_1_416' title='bbox 563 4886 776 4939; x_wconf 88' lang='lat' dir='ltr'><strong>pronum</strong></span> <span class='ocrx_word' id='word_1_417' title='bbox 807 4869 916 4923; x_wconf 85' lang='lat' dir='ltr'><strong>est?</strong></span> <span class='ocrx_word' id='word_1_418' title='bbox 958 4868 1127 4939; x_wconf 76' lang='lat' dir='ltr'><strong>Magis</strong></span> <span class='ocrx_word' id='word_1_419' title='bbox 1167 4867 1300 4924; x_wconf 84' lang='lat' dir='ltr'><strong>enim</strong></span> <span class='ocrx_word' id='word_1_420' title='bbox 1340 4869 1410 4921; x_wconf 86' lang='lat' dir='ltr'><strong>ad</strong></span> <span class='ocrx_word' id='word_1_421' title='bbox 1447 4869 1638 4922; x_wconf 87' lang='lat' dir='ltr'><strong>malum</strong></span> <span class='ocrx_word' id='word_1_422' title='bbox 1665 4885 1815 4939; x_wconf 87' lang='lat' dir='ltr'><strong>quam</strong></span> <span class='ocrx_word' id='word_1_423' title='bbox 1849 4869 1918 4922; x_wconf 87' lang='lat' dir='ltr'><strong>ad</strong></span> <span class='ocrx_word' id='word_1_424' title='bbox 1955 4869 2140 4924; x_wconf 83' lang='lat' dir='ltr'><strong>bonum</strong></span> 
     </span>
    </p>
   </div>
   <div class='ocr_carea' id='block_1_51' title="bbox 565 4959 2136 5030">
    <p class='ocr_par' dir='ltr' id='par_1_51' title="bbox 565 4959 2136 5030">
     <span class='ocr_line' id='line_1_51' title="bbox 565 4959 2136 5030; baseline 0.001 -19"><span class='ocrx_word' id='word_1_425' title='bbox 565 4976 776 5028; x_wconf 85' lang='lat' dir='ltr'><strong>pronum</strong></span> <span class='ocrx_word' id='word_1_426' title='bbox 805 4968 912 5024; x_wconf 90' lang='lat' dir='ltr'><strong>est,</strong></span> <span class='ocrx_word' id='word_1_427' title='bbox 944 4959 988 5012; x_wconf 91' lang='lat' dir='ltr'><strong>si</strong></span> <span class='ocrx_word' id='word_1_428' title='bbox 1014 4961 1160 5014; x_wconf 89' lang='lat' dir='ltr'><strong>homo</strong></span> <span class='ocrx_word' id='word_1_429' title='bbox 1183 4976 1274 5030; x_wconf 86' lang='lat' dir='ltr'><strong>per</strong></span> <span class='ocrx_word' id='word_1_430' title='bbox 1300 4959 1430 5018; x_wconf 84' lang='lat' dir='ltr'><strong>illud</strong></span> <span class='ocrx_word' id='word_1_431' title='bbox 1457 4967 1616 5028; x_wconf 89' lang='lat' dir='ltr'><strong>potest</strong></span> <span class='ocrx_word' id='word_1_432' title='bbox 1643 4973 1750 5012; x_wconf 89' lang='lat' dir='ltr'><strong>esse</strong></span> <span class='ocrx_word' id='word_1_433' title='bbox 1776 4969 1891 5013; x_wconf 84' lang='lat' dir='ltr'><strong>cum</strong></span> <span class='ocrx_word' id='word_1_434' title='bbox 1914 4969 2136 5030; x_wconf 88' lang='lat' dir='ltr'><strong>peccato,</strong></span> 
     </span>
    </p>
   </div>
   <div class='ocr_carea' id='block_1_52' title="bbox 564 5050 2138 5120">
    <p class='ocr_par' dir='ltr' id='par_1_52' title="bbox 564 5050 2138 5120">
     <span class='ocr_line' id='line_1_52' title="bbox 564 5050 2138 5120; baseline 0.002 -19"><span class='ocrx_word' id='word_1_435' title='bbox 564 5058 612 5101; x_wconf 86' lang='lat' dir='ltr'><strong>et</strong></span> <span class='ocrx_word' id='word_1_436' title='bbox 631 5065 732 5102; x_wconf 84' lang='lat' dir='ltr'><strong>non</strong></span> <span class='ocrx_word' id='word_1_437' title='bbox 759 5059 920 5119; x_wconf 84' lang='lat' dir='ltr'><strong>potest</strong></span> <span class='ocrx_word' id='word_1_438' title='bbox 947 5065 1054 5104; x_wconf 89' lang='lat' dir='ltr'><strong>esse</strong></span> <span class='ocrx_word' id='word_1_439' title='bbox 1076 5051 1184 5104; x_wconf 88' lang='lat' dir='ltr'><strong>sine</strong></span> <span class='ocrx_word' id='word_1_440' title='bbox 1211 5061 1433 5120; x_wconf 83' lang='lat' dir='ltr'><strong>peccato.</strong></span> <span class='ocrx_word' id='word_1_441' title='bbox 1467 5050 1858 5120; x_wconf 81' lang='lat' dir='ltr'><strong>Respondetur,</strong></span> <span class='ocrx_word' id='word_1_442' title='bbox 1880 5065 1976 5120; x_wconf 88' lang='lat' dir='ltr'><strong>per</strong></span> <span class='ocrx_word' id='word_1_443' title='bbox 1995 5051 2138 5106; x_wconf 90' lang='lat' dir='ltr'><strong>arbi-</strong></span> 
     </span>
    </p>
   </div>
   <div class='ocr_carea' id='block_1_53' title="bbox 565 5138 2138 5210">
    <p class='ocr_par' dir='ltr' id='par_1_53' title="bbox 565 5138 2138 5210">
     <span class='ocr_line' id='line_1_53' title="bbox 565 5138 2138 5210; baseline 0.003 -18"><span class='ocrx_word' id='word_1_444' title='bbox 565 5139 650 5193; x_wconf 90' lang='lat' dir='ltr'><strong>trii</strong></span> <span class='ocrx_word' id='word_1_445' title='bbox 679 5139 975 5193; x_wconf 86' lang='lat' dir='ltr'><strong>libertatem</strong></span> <span class='ocrx_word' id='word_1_446' title='bbox 1021 5138 1217 5194; x_wconf 88' lang='lat' dir='ltr'><strong>factum</strong></span> <span class='ocrx_word' id='word_1_447' title='bbox 1263 5149 1320 5195; x_wconf 91' lang='lat' dir='ltr'><strong>ut</strong></span> <span class='ocrx_word' id='word_1_448' title='bbox 1347 5151 1489 5196; x_wconf 89' lang='lat' dir='ltr'><strong>esset</strong></span> <span class='ocrx_word' id='word_1_449' title='bbox 1527 5141 1688 5196; x_wconf 90' lang='lat' dir='ltr'><strong>homo</strong></span> <span class='ocrx_word' id='word_1_450' title='bbox 1713 5155 1835 5195; x_wconf 87' lang='lat' dir='ltr'><strong>cum</strong></span> <span class='ocrx_word' id='word_1_451' title='bbox 1882 5151 2138 5210; x_wconf 87' lang='lat' dir='ltr'><strong>peccato;</strong></span> 
     </span>
    </p>
   </div>
   <div class='ocr_carea' id='block_1_54' title="bbox 563 5231 2136 5302">
    <p class='ocr_par' dir='ltr' id='par_1_54' title="bbox 563 5231 2136 5302">
     <span class='ocr_line' id='line_1_54' title="bbox 563 5231 2136 5302; baseline -0.001 -16"><span class='ocrx_word' id='word_1_452' title='bbox 563 5232 654 5286; x_wconf 84' lang='lat' dir='ltr'><strong>scd</strong></span> <span class='ocrx_word' id='word_1_453' title='bbox 675 5232 786 5302; x_wconf 87' lang='lat' dir='ltr'><strong>jam</strong></span> <span class='ocrx_word' id='word_1_454' title='bbox 813 5231 1037 5302; x_wconf 58' lang='lat' dir='ltr'><strong>poenalis</strong></span> <span class='ocrx_word' id='word_1_455' title='bbox 1057 5233 1314 5287; x_wconf 83' lang='lat' dir='ltr'><strong>vitiositas</strong></span> <span class='ocrx_word' id='word_1_456' title='bbox 1333 5233 1635 5299; x_wconf 89' lang='lat' dir='ltr'><strong>subsecuta,</strong></span> <span class='ocrx_word' id='word_1_457' title='bbox 1662 5249 1726 5287; x_wconf 80' lang='lat' dir='ltr'><strong>ex</strong></span> <span class='ocrx_word' id='word_1_458' title='bbox 1754 5233 1994 5288; x_wconf 87' lang='lat' dir='ltr'><strong>libertate</strong></span> <span class='ocrx_word' id='word_1_459' title='bbox 2021 5231 2136 5286; x_wconf 81' lang='lat' dir='ltr'><strong>fecit</strong></span> 
     </span>
    </p>
   </div>
   <div class='ocr_carea' id='block_1_55' title="bbox 566 5323 2139 5391">
    <p class='ocr_par' dir='ltr' id='par_1_55' title="bbox 566 5323 2139 5391">
     <span class='ocr_line' id='line_1_55' title="bbox 566 5323 2139 5391; baseline 0.002 -15"><span class='ocrx_word' id='word_1_460' title='bbox 566 5325 952 5378; x_wconf 86' lang='lat' dir='ltr'><strong>necessitatem.</strong></span> <span class='ocrx_word' id='word_1_461' title='bbox 985 5323 1139 5377; x_wconf 90' lang='lat' dir='ltr'><strong>Unde</strong></span> <span class='ocrx_word' id='word_1_462' title='bbox 1167 5323 1233 5376; x_wconf 92' lang='lat' dir='ltr'><strong>ad</strong></span> <span class='ocrx_word' id='word_1_463' title='bbox 1269 5325 1430 5378; x_wconf 88' lang='lat' dir='ltr'><strong>Deum</strong></span> <span class='ocrx_word' id='word_1_464' title='bbox 1462 5324 1592 5380; x_wconf 87' lang='lat' dir='ltr'><strong>ﬁdes</strong></span> <span class='ocrx_word' id='word_1_465' title='bbox 1620 5325 1834 5391; x_wconf 74' lang='lat' dir='ltr'><strong>clamat,</strong></span> <span class='ocrx_word' id='word_1_466' title='bbox 1865 5323 1942 5380; x_wconf 80' lang='lat' dir='ltr'><strong>Ds</strong></span> <span class='ocrx_word' id='word_1_467' title='bbox 1971 5341 2139 5379; x_wconf 83' lang='lat' dir='ltr'><strong>neces-</strong></span> 
     </span>
    </p>
   </div>
   <div class='ocr_carea' id='block_1_56' title="bbox 564 5403 2140 5484">
    <p class='ocr_par' dir='ltr' id='par_1_56' title="bbox 564 5403 2140 5484">
     <span class='ocr_line' id='line_1_56' title="bbox 564 5403 2140 5484; baseline 0 -16"><span class='ocrx_word' id='word_1_468' title='bbox 564 5413 796 5468; x_wconf 86' lang='lat' dir='ltr'><strong>sitatibus</strong></span> <span class='ocrx_word' id='word_1_469' title='bbox 835 5413 956 5466; x_wconf 89' lang='lat' dir='ltr'><strong>meis</strong></span> <span class='ocrx_word' id='word_1_470' title='bbox 995 5414 1121 5464; x_wconf 86' lang='lat' dir='ltr'><strong>educ</strong></span> <span class='ocrx_word' id='word_1_471' title='bbox 1169 5430 1245 5466; x_wconf 89' lang='lat' dir='ltr'><strong>me</strong></span> <span class='ocrx_word' id='word_1_472' title='bbox 1280 5411 1448 5482; x_wconf 89' lang='lat' dir='ltr'><strong>(Psal.</strong></span> <span class='ocrx_word' id='word_1_473' title='bbox 1483 5403 1638 5480; x_wconf 69' lang='lat' dir='ltr'><strong>XXIV,</strong></span> <span class='ocrx_word' id='word_1_474' title='bbox 1671 5415 1782 5482; x_wconf 77' lang='grc'><strong>17).</strong></span> <span class='ocrx_word' id='word_1_475' title='bbox 1811 5413 1922 5469; x_wconf 89' lang='lat' dir='ltr'><strong>Sub</strong></span> <span class='ocrx_word' id='word_1_476' title='bbox 1949 5415 2140 5484; x_wconf 87' lang='lat' dir='ltr'><strong>quibus</strong></span> 
     </span>
    </p>
   </div>
   <div class='ocr_carea' id='block_1_57' title="bbox 571 5504 2138 5575">
    <p class='ocr_par' dir='ltr' id='par_1_57' title="bbox 571 5504 2138 5575">
     <span class='ocr_line' id='line_1_57' title="bbox 571 5504 2138 5575; baseline -0.001 -15"><span class='ocrx_word' id='word_1_477' title='bbox 571 5505 756 5575; x_wconf 88' lang='lat' dir='ltr'><strong>positi,</strong></span> <span class='ocrx_word' id='word_1_478' title='bbox 789 5505 870 5558; x_wconf 86' lang='lat' dir='ltr'><strong>vel</strong></span> <span class='ocrx_word' id='word_1_479' title='bbox 915 5519 1019 5556; x_wconf 90' lang='lat' dir='ltr'><strong>non</strong></span> <span class='ocrx_word' id='word_1_480' title='bbox 1067 5517 1344 5572; x_wconf 83' lang='lat' dir='ltr'><strong>possumus</strong></span> <span class='ocrx_word' id='word_1_481' title='bbox 1386 5504 1524 5572; x_wconf 82' lang='lat' dir='ltr'><strong>quod</strong></span> <span class='ocrx_word' id='word_1_482' title='bbox 1577 5505 1819 5560; x_wconf 88' lang='lat' dir='ltr'><strong>volumus</strong></span> <span class='ocrx_word' id='word_1_483' title='bbox 1876 5505 2138 5574; x_wconf 79' lang='lat' dir='ltr'><strong>intellige-</strong></span> 
     </span>
    </p>
   </div>
   <div class='ocr_carea' id='block_1_58' title="bbox 629 5632 2142 5747">
    <p class='ocr_par' dir='ltr' id='par_1_58' title="bbox 629 5632 2142 5747">
     <span class='ocr_line' id='line_1_58' title="bbox 629 5632 2142 5747; baseline 0.001 -64"><span class='ocrx_word' id='word_1_484' title='bbox 629 5639 645 5668; x_wconf 78' lang='grc' dir='ltr'><strong>ι</strong></span> <span class='ocrx_word' id='word_1_485' title='bbox 681 5635 816 5708; x_wconf 78' lang='lat' dir='ltr'><strong>Editi,</strong></span> <span class='ocrx_word' id='word_1_486' title='bbox 834 5639 1066 5747; x_wconf 55' lang='lat' dir='ltr'><strong>{anetum</strong></span> <span class='ocrx_word' id='word_1_487' title='bbox 1087 5632 1151 5684; x_wconf 88' lang='lat' dir='ltr'><strong>ad</strong></span> <span class='ocrx_word' id='word_1_488' title='bbox 1185 5633 1290 5695; x_wconf 87' lang='lat' dir='ltr'><strong>ejus</strong></span> <span class='ocrx_word' id='word_1_489' title='bbox 1311 5633 1721 5685; x_wconf 75' lang='lat' dir='ltr'><strong>claudicationem.</strong></span> <span class='ocrx_word' id='word_1_490' title='bbox 1749 5642 1843 5684; x_wconf 66' lang='lat' dir='ltr'><strong>aon</strong></span> <span class='ocrx_word' id='word_1_491' title='bbox 1869 5641 1961 5694; x_wconf 80' lang='lat' dir='ltr'><strong>est,</strong></span> <span class='ocrx_word' id='word_1_492' title='bbox 1984 5633 2065 5696; x_wconf 89' lang='lat' dir='ltr'><strong>ad,</strong></span> <span class='ocrx_word' id='word_1_493' title='bbox 2095 5635 2142 5684; x_wconf 88' lang='lat' dir='ltr'><strong>in</strong></span> 
     </span>
     <span class='ocr_line' id='line_1_59' title="bbox 629 5709 910 5747; baseline 0.014 -4"><span class='ocrx_word' id='word_1_494' title='bbox 629 5711 814 5747; x_wconf 78' lang='lat' dir='ltr'><strong>musci-1x</strong></span> <span class='ocrx_word' id='word_1_495' title='bbox 857 5709 910 5747; x_wconf 72' lang='lat' dir='ltr'><strong>is.</strong></span> 
     </span>
    </p>
   </div>
   <div class='ocr_carea' id='block_1_59' title="bbox 561 5709 910 5759">
    <p class='ocr_par' dir='ltr' id='par_1_59' title="bbox 561 5709 910 5759">
     <span class='ocr_line' id='line_1_60' title="bbox 561 5709 910 5759; baseline 0.006 -13"><span class='ocrx_word' id='word_1_496' title='bbox 561 5711 815 5759; x_wconf 81' lang='lat' dir='ltr'><strong>manuscrq</strong></span> <span class='ocrx_word' id='word_1_497' title='bbox 834 5709 910 5748; x_wconf 67' lang='grc' dir='ltr'><strong>με.</strong></span> 
     </span>
    </p>
   </div>
   <div class='ocr_carea' id='block_1_60' title="bbox 625 5755 2140 5832">
    <p class='ocr_par' dir='ltr' id='par_1_60' title="bbox 625 5755 2140 5832">
     <span class='ocr_line' id='line_1_61' title="bbox 625 5755 2140 5832; baseline 0 -26"><span class='ocrx_word' id='word_1_498' title='bbox 625 5761 644 5829; x_wconf 63' lang='grc' dir='ltr'><strong>τ</strong></span> <span class='ocrx_word' id='word_1_499' title='bbox 683 5771 775 5810; x_wconf 66' lang='lat' dir='ltr'><strong>tm.</strong></span> <span class='ocrx_word' id='word_1_500' title='bbox 803 5755 894 5832; x_wconf 44' lang='lat' dir='ltr'><strong>ista.</strong></span> <span class='ocrx_word' id='word_1_501' title='bbox 938 5769 988 5806; x_wconf 81' lang='lat' dir='ltr'><strong>et</strong></span> <span class='ocrx_word' id='word_1_502' title='bbox 1029 5757 1334 5818; x_wconf 80' lang='lat' dir='ltr'><strong>manuscripli</strong></span> <span class='ocrx_word' id='word_1_503' title='bbox 1369 5757 1572 5806; x_wconf 63' lang='lat' dir='ltr'><strong>Vaticani</strong></span> <span class='ocrx_word' id='word_1_504' title='bbox 1619 5764 1670 5807; x_wconf 86' lang='lat' dir='ltr'><strong>et</strong></span> <span class='ocrx_word' id='word_1_505' title='bbox 1707 5755 1956 5815; x_wconf 70' lang='lat' dir='ltr'><strong>Gallicani,</strong></span> <span class='ocrx_word' id='word_1_506' title='bbox 1989 5769 2140 5820; x_wconf 77' lang='lat' dir='ltr'><strong>neque</strong></span> 
     </span>
    </p>
   </div>
   <div class='ocr_carea' id='block_1_61' title="bbox 563 5829 929 5873">
    <p class='ocr_par' dir='ltr' id='par_1_61' title="bbox 563 5829 929 5873">
     <span class='ocr_line' id='line_1_62' title="bbox 563 5829 929 5873; baseline -0.008 0"><span class='ocrx_word' id='word_1_507' title='bbox 563 5835 687 5873; x_wconf 72' lang='lat' dir='ltr'><strong>enim</strong></span> <span class='ocrx_word' id='word_1_508' title='bbox 709 5837 798 5872; x_wconf 69' lang='lat' dir='ltr'><strong>non</strong></span> <span class='ocrx_word' id='word_1_509' title='bbox 822 5829 929 5872; x_wconf 80' lang='lat' dir='ltr'><strong>erit.</strong></span> 
     </span>
    </p>
   </div>
   <div class='ocr_carea' id='block_1_62' title="bbox 1755 381 2560 462">
    <p class='ocr_par' dir='ltr' id='par_1_62' title="bbox 1755 381 2560 462">
     <span class='ocr_line' id='line_1_63' title="bbox 1755 381 2560 462; baseline -0.011 0"><span class='ocrx_word' id='word_1_510' title='bbox 1755 405 1809 462; x_wconf 88' lang='lat' dir='ltr'><strong>s.</strong></span> <span class='ocrx_word' id='word_1_511' title='bbox 1841 381 2211 461; x_wconf 56' lang='lat' dir='ltr'><strong>’Aucusrtst</strong></span> <span class='ocrx_word' id='word_1_512' title='bbox 2255 394 2560 454; x_wconf 79' lang='lat' dir='ltr'><strong>EPISCOPI</strong></span> 
     </span>
    </p>
   </div>
   <div class='ocr_carea' id='block_1_63' title="bbox 2243 509 3814 580">
    <p class='ocr_par' dir='ltr' id='par_1_63' title="bbox 2243 509 3814 580">
     <span class='ocr_line' id='line_1_64' title="bbox 2243 509 3814 580; baseline -0.003 -16"><span class='ocrx_word' id='word_1_513' title='bbox 2243 528 2320 574; x_wconf 90' lang='lat' dir='ltr'><strong>re,</strong></span> <span class='ocrx_word' id='word_1_514' title='bbox 2367 511 2448 566; x_wconf 86' lang='lat' dir='ltr'><strong>vel</strong></span> <span class='ocrx_word' id='word_1_515' title='bbox 2485 509 2622 580; x_wconf 85' lang='lat' dir='ltr'><strong>quod</strong></span> <span class='ocrx_word' id='word_1_516' title='bbox 2655 509 3128 576; x_wconf 80' lang='lat' dir='ltr'><strong>intellexerimus,</strong></span> <span class='ocrx_word' id='word_1_517' title='bbox 3183 511 3458 570; x_wconf 84' lang='lat' dir='ltr'><strong>volumus.</strong></span> <span class='ocrx_word' id='word_1_518' title='bbox 3517 526 3614 568; x_wconf 89' lang='lat' dir='ltr'><strong>nec</strong></span> <span class='ocrx_word' id='word_1_519' title='bbox 3665 517 3814 572; x_wconf 87' lang='lat' dir='ltr'><strong>vale-</strong></span> 
     </span>
    </p>
   </div>
   <div class='ocr_carea' id='block_1_64' title="bbox 2242 600 3815 670">
    <p class='ocr_par' dir='ltr' id='par_1_64' title="bbox 2242 600 3815 670">
     <span class='ocr_line' id='line_1_65' title="bbox 2242 600 3815 670; baseline 0.004 -16"><span class='ocrx_word' id='word_1_520' title='bbox 2242 617 2358 654; x_wconf 86' lang='lat' dir='ltr'><strong>:nus</strong></span> <span class='ocrx_word' id='word_1_521' title='bbox 2390 602 2627 670; x_wconf 88' lang='lat' dir='ltr'><strong>implere.</strong></span> <span class='ocrx_word' id='word_1_522' title='bbox 2657 600 2792 655; x_wconf 83' lang='lat' dir='ltr'><strong>Nam</strong></span> <span class='ocrx_word' id='word_1_523' title='bbox 2832 610 2885 655; x_wconf 86' lang='lat' dir='ltr'><strong>et</strong></span> <span class='ocrx_word' id='word_1_524' title='bbox 2915 601 3025 670; x_wconf 85' lang='lat' dir='ltr'><strong>ipsa</strong></span> <span class='ocrx_word' id='word_1_525' title='bbox 3067 601 3281 656; x_wconf 86' lang='lat' dir='ltr'><strong>libertas</strong></span> <span class='ocrx_word' id='word_1_526' title='bbox 3322 603 3664 660; x_wconf 82' lang='lat' dir='ltr'><strong>credentibus</strong></span> <span class='ocrx_word' id='word_1_527' title='bbox 3692 621 3720 657; x_wconf 85' lang='lat' dir='ltr'><strong>a</strong></span> <span class='ocrx_word' id='word_1_528' title='bbox 3749 607 3815 660; x_wconf 87' lang='lat' dir='ltr'><strong>li-</strong></span> 
     </span>
    </p>
   </div>
   <div class='ocr_carea' id='block_1_65' title="bbox 2241 691 3812 762">
    <p class='ocr_par' dir='ltr' id='par_1_65' title="bbox 2241 691 3812 762">
     <span class='ocr_line' id='line_1_66' title="bbox 2241 691 3812 762; baseline 0.003 -16"><span class='ocrx_word' id='word_1_529' title='bbox 2241 694 2488 746; x_wconf 86' lang='lat' dir='ltr'><strong>beratore</strong></span> <span class='ocrx_word' id='word_1_530' title='bbox 2516 693 2858 760; x_wconf 87' lang='lat' dir='ltr'><strong>promittitur.</strong></span> <span class='ocrx_word' id='word_1_531' title='bbox 2891 691 2953 746; x_wconf 90' lang='lat' dir='ltr'><strong>Si</strong></span> <span class='ocrx_word' id='word_1_532' title='bbox 2974 707 3077 758; x_wconf 90' lang='lat' dir='ltr'><strong>vos,</strong></span> <span class='ocrx_word' id='word_1_533' title='bbox 3105 693 3292 762; x_wconf 90' lang='lat' dir='ltr'><strong>inquit,</strong></span> <span class='ocrx_word' id='word_1_534' title='bbox 3317 692 3484 748; x_wconf 87' lang='lat' dir='ltr'><strong>Filius</strong></span> <span class='ocrx_word' id='word_1_535' title='bbox 3510 696 3812 762; x_wconf 73' lang='lat' dir='ltr'><strong>liberaverit,</strong></span> 
     </span>
    </p>
   </div>
   <div class='ocr_carea' id='block_1_66' title="bbox 2241 779 3819 851">
    <p class='ocr_par' dir='ltr' id='par_1_66' title="bbox 2241 779 3819 851">
     <span class='ocr_line' id='line_1_67' title="bbox 2241 779 3819 851; baseline 0.004 -18"><span class='ocrx_word' id='word_1_536' title='bbox 2241 793 2358 834; x_wconf 80' lang='lat' dir='ltr'><strong>timc</strong></span> <span class='ocrx_word' id='word_1_537' title='bbox 2387 797 2497 834; x_wconf 88' lang='lat' dir='ltr'><strong>vere</strong></span> <span class='ocrx_word' id='word_1_538' title='bbox 2526 779 2666 834; x_wconf 85' lang='lat' dir='ltr'><strong>iiberi</strong></span> <span class='ocrx_word' id='word_1_539' title='bbox 2690 781 2825 834; x_wconf 87' lang='lat' dir='ltr'><strong>eritis</strong></span> <span class='ocrx_word' id='word_1_540' title='bbox 2851 780 3028 851; x_wconf 85' lang='lat' dir='ltr'><strong>(Joan.</strong></span> <span class='ocrx_word' id='word_1_541' title='bbox 3061 797 3173 850; x_wconf 87' lang='lat' dir='ltr'><strong>vnt,</strong></span> <span class='ocrx_word' id='word_1_542' title='bbox 3202 784 3316 851; x_wconf 80' lang='lat'><strong>56).</strong></span> <span class='ocrx_word' id='word_1_543' title='bbox 3351 783 3496 838; x_wconf 81' lang='lat' dir='ltr'><strong>Victa</strong></span> <span class='ocrx_word' id='word_1_544' title='bbox 3523 787 3663 838; x_wconf 88' lang='lat' dir='ltr'><strong>enim</strong></span> <span class='ocrx_word' id='word_1_545' title='bbox 3689 789 3819 847; x_wconf 78' lang='lat' dir='ltr'><strong>vitio</strong></span> 
     </span>
    </p>
   </div>
   <div class='ocr_carea' id='block_1_67' title="bbox 2241 871 3818 946">
    <p class='ocr_par' dir='ltr' id='par_1_67' title="bbox 2241 871 3818 946">
     <span class='ocr_line' id='line_1_68' title="bbox 2241 871 3818 946; baseline 0.006 -22"><span class='ocrx_word' id='word_1_546' title='bbox 2241 871 2290 924; x_wconf 91' lang='lat' dir='ltr'><strong>in</strong></span> <span class='ocrx_word' id='word_1_547' title='bbox 2313 871 2451 940; x_wconf 92' lang='lat' dir='ltr'><strong>quod</strong></span> <span class='ocrx_word' id='word_1_548' title='bbox 2475 871 2664 926; x_wconf 90' lang='lat' dir='ltr'><strong>cecidit</strong></span> <span class='ocrx_word' id='word_1_549' title='bbox 2685 872 2975 938; x_wconf 88' lang='lat' dir='ltr'><strong>voluntate,</strong></span> <span class='ocrx_word' id='word_1_550' title='bbox 2997 874 3164 927; x_wconf 90' lang='lat' dir='ltr'><strong>caruit</strong></span> <span class='ocrx_word' id='word_1_551' title='bbox 3188 874 3428 946; x_wconf 80' lang='lat' dir='ltr'><strong>libertate</strong></span> <span class='ocrx_word' id='word_1_552' title='bbox 3450 885 3656 930; x_wconf 85' lang='lat' dir='ltr'><strong>natura.</strong></span> <span class='ocrx_word' id='word_1_553' title='bbox 3681 879 3818 933; x_wconf 80' lang='lat' dir='ltr'><strong>tlinc</strong></span> 
     </span>
    </p>
   </div>
   <div class='ocr_carea' id='block_1_68' title="bbox 2239 957 3818 1033">
    <p class='ocr_par' dir='ltr' id='par_1_68' title="bbox 2239 957 3818 1033">
     <span class='ocr_line' id='line_1_69' title="bbox 2239 957 3818 1033; baseline 0.006 -19"><span class='ocrx_word' id='word_1_554' title='bbox 2239 961 2337 1014; x_wconf 89' lang='lat' dir='ltr'><strong>alia</strong></span> <span class='ocrx_word' id='word_1_555' title='bbox 2357 963 2628 1030; x_wconf 86' lang='lat' dir='ltr'><strong>Scriptura</strong></span> <span class='ocrx_word' id='word_1_556' title='bbox 2649 962 2794 1027; x_wconf 89' lang='lat' dir='ltr'><strong>dicit,</strong></span> <span class='ocrx_word' id='word_1_557' title='bbox 2815 965 2858 1016; x_wconf 81' lang='grc' dir='ltr'><strong><em>Α</em></strong></span> <span class='ocrx_word' id='word_1_558' title='bbox 2873 979 2971 1033; x_wconf 86' lang='lat' dir='ltr'><strong>quo</strong></span> <span class='ocrx_word' id='word_1_559' title='bbox 2988 965 3118 1018; x_wconf 87' lang='lat' dir='ltr'><strong>enim</strong></span> <span class='ocrx_word' id='word_1_560' title='bbox 3146 957 3257 1033; x_wconf 86' lang='lat' dir='ltr'><strong>quis</strong></span> <span class='ocrx_word' id='word_1_561' title='bbox 3285 966 3506 1020; x_wconf 85' lang='lat' dir='ltr'><strong>devictus</strong></span> <span class='ocrx_word' id='word_1_562' title='bbox 3521 977 3613 1033; x_wconf 89' lang='lat' dir='ltr'><strong>est,</strong></span> <span class='ocrx_word' id='word_1_563' title='bbox 3639 971 3753 1022; x_wconf 87' lang='lat' dir='ltr'><strong>huic</strong></span> <span class='ocrx_word' id='word_1_564' title='bbox 3769 977 3818 1023; x_wconf 89' lang='lat' dir='ltr'><strong>et</strong></span> 
     </span>
    </p>
   </div>
   <div class='ocr_carea' id='block_1_69' title="bbox 2239 1052 3818 1128">
    <p class='ocr_par' dir='ltr' id='par_1_69' title="bbox 2239 1052 3818 1128">
     <span class='ocr_line' id='line_1_70' title="bbox 2239 1052 3818 1128; baseline 0.006 -24"><span class='ocrx_word' id='word_1_565' title='bbox 2239 1069 2406 1106; x_wconf 86' lang='lat' dir='ltr'><strong>servus</strong></span> <span class='ocrx_word' id='word_1_566' title='bbox 2435 1053 2666 1107; x_wconf 86' lang='lat' dir='ltr'><strong>addictus</strong></span> <span class='ocrx_word' id='word_1_567' title='bbox 2693 1063 2765 1106; x_wconf 91' lang='lat' dir='ltr'><strong>est</strong></span> <span class='ocrx_word' id='word_1_568' title='bbox 2795 1053 2859 1124; x_wconf 91' lang='lat' dir='ltr'><strong>(ll</strong></span> <span class='ocrx_word' id='word_1_569' title='bbox 2883 1052 3026 1108; x_wconf 86' lang='lat' dir='ltr'><strong>Petr.</strong></span> <span class='ocrx_word' id='word_1_570' title='bbox 3056 1070 3113 1116; x_wconf 87' lang='grc' dir='ltr'><strong>ιι,</strong></span> <span class='ocrx_word' id='word_1_571' title='bbox 3145 1054 3254 1126; x_wconf 80' lang='grc'><strong>19).</strong></span> <span class='ocrx_word' id='word_1_572' title='bbox 3283 1055 3430 1128; x_wconf 79' lang='lat' dir='ltr'><strong>Sicut</strong></span> <span class='ocrx_word' id='word_1_573' title='bbox 3455 1073 3580 1127; x_wconf 81' lang='lat' dir='ltr'><strong>ergo</strong></span> <span class='ocrx_word' id='word_1_574' title='bbox 3609 1075 3712 1112; x_wconf 90' lang='lat' dir='ltr'><strong>non</strong></span> <span class='ocrx_word' id='word_1_575' title='bbox 3735 1067 3818 1114; x_wconf 88' lang='lat' dir='ltr'><strong>est</strong></span> 
     </span>
    </p>
   </div>
   <div class='ocr_carea' id='block_1_70' title="bbox 2239 1143 3810 1216">
    <p class='ocr_par' dir='ltr' id='par_1_70' title="bbox 2239 1143 3810 1216">
     <span class='ocr_line' id='line_1_71' title="bbox 2239 1143 3810 1216; baseline 0.006 -22"><span class='ocrx_word' id='word_1_576' title='bbox 2239 1157 2372 1210; x_wconf 80' lang='lat' dir='ltr'><strong>Opus</strong></span> <span class='ocrx_word' id='word_1_577' title='bbox 2403 1143 2549 1196; x_wconf 86' lang='lat' dir='ltr'><strong>sanis</strong></span> <span class='ocrx_word' id='word_1_578' title='bbox 2580 1143 2838 1210; x_wconf 86' lang='lat' dir='ltr'><strong>medicus,</strong></span> <span class='ocrx_word' id='word_1_579' title='bbox 2869 1145 2962 1198; x_wconf 91' lang='lat' dir='ltr'><strong>sed</strong></span> <span class='ocrx_word' id='word_1_580' title='bbox 2993 1145 3131 1198; x_wconf 90' lang='lat' dir='ltr'><strong>male</strong></span> <span class='ocrx_word' id='word_1_581' title='bbox 3162 1145 3476 1201; x_wconf 88' lang='lat' dir='ltr'><strong>habentibus</strong></span> <span class='ocrx_word' id='word_1_582' title='bbox 3500 1147 3708 1216; x_wconf 72' lang='lat' dir='ltr'><strong>(illauh.</strong></span> <span class='ocrx_word' id='word_1_583' title='bbox 3735 1169 3810 1214; x_wconf 80' lang='lat' dir='ltr'><strong>ut,</strong></span> 
     </span>
    </p>
   </div>
   <div class='ocr_carea' id='block_1_71' title="bbox 2241 1234 3817 1304">
    <p class='ocr_par' dir='ltr' id='par_1_71' title="bbox 2241 1234 3817 1304">
     <span class='ocr_line' id='line_1_72' title="bbox 2241 1234 3817 1304; baseline 0.006 -18"><span class='ocrx_word' id='word_1_584' title='bbox 2241 1234 2328 1304; x_wconf 68' lang='lat'><strong>12)</strong></span> <span class='ocrx_word' id='word_1_585' title='bbox 2359 1251 2372 1287; x_wconf 91' lang='lat'>:</span> <span class='ocrx_word' id='word_1_586' title='bbox 2399 1235 2467 1286; x_wconf 90' lang='lat' dir='ltr'><strong>ita</strong></span> <span class='ocrx_word' id='word_1_587' title='bbox 2501 1249 2605 1286; x_wconf 88' lang='lat' dir='ltr'><strong>non</strong></span> <span class='ocrx_word' id='word_1_588' title='bbox 2638 1243 2718 1287; x_wconf 91' lang='lat' dir='ltr'><strong>est</strong></span> <span class='ocrx_word' id='word_1_589' title='bbox 2744 1250 2876 1304; x_wconf 91' lang='lat' dir='ltr'><strong>opus</strong></span> <span class='ocrx_word' id='word_1_590' title='bbox 2901 1235 3080 1290; x_wconf 90' lang='lat' dir='ltr'><strong>liberis</strong></span> <span class='ocrx_word' id='word_1_591' title='bbox 3107 1237 3377 1302; x_wconf 87' lang='lat' dir='ltr'><strong>liberator,</strong></span> <span class='ocrx_word' id='word_1_592' title='bbox 3408 1239 3498 1293; x_wconf 88' lang='lat' dir='ltr'><strong>sed</strong></span> <span class='ocrx_word' id='word_1_593' title='bbox 3526 1244 3730 1296; x_wconf 76' lang='lat' dir='ltr'><strong>servis:</strong></span> <span class='ocrx_word' id='word_1_594' title='bbox 3759 1251 3817 1295; x_wconf 92' lang='lat' dir='ltr'><strong>ut</strong></span> 
     </span>
    </p>
   </div>
   <div class='ocr_carea' id='block_1_72' title="bbox 2239 1323 3818 1397">
    <p class='ocr_par' dir='ltr' id='par_1_72' title="bbox 2239 1323 3818 1397">
     <span class='ocr_line' id='line_1_73' title="bbox 2239 1323 3818 1397; baseline 0.006 -22"><span class='ocrx_word' id='word_1_595' title='bbox 2239 1323 2287 1375; x_wconf 85' lang='lat' dir='ltr'><strong>ei</strong></span> <span class='ocrx_word' id='word_1_596' title='bbox 2321 1324 2461 1376; x_wconf 89' lang='lat' dir='ltr'><strong>dicat</strong></span> <span class='ocrx_word' id='word_1_597' title='bbox 2485 1325 2765 1393; x_wconf 77' lang='lat' dir='ltr'><strong>gratulatio</strong></span> <span class='ocrx_word' id='word_1_598' title='bbox 2794 1325 3073 1392; x_wconf 87' lang='lat' dir='ltr'><strong>libertatis,</strong></span> <span class='ocrx_word' id='word_1_599' title='bbox 3105 1326 3316 1382; x_wconf 82' lang='lat' dir='ltr'><strong>Salvam</strong></span> <span class='ocrx_word' id='word_1_600' title='bbox 3357 1329 3519 1397; x_wconf 81' lang='lat' dir='ltr'><strong>fecisti</strong></span> <span class='ocrx_word' id='word_1_601' title='bbox 3557 1331 3620 1382; x_wconf 87' lang='lat' dir='ltr'><strong>de</strong></span> <span class='ocrx_word' id='word_1_602' title='bbox 3647 1347 3818 1384; x_wconf 74' lang='lat' dir='ltr'><strong>ncces-</strong></span> 
     </span>
    </p>
   </div>
   <div class='ocr_carea' id='block_1_73' title="bbox 2237 1413 3821 1491">
    <p class='ocr_par' dir='ltr' id='par_1_73' title="bbox 2237 1413 3821 1491">
     <span class='ocr_line' id='line_1_74' title="bbox 2237 1413 3821 1491; baseline 0.007 -25"><span class='ocrx_word' id='word_1_603' title='bbox 2237 1413 2466 1468; x_wconf 83' lang='lat' dir='ltr'><strong>sitatibus</strong></span> <span class='ocrx_word' id='word_1_604' title='bbox 2496 1417 2718 1468; x_wconf 85' lang='lat' dir='ltr'><strong>animam</strong></span> <span class='ocrx_word' id='word_1_605' title='bbox 2749 1433 2909 1471; x_wconf 90' lang='lat' dir='ltr'><strong>meam</strong></span> <span class='ocrx_word' id='word_1_606' title='bbox 2938 1415 3109 1488; x_wconf 84' lang='lat' dir='ltr'><strong>(Psal.</strong></span> <span class='ocrx_word' id='word_1_607' title='bbox 3145 1433 3284 1484; x_wconf 75' lang='lat' dir='ltr'><strong>xxx,</strong></span> <span class='ocrx_word' id='word_1_608' title='bbox 3316 1419 3393 1491; x_wconf 89' lang='lat'><strong>8).</strong></span> <span class='ocrx_word' id='word_1_609' title='bbox 3425 1421 3538 1488; x_wconf 84' lang='lat' dir='ltr'><strong>Ipsa</strong></span> <span class='ocrx_word' id='word_1_610' title='bbox 3566 1425 3705 1476; x_wconf 87' lang='lat' dir='ltr'><strong>enim</strong></span> <span class='ocrx_word' id='word_1_611' title='bbox 3734 1439 3821 1477; x_wconf 84' lang='lat' dir='ltr'><strong>sa—</strong></span> 
     </span>
    </p>
   </div>
   <div class='ocr_carea' id='block_1_74' title="bbox 2238 1504 3822 1578">
    <p class='ocr_par' dir='ltr' id='par_1_74' title="bbox 2238 1504 3822 1578">
     <span class='ocr_line' id='line_1_75' title="bbox 2238 1504 3822 1578; baseline 0.006 -22"><span class='ocrx_word' id='word_1_612' title='bbox 2238 1504 2375 1557; x_wconf 88' lang='lat' dir='ltr'><strong>nitas</strong></span> <span class='ocrx_word' id='word_1_613' title='bbox 2405 1515 2484 1558; x_wconf 89' lang='lat' dir='ltr'><strong>est</strong></span> <span class='ocrx_word' id='word_1_614' title='bbox 2529 1519 2652 1559; x_wconf 87' lang='lat' dir='ltr'><strong>vera</strong></span> <span class='ocrx_word' id='word_1_615' title='bbox 2698 1506 2951 1570; x_wconf 86' lang='lat' dir='ltr'><strong>libertas,</strong></span> <span class='ocrx_word' id='word_1_616' title='bbox 2982 1522 3098 1576; x_wconf 73' lang='lat' dir='ltr'><strong>quin</strong></span> <span class='ocrx_word' id='word_1_617' title='bbox 3147 1523 3251 1561; x_wconf 91' lang='lat' dir='ltr'><strong>non</strong></span> <span class='ocrx_word' id='word_1_618' title='bbox 3302 1511 3563 1578; x_wconf 88' lang='lat' dir='ltr'><strong>perisset.</strong></span> <span class='ocrx_word' id='word_1_619' title='bbox 3593 1512 3636 1564; x_wconf 91' lang='lat' dir='ltr'><strong>si</strong></span> <span class='ocrx_word' id='word_1_620' title='bbox 3683 1511 3822 1566; x_wconf 85' lang='lat' dir='ltr'><strong>bona</strong></span> 
     </span>
    </p>
   </div>
   <div class='ocr_carea' id='block_1_75' title="bbox 2240 1597 3818 1671">
    <p class='ocr_par' dir='ltr' id='par_1_75' title="bbox 2240 1597 3818 1671">
     <span class='ocr_line' id='line_1_76' title="bbox 2240 1597 3818 1671; baseline 0.006 -24"><span class='ocrx_word' id='word_1_621' title='bbox 2240 1597 2622 1664; x_wconf 88' lang='lat' dir='ltr'><strong>permansisset</strong></span> <span class='ocrx_word' id='word_1_622' title='bbox 2649 1598 2914 1651; x_wconf 75' lang='lat' dir='ltr'><strong>voluntas.</strong></span> <span class='ocrx_word' id='word_1_623' title='bbox 2958 1599 3087 1664; x_wconf 84' lang='lat' dir='ltr'><strong>Quia</strong></span> <span class='ocrx_word' id='word_1_624' title='bbox 3117 1611 3246 1655; x_wconf 79' lang='lat' dir='ltr'><strong>vero</strong></span> <span class='ocrx_word' id='word_1_625' title='bbox 3275 1604 3509 1670; x_wconf 86' lang='lat' dir='ltr'><strong>peccavit</strong></span> <span class='ocrx_word' id='word_1_626' title='bbox 3535 1603 3779 1657; x_wconf 85' lang='lat' dir='ltr'><strong>voluntas</strong></span> <span class='ocrx_word' id='word_1_627' title='bbox 3801 1639 3818 1671; x_wconf 92' lang='lat'><strong>,</strong></span> 
     </span>
    </p>
   </div>
   <div class='ocr_carea' id='block_1_76' title="bbox 2237 1687 3824 1758">
    <p class='ocr_par' dir='ltr' id='par_1_76' title="bbox 2237 1687 3824 1758">
     <span class='ocr_line' id='line_1_77' title="bbox 2237 1687 3824 1758; baseline 0.007 -22"><span class='ocrx_word' id='word_1_628' title='bbox 2237 1695 2414 1738; x_wconf 89' lang='lat' dir='ltr'><strong>secuta</strong></span> <span class='ocrx_word' id='word_1_629' title='bbox 2447 1695 2529 1738; x_wconf 86' lang='lat' dir='ltr'><strong>est</strong></span> <span class='ocrx_word' id='word_1_630' title='bbox 2570 1695 2878 1755; x_wconf 87' lang='lat' dir='ltr'><strong>peccantem</strong></span> <span class='ocrx_word' id='word_1_631' title='bbox 2920 1697 3192 1758; x_wconf 87' lang='lat' dir='ltr'><strong>peccatum</strong></span> <span class='ocrx_word' id='word_1_632' title='bbox 3221 1687 3445 1746; x_wconf 87' lang='lat' dir='ltr'><strong>habendi</strong></span> <span class='ocrx_word' id='word_1_633' title='bbox 3472 1693 3602 1746; x_wconf 89' lang='lat' dir='ltr'><strong>dura</strong></span> <span class='ocrx_word' id='word_1_634' title='bbox 3635 1709 3824 1748; x_wconf 88' lang='lat' dir='ltr'><strong>ncces-</strong></span> 
     </span>
    </p>
   </div>
   <div class='ocr_carea' id='block_1_77' title="bbox 2237 1773 3824 1853">
    <p class='ocr_par' dir='ltr' id='par_1_77' title="bbox 2237 1773 3824 1853">
     <span class='ocr_line' id='line_1_78' title="bbox 2237 1773 3824 1853; baseline 0.008 -27"><span class='ocrx_word' id='word_1_635' title='bbox 2237 1773 2366 1828; x_wconf 87' lang='lat' dir='ltr'><strong>sitas</strong></span> <span class='ocrx_word' id='word_1_636' title='bbox 2391 1816 2404 1840; x_wconf 93' lang='lat'><strong>,</strong></span> <span class='ocrx_word' id='word_1_637' title='bbox 2444 1775 2616 1849; x_wconf 80' lang='lat' dir='ltr'><strong>donec</strong></span> <span class='ocrx_word' id='word_1_638' title='bbox 2659 1785 2768 1831; x_wconf 88' lang='lat' dir='ltr'><strong>tota</strong></span> <span class='ocrx_word' id='word_1_639' title='bbox 2811 1787 3029 1832; x_wconf 87' lang='lat' dir='ltr'><strong>sanetur</strong></span> <span class='ocrx_word' id='word_1_640' title='bbox 3067 1779 3388 1848; x_wconf 89' lang='lat' dir='ltr'><strong>inﬁrmitas,</strong></span> <span class='ocrx_word' id='word_1_641' title='bbox 3433 1793 3488 1837; x_wconf 88' lang='lat' dir='ltr'><strong>et</strong></span> <span class='ocrx_word' id='word_1_642' title='bbox 3531 1785 3824 1853; x_wconf 82' lang='lat' dir='ltr'><strong>accipiatur</strong></span> 
     </span>
    </p>
   </div>
   <div class='ocr_carea' id='block_1_78' title="bbox 2239 1867 3825 1942">
    <p class='ocr_par' dir='ltr' id='par_1_78' title="bbox 2239 1867 3825 1942">
     <span class='ocr_line' id='line_1_79' title="bbox 2239 1867 3825 1942; baseline 0.007 -24"><span class='ocrx_word' id='word_1_643' title='bbox 2239 1873 2382 1919; x_wconf 88' lang='lat' dir='ltr'><strong>tanta</strong></span> <span class='ocrx_word' id='word_1_644' title='bbox 2413 1867 2428 1898; x_wconf 78' lang='grc' dir='ltr'><strong>ι</strong></span> <span class='ocrx_word' id='word_1_645' title='bbox 2459 1867 2704 1934; x_wconf 84' lang='lat' dir='ltr'><strong>libertas,</strong></span> <span class='ocrx_word' id='word_1_646' title='bbox 2735 1868 2786 1921; x_wconf 89' lang='lat' dir='ltr'><strong>in</strong></span> <span class='ocrx_word' id='word_1_647' title='bbox 2826 1883 2927 1940; x_wconf 87' lang='lat' dir='ltr'><strong>qua</strong></span> <span class='ocrx_word' id='word_1_648' title='bbox 2963 1869 3104 1924; x_wconf 87' lang='lat' dir='ltr'><strong>sicut</strong></span> <span class='ocrx_word' id='word_1_649' title='bbox 3142 1886 3360 1926; x_wconf 89' lang='lat' dir='ltr'><strong>necesse</strong></span> <span class='ocrx_word' id='word_1_650' title='bbox 3387 1881 3471 1928; x_wconf 90' lang='lat' dir='ltr'><strong>est</strong></span> <span class='ocrx_word' id='word_1_651' title='bbox 3513 1885 3825 1942; x_wconf 70' lang='lat' dir='ltr'><strong>permaneat</strong></span> 
     </span>
    </p>
   </div>
   <div class='ocr_carea' id='block_1_79' title="bbox 2237 1956 3823 2026">
    <p class='ocr_par' dir='ltr' id='par_1_79' title="bbox 2237 1956 3823 2026">
     <span class='ocr_line' id='line_1_80' title="bbox 2237 1956 3823 2026; baseline 0.006 -16"><span class='ocrx_word' id='word_1_652' title='bbox 2237 1956 2391 2011; x_wconf 84' lang='lat' dir='ltr'><strong>beate</strong></span> <span class='ocrx_word' id='word_1_653' title='bbox 2422 1959 2629 2012; x_wconf 85' lang='lat' dir='ltr'><strong>vivendi</strong></span> <span class='ocrx_word' id='word_1_654' title='bbox 2657 1960 2904 2014; x_wconf 88' lang='lat' dir='ltr'><strong>voluntas</strong></span> <span class='ocrx_word' id='word_1_655' title='bbox 2923 2003 2938 2026; x_wconf 89' lang='lat'><strong>,</strong></span> <span class='ocrx_word' id='word_1_656' title='bbox 2969 1961 3039 2015; x_wconf 91' lang='lat' dir='ltr'><strong>ita</strong></span> <span class='ocrx_word' id='word_1_657' title='bbox 3071 1971 3125 2015; x_wconf 90' lang='lat' dir='ltr'><strong>ut</strong></span> <span class='ocrx_word' id='word_1_658' title='bbox 3154 1963 3223 2015; x_wconf 88' lang='lat' dir='ltr'><strong>sit</strong></span> <span class='ocrx_word' id='word_1_659' title='bbox 3251 1965 3410 2016; x_wconf 88' lang='lat' dir='ltr'><strong>etiam</strong></span> <span class='ocrx_word' id='word_1_660' title='bbox 3451 1965 3586 2019; x_wconf 88' lang='lat' dir='ltr'><strong>bene</strong></span> <span class='ocrx_word' id='word_1_661' title='bbox 3609 1967 3823 2020; x_wconf 86' lang='lat' dir='ltr'><strong>vivendi</strong></span> 
     </span>
    </p>
   </div>
   <div class='ocr_carea' id='block_1_80' title="bbox 2236 2041 3820 2123">
    <p class='ocr_par' dir='ltr' id='par_1_80' title="bbox 2236 2041 3820 2123">
     <span class='ocr_line' id='line_1_81' title="bbox 2236 2041 3820 2123; baseline 0.003 -21"><span class='ocrx_word' id='word_1_662' title='bbox 2236 2055 2290 2102; x_wconf 91' lang='lat' dir='ltr'><strong>et</strong></span> <span class='ocrx_word' id='word_1_663' title='bbox 2319 2061 2588 2118; x_wconf 89' lang='lat' dir='ltr'><strong>nunquam</strong></span> <span class='ocrx_word' id='word_1_664' title='bbox 2615 2049 2872 2119; x_wconf 88' lang='lat' dir='ltr'><strong>peccandi</strong></span> <span class='ocrx_word' id='word_1_665' title='bbox 2915 2051 3209 2106; x_wconf 89' lang='lat' dir='ltr'><strong>voluntaria</strong></span> <span class='ocrx_word' id='word_1_666' title='bbox 3242 2051 3474 2123; x_wconf 80' lang='lat' dir='ltr'><strong>felixque</strong></span> <span class='ocrx_word' id='word_1_667' title='bbox 3507 2041 3820 2109; x_wconf 83' lang='lat' dir='ltr'><strong>necessitas.</strong></span> 
     </span>
    </p>
   </div>
   <div class='ocr_carea' id='block_1_81' title="bbox 2307 2135 3822 2213">
    <p class='ocr_par' dir='ltr' id='par_1_81' title="bbox 2307 2135 3822 2213">
     <span class='ocr_line' id='line_1_82' title="bbox 2307 2135 3822 2213; baseline 0.005 -21"><span class='ocrx_word' id='word_1_668' title='bbox 2307 2137 2645 2193; x_wconf 83' lang='lat' dir='ltr'><strong>Ratiocinatio</strong></span> <span class='ocrx_word' id='word_1_669' title='bbox 2667 2139 2753 2194; x_wconf 75' lang='grc'><strong>10.</strong></span> <span class='ocrx_word' id='word_1_670' title='bbox 2783 2157 2802 2192; x_wconf 78' lang='lat' dir='ltr'><strong>t</strong></span> <span class='ocrx_word' id='word_1_671' title='bbox 2835 2135 3081 2206; x_wconf 78' lang='lat' dir='ltr'><strong>Proinde,</strong></span> <span class='ocrx_word' id='word_1_672' title='bbox 3113 2160 3132 2195; x_wconf 76' lang='grc' dir='ltr'><strong>ι</strong></span> <span class='ocrx_word' id='word_1_673' title='bbox 3165 2143 3354 2213; x_wconf 87' lang='lat' dir='ltr'><strong>inquit,</strong></span> <span class='ocrx_word' id='word_1_674' title='bbox 3389 2161 3409 2194; x_wconf 75' lang='grc' dir='ltr'><strong>ι</strong></span> <span class='ocrx_word' id='word_1_675' title='bbox 3443 2141 3580 2199; x_wconf 90' lang='lat' dir='ltr'><strong>Deus</strong></span> <span class='ocrx_word' id='word_1_676' title='bbox 3625 2146 3822 2199; x_wconf 83' lang='lat' dir='ltr'><strong>bOuum</strong></span> 
     </span>
    </p>
   </div>
   <div class='ocr_carea' id='block_1_82' title="bbox 2236 2229 3822 2304">
    <p class='ocr_par' dir='ltr' id='par_1_82' title="bbox 2236 2229 3822 2304">
     <span class='ocr_line' id='line_1_83' title="bbox 2236 2229 3822 2304; baseline 0.003 -20"><span class='ocrx_word' id='word_1_677' title='bbox 2236 2230 2505 2284; x_wconf 87' lang='lat' dir='ltr'><strong>hominem</strong></span> <span class='ocrx_word' id='word_1_678' title='bbox 2538 2229 2662 2285; x_wconf 88' lang='lat' dir='ltr'><strong>fecit</strong></span> <span class='ocrx_word' id='word_1_679' title='bbox 2689 2272 2704 2298; x_wconf 93' lang='lat'><strong>,</strong></span> <span class='ocrx_word' id='word_1_680' title='bbox 2733 2240 2785 2285; x_wconf 87' lang='lat' dir='ltr'><strong>et</strong></span> <span class='ocrx_word' id='word_1_681' title='bbox 2812 2241 3162 2304; x_wconf 67' lang='lat' dir='ltr'><strong>praeterquam</strong></span> <span class='ocrx_word' id='word_1_682' title='bbox 3183 2236 3206 2266; x_wconf 78' lang='grc'><em>³</em></span> <span class='ocrx_word' id='word_1_683' title='bbox 3237 2235 3380 2288; x_wconf 91' lang='lat' dir='ltr'><strong>illum</strong></span> <span class='ocrx_word' id='word_1_684' title='bbox 3424 2235 3617 2289; x_wconf 90' lang='lat' dir='ltr'><strong>bonum</strong></span> <span class='ocrx_word' id='word_1_685' title='bbox 3658 2235 3781 2290; x_wconf 84' lang='lat' dir='ltr'><strong>fecit</strong></span> <span class='ocrx_word' id='word_1_686' title='bbox 3803 2269 3822 2304; x_wconf 55' lang='grc' dir='ltr'><strong>ς</strong></span> 
     </span>
    </p>
   </div>
   <div class='ocr_carea' id='block_1_83' title="bbox 2235 2314 3821 2394">
    <p class='ocr_par' dir='ltr' id='par_1_83' title="bbox 2235 2314 3821 2394">
     <span class='ocr_line' id='line_1_84' title="bbox 2235 2314 3821 2394; baseline 0.003 -18"><span class='ocrx_word' id='word_1_687' title='bbox 2235 2319 2430 2376; x_wconf 87' lang='lat' dir='ltr'><strong>bonum</strong></span> <span class='ocrx_word' id='word_1_688' title='bbox 2453 2320 2498 2374; x_wconf 90' lang='lat' dir='ltr'><strong>ei</strong></span> <span class='ocrx_word' id='word_1_689' title='bbox 2527 2321 2744 2390; x_wconf 88' lang='lat' dir='ltr'><strong>insuper</strong></span> <span class='ocrx_word' id='word_1_690' title='bbox 2763 2331 2820 2375; x_wconf 88' lang='lat' dir='ltr'><strong>ut</strong></span> <span class='ocrx_word' id='word_1_691' title='bbox 2842 2314 3037 2378; x_wconf 76' lang='lat' dir='ltr'><strong>faceret</strong></span> <span class='ocrx_word' id='word_1_692' title='bbox 3065 2324 3358 2393; x_wconf 87' lang='lat' dir='ltr'><strong>imperavit.</strong></span> <span class='ocrx_word' id='word_1_693' title='bbox 3381 2327 3551 2392; x_wconf 85' lang='lat' dir='ltr'><strong>Quam</strong></span> <span class='ocrx_word' id='word_1_694' title='bbox 3578 2327 3821 2394; x_wconf 81' lang='lat' dir='ltr'><strong>impium,</strong></span> 
     </span>
    </p>
   </div>
   <div class='ocr_carea' id='block_1_84' title="bbox 2235 2411 3824 2490">
    <p class='ocr_par' dir='ltr' id='par_1_84' title="bbox 2235 2411 3824 2490">
     <span class='ocr_line' id='line_1_85' title="bbox 2235 2411 3824 2490; baseline 0.005 -25"><span class='ocrx_word' id='word_1_695' title='bbox 2235 2419 2294 2466; x_wconf 89' lang='lat' dir='ltr'><strong>ut</strong></span> <span class='ocrx_word' id='word_1_696' title='bbox 2317 2411 2664 2464; x_wconf 88' lang='lat' dir='ltr'><strong>conﬁteamur</strong></span> <span class='ocrx_word' id='word_1_697' title='bbox 2689 2411 2961 2468; x_wconf 85' lang='lat' dir='ltr'><strong>hominem</strong></span> <span class='ocrx_word' id='word_1_698' title='bbox 2991 2414 3190 2490; x_wconf 84' lang='lat' dir='ltr'><strong>malum</strong></span> <span class='ocrx_word' id='word_1_699' title='bbox 3215 2427 3353 2479; x_wconf 84' lang='lat' dir='ltr'><strong>esse,</strong></span> <span class='ocrx_word' id='word_1_700' title='bbox 3377 2415 3516 2486; x_wconf 90' lang='lat' dir='ltr'><strong>quod</strong></span> <span class='ocrx_word' id='word_1_701' title='bbox 3537 2433 3634 2471; x_wconf 88' lang='lat' dir='ltr'><strong>nec</strong></span> <span class='ocrx_word' id='word_1_702' title='bbox 3656 2417 3824 2474; x_wconf 84' lang='lat' dir='ltr'><strong>factus</strong></span> 
     </span>
    </p>
   </div>
   <div class='ocr_carea' id='block_1_85' title="bbox 2236 2504 3824 2577">
    <p class='ocr_par' dir='ltr' id='par_1_85' title="bbox 2236 2504 3824 2577">
     <span class='ocr_line' id='line_1_86' title="bbox 2236 2504 3824 2577; baseline 0.004 -20"><span class='ocrx_word' id='word_1_703' title='bbox 2236 2511 2339 2566; x_wconf 87' lang='lat' dir='ltr'><strong>est,</strong></span> <span class='ocrx_word' id='word_1_704' title='bbox 2371 2517 2475 2557; x_wconf 90' lang='lat' dir='ltr'><strong>nec</strong></span> <span class='ocrx_word' id='word_1_705' title='bbox 2505 2504 2551 2556; x_wconf 89' lang='lat' dir='ltr'><strong>ei</strong></span> <span class='ocrx_word' id='word_1_706' title='bbox 2580 2515 2901 2574; x_wconf 81' lang='lat' dir='ltr'><strong>praeceptum</strong></span> <span class='ocrx_word' id='word_1_707' title='bbox 2923 2517 3036 2572; x_wconf 90' lang='lat' dir='ltr'><strong>est;</strong></span> <span class='ocrx_word' id='word_1_708' title='bbox 3064 2515 3119 2562; x_wconf 92' lang='lat' dir='ltr'><strong>et</strong></span> <span class='ocrx_word' id='word_1_709' title='bbox 3147 2522 3399 2577; x_wconf 76' lang='lat' dir='ltr'><strong>negemus</strong></span> <span class='ocrx_word' id='word_1_710' title='bbox 3428 2509 3450 2540; x_wconf 91' lang='grc'>³</span> <span class='ocrx_word' id='word_1_711' title='bbox 3477 2523 3598 2563; x_wconf 88' lang='lat' dir='ltr'><strong>eum</strong></span> <span class='ocrx_word' id='word_1_712' title='bbox 3627 2509 3824 2563; x_wconf 79' lang='lat' dir='ltr'><strong>Iunium</strong></span> 
     </span>
    </p>
   </div>
   <div class='ocr_carea' id='block_1_86' title="bbox 2234 2594 3826 2666">
    <p class='ocr_par' dir='ltr' id='par_1_86' title="bbox 2234 2594 3826 2666">
     <span class='ocr_line' id='line_1_87' title="bbox 2234 2594 3826 2666; baseline 0.003 -20"><span class='ocrx_word' id='word_1_713' title='bbox 2234 2605 2395 2664; x_wconf 86' lang='lat' dir='ltr'><strong>posse</strong></span> <span class='ocrx_word' id='word_1_714' title='bbox 2431 2607 2568 2658; x_wconf 90' lang='lat' dir='ltr'><strong>esse,</strong></span> <span class='ocrx_word' id='word_1_715' title='bbox 2599 2594 2740 2662; x_wconf 89' lang='lat' dir='ltr'><strong>quod</strong></span> <span class='ocrx_word' id='word_1_716' title='bbox 2769 2594 2935 2650; x_wconf 88' lang='lat' dir='ltr'><strong>factus</strong></span> <span class='ocrx_word' id='word_1_717' title='bbox 2962 2605 3064 2663; x_wconf 88' lang='lat' dir='ltr'><strong>est,</strong></span> <span class='ocrx_word' id='word_1_718' title='bbox 3092 2606 3145 2651; x_wconf 88' lang='lat' dir='ltr'><strong>et</strong></span> <span class='ocrx_word' id='word_1_719' title='bbox 3172 2597 3313 2666; x_wconf 90' lang='lat' dir='ltr'><strong>quod</strong></span> <span class='ocrx_word' id='word_1_720' title='bbox 3337 2599 3384 2652; x_wconf 79' lang='lat' dir='ltr'><strong>ei</strong></span> <span class='ocrx_word' id='word_1_721' title='bbox 3419 2607 3474 2652; x_wconf 90' lang='lat' dir='ltr'><strong>ut</strong></span> <span class='ocrx_word' id='word_1_722' title='bbox 3500 2597 3696 2653; x_wconf 87' lang='lat' dir='ltr'><strong>faceret</strong></span> <span class='ocrx_word' id='word_1_723' title='bbox 3728 2599 3826 2652; x_wconf 75' lang='lat' dir='ltr'><strong>im-</strong></span> 
     </span>
    </p>
   </div>
   <div class='ocr_carea' id='block_1_87' title="bbox 2236 2684 3826 2762">
    <p class='ocr_par' dir='ltr' id='par_1_87' title="bbox 2236 2684 3826 2762">
     <span class='ocr_line' id='line_1_88' title="bbox 2236 2684 3826 2762; baseline 0.006 -26"><span class='ocrx_word' id='word_1_724' title='bbox 2236 2691 2477 2752; x_wconf 89' lang='lat' dir='ltr'><strong>peratum</strong></span> <span class='ocrx_word' id='word_1_725' title='bbox 2507 2693 2589 2738; x_wconf 92' lang='lat' dir='ltr'><strong>est</strong></span> <span class='ocrx_word' id='word_1_726' title='bbox 2607 2685 2632 2738; x_wconf 84' lang='lat' dir='ltr'><strong>l-</strong></span> <span class='ocrx_word' id='word_1_727' title='bbox 2653 2702 2672 2735; x_wconf 85' lang='grc'>›</span> <span class='ocrx_word' id='word_1_728' title='bbox 2699 2684 3104 2754; x_wconf 81' lang='lat' dir='ltr'><strong>Respondemus</strong></span> <span class='ocrx_word' id='word_1_729' title='bbox 3135 2705 3150 2744; x_wconf 92' lang='lat'><strong>:</strong></span> <span class='ocrx_word' id='word_1_730' title='bbox 3181 2689 3312 2755; x_wconf 84' lang='lat' dir='ltr'><strong>Quia</strong></span> <span class='ocrx_word' id='word_1_731' title='bbox 3343 2705 3470 2759; x_wconf 81' lang='lat' dir='ltr'><strong>ergo</strong></span> <span class='ocrx_word' id='word_1_732' title='bbox 3501 2705 3604 2744; x_wconf 82' lang='lat' dir='ltr'><strong>non</strong></span> <span class='ocrx_word' id='word_1_733' title='bbox 3627 2707 3684 2745; x_wconf 87' lang='lat' dir='ltr'><strong>se</strong></span> <span class='ocrx_word' id='word_1_734' title='bbox 3712 2692 3826 2762; x_wconf 82' lang='lat' dir='ltr'><strong>ipse</strong></span> 
     </span>
    </p>
   </div>
   <div class='ocr_carea' id='block_1_88' title="bbox 2241 2775 3823 2850">
    <p class='ocr_par' dir='ltr' id='par_1_88' title="bbox 2241 2775 3823 2850">
     <span class='ocr_line' id='line_1_89' title="bbox 2241 2775 3823 2850; baseline 0.004 -21"><span class='ocrx_word' id='word_1_735' title='bbox 2241 2775 2432 2843; x_wconf 89' lang='lat' dir='ltr'><strong>homo,</strong></span> <span class='ocrx_word' id='word_1_736' title='bbox 2465 2775 2556 2831; x_wconf 88' lang='lat' dir='ltr'><strong>sed</strong></span> <span class='ocrx_word' id='word_1_737' title='bbox 2589 2777 2728 2831; x_wconf 87' lang='lat' dir='ltr'><strong>Deus</strong></span> <span class='ocrx_word' id='word_1_738' title='bbox 2761 2779 2956 2832; x_wconf 92' lang='lat' dir='ltr'><strong>bonum</strong></span> <span class='ocrx_word' id='word_1_739' title='bbox 3001 2779 3270 2835; x_wconf 88' lang='lat' dir='ltr'><strong>hominem</strong></span> <span class='ocrx_word' id='word_1_740' title='bbox 3299 2779 3461 2846; x_wconf 90' lang='lat' dir='ltr'><strong>fecit;</strong></span> <span class='ocrx_word' id='word_1_741' title='bbox 3496 2782 3632 2837; x_wconf 87' lang='lat' dir='ltr'><strong>Deus</strong></span> <span class='ocrx_word' id='word_1_742' title='bbox 3668 2799 3823 2850; x_wconf 86' lang='lat' dir='ltr'><strong>eum,</strong></span> 
     </span>
    </p>
   </div>
   <div class='ocr_carea' id='block_1_89' title="bbox 2237 2867 3826 2938">
    <p class='ocr_par' dir='ltr' id='par_1_89' title="bbox 2237 2867 3826 2938">
     <span class='ocr_line' id='line_1_90' title="bbox 2237 2867 3826 2938; baseline 0.005 -18"><span class='ocrx_word' id='word_1_743' title='bbox 2237 2882 2344 2922; x_wconf 91' lang='lat' dir='ltr'><strong>non</strong></span> <span class='ocrx_word' id='word_1_744' title='bbox 2374 2882 2432 2921; x_wconf 88' lang='lat' dir='ltr'><strong>se</strong></span> <span class='ocrx_word' id='word_1_745' title='bbox 2461 2867 2592 2938; x_wconf 78' lang='lat' dir='ltr'><strong>ipse,</strong></span> <span class='ocrx_word' id='word_1_746' title='bbox 2623 2878 2676 2920; x_wconf 92' lang='lat' dir='ltr'><strong>ut</strong></span> <span class='ocrx_word' id='word_1_747' title='bbox 2702 2869 2770 2922; x_wconf 84' lang='lat' dir='ltr'><strong>sit</strong></span> <span class='ocrx_word' id='word_1_748' title='bbox 2801 2869 2970 2923; x_wconf 88' lang='lat' dir='ltr'><strong>bonus</strong></span> <span class='ocrx_word' id='word_1_749' title='bbox 2997 2871 3187 2936; x_wconf 84' lang='lat' dir='ltr'><strong>reiicit,</strong></span> <span class='ocrx_word' id='word_1_750' title='bbox 3217 2871 3343 2927; x_wconf 87' lang='lat' dir='ltr'><strong>dum</strong></span> <span class='ocrx_word' id='word_1_751' title='bbox 3369 2873 3636 2927; x_wconf 88' lang='lat' dir='ltr'><strong>volentem</strong></span> <span class='ocrx_word' id='word_1_752' title='bbox 3658 2916 3674 2938; x_wconf 93' lang='lat'><strong>,</strong></span> <span class='ocrx_word' id='word_1_753' title='bbox 3708 2889 3826 2928; x_wconf 79' lang='lat' dir='ltr'><strong>cre-</strong></span> 
     </span>
    </p>
   </div>
   <div class='ocr_carea' id='block_1_90' title="bbox 2237 2949 3828 3025">
    <p class='ocr_par' dir='ltr' id='par_1_90' title="bbox 2237 2949 3828 3025">
     <span class='ocr_line' id='line_1_91' title="bbox 2237 2949 3828 3025; baseline 0.005 -20"><span class='ocrx_word' id='word_1_754' title='bbox 2237 2949 2486 3014; x_wconf 85' lang='lat' dir='ltr'><strong>dentem,</strong></span> <span class='ocrx_word' id='word_1_755' title='bbox 2526 2950 2858 3006; x_wconf 88' lang='lat' dir='ltr'><strong>invocantem</strong></span> <span class='ocrx_word' id='word_1_756' title='bbox 2904 2953 3148 3008; x_wconf 89' lang='lat' dir='ltr'><strong>liberata</strong></span> <span class='ocrx_word' id='word_1_757' title='bbox 3177 2955 3354 3022; x_wconf 88' lang='lat' dir='ltr'><strong>malo,</strong></span> <span class='ocrx_word' id='word_1_758' title='bbox 3386 2957 3526 3025; x_wconf 89' lang='lat' dir='ltr'><strong>quod</strong></span> <span class='ocrx_word' id='word_1_759' title='bbox 3571 2957 3669 3011; x_wconf 88' lang='lat' dir='ltr'><strong>sibi</strong></span> <span class='ocrx_word' id='word_1_760' title='bbox 3711 2958 3828 3024; x_wconf 85' lang='lat' dir='ltr'><strong>ipse</strong></span> 
     </span>
    </p>
   </div>
   <div class='ocr_carea' id='block_1_91' title="bbox 2239 3039 3826 3118">
    <p class='ocr_par' dir='ltr' id='par_1_91' title="bbox 2239 3039 3826 3118">
     <span class='ocr_line' id='line_1_92' title="bbox 2239 3039 3826 3118; baseline 0.006 -24"><span class='ocrx_word' id='word_1_761' title='bbox 2239 3039 2380 3095; x_wconf 86' lang='lat' dir='ltr'><strong>fecit.</strong></span> <span class='ocrx_word' id='word_1_762' title='bbox 2411 3041 2527 3097; x_wconf 83' lang='lat' dir='ltr'><strong>Hoc</strong></span> <span class='ocrx_word' id='word_1_763' title='bbox 2553 3051 2728 3097; x_wconf 90' lang='lat' dir='ltr'><strong>autem</strong></span> <span class='ocrx_word' id='word_1_764' title='bbox 2763 3041 2842 3110; x_wconf 87' lang='lat' dir='ltr'><strong>ﬁt,</strong></span> <span class='ocrx_word' id='word_1_765' title='bbox 2875 3043 2999 3098; x_wconf 90' lang='lat' dir='ltr'><strong>dum</strong></span> <span class='ocrx_word' id='word_1_766' title='bbox 3023 3047 3190 3114; x_wconf 77' lang='lat' dir='ltr'><strong>gratia</strong></span> <span class='ocrx_word' id='word_1_767' title='bbox 3221 3046 3312 3102; x_wconf 90' lang='lat' dir='ltr'><strong>Dei</strong></span> <span class='ocrx_word' id='word_1_768' title='bbox 3343 3064 3438 3118; x_wconf 90' lang='lat' dir='ltr'><strong>per</strong></span> <span class='ocrx_word' id='word_1_769' title='bbox 3464 3047 3644 3104; x_wconf 78' lang='lat' dir='ltr'><strong>lesum</strong></span> <span class='ocrx_word' id='word_1_770' title='bbox 3669 3049 3826 3104; x_wconf 85' lang='lat' dir='ltr'><strong>Chri-</strong></span> 
     </span>
    </p>
   </div>
   <div class='ocr_carea' id='block_1_92' title="bbox 2238 3131 3830 3195">
    <p class='ocr_par' dir='ltr' id='par_1_92' title="bbox 2238 3131 3830 3195">
     <span class='ocr_line' id='line_1_93' title="bbox 2238 3131 3830 3195; baseline 0.008 -12"><span class='ocrx_word' id='word_1_771' title='bbox 2238 3137 2377 3184; x_wconf 89' lang='lat' dir='ltr'><strong>stum</strong></span> <span class='ocrx_word' id='word_1_772' title='bbox 2407 3131 2686 3186; x_wconf 90' lang='lat' dir='ltr'><strong>Dominum</strong></span> <span class='ocrx_word' id='word_1_773' title='bbox 2715 3142 2950 3187; x_wconf 90' lang='lat' dir='ltr'><strong>nostrum</strong></span> <span class='ocrx_word' id='word_1_774' title='bbox 2981 3143 3266 3190; x_wconf 88' lang='lat' dir='ltr'><strong>renovatur</strong></span> <span class='ocrx_word' id='word_1_775' title='bbox 3293 3135 3454 3192; x_wconf 89' lang='lat' dir='ltr'><strong>homo</strong></span> <span class='ocrx_word' id='word_1_776' title='bbox 3489 3138 3712 3193; x_wconf 90' lang='lat' dir='ltr'><strong>interior</strong></span> <span class='ocrx_word' id='word_1_777' title='bbox 3759 3140 3830 3195; x_wconf 83' lang='lat' dir='ltr'><strong>de</strong></span> 
     </span>
    </p>
   </div>
   <div class='ocr_carea' id='block_1_93' title="bbox 2238 3219 3826 3296">
    <p class='ocr_par' dir='ltr' id='par_1_93' title="bbox 2238 3219 3826 3296">
     <span class='ocr_line' id='line_1_94' title="bbox 2238 3219 3826 3296; baseline 0.008 -23"><span class='ocrx_word' id='word_1_778' title='bbox 2238 3219 2326 3275; x_wconf 85' lang='lat' dir='ltr'><strong>die</strong></span> <span class='ocrx_word' id='word_1_779' title='bbox 2355 3220 2406 3274; x_wconf 89' lang='lat' dir='ltr'><strong>iu</strong></span> <span class='ocrx_word' id='word_1_780' title='bbox 2432 3219 2574 3275; x_wconf 89' lang='lat' dir='ltr'><strong>diem</strong></span> <span class='ocrx_word' id='word_1_781' title='bbox 2597 3261 2615 3287; x_wconf 94' lang='lat'><strong>,</strong></span> <span class='ocrx_word' id='word_1_782' title='bbox 2646 3231 2702 3275; x_wconf 93' lang='lat' dir='ltr'><strong>ut</strong></span> <span class='ocrx_word' id='word_1_783' title='bbox 2731 3222 2796 3276; x_wconf 90' lang='lat' dir='ltr'><strong>ad</strong></span> <span class='ocrx_word' id='word_1_784' title='bbox 2837 3222 3212 3293; x_wconf 86' lang='lat' dir='ltr'><strong>sempiternam</strong></span> <span class='ocrx_word' id='word_1_785' title='bbox 3238 3267 3254 3293; x_wconf 95' lang='lat'><strong>,</strong></span> <span class='ocrx_word' id='word_1_786' title='bbox 3301 3241 3410 3280; x_wconf 92' lang='lat' dir='ltr'><strong>non</strong></span> <span class='ocrx_word' id='word_1_787' title='bbox 3443 3241 3652 3296; x_wconf 68' lang='lat' dir='ltr'><strong>penam</strong></span> <span class='ocrx_word' id='word_1_788' title='bbox 3679 3271 3696 3296; x_wconf 94' lang='lat'><strong>,</strong></span> <span class='ocrx_word' id='word_1_789' title='bbox 3731 3229 3826 3284; x_wconf 89' lang='lat' dir='ltr'><strong>sed</strong></span> 
     </span>
    </p>
   </div>
   <div class='ocr_carea' id='block_1_94' title="bbox 2237 3309 3700 3380">
    <p class='ocr_par' dir='ltr' id='par_1_94' title="bbox 2237 3309 3700 3380">
     <span class='ocr_line' id='line_1_95' title="bbox 2237 3309 3700 3380; baseline 0.005 -18"><span class='ocrx_word' id='word_1_790' title='bbox 2237 3309 2398 3364; x_wconf 85' lang='lat' dir='ltr'><strong>vitam</strong></span> <span class='ocrx_word' id='word_1_791' title='bbox 2429 3320 2671 3380; x_wconf 82' lang='lat' dir='ltr'><strong>resurgat</strong></span> <span class='ocrx_word' id='word_1_792' title='bbox 2695 3311 2858 3366; x_wconf 90' lang='lat' dir='ltr'><strong>homo</strong></span> <span class='ocrx_word' id='word_1_793' title='bbox 2887 3313 3120 3368; x_wconf 82' lang='lat' dir='ltr'><strong>exterior</strong></span> <span class='ocrx_word' id='word_1_794' title='bbox 3148 3314 3198 3368; x_wconf 89' lang='lat' dir='ltr'><strong>in</strong></span> <span class='ocrx_word' id='word_1_795' title='bbox 3221 3313 3244 3346; x_wconf 71' lang='grc'>⁸</span> <span class='ocrx_word' id='word_1_796' title='bbox 3269 3316 3562 3372; x_wconf 87' lang='lat' dir='ltr'><strong>novissimo</strong></span> <span class='ocrx_word' id='word_1_797' title='bbox 3589 3317 3700 3372; x_wconf 88' lang='lat' dir='ltr'><strong>die.</strong></span> 
     </span>
    </p>
   </div>
   <div class='ocr_carea' id='block_1_95' title="bbox 2311 3401 3824 3477">
    <p class='ocr_par' dir='ltr' id='par_1_95' title="bbox 2311 3401 3824 3477">
     <span class='ocr_line' id='line_1_96' title="bbox 2311 3401 3824 3477; baseline 0.006 -21"><span class='ocrx_word' id='word_1_798' title='bbox 2311 3401 2536 3457; x_wconf 83' lang='lat' dir='ltr'><strong>CAPUT</strong></span> <span class='ocrx_word' id='word_1_799' title='bbox 2579 3401 2640 3457; x_wconf 79' lang='grc' dir='ltr'><strong>ν.</strong></span> <span class='ocrx_word' id='word_1_800' title='bbox 2679 3433 2751 3443; x_wconf 95' lang='grc'><strong><em>-</em></strong></span> <span class='ocrx_word' id='word_1_801' title='bbox 2787 3403 3126 3458; x_wconf 84' lang='lat' dir='ltr'><strong>Ratiocinatio</strong></span> <span class='ocrx_word' id='word_1_802' title='bbox 3168 3405 3255 3460; x_wconf 82' lang='grc' dir='ltr'><strong>Η.</strong></span> <span class='ocrx_word' id='word_1_803' title='bbox 3293 3423 3314 3458; x_wconf 77' lang='lat' dir='ltr'><strong>s</strong></span> <span class='ocrx_word' id='word_1_804' title='bbox 3362 3405 3556 3462; x_wconf 87' lang='lat' dir='ltr'><strong>lterum</strong></span> <span class='ocrx_word' id='word_1_805' title='bbox 3581 3449 3595 3474; x_wconf 93' lang='lat'><strong>,</strong></span> <span class='ocrx_word' id='word_1_806' title='bbox 3647 3427 3667 3461; x_wconf 83' lang='grc' dir='ltr'><strong>ι</strong></span> <span class='ocrx_word' id='word_1_807' title='bbox 3711 3411 3824 3477; x_wconf 88' lang='lat' dir='ltr'><strong>ait,</strong></span> 
     </span>
    </p>
   </div>
   <div class='ocr_carea' id='block_1_96' title="bbox 2245 3493 3824 3568">
    <p class='ocr_par' dir='ltr' id='par_1_96' title="bbox 2245 3493 3824 3568">
     <span class='ocr_line' id='line_1_97' title="bbox 2245 3493 3824 3568; baseline 0.009 -25"><span class='ocrx_word' id='word_1_808' title='bbox 2245 3511 2263 3543; x_wconf 75' lang='grc' dir='ltr'><strong>ι</strong></span> <span class='ocrx_word' id='word_1_809' title='bbox 2289 3493 2633 3562; x_wconf 68' lang='lat' dir='ltr'><strong>quaerendum</strong></span> <span class='ocrx_word' id='word_1_810' title='bbox 2651 3503 2750 3559; x_wconf 91' lang='lat' dir='ltr'><strong>est,</strong></span> <span class='ocrx_word' id='word_1_811' title='bbox 2768 3503 2896 3564; x_wconf 91' lang='lat' dir='ltr'><strong>quot</strong></span> <span class='ocrx_word' id='word_1_812' title='bbox 2917 3495 3088 3550; x_wconf 88' lang='lat' dir='ltr'><strong>modis</strong></span> <span class='ocrx_word' id='word_1_813' title='bbox 3107 3505 3312 3552; x_wconf 87' lang='lat' dir='ltr'><strong>constet</strong></span> <span class='ocrx_word' id='word_1_814' title='bbox 3327 3513 3486 3554; x_wconf 89' lang='lat' dir='ltr'><strong>omne</strong></span> <span class='ocrx_word' id='word_1_815' title='bbox 3509 3511 3780 3568; x_wconf 86' lang='lat' dir='ltr'><strong>peccatum</strong></span> <span class='ocrx_word' id='word_1_816' title='bbox 3809 3515 3824 3558; x_wconf 85' lang='lat'><strong>:</strong></span> 
     </span>
    </p>
   </div>
   <div class='ocr_carea' id='block_1_97' title="bbox 2240 3581 3828 3658">
    <p class='ocr_par' dir='ltr' id='par_1_97' title="bbox 2240 3581 3828 3658">
     <span class='ocr_line' id='line_1_98' title="bbox 2240 3581 3828 3658; baseline 0.008 -23"><span class='ocrx_word' id='word_1_817' title='bbox 2240 3581 2465 3648; x_wconf 90' lang='lat' dir='ltr'><strong>duobus,</strong></span> <span class='ocrx_word' id='word_1_818' title='bbox 2497 3583 2548 3637; x_wconf 90' lang='lat' dir='ltr'><strong>ni</strong></span> <span class='ocrx_word' id='word_1_819' title='bbox 2575 3582 2759 3650; x_wconf 89' lang='lat' dir='ltr'><strong>fallor;</strong></span> <span class='ocrx_word' id='word_1_820' title='bbox 2787 3585 2829 3638; x_wconf 93' lang='lat' dir='ltr'><strong>si</strong></span> <span class='ocrx_word' id='word_1_821' title='bbox 2848 3595 2937 3639; x_wconf 91' lang='lat' dir='ltr'><strong>aut</strong></span> <span class='ocrx_word' id='word_1_822' title='bbox 2957 3585 3044 3640; x_wconf 87' lang='lat' dir='ltr'><strong>illa</strong></span> <span class='ocrx_word' id='word_1_823' title='bbox 3067 3588 3192 3640; x_wconf 88' lang='lat' dir='ltr'><strong>tiaut</strong></span> <span class='ocrx_word' id='word_1_824' title='bbox 3213 3603 3328 3658; x_wconf 70' lang='lat' dir='ltr'><strong>quze</strong></span> <span class='ocrx_word' id='word_1_825' title='bbox 3351 3589 3718 3658; x_wconf 87' lang='lat' dir='ltr'><strong>prohibentur,</strong></span> <span class='ocrx_word' id='word_1_826' title='bbox 3735 3603 3828 3648; x_wconf 88' lang='lat' dir='ltr'><strong>aut</strong></span> 
     </span>
    </p>
   </div>
   <div class='ocr_carea' id='block_1_98' title="bbox 2239 3673 3828 3755">
    <p class='ocr_par' dir='ltr' id='par_1_98' title="bbox 2239 3673 3828 3755">
     <span class='ocr_line' id='line_1_99' title="bbox 2239 3673 3828 3755; baseline 0.008 -28"><span class='ocrx_word' id='word_1_827' title='bbox 2239 3673 2328 3728; x_wconf 91' lang='lat' dir='ltr'><strong>illa</strong></span> <span class='ocrx_word' id='word_1_828' title='bbox 2356 3689 2460 3728; x_wconf 90' lang='lat' dir='ltr'><strong>non</strong></span> <span class='ocrx_word' id='word_1_829' title='bbox 2491 3675 2618 3728; x_wconf 90' lang='lat' dir='ltr'><strong>ﬁant</strong></span> <span class='ocrx_word' id='word_1_830' title='bbox 2642 3692 2760 3746; x_wconf 72' lang='lat' dir='ltr'><strong>qua:</strong></span> <span class='ocrx_word' id='word_1_831' title='bbox 2777 3676 3052 3746; x_wconf 87' lang='lat' dir='ltr'><strong>jubentur.</strong></span> <span class='ocrx_word' id='word_1_832' title='bbox 3076 3679 3204 3734; x_wconf 81' lang='lat' dir='ltr'><strong>Tum</strong></span> <span class='ocrx_word' id='word_1_833' title='bbox 3226 3691 3370 3735; x_wconf 91' lang='lat' dir='ltr'><strong>certe</strong></span> <span class='ocrx_word' id='word_1_834' title='bbox 3389 3685 3564 3738; x_wconf 89' lang='lat' dir='ltr'><strong>omnia</strong></span> <span class='ocrx_word' id='word_1_835' title='bbox 3593 3683 3680 3738; x_wconf 89' lang='lat' dir='ltr'><strong>illa</strong></span> <span class='ocrx_word' id='word_1_836' title='bbox 3706 3697 3828 3755; x_wconf 72' lang='lat' dir='ltr'><strong>qum</strong></span> 
     </span>
    </p>
   </div>
   <div class='ocr_carea' id='block_1_99' title="bbox 2242 3763 3830 3840">
    <p class='ocr_par' dir='ltr' id='par_1_99' title="bbox 2242 3763 3830 3840">
     <span class='ocr_line' id='line_1_100' title="bbox 2242 3763 3830 3840; baseline 0.009 -24"><span class='ocrx_word' id='word_1_837' title='bbox 2242 3763 2503 3832; x_wconf 89' lang='lat' dir='ltr'><strong>prohibita</strong></span> <span class='ocrx_word' id='word_1_838' title='bbox 2524 3773 2669 3832; x_wconf 91' lang='lat' dir='ltr'><strong>sunt,</strong></span> <span class='ocrx_word' id='word_1_839' title='bbox 2689 3766 2842 3820; x_wconf 83' lang='lat' dir='ltr'><strong>vitari</strong></span> <span class='ocrx_word' id='word_1_840' title='bbox 2861 3778 3082 3835; x_wconf 90' lang='lat' dir='ltr'><strong>possunt</strong></span> <span class='ocrx_word' id='word_1_841' title='bbox 3101 3783 3258 3837; x_wconf 85' lang='lat' dir='ltr'><strong>quam</strong></span> <span class='ocrx_word' id='word_1_842' title='bbox 3281 3786 3400 3840; x_wconf 79' lang='lat' dir='ltr'><strong>qua:</strong></span> <span class='ocrx_word' id='word_1_843' title='bbox 3422 3785 3680 3840; x_wconf 75' lang='lat' dir='ltr'><strong>pnecepta</strong></span> <span class='ocrx_word' id='word_1_844' title='bbox 3703 3785 3830 3830; x_wconf 63' lang='lat' dir='ltr'><strong>sint</strong></span> 
     </span>
    </p>
   </div>
   <div class='ocr_carea' id='block_1_100' title="bbox 2244 3854 3824 3934">
    <p class='ocr_par' dir='ltr' id='par_1_100' title="bbox 2244 3854 3824 3934">
     <span class='ocr_line' id='line_1_101' title="bbox 2244 3854 3824 3934; baseline 0.007 -25"><span class='ocrx_word' id='word_1_845' title='bbox 2244 3854 2442 3924; x_wconf 81' lang='lat' dir='ltr'><strong>perlici.</strong></span> <span class='ocrx_word' id='word_1_846' title='bbox 2476 3855 2610 3910; x_wconf 83' lang='lat' dir='ltr'><strong>Nam</strong></span> <span class='ocrx_word' id='word_1_847' title='bbox 2639 3855 2834 3912; x_wconf 87' lang='lat' dir='ltr'><strong>frustra</strong></span> <span class='ocrx_word' id='word_1_848' title='bbox 2864 3867 2955 3913; x_wconf 91' lang='lat' dir='ltr'><strong>aut</strong></span> <span class='ocrx_word' id='word_1_849' title='bbox 2993 3861 3368 3930; x_wconf 88' lang='lat' dir='ltr'><strong>prohiberetur</strong></span> <span class='ocrx_word' id='word_1_850' title='bbox 3395 3873 3486 3916; x_wconf 88' lang='lat' dir='ltr'><strong>aut</strong></span> <span class='ocrx_word' id='word_1_851' title='bbox 3523 3864 3824 3934; x_wconf 85' lang='lat' dir='ltr'><strong>juberetur,</strong></span> 
     </span>
    </p>
   </div>
   <div class='ocr_carea' id='block_1_101' title="bbox 2241 3946 3826 4024">
    <p class='ocr_par' dir='ltr' id='par_1_101' title="bbox 2241 3946 3826 4024">
     <span class='ocr_line' id='line_1_102' title="bbox 2241 3946 3826 4024; baseline 0.006 -25"><span class='ocrx_word' id='word_1_852' title='bbox 2241 3946 2380 4015; x_wconf 90' lang='lat' dir='ltr'><strong>quod</strong></span> <span class='ocrx_word' id='word_1_853' title='bbox 2413 3947 2496 4001; x_wconf 89' lang='lat' dir='ltr'><strong>vel</strong></span> <span class='ocrx_word' id='word_1_854' title='bbox 2523 3949 2700 4002; x_wconf 86' lang='lat' dir='ltr'><strong>caveri</strong></span> <span class='ocrx_word' id='word_1_855' title='bbox 2725 3949 2812 4004; x_wconf 89' lang='lat' dir='ltr'><strong>vel</strong></span> <span class='ocrx_word' id='word_1_856' title='bbox 2847 3950 3056 4020; x_wconf 87' lang='lat' dir='ltr'><strong>impleri</strong></span> <span class='ocrx_word' id='word_1_857' title='bbox 3085 3967 3192 4006; x_wconf 90' lang='lat' dir='ltr'><strong>non</strong></span> <span class='ocrx_word' id='word_1_858' title='bbox 3225 3963 3421 4022; x_wconf 90' lang='lat' dir='ltr'><strong>posset.</strong></span> <span class='ocrx_word' id='word_1_859' title='bbox 3455 3953 3519 4007; x_wconf 84' lang='lat' dir='ltr'><strong>Et</strong></span> <span class='ocrx_word' id='word_1_860' title='bbox 3557 3957 3826 4024; x_wconf 88' lang='lat' dir='ltr'><strong>quomodo</strong></span> 
     </span>
    </p>
   </div>
   <div class='ocr_carea' id='block_1_102' title="bbox 2242 4039 3824 4115">
    <p class='ocr_par' dir='ltr' id='par_1_102' title="bbox 2242 4039 3824 4115">
     <span class='ocr_line' id='line_1_103' title="bbox 2242 4039 3824 4115; baseline 0.006 -24"><span class='ocrx_word' id='word_1_861' title='bbox 2242 4039 2550 4108; x_wconf 81' lang='lat' dir='ltr'><strong>negabimus</strong></span> <span class='ocrx_word' id='word_1_862' title='bbox 2598 4055 2756 4110; x_wconf 91' lang='lat' dir='ltr'><strong>posse</strong></span> <span class='ocrx_word' id='word_1_863' title='bbox 2785 4056 2907 4096; x_wconf 88' lang='lat' dir='ltr'><strong>esse</strong></span> <span class='ocrx_word' id='word_1_864' title='bbox 2945 4042 3216 4098; x_wconf 86' lang='lat' dir='ltr'><strong>hominem</strong></span> <span class='ocrx_word' id='word_1_865' title='bbox 3256 4045 3372 4099; x_wconf 89' lang='lat' dir='ltr'><strong>sine</strong></span> <span class='ocrx_word' id='word_1_866' title='bbox 3423 4057 3672 4115; x_wconf 85' lang='lat' dir='ltr'><strong>peccato,</strong></span> <span class='ocrx_word' id='word_1_867' title='bbox 3703 4063 3824 4103; x_wconf 86' lang='lat' dir='ltr'><strong>cum</strong></span> 
     </span>
    </p>
   </div>
   <div class='ocr_carea' id='block_1_103' title="bbox 2240 4127 3831 4204">
    <p class='ocr_par' dir='ltr' id='par_1_103' title="bbox 2240 4127 3831 4204">
     <span class='ocr_line' id='line_1_104' title="bbox 2240 4127 3831 4204; baseline 0.005 -24"><span class='ocrx_word' id='word_1_868' title='bbox 2240 4127 2480 4182; x_wconf 88' lang='lat' dir='ltr'><strong>conﬁteri</strong></span> <span class='ocrx_word' id='word_1_869' title='bbox 2512 4143 2733 4185; x_wconf 88' lang='lat' dir='ltr'><strong>necesse</strong></span> <span class='ocrx_word' id='word_1_870' title='bbox 2762 4131 2852 4197; x_wconf 88' lang='lat' dir='ltr'><strong>sit,</strong></span> <span class='ocrx_word' id='word_1_871' title='bbox 2885 4146 3006 4185; x_wconf 91' lang='lat' dir='ltr'><strong>eum</strong></span> <span class='ocrx_word' id='word_1_872' title='bbox 3037 4141 3141 4186; x_wconf 88' lang='lat' dir='ltr'><strong>tam</strong></span> <span class='ocrx_word' id='word_1_873' title='bbox 3171 4131 3349 4186; x_wconf 86' lang='lat' dir='ltr'><strong>omnia</strong></span> <span class='ocrx_word' id='word_1_874' title='bbox 3381 4133 3465 4186; x_wconf 90' lang='lat' dir='ltr'><strong>illa</strong></span> <span class='ocrx_word' id='word_1_875' title='bbox 3490 4149 3610 4204; x_wconf 75' lang='lat' dir='ltr'><strong>qua:</strong></span> <span class='ocrx_word' id='word_1_876' title='bbox 3642 4145 3831 4190; x_wconf 84' lang='lat' dir='ltr'><strong>vetan-</strong></span> 
     </span>
    </p>
   </div>
   <div class='ocr_carea' id='block_1_104' title="bbox 2243 4223 3820 4293">
    <p class='ocr_par' dir='ltr' id='par_1_104' title="bbox 2243 4223 3820 4293">
     <span class='ocr_line' id='line_1_105' title="bbox 2243 4223 3820 4293; baseline 0.004 -23"><span class='ocrx_word' id='word_1_877' title='bbox 2243 4225 2328 4270; x_wconf 88' lang='lat' dir='ltr'><strong>tur</strong></span> <span class='ocrx_word' id='word_1_878' title='bbox 2355 4232 2514 4286; x_wconf 90' lang='lat' dir='ltr'><strong>posse</strong></span> <span class='ocrx_word' id='word_1_879' title='bbox 2537 4234 2728 4273; x_wconf 89' lang='lat' dir='ltr'><strong>cavere</strong></span> <span class='ocrx_word' id='word_1_880' title='bbox 2751 4261 2766 4286; x_wconf 95' lang='lat'><strong>,</strong></span> <span class='ocrx_word' id='word_1_881' title='bbox 2799 4235 2958 4289; x_wconf 88' lang='lat' dir='ltr'><strong>quam</strong></span> <span class='ocrx_word' id='word_1_882' title='bbox 2987 4235 3106 4290; x_wconf 68' lang='lat' dir='ltr'><strong>qum</strong></span> <span class='ocrx_word' id='word_1_883' title='bbox 3171 4226 3455 4293; x_wconf 89' lang='lat' dir='ltr'><strong>imperatur</strong></span> <span class='ocrx_word' id='word_1_884' title='bbox 3511 4223 3766 4279; x_wconf 87' lang='lat' dir='ltr'><strong>efﬁcere?</strong></span> <span class='ocrx_word' id='word_1_885' title='bbox 3801 4243 3820 4277; x_wconf 76' lang='grc' dir='ltr'><strong>ι</strong></span> 
     </span>
    </p>
   </div>
   <div class='ocr_carea' id='block_1_105' title="bbox 2241 4305 3826 4394">
    <p class='ocr_par' dir='ltr' id='par_1_105' title="bbox 2241 4305 3826 4394">
     <span class='ocr_line' id='line_1_106' title="bbox 2241 4305 3826 4394; baseline 0.006 -33"><span class='ocrx_word' id='word_1_886' title='bbox 2241 4305 2616 4376; x_wconf 81' lang='lat' dir='ltr'><strong>Respondetur</strong></span> <span class='ocrx_word' id='word_1_887' title='bbox 2655 4309 2822 4364; x_wconf 88' lang='lat' dir='ltr'><strong>multa</strong></span> <span class='ocrx_word' id='word_1_888' title='bbox 2864 4324 2986 4365; x_wconf 89' lang='lat' dir='ltr'><strong>esse</strong></span> <span class='ocrx_word' id='word_1_889' title='bbox 3017 4312 3070 4394; x_wconf 75' lang='lat' dir='ltr'><strong>ip</strong></span> <span class='ocrx_word' id='word_1_890' title='bbox 3098 4309 3380 4380; x_wconf 87' lang='lat' dir='ltr'><strong>Scripturis</strong></span> <span class='ocrx_word' id='word_1_891' title='bbox 3416 4313 3612 4367; x_wconf 87' lang='lat' dir='ltr'><strong>sanctis</strong></span> <span class='ocrx_word' id='word_1_892' title='bbox 3649 4314 3826 4370; x_wconf 84' lang='lat' dir='ltr'><strong>divina</strong></span> 
     </span>
    </p>
   </div>
   <div class='ocr_carea' id='block_1_106' title="bbox 2245 4400 3823 4472">
    <p class='ocr_par' dir='ltr' id='par_1_106' title="bbox 2245 4400 3823 4472">
     <span class='ocr_line' id='line_1_107' title="bbox 2245 4400 3823 4472; baseline 0.006 -22"><span class='ocrx_word' id='word_1_893' title='bbox 2245 4405 2528 4466; x_wconf 63' lang='lat' dir='ltr'><strong>pratcepta,</strong></span> <span class='ocrx_word' id='word_1_894' title='bbox 2559 4413 2678 4468; x_wconf 73' lang='lat' dir='ltr'><strong>qua:</strong></span> <span class='ocrx_word' id='word_1_895' title='bbox 2705 4400 2882 4452; x_wconf 87' lang='lat' dir='ltr'><strong>omnia</strong></span> <span class='ocrx_word' id='word_1_896' title='bbox 2909 4414 3335 4456; x_wconf 89' lang='lat' dir='ltr'><strong>commemorare</strong></span> <span class='ocrx_word' id='word_1_897' title='bbox 3355 4403 3512 4456; x_wconf 88' lang='lat' dir='ltr'><strong>nimis</strong></span> <span class='ocrx_word' id='word_1_898' title='bbox 3538 4417 3823 4472; x_wconf 82' lang='lat' dir='ltr'><strong>Operosum</strong></span> 
     </span>
    </p>
   </div>
   <div class='ocr_carea' id='block_1_107' title="bbox 2243 4481 3828 4560">
    <p class='ocr_par' dir='ltr' id='par_1_107' title="bbox 2243 4481 3828 4560">
     <span class='ocr_line' id='line_1_108' title="bbox 2243 4481 3828 4560; baseline 0.004 -16"><span class='ocrx_word' id='word_1_899' title='bbox 2243 4491 2480 4544; x_wconf 91' lang='lat' dir='ltr'><strong>est:sed</strong></span> <span class='ocrx_word' id='word_1_900' title='bbox 2529 4490 2786 4546; x_wconf 88' lang='lat' dir='ltr'><strong>Dominus</strong></span> <span class='ocrx_word' id='word_1_901' title='bbox 2823 4506 2912 4560; x_wconf 85' lang='lat' dir='ltr'><strong>qut</strong></span> <span class='ocrx_word' id='word_1_902' title='bbox 2959 4493 3178 4547; x_wconf 87' lang='lat' dir='ltr'><strong>verbum</strong></span> <span class='ocrx_word' id='word_1_903' title='bbox 3208 4481 3584 4548; x_wconf 78' lang='lat' dir='ltr'><strong>consummatis</strong></span> <span class='ocrx_word' id='word_1_904' title='bbox 3612 4505 3668 4548; x_wconf 89' lang='lat' dir='ltr'><strong>et</strong></span> <span class='ocrx_word' id='word_1_905' title='bbox 3708 4497 3828 4551; x_wconf 84' lang='lat' dir='ltr'><strong>b:e-</strong></span> 
     </span>
    </p>
   </div>
   <div class='ocr_carea' id='block_1_108' title="bbox 2241 4579 3827 4654">
    <p class='ocr_par' dir='ltr' id='par_1_108' title="bbox 2241 4579 3827 4654">
     <span class='ocr_line' id='line_1_109' title="bbox 2241 4579 3827 4654; baseline 0.004 -21"><span class='ocrx_word' id='word_1_906' title='bbox 2241 4579 2394 4634; x_wconf 86' lang='lat' dir='ltr'><strong>vians</strong></span> <span class='ocrx_word' id='word_1_907' title='bbox 2435 4579 2563 4634; x_wconf 89' lang='lat' dir='ltr'><strong>fecit</strong></span> <span class='ocrx_word' id='word_1_908' title='bbox 2609 4595 2770 4648; x_wconf 90' lang='lat' dir='ltr'><strong>super</strong></span> <span class='ocrx_word' id='word_1_909' title='bbox 2817 4591 3010 4635; x_wconf 88' lang='lat' dir='ltr'><strong>terram</strong></span> <span class='ocrx_word' id='word_1_910' title='bbox 3041 4581 3196 4652; x_wconf 84' lang='lat' dir='ltr'><strong>(Rom</strong></span> <span class='ocrx_word' id='word_1_911' title='bbox 3249 4597 3332 4648; x_wconf 85' lang='lat' dir='ltr'><strong>1x,</strong></span> <span class='ocrx_word' id='word_1_912' title='bbox 3363 4581 3486 4654; x_wconf 79' lang='lat'><strong>28),</strong></span> <span class='ocrx_word' id='word_1_913' title='bbox 3515 4584 3570 4638; x_wconf 89' lang='lat' dir='ltr'><strong>in</strong></span> <span class='ocrx_word' id='word_1_914' title='bbox 3617 4584 3827 4641; x_wconf 84' lang='lat' dir='ltr'><strong>duobus</strong></span> 
     </span>
    </p>
   </div>
   <div class='ocr_carea' id='block_1_109' title="bbox 2243 4669 3826 4741">
    <p class='ocr_par' dir='ltr' id='par_1_109' title="bbox 2243 4669 3826 4741">
     <span class='ocr_line' id='line_1_110' title="bbox 2243 4669 3826 4741; baseline 0.001 -15"><span class='ocrx_word' id='word_1_915' title='bbox 2243 4671 2523 4741; x_wconf 67' lang='lat' dir='ltr'><strong>praeceptis</strong></span> <span class='ocrx_word' id='word_1_916' title='bbox 2551 4669 2684 4724; x_wconf 78' lang='lat' dir='ltr'><strong>dixit</strong></span> <span class='ocrx_word' id='word_1_917' title='bbox 2707 4669 2906 4741; x_wconf 76' lang='lat' dir='ltr'><strong>Legem</strong></span> <span class='ocrx_word' id='word_1_918' title='bbox 2932 4671 3332 4741; x_wconf 76' lang='lat' dir='ltr'><strong>PrOphetasque</strong></span> <span class='ocrx_word' id='word_1_919' title='bbox 3357 4674 3587 4741; x_wconf 86' lang='lat' dir='ltr'><strong>pendere</strong></span> <span class='ocrx_word' id='word_1_920' title='bbox 3612 4691 3627 4739; x_wconf 88' lang='lat'><strong>;</strong></span> <span class='ocrx_word' id='word_1_921' title='bbox 3661 4686 3716 4728; x_wconf 94' lang='lat' dir='ltr'><strong>ut</strong></span> <span class='ocrx_word' id='word_1_922' title='bbox 3747 4678 3826 4730; x_wconf 85' lang='lat' dir='ltr'><strong>in-</strong></span> 
     </span>
    </p>
   </div>
   <div class='ocr_carea' id='block_1_110' title="bbox 2243 4763 3826 4840">
    <p class='ocr_par' dir='ltr' id='par_1_110' title="bbox 2243 4763 3826 4840">
     <span class='ocr_line' id='line_1_111' title="bbox 2243 4763 3826 4840; baseline 0.004 -22"><span class='ocrx_word' id='word_1_923' title='bbox 2243 4763 2620 4832; x_wconf 77' lang='lat' dir='ltr'><strong>telligeremus,</strong></span> <span class='ocrx_word' id='word_1_924' title='bbox 2653 4765 2905 4836; x_wconf 90' lang='lat' dir='ltr'><strong>quidquid</strong></span> <span class='ocrx_word' id='word_1_925' title='bbox 2932 4765 3072 4822; x_wconf 89' lang='lat' dir='ltr'><strong>aliud</strong></span> <span class='ocrx_word' id='word_1_926' title='bbox 3095 4766 3345 4823; x_wconf 87' lang='lat' dir='ltr'><strong>divinitus</strong></span> <span class='ocrx_word' id='word_1_927' title='bbox 3369 4780 3692 4840; x_wconf 67' lang='lat' dir='ltr'><strong>praeceptum</strong></span> <span class='ocrx_word' id='word_1_928' title='bbox 3719 4777 3826 4837; x_wconf 63' lang='lat' dir='ltr'><strong>est,</strong></span> 
     </span>
    </p>
   </div>
   <div class='ocr_carea' id='block_1_111' title="bbox 2243 4855 3824 4924">
    <p class='ocr_par' dir='ltr' id='par_1_111' title="bbox 2243 4855 3824 4924">
     <span class='ocr_line' id='line_1_112' title="bbox 2243 4855 3824 4924; baseline 0.002 -14"><span class='ocrx_word' id='word_1_929' title='bbox 2243 4857 2296 4910; x_wconf 90' lang='lat' dir='ltr'><strong>in</strong></span> <span class='ocrx_word' id='word_1_930' title='bbox 2323 4855 2410 4909; x_wconf 92' lang='lat' dir='ltr'><strong>his</strong></span> <span class='ocrx_word' id='word_1_931' title='bbox 2433 4855 2640 4910; x_wconf 91' lang='lat' dir='ltr'><strong>duobus</strong></span> <span class='ocrx_word' id='word_1_932' title='bbox 2667 4857 2862 4912; x_wconf 77' lang='lat' dir='ltr'><strong>habere</strong></span> <span class='ocrx_word' id='word_1_933' title='bbox 2891 4857 3070 4924; x_wconf 86' lang='lat' dir='ltr'><strong>ﬁnem,</strong></span> <span class='ocrx_word' id='word_1_934' title='bbox 3095 4867 3149 4913; x_wconf 89' lang='lat' dir='ltr'><strong>et</strong></span> <span class='ocrx_word' id='word_1_935' title='bbox 3179 4858 3244 4912; x_wconf 90' lang='lat' dir='ltr'><strong>ad</strong></span> <span class='ocrx_word' id='word_1_936' title='bbox 3271 4860 3386 4914; x_wconf 77' lang='lat' dir='ltr'><strong>lucc</strong></span> <span class='ocrx_word' id='word_1_937' title='bbox 3407 4860 3514 4914; x_wconf 90' lang='lat' dir='ltr'><strong>duo</strong></span> <span class='ocrx_word' id='word_1_938' title='bbox 3533 4875 3655 4916; x_wconf 86' lang='lat' dir='ltr'><strong>esse</strong></span> <span class='ocrx_word' id='word_1_939' title='bbox 3683 4861 3824 4915; x_wconf 85' lang='lat' dir='ltr'><strong>refe-</strong></span> 
     </span>
    </p>
   </div>
   <div class='ocr_carea' id='block_1_112' title="bbox 2244 4945 3826 5018">
    <p class='ocr_par' dir='ltr' id='par_1_112' title="bbox 2244 4945 3826 5018">
     <span class='ocr_line' id='line_1_113' title="bbox 2244 4945 3826 5018; baseline 0.004 -17"><span class='ocrx_word' id='word_1_940' title='bbox 2244 4946 2466 5001; x_wconf 87' lang='lat' dir='ltr'><strong>rcndum</strong></span> <span class='ocrx_word' id='word_1_941' title='bbox 2491 4963 2505 4973; x_wconf 92' lang='grc'><strong>·</strong></span> <span class='ocrx_word' id='word_1_942' title='bbox 2533 4945 2726 5018; x_wconf 85' lang='lat' dir='ltr'><strong>Diliges</strong></span> <span class='ocrx_word' id='word_1_943' title='bbox 2757 4945 3034 5002; x_wconf 84' lang='lat' dir='ltr'><strong>Dominum</strong></span> <span class='ocrx_word' id='word_1_944' title='bbox 3079 4947 3243 5003; x_wconf 87' lang='lat' dir='ltr'><strong>Deum</strong></span> <span class='ocrx_word' id='word_1_945' title='bbox 3280 4960 3420 5004; x_wconf 88' lang='lat' dir='ltr'><strong>tuum</strong></span> <span class='ocrx_word' id='word_1_946' title='bbox 3449 4967 3512 5006; x_wconf 78' lang='lat' dir='ltr'><strong>ea:</strong></span> <span class='ocrx_word' id='word_1_947' title='bbox 3543 4961 3646 5006; x_wconf 91' lang='lat' dir='ltr'><strong>toto</strong></span> <span class='ocrx_word' id='word_1_948' title='bbox 3676 4953 3826 5008; x_wconf 84' lang='lat' dir='ltr'><strong>corde</strong></span> 
     </span>
    </p>
   </div>
   <div class='ocr_carea' id='block_1_113' title="bbox 2244 5039 3826 5106">
    <p class='ocr_par' dir='ltr' id='par_1_113' title="bbox 2244 5039 3826 5106">
     <span class='ocr_line' id='line_1_114' title="bbox 2244 5039 3826 5106; baseline 0.004 -16"><span class='ocrx_word' id='word_1_949' title='bbox 2244 5047 2329 5092; x_wconf 90' lang='lat' dir='ltr'><strong>tuo</strong></span> <span class='ocrx_word' id='word_1_950' title='bbox 2349 5077 2364 5100; x_wconf 88' lang='lat'><strong>,</strong></span> <span class='ocrx_word' id='word_1_951' title='bbox 2394 5047 2441 5092; x_wconf 88' lang='lat' dir='ltr'><strong>et</strong></span> <span class='ocrx_word' id='word_1_952' title='bbox 2491 5054 2554 5092; x_wconf 77' lang='lat' dir='ltr'><strong>ea.</strong></span> <span class='ocrx_word' id='word_1_953' title='bbox 2581 5047 2684 5091; x_wconf 85' lang='lat' dir='ltr'><strong>tota</strong></span> <span class='ocrx_word' id='word_1_954' title='bbox 2710 5039 2882 5092; x_wconf 86' lang='lat' dir='ltr'><strong>anima</strong></span> <span class='ocrx_word' id='word_1_955' title='bbox 2909 5049 2998 5092; x_wconf 91' lang='lat' dir='ltr'><strong>tua</strong></span> <span class='ocrx_word' id='word_1_956' title='bbox 3027 5079 3043 5105; x_wconf 94' lang='lat'><strong>,</strong></span> <span class='ocrx_word' id='word_1_957' title='bbox 3071 5051 3118 5093; x_wconf 87' lang='lat' dir='ltr'><strong>et</strong></span> <span class='ocrx_word' id='word_1_958' title='bbox 3150 5053 3214 5094; x_wconf 81' lang='lat' dir='ltr'><strong>ea:</strong></span> <span class='ocrx_word' id='word_1_959' title='bbox 3240 5051 3346 5096; x_wconf 87' lang='lat' dir='ltr'><strong>tota</strong></span> <span class='ocrx_word' id='word_1_960' title='bbox 3397 5052 3560 5097; x_wconf 81' lang='lat' dir='ltr'><strong>mente</strong></span> <span class='ocrx_word' id='word_1_961' title='bbox 3605 5054 3690 5095; x_wconf 85' lang='lat' dir='ltr'><strong>tua</strong></span> <span class='ocrx_word' id='word_1_962' title='bbox 3711 5055 3732 5106; x_wconf 89' lang='lat'><strong><em>;</em></strong></span> <span class='ocrx_word' id='word_1_963' title='bbox 3773 5053 3826 5098; x_wconf 87' lang='lat' dir='ltr'><strong>et</strong></span> 
     </span>
    </p>
   </div>
   <div class='ocr_carea' id='block_1_114' title="bbox 2247 5128 3822 5202">
    <p class='ocr_par' dir='ltr' id='par_1_114' title="bbox 2247 5128 3822 5202">
     <span class='ocr_line' id='line_1_115' title="bbox 2247 5128 3822 5202; baseline 0.003 -19"><span class='ocrx_word' id='word_1_964' title='bbox 2247 5128 2438 5199; x_wconf 79' lang='lat' dir='ltr'><strong>Diliges</strong></span> <span class='ocrx_word' id='word_1_965' title='bbox 2485 5130 2768 5200; x_wconf 73' lang='lat' dir='ltr'><strong>proximum</strong></span> <span class='ocrx_word' id='word_1_966' title='bbox 2819 5140 2957 5183; x_wconf 88' lang='lat' dir='ltr'><strong>tuum</strong></span> <span class='ocrx_word' id='word_1_967' title='bbox 3004 5141 3242 5201; x_wconf 84' lang='lat' dir='ltr'><strong>tanquam</strong></span> <span class='ocrx_word' id='word_1_968' title='bbox 3286 5143 3334 5186; x_wconf 90' lang='lat' dir='ltr'><strong>te</strong></span> <span class='ocrx_word' id='word_1_969' title='bbox 3377 5133 3562 5202; x_wconf 82' lang='lat' dir='ltr'><strong>ipsum.</strong></span> <span class='ocrx_word' id='word_1_970' title='bbox 3615 5133 3678 5188; x_wconf 89' lang='lat' dir='ltr'><strong>ln</strong></span> <span class='ocrx_word' id='word_1_971' title='bbox 3723 5135 3822 5200; x_wconf 88' lang='lat' dir='ltr'><strong>his,</strong></span> 
     </span>
    </p>
   </div>
   <div class='ocr_carea' id='block_1_115' title="bbox 2245 5219 3828 5293">
    <p class='ocr_par' dir='ltr' id='par_1_115' title="bbox 2245 5219 3828 5293">
     <span class='ocr_line' id='line_1_116' title="bbox 2245 5219 3828 5293; baseline 0.003 -21"><span class='ocrx_word' id='word_1_972' title='bbox 2245 5219 2448 5287; x_wconf 89' lang='lat' dir='ltr'><strong>inquit,</strong></span> <span class='ocrx_word' id='word_1_973' title='bbox 2481 5219 2674 5272; x_wconf 84' lang='lat' dir='ltr'><strong>duobus</strong></span> <span class='ocrx_word' id='word_1_974' title='bbox 2703 5221 2963 5288; x_wconf 78' lang='lat' dir='ltr'><strong>prteceptis</strong></span> <span class='ocrx_word' id='word_1_975' title='bbox 2991 5230 3094 5274; x_wconf 86' lang='lat' dir='ltr'><strong>tota</strong></span> <span class='ocrx_word' id='word_1_976' title='bbox 3123 5221 3229 5276; x_wconf 65' lang='lat' dir='ltr'><strong>Leo:</strong></span> <span class='ocrx_word' id='word_1_977' title='bbox 3256 5223 3436 5292; x_wconf 82' lang='lat' dir='ltr'><strong>pendet</strong></span> <span class='ocrx_word' id='word_1_978' title='bbox 3478 5233 3524 5276; x_wconf 87' lang='lat' dir='ltr'><strong>et</strong></span> <span class='ocrx_word' id='word_1_979' title='bbox 3555 5221 3828 5293; x_wconf 71' lang='lat' dir='ltr'><strong>Pmphetta</strong></span> 
     </span>
    </p>
   </div>
   <div class='ocr_carea' id='block_1_116' title="bbox 2247 5310 3822 5384">
    <p class='ocr_par' dir='ltr' id='par_1_116' title="bbox 2247 5310 3822 5384">
     <span class='ocr_line' id='line_1_117' title="bbox 2247 5310 3822 5384; baseline 0.001 -20"><span class='ocrx_word' id='word_1_980' title='bbox 2247 5311 2460 5381; x_wconf 79' lang='lat' dir='ltr'><strong>(Matth.</strong></span> <span class='ocrx_word' id='word_1_981' title='bbox 2493 5326 2624 5374; x_wconf 70' lang='grc' dir='ltr'><strong>χχιι,</strong></span> <span class='ocrx_word' id='word_1_982' title='bbox 2657 5310 2744 5374; x_wconf 72' lang='grc'><strong>40,</strong></span> <span class='ocrx_word' id='word_1_983' title='bbox 2779 5310 2888 5379; x_wconf 81' lang='grc'><strong>57).</strong></span> <span class='ocrx_word' id='word_1_984' title='bbox 2922 5310 3186 5382; x_wconf 86' lang='lat' dir='ltr'><strong>Quidquid</strong></span> <span class='ocrx_word' id='word_1_985' title='bbox 3216 5327 3342 5382; x_wconf 78' lang='lat' dir='ltr'><strong>ergo</strong></span> <span class='ocrx_word' id='word_1_986' title='bbox 3369 5313 3462 5368; x_wconf 86' lang='lat' dir='ltr'><strong>Dei</strong></span> <span class='ocrx_word' id='word_1_987' title='bbox 3493 5313 3608 5382; x_wconf 82' lang='lat' dir='ltr'><strong>lege</strong></span> <span class='ocrx_word' id='word_1_988' title='bbox 3645 5312 3822 5384; x_wconf 86' lang='lat' dir='ltr'><strong>prohi-</strong></span> 
     </span>
    </p>
   </div>
   <div class='ocr_carea' id='block_1_117' title="bbox 2249 5399 3817 5473">
    <p class='ocr_par' dir='ltr' id='par_1_117' title="bbox 2249 5399 3817 5473">
     <span class='ocr_line' id='line_1_118' title="bbox 2249 5399 3817 5473; baseline 0 -17"><span class='ocrx_word' id='word_1_989' title='bbox 2249 5403 2455 5464; x_wconf 82' lang='lat' dir='ltr'><strong>bemur,</strong></span> <span class='ocrx_word' id='word_1_990' title='bbox 2484 5413 2538 5455; x_wconf 91' lang='lat' dir='ltr'><strong>et</strong></span> <span class='ocrx_word' id='word_1_991' title='bbox 2565 5399 2817 5471; x_wconf 91' lang='lat' dir='ltr'><strong>quidquid</strong></span> <span class='ocrx_word' id='word_1_992' title='bbox 2841 5400 3089 5469; x_wconf 80' lang='lat' dir='ltr'><strong>jubemur</strong></span> <span class='ocrx_word' id='word_1_993' title='bbox 3119 5401 3321 5468; x_wconf 85' lang='lat' dir='ltr'><strong>facere,</strong></span> <span class='ocrx_word' id='word_1_994' title='bbox 3357 5401 3422 5457; x_wconf 86' lang='lat' dir='ltr'><strong>ad</strong></span> <span class='ocrx_word' id='word_1_995' title='bbox 3449 5401 3551 5456; x_wconf 90' lang='lat' dir='ltr'><strong>hoc</strong></span> <span class='ocrx_word' id='word_1_996' title='bbox 3579 5403 3817 5473; x_wconf 82' lang='lat' dir='ltr'><strong>prohibe-</strong></span> 
     </span>
    </p>
   </div>
   <div class='ocr_carea' id='block_1_118' title="bbox 2314 5573 3006 5630">
    <p class='ocr_par' dir='ltr' id='par_1_118' title="bbox 2314 5573 3006 5630">
     <span class='ocr_line' id='line_1_119' title="bbox 2314 5573 3006 5630; baseline 0 -10"><span class='ocrx_word' id='word_1_997' title='bbox 2314 5575 2328 5604; x_wconf 75' lang='grc'>⁸</span> <span class='ocrx_word' id='word_1_998' title='bbox 2351 5581 2476 5621; x_wconf 52' lang='lat' dir='ltr'><strong>tinus</strong></span> <span class='ocrx_word' id='word_1_999' title='bbox 2501 5587 2528 5620; x_wconf 88' lang='lat' dir='ltr'><strong>e</strong></span> <span class='ocrx_word' id='word_1_1000' title='bbox 2555 5573 2697 5621; x_wconf 69' lang='lat' dir='ltr'><strong>vatio.</strong></span> <span class='ocrx_word' id='word_1_1001' title='bbox 2725 5578 2829 5621; x_wconf 76' lang='lat' dir='ltr'><strong>Mss.</strong></span> <span class='ocrx_word' id='word_1_1002' title='bbox 2852 5606 2866 5630; x_wconf 89' lang='lat'><strong>,</strong></span> <span class='ocrx_word' id='word_1_1003' title='bbox 2893 5577 3006 5620; x_wconf 86' lang='lat' dir='ltr'><strong>tota.</strong></span> 
     </span>
    </p>
   </div>
   <div class='ocr_carea' id='block_1_119' title="bbox 2311 5631 3830 5704">
    <p class='ocr_par' dir='ltr' id='par_1_119' title="bbox 2311 5631 3830 5704">
     <span class='ocr_line' id='line_1_120' title="bbox 2311 5631 3830 5704; baseline 0.001 -22"><span class='ocrx_word' id='word_1_1004' title='bbox 2311 5638 2330 5666; x_wconf 83' lang='grc'><strong>²</strong></span> <span class='ocrx_word' id='word_1_1005' title='bbox 2365 5641 2492 5704; x_wconf 36' lang='grc' dir='ltr'><strong>ιον...</strong></span> <span class='ocrx_word' id='word_1_1006' title='bbox 2517 5641 2836 5704; x_wconf 60' lang='lat' dir='ltr'><strong>praeterquam</strong></span> <span class='ocrx_word' id='word_1_1007' title='bbox 2875 5633 3018 5694; x_wconf 80' lang='lat' dir='ltr'><strong>quod.</strong></span> <span class='ocrx_word' id='word_1_1008' title='bbox 3047 5634 3208 5693; x_wconf 77' lang='lat' dir='ltr'><strong>Abest,</strong></span> <span class='ocrx_word' id='word_1_1009' title='bbox 3232 5631 3378 5696; x_wconf 86' lang='lat' dir='ltr'><strong>quod,</strong></span> <span class='ocrx_word' id='word_1_1010' title='bbox 3397 5633 3459 5682; x_wconf 84' lang='lat' dir='ltr'><strong>ab</strong></span> <span class='ocrx_word' id='word_1_1011' title='bbox 3483 5640 3584 5682; x_wconf 72' lang='lat' dir='ltr'><strong>Ain.</strong></span> <span class='ocrx_word' id='word_1_1012' title='bbox 3622 5638 3696 5682; x_wconf 81' lang='lat' dir='ltr'><strong>Er.</strong></span> <span class='ocrx_word' id='word_1_1013' title='bbox 3729 5641 3782 5683; x_wconf 86' lang='lat' dir='ltr'><strong>et</strong></span> <span class='ocrx_word' id='word_1_1014' title='bbox 3802 5645 3830 5682; x_wconf 73' lang='grc' dir='ltr'><strong>ι</strong></span> 
     </span>
    </p>
   </div>
   <div class='ocr_carea' id='block_1_120' title="bbox 2249 5703 3776 5824">
    <p class='ocr_par' dir='ltr' id='par_1_120' title="bbox 2249 5703 3776 5824">
     <span class='ocr_line' id='line_1_121' title="bbox 2249 5703 2591 5756; baseline -0.003 -13"><span class='ocrx_word' id='word_1_1015' title='bbox 2249 5703 2591 5756; x_wconf 76' lang='lat' dir='ltr'><strong>manuscripns.</strong></span> 
     </span>
     <span class='ocr_line' id='line_1_122' title="bbox 2315 5753 3776 5824; baseline 0.002 -22"><span class='ocrx_word' id='word_1_1016' title='bbox 2315 5757 2334 5824; x_wconf 58' lang='grc' dir='ltr'><em>ξ</em></span> <span class='ocrx_word' id='word_1_1017' title='bbox 2371 5766 2466 5824; x_wconf 70' lang='lat' dir='ltr'><strong>tun.</strong></span> <span class='ocrx_word' id='word_1_1018' title='bbox 2494 5763 2546 5824; x_wconf 76' lang='lat' dir='ltr'><strong>et</strong></span> <span class='ocrx_word' id='word_1_1019' title='bbox 2567 5761 2639 5802; x_wconf 78' lang='lat' dir='ltr'><strong>Er.</strong></span> <span class='ocrx_word' id='word_1_1020' title='bbox 2667 5762 2718 5804; x_wconf 86' lang='lat' dir='ltr'><strong>et</strong></span> <span class='ocrx_word' id='word_1_1021' title='bbox 2739 5767 2910 5824; x_wconf 85' lang='lat' dir='ltr'><strong>omnes</strong></span> <span class='ocrx_word' id='word_1_1022' title='bbox 2935 5753 3124 5824; x_wconf 37' lang='lat' dir='ltr'><strong>ttss.,.si</strong></span> <span class='ocrx_word' id='word_1_1023' title='bbox 3145 5765 3385 5824; x_wconf 67' lang='lat' dir='ltr'><strong>negemus.</strong></span> <span class='ocrx_word' id='word_1_1024' title='bbox 3597 5817 3606 5824; x_wconf 86' lang='lat'>_</span> <span class='ocrx_word' id='word_1_1025' title='bbox 3673 5815 3686 5824; x_wconf 90' lang='lat'>_</span> <span class='ocrx_word' id='word_1_1026' title='bbox 3767 5813 3776 5822; x_wconf 39' lang='lat'><em>.</em></span> 
     </span>
    </p>
   </div>
   <div class='ocr_carea' id='block_1_121' title="bbox 2316 5815 3812 5881">
    <p class='ocr_par' dir='ltr' id='par_1_121' title="bbox 2316 5815 3812 5881">
     <span class='ocr_line' id='line_1_123' title="bbox 2316 5815 3812 5881; baseline 0.001 -17"><span class='ocrx_word' id='word_1_1027' title='bbox 2316 5817 2335 5846; x_wconf 78' lang='grc'><strong>⁸</strong></span> <span class='ocrx_word' id='word_1_1028' title='bbox 2371 5823 2496 5880; x_wconf 62' lang='lat'><strong>3135.,</strong></span> <span class='ocrx_word' id='word_1_1029' title='bbox 2521 5815 2658 5864; x_wconf 86' lang='lat' dir='ltr'><strong>homo</strong></span> <span class='ocrx_word' id='word_1_1030' title='bbox 2673 5823 2881 5865; x_wconf 68' lang='lat' dir='ltr'><strong>rxtenor</strong></span> <span class='ocrx_word' id='word_1_1031' title='bbox 2900 5815 3150 5866; x_wconf 67' lang='lat' dir='ltr'><strong>novissinw</strong></span> <span class='ocrx_word' id='word_1_1032' title='bbox 3173 5815 3270 5878; x_wconf 75' lang='lat' dir='ltr'><strong>die,</strong></span> <span class='ocrx_word' id='word_1_1033' title='bbox 3293 5817 3467 5866; x_wconf 76' lang='lat' dir='ltr'><strong>omissa</strong></span> <span class='ocrx_word' id='word_1_1034' title='bbox 3487 5815 3734 5881; x_wconf 53' lang='lat' dir='ltr'><strong>tertianis,</strong></span> <span class='ocrx_word' id='word_1_1035' title='bbox 3764 5815 3812 5865; x_wconf 77' lang='lat' dir='ltr'><strong>in</strong></span> 
     </span>
    </p>
   </div>
  </div>
