4202 6580
360 377 464 435 9.97

356 510 477 548 mur
516 503 575 549 et
608 490 878 563 iubemur,
910 495 971 545 ut
1007 488 1113 545 duo
1156 488 1258 544 ista
1286 486 1673 558 eompleamus.
1706 485 1774 541 Et
1815 482 1951 539 forte

356 583 627 657 generalis
654 581 941 654 prohibitio
968 590 1050 637 est
1068 623 1083 648 ,
1113 579 1236 635 Non
1264 579 1588 649 concupisces
1616 575 1809 651 (Exod.
1840 592 1913 631 xx
1936 616 1951 640 ,

362 677 486 749 l7);
517 684 569 731 et
593 674 857 747 generalis
891 674 1083 745 jussio,
1126 670 1323 744 Diliges
1353 670 1530 743 (Deut.
1558 685 1642 741 vi,
1680 668 1759 737 5).
1802 666 1955 724 Unde

360 771 591 826 hrcvitcr
618 778 673 824 et
706 767 979 839 apostolus
1006 766 1202 823 Paulus
1245 764 1476 836 quedam
1520 763 1642 818 loco
1671 771 1954 831 utrumque

358 862 669 930 complexus
697 869 799 916 est.
826 858 1122 915 Prohibitio
1148 859 1291 914 enim
1313 866 1416 922 est,
1442 855 1618 911 Nolite
1645 853 1954 925 conformari

356 955 475 1007 ltuic
499 953 684 1008 sterqu
709 968 726 1006 :
741 951 914 1022 jussio
940 960 1140 1015 autem,
1170 949 1277 1006 Sed
1304 947 1654 1021 reformantini
1677 947 1692 979 ⁸
1720 947 1772 1000 in
1815 945 1957 999 novi-

358 1055 458 1098 tate
485 1044 663 1098 mentis
689 1051 864 1099 uestra
888 1041 1067 1115 (Rom.
1099 1058 1194 1108 xu,
1223 1041 1302 1114 2).
1332 1040 1467 1096 lllud
1492 1039 1723 1110 pertinet
1750 1037 1816 1093 ad
1847 1053 1953 1093 non

357 1138 773 1206 concupiscere;
819 1136 960 1202 hoc,
987 1135 1052 1191 ad
1082 1135 1339 1205 diligere;
1384 1133 1520 1189 illud
1562 1131 1629 1187 ad
1671 1131 1953 1187 continen-

360 1229 486 1282 tiam
507 1245 521 1294 ;
546 1228 648 1284 hoc
671 1228 737 1283 ad
758 1227 1021 1299 justitiam
1046 1243 1062 1292 ;
1092 1226 1220 1283 illud
1241 1226 1307 1281 ad
1329 1223 1701 1281 declinandum
1723 1239 1751 1276 a
1779 1222 1950 1288 malo;

358 1317 459 1373 hoc
482 1360 496 1384 ,
563 1318 629 1373 ad
684 1317 984 1375 faciendum
1050 1316 1273 1373 bonum.
1340 1314 1456 1372 Non
1525 1313 1954 1385 concupiscendo

358 1415 500 1466 enim
548 1419 814 1466 vetustate
857 1409 1241 1480 exspoliamur,
1289 1416 1347 1464 et
1396 1406 1632 1462 novitate
1683 1405 1955 1461 induimur

355 1504 645 1575 diligendo.
691 1502 799 1558 Sed
836 1516 938 1558 nec
976 1502 1259 1574 quisquam
1288 1507 1464 1571 potest
1503 1499 1783 1555 continens
1808 1513 1950 1565 esse,

357 1597 460 1651 nisi
508 1597 647 1651 Deus
698 1595 790 1651 det
837 1591 859 1668 (
886 1593 1017 1664 Sap.
1076 1608 1211 1660 vnt,
1240 1591 1306 1648 2!
1337 1592 1393 1664 ),
1452 1598 1511 1648 et
1566 1589 1802 1646 charitas
1856 1589 1953 1646 Dei

355 1689 671 1744 ditl'unditur
695 1688 747 1742 iu
776 1686 1029 1742 cordibus
1056 1685 1275 1752 nostris,
1297 1699 1405 1741 non
1432 1698 1531 1755 per
1548 1698 1649 1739 nos
1669 1682 1834 1753 ipsos,
1856 1681 1953 1739 sed

356 1795 455 1849 per
475 1778 726 1850 Spiritum
746 1785 989 1833 sanctum
1011 1778 1103 1848 qui
1126 1775 1283 1832 datus
1304 1782 1390 1831 est
1409 1773 1568 1830 nobis
1588 1772 1765 1846 (Rom.
1785 1788 1841 1839 ν,
1868 1772 1950 1843 5).

357 1873 471 1927 lloc
511 1882 689 1927 autem
721 1870 783 1926 fit
823 1870 892 1926 de
919 1870 1007 1926 die
1048 1870 1104 1925 in
1146 1868 1288 1925 diem
1318 1867 1373 1924 in
1415 1866 1484 1925 iis
1515 1866 1608 1938 qui
1634 1864 1866 1922 volendo
1898 1871 1955 1921 et

356 1963 628 2019 credendo
653 1972 711 2019 et
744 1961 1042 2018 invocando
1069 1959 1387 2033 proﬁciunt,
1419 1969 1472 2016 et
1500 1957 1770 2030 praeterita
1813 1956 1953 2013 obli-

355 2074 377 2105 ι
393 2056 624 2111 iscentes
639 2055 691 2110 in
708 2071 769 2111 ea
785 2069 903 2125 quae
918 2064 1043 2110 ante
1063 2061 1189 2109 sunt
1207 2049 1570 2109 extenduntur
1588 2047 1848 2125 (Philipp.
1871 2063 1946 2116 ιιι,

357 2146 469 2220 15).
503 2146 585 2202 Ad
625 2144 728 2201 hoc
756 2145 900 2201 enim
937 2145 1024 2202 lex
1071 2144 1169 2200 ista
1202 2141 1483 2215 praecipit,
1517 2148 1576 2197 ut
1615 2154 1740 2197 cum
1769 2140 1823 2196 in
1864 2138 1955 2202 his

356 2236 643 2308 implendis
688 2236 849 2291 homo
873 2233 1133 2292 defecerit
1155 2275 1171 2298 ,
1203 2249 1313 2289 non
1356 2246 1427 2301 se
1452 2231 1674 2292 extollat
1701 2233 1950 2306 superbia

357 2326 622 2395 tumidus,
656 2328 752 2384 sed
796 2326 866 2383 ad
893 2328 1118 2399 gratiam
1147 2323 1423 2402 confugiat
1461 2328 1748 2400 fatigatus;
1777 2342 1842 2383 ac
1869 2326 1951 2382 sic

355 2437 480 2477 eum
509 2421 594 2477 lex
622 2418 894 2497 terrendo,
920 2418 986 2481 ad
1014 2424 1285 2481 Christum
1310 2421 1641 2495 diligendum
1671 2418 1948 2492 pmdagogi

357 2515 618 2590 perducat
640 2517 839 2576 oflicio.
1728 2575 1733 2579 .

424 2610 653 2669 CAPUT
680 2609 768 2666 Vl.
790 2608 1223 2665 —Ratiocinatio
1256 2608 1341 2665 l2.
1396 2625 1418 2661 ι
1450 2605 1668 2670 lterum.
1699 2619 1948 2676 quaeren-

354 2704 482 2758 dum
509 2713 611 2768 est,
648 2721 669 2756 ι
716 2702 922 2772 inquit,
957 2720 976 2753 ι
1011 2700 1277 2772 quomodo
1305 2715 1410 2755 non
1448 2708 1620 2770 potest
1649 2696 1808 2753 homo
1831 2695 1951 2751 sine

358 2806 575 2865 peccato
588 2793 1035 2860 esse;voluntatc,
1060 2809 1126 2847 an
1152 2804 1358 2848 natura.
1376 2790 1431 2848 Si
1451 2801 1655 2857 natura,
1675 2798 1949 2859 peccatum

356 2904 462 2943 non
484 2897 567 2942 est
589 2904 604 2941 :
626 2888 669 2942 si
701 2886 991 2949 voluntate,
1024 2884 1273 2955 perfacile
1298 2892 1476 2956 potest
1499 2880 1950 2938 voluntasvolun-

359 2989 468 3036 tate
510 2980 726 3035 mutari.
765 2999 786 3034 ›
821 2979 1234 3049 Respondemus
1254 3020 1268 3043 ,
1294 2978 1645 3033 admonentes
1663 2990 1783 3032 esse
1806 2975 1954 3046 cogi-

361 3073 580 3127 tandum
600 3082 793 3142 quanta
810 3073 877 3128 sit
897 3073 994 3128 ista
1018 3072 1380 3142 prtesumptio,
1398 3085 1498 3140 qua
1519 3069 1712 3125 dicitur
1734 3083 1842 3124 non
1864 3083 1955 3125 so-

356 3163 468 3220 lum
494 3179 647 3233 posse
660 3164 823 3234 (quod
835 3163 1049 3234 quidem
1063 3162 1344 3232 adiuvante
1355 3162 1519 3233 gratia
1539 3161 1632 3217 Dei
1649 3159 1951 3232 negandum

361 3272 469 3312 non
514 3259 620 3326 cst)
640 3297 655 3320 ,
687 3255 782 3310 sed
809 3258 970 3311 etiam
997 3255 1239 3329 perfacile
1263 3268 1411 3327 posse
1436 3254 1744 3310 voluntatem
1768 3253 1953 3308 uolun-

359 3360 462 3403 tate
500 3350 683 3402 mutari
716 3365 736 3403 :
771 3364 892 3403 cum
918 3349 1060 3403 dicat
1095 3348 1389 3419 Apostolus
1412 3389 1428 3414 ,
1469 3345 1601 3403 Caro
1641 3345 1954 3417 concupiscit

358 3439 598 3494 adversus
640 3440 912 3507 spiritum,
956 3445 1002 3494 et
1049 3438 1259 3510 spiritus
1305 3438 1545 3493 adversus
1581 3452 1784 3492 carnem
1806 3454 1825 3490 :
1846 3435 1955 3492 [nec

358 3537 494 3585 enim
533 3532 746 3586 invicem
792 3532 1166 3597 adversantur;
1211 3540 1266 3586 ut
1304 3547 1407 3587 non
1442 3548 1503 3586 ea
1548 3547 1660 3603 quat
1683 3531 1834 3586 vultis
1872 3535 1955 3603 fa-

358 3626 503 3679 ciatis
544 3624 759 3699 (Galat.
791 3641 852 3695 γ,
880 3626 1011 3699 Π).
1052 3624 1170 3682 Non
1213 3625 1356 3682 enim
1407 3625 1513 3693 ait,
1542 3622 1693 3681 .litec
1742 3625 1954 3680 invicem

358 3718 705 3784 adversantur,
735 3729 791 3772 ut
826 3734 946 3789 qua:
973 3718 1199 3790 potestis
1226 3716 1404 3773 facere
1424 3760 1440 3781 ,
1489 3717 1669 3772 nolitis
1691 3733 1705 3770 :
1726 3715 1821 3771 sed
1841 3756 1860 3783 ,
1899 3723 1954 3771 ut

360 3825 463 3864 non
506 3827 566 3864 ea
607 3825 722 3881 qum
759 3810 910 3865 vultis
940 3810 1162 3883 finiatis.
1206 3808 1314 3864 Cur
1352 3823 1480 3881 ergo
1522 3807 1953 3879 concupiscentia

357 3900 573 3957 carnis:
604 3916 720 3972 qum
764 3901 945 3973 utique
991 3901 1270 3972 culpabilis
1312 3909 1472 3972 atque
1501 3899 1694 3956 vitiosa
1720 3908 1837 3965 est,
1868 3899 1953 3954 ui-

360 3996 540 4067 hilque
568 3996 816 4058 estaliud
846 4011 1003 4066 quam
1032 3995 1352 4051 desiderium
1383 3995 1610 4067 peccati,
1637 3992 1778 4066 Quod
1810 3992 1950 4051 idem

357 4087 636 4160 apostolus
662 4088 901 4159 pra-cipit
923 4128 938 4153 ,
973 4103 1040 4143 ne
1078 4096 1264 4159 regnet
1293 4087 1344 4141 in
1377 4095 1560 4143 nostro
1591 4085 1800 4141 mortali
1830 4099 1953 4141 eor-

359 4196 494 4250 pore
542 4179 715 4254 (Rom.
742 4197 814 4248 γι,
851 4182 970 4254 12);
1001 4182 1089 4236 ubi
1115 4185 1245 4237 satis
1269 4181 1505 4238 ostendit
1531 4195 1651 4237 esse
1678 4189 1854 4236 tamen
1895 4179 1950 4235 in

358 4280 545 4328 nostro
582 4273 790 4327 mortali
834 4289 1092 4343 corpore,
1122 4273 1263 4345 quod
1295 4272 1706 4344 permittendum
1749 4287 1852 4327 non
1882 4271 1954 4327 sit

357 4376 417 4421 ut
446 4374 785 4438 regnetzcur
834 4382 963 4437 ergo
1005 4367 1105 4422 ista
1142 4367 1568 4436 concupiscentia
1600 4380 1705 4420 non
1751 4372 1949 4418 mutata

353 4467 441 4515 est
469 4474 531 4513 ea
562 4459 869 4523 voluntate,
910 4474 1070 4529 quam
1121 4441 1445 4514 voluntatem
1500 4458 1632 4513 satis
1674 4456 1951 4514 evidenter

354 4550 623 4621 expressit
651 4551 937 4620 Apostolus
961 4550 1178 4617 dicens,
1202 4560 1256 4604 ut
1293 4567 1394 4604 non
1422 4566 1482 4604 ea
1522 4564 1637 4622 qua:
1676 4547 1827 4603 uultis
1870 4552 1951 4617 fa-

353 4643 537 4708 ciatis;
566 4643 611 4698 si
636 4641 789 4697 facile
818 4650 992 4713 potest
1019 4641 1265 4697 voluntas
1291 4642 1563 4697 voluntate
1584 4639 1815 4696 mutari?
1839 4638 1951 4695 Nec

352 4748 487 4789 sane
515 4732 617 4788 isto
658 4732 821 4788 modo
865 4743 1108 4789 naturam
1133 4775 1148 4799 ,
1180 4733 1292 4789 sive
1320 4732 1513 4787 animae
1535 4774 1551 4801 ,
1603 4732 1717 4787 sive
1758 4745 1952 4803 corpo-

354 4825 467 4890 ris,
522 4840 681 4895 quam
729 4824 870 4880 Deus
914 4826 1154 4891 creavit,
1200 4835 1255 4881 et
1314 4840 1434 4895 quae
1482 4831 1593 4879 tota
1648 4823 1788 4879 bona
1830 4831 1945 4890 est,

352 4931 668 4972 accusamus
690 4934 703 4971 :
726 4917 820 4973 sed
850 4932 969 4972 eam
998 4916 1226 4974 dicimus
1253 4916 1465 4987 propria
1492 4915 1768 4972 voluntate
1796 4914 1951 4971 vitia-

352 5018 488 5074 tam,
516 5008 632 5064 sine
665 5010 757 5065 Dei
788 5011 956 5080 gratia
982 5025 1087 5065 non
1118 5024 1272 5081 posse
1298 5008 1497 5065 sanari.

428 5092 775 5149 Ratiocinatio
807 5096 893 5151 15.
924 5114 943 5148 ι
974 5094 1166 5150 lterum
1189 5136 1206 5161 ,
1244 5113 1263 5147 ι
1289 5094 1381 5160 ait,
1419 5111 1439 5146 ι
1470 5092 1814 5163 quaerendum
1845 5102 1948 5158 est,

353 5183 399 5239 si
426 5200 531 5255 nep
555 5194 731 5253 potest
755 5184 917 5241 homo
936 5186 1051 5241 sine
1074 5193 1291 5256 peccato
1313 5199 1453 5254 esse,
1483 5183 1637 5255 cujus
1656 5184 1810 5255 culpa
1829 5191 1915 5239 est
1932 5200 1950 5252 ;

354 5277 593 5346 ipsiusne
617 5277 849 5333 hominis
870 5321 884 5346 ,
904 5294 969 5332 an
992 5279 1276 5349 cujuslibet
1306 5278 1527 5333 alterius
1552 5293 1567 5330 :
1590 5278 1632 5332 si
1662 5277 1832 5346 ipsius
1848 5274 1951 5331 ho-

352 5368 535 5433 minis,
554 5368 822 5439 quomodo
841 5369 994 5439 culpa
1013 5368 1245 5424 hominis
1264 5377 1369 5437 cst,
1392 5370 1435 5423 si
1459 5368 1559 5424 hoc
1577 5384 1682 5423 non
1703 5376 1785 5423 est
1806 5366 1951 5439 quod

352 5476 474 5515 esse
500 5476 605 5515 non
638 5460 847 5532 potest?
900 5480 917 5514 ι
959 5460 1390 5532 RcSpondemus,
1444 5461 1561 5517 ideo
1591 5477 1710 5516 esse
1736 5462 1950 5534 culpam

354 5553 609 5621 hominis,
630 5552 773 5624 quod
791 5570 893 5608 non
913 5556 1125 5611 estsine
1145 5565 1383 5626 peccato,
1409 5555 1528 5626 quia
1563 5555 1676 5609 sola
1718 5555 1949 5610 hominis

354 5646 629 5700 voluntate
675 5644 871 5700 factum
910 5658 993 5701 est
1033 5657 1093 5702 ut
1138 5647 1204 5703 ad
1236 5646 1392 5725 istam
1442 5649 1814 5703 necessitatem
1853 5662 1949 5703 ve-

414 5787 431 5807 '
469 5787 628 5848 Mli,
694 5787 1028 5859 renovat-ninia
1073 5796 1131 5840 At
1197 5796 1326 5853 Itss.,
1384 5789 1757 5855 reformamint;
1812 5794 1952 5857 juxta

354 5860 583 5912 gramm,
608 5849 1087 5913 mctamorphoitstlte.

705 5956 976 6015 ΡΑτιιοι..
1014 5951 1229 6014 XLIV.

1187 372 1275 430 DE
1314 369 1794 429 PERFECTIONE
1835 366 2164 425 JUSTlTlAS
2206 367 2481 425 IIUMINIS
2521 368 2747 425 ιιΒι-ῖιι.

3550 391 3657 450 2Ἷ3

2066 481 2244 552 niret,
2290 499 2448 555 quam
2502 486 2611 540 sola
2675 486 2906 543 hominis
2952 488 3197 545 voluntas
3241 504 3499 563 superare
3548 509 3654 549 non

2065 576 2250 645 possit.

2135 665 2474 724 Rutiacinatio
2507 671 2590 725 M.
2630 690 2648 723 ι
2691 672 2916 743 lterum,
2955 694 2972 727 ι
3004 674 3098 741 ait,
3131 693 3149 727 ι
3180 675 3523 745 qumrendum
3546 685 3646 740 est,

2062 758 2106 814 si
2125 767 2308 815 natura
2338 760 2567 816 hominis
2597 763 2732 817 bona
2771 775 2886 833 est,
2915 766 3056 834 quod
3098 768 3272 822 nullus
3311 785 3503 839 negare
3542 769 3645 824 nisi

2063 849 2403 907 Marcionaut
2432 854 2751 911 Manichzcus
2780 858 3013 926 audebit,
3041 860 3308 930 quomodo
3328 862 3483 929 igitur
3512 861 3650 917 bona

2062 944 2173 1003 est,
2203 938 2246 991 si
2276 938 2416 992 malo
2441 939 2488 992 ci
2514 954 2698 995 carere
2730 957 2833 995 non
2861 951 2945 997 est
2971 944 3260 1012 possibile?
3288 943 3458 1000 Omne
3505 948 3648 1001 enim

2064 1040 2337 1099 peccatum
2361 1033 2556 1088 malum
2597 1049 2717 1090 esse
2738 1036 2856 1106 quis
2877 1036 3112 1092 dubitet?
3146 1057 3163 1089 ι
3211 1037 3613 1107 Respondemus
3635 1082 3649 1104 ,

2060 1131 2117 1177 et
2142 1131 2385 1177 naturam
2406 1125 2636 1181 hominis
2652 1126 2843 1181 bonam
2874 1142 3012 1193 esse,
3043 1139 3091 1184 et
3132 1144 3248 1183 eam
3291 1131 3432 1185 malo
3471 1144 3656 1186 carere

2063 1230 2237 1284 posse.
2260 1215 2390 1271 Nam
2439 1218 2560 1274 ideo
2584 1219 2898 1288 clamamus,
2922 1221 3100 1275 Libera
3116 1240 3206 1277 nos
3228 1240 3257 1277 α
3273 1226 3407 1279 malo
3440 1208 3651 1296 (Matth.

2059 1323 2133 1375 vr,
2158 1307 2243 1380 1⁸5)
2264 1327 2276 1363 :
2298 1311 2439 1382 quod
2463 1328 2568 1367 non
2588 1313 2877 1384 perficitur,
2893 1316 3141 1385 quamdiu
3164 1331 3357 1386 corpus
3378 1318 3516 1387 quod
3531 1332 3649 1371 cor.

2060 1402 2343 1473 rumpitur,
2375 1416 2625 1476 aggravat
2667 1408 2899 1462 animam
2932 1407 3103 1481 (Sap.
3136 1426 3209 1475 Ix,
3245 1412 3311 1466 15
3333 1412 3372 1481 ).
3407 1413 3509 1467 Sed
3545 1414 3644 1468 hoc

2059 1493 2234 1564 agitur
2249 1496 2415 1566 gratia
2447 1512 2542 1568 per
2562 1497 2745 1563 ﬁdem,
2776 1507 2833 1554 ut
2855 1500 3142 1571 aliquando
3166 1501 3392 1571 dicatur,
3429 1502 3527 1558 Ubi
3555 1516 3649 1567 cst,

2059 1602 2216 1654 mors,
2247 1591 2498 1645 contentio
2525 1593 2655 1646 tua?
2678 1594 2763 1647 ubi
2788 1602 2879 1659 est,
2913 1611 3071 1657 mors,
3101 1596 3309 1650 aculeus
3336 1597 3492 1657 tuus?
3516 1598 3653 1652 Aru-

2061 1676 2168 1734 leus
2202 1689 2373 1735 autem
2408 1684 2586 1739 mortis
2632 1694 2928 1755 peccatum;
2969 1687 3128 1741 virtus
3163 1703 3279 1742 vero
3321 1689 3538 1759 peccati,
3572 1693 3656 1744 te:

2060 1768 2103 1843 (Ι
2128 1767 2246 1827 Cor.
2280 1786 2390 1841 xv,
2416 1772 2519 1841 55,
2546 1774 2659 1847 5G).
2697 1775 2961 1844 Quoniam
3002 1776 3087 1832 lex
3118 1776 3451 1847 prohibendo
3492 1792 3652 1849 anget

2058 1862 2264 1931 peccati
2291 1862 2633 1935 cupiditatem
2660 1908 2674 1932 ,
2717 1867 2818 1922 nisi
2861 1867 3123 1923 diffundat
3165 1868 3396 1940 Spiritus
3422 1870 3655 1926 charita-
3755 1896 3761 1903 -

2060 1960 2190 2022 tem,
2221 1970 2341 2026 qua:
2366 1955 2523 2027 plena
2549 1966 2605 2013 et
2633 1958 2868 2035 perfecta
2894 1967 3023 2020 tunc
3043 1960 3176 2032 erit,
3203 1977 3327 2022 cum
3357 1961 3655 2023 videbimus

2059 2043 2193 2101 facie
2217 2044 2283 2104 ad
2313 2044 2524 2111 faciem.

2128 2142 2465 2201 Ratiocinatio
2494 2146 2582 2203 15.
2611 2165 2632 2200 ι
2664 2146 2736 2204 Ει
2759 2147 2883 2218 hoc,
2911 2167 2931 2203 ι
2960 2149 3150 2222 inquit,
3174 2168 3195 2204 t
3213 2150 3499 2209 dicendum
3526 2162 3606 2208 cst
3632 2171 3648 2209 :

2055 2231 2404 2304 Certejustus
2426 2244 2510 2292 est
2530 2237 2690 2306 Deus;
2712 2239 2894 2311 negari
2913 2241 3056 2296 enim
3084 2255 3189 2297 non
3211 2250 3405 2313 potest.
3424 2241 3652 2316 Imputat

2053 2334 2233 2381 autem
2249 2325 2389 2382 Deus
2403 2325 2603 2385 homini
2619 2343 2780 2386 omne
2793 2341 3091 2402 peccatum.
3105 2330 3176 2388 Et
3191 2333 3292 2389 hoc
3305 2349 3515 2406 quoque
3525 2349 3655 2390 con-

2057 2416 2315 2474 fitendum
2342 2426 2489 2491 puto,
2509 2421 2630 2493 quia
2652 2436 2830 2494 neque
2850 2432 3124 2494 peccatum
3141 2433 3244 2493 est,
3267 2425 3522 2497 quidquid
3544 2442 3650 2483 non

2056 2506 2405 2574 imputabitur
2441 2510 2494 2567 in
2524 2521 2824 2582 peccatum.
2852 2514 2922 2571 Et
2947 2514 2994 2571 si
3027 2525 3111 2572 est
3135 2514 3348 2588 aliquod
3374 2528 3651 2590 peccatum

2055 2603 2201 2677 quod
2233 2604 2388 2660 vitari
2420 2620 2526 2661 non
2554 2606 2752 2677 possit,
2779 2608 3048 2679 quomodo
3063 2608 3240 2681 justus
3266 2609 3409 2666 Deus
3431 2608 3652 2677 dicitur,

2057 2699 2101 2753 si
2130 2696 2397 2769 imputare
2423 2698 2669 2769 cuiquam
2710 2699 2970 2767 creditur,
2999 2701 3143 2773 quod
3183 2702 3335 2757 vitari
3377 2717 3483 2757 non
3524 2716 3661 2774 pos-.
3728 2688 3739 2691 ⁷

2055 2788 2165 2846 sit?
2201 2808 2221 2844 ι
2255 2789 2661 2861 Respondemus
2682 2833 2698 2859 ,
2723 2790 2836 2862 jam
2866 2793 2993 2850 olim
3035 2801 3220 2849 contra
3250 2795 3509 2866 superbos
3532 2809 3655 2851 esse

2056 2880 2364 2947 clamatum,
2394 2880 2585 2937 Beatus
2612 2882 2696 2935 cui
2719 2898 2820 2937 non
2848 2884 3156 2955 imputavit‘
3187 2883 3438 2941 Dominus
3468 2902 3650 2957 percn-

2057 2982 2165 3028 tum
2189 2971 2361 3048 (Psal.
2391 2992 2543 3039 χχιιι,
2575 2977 2656 3048 2).
2684 2976 2800 3033 Νοιι
2827 2977 2969 3032 enim
3000 2976 3226 3048 imputat
3253 2976 3337 3034 his
3361 2977 3450 3049 qui
3480 2976 3655 3033 lideli-

2061 3073 2144 3121 ter
2168 3066 2218 3121 ei
2248 3066 2460 3133 dicunt,
2492 3067 2706 3123 Dimitte
2732 3068 2876 3123 nobis
2903 3069 3069 3123 debita
3098 3079 3271 3143 nostra
3290 3111 3304 3134 ,
3334 3070 3462 3124 sicut
3486 3079 3530 3122 et
3562 3084 3654 3122 nos

2057 3156 2359 3214 dimittintus
2378 3159 2687 3215 debitoribus
2714 3162 2897 3216 nostris
2928 3160 3138 3232 (Matth.
3171 3177 3242 3227 vt,
3277 3160 3387 3232 12).
3420 3160 3484 3214 Et
3508 3161 3651 3230 juste

2059 3265 2165 3305 non
2197 3250 2442 3322 imputat,
2475 3252 2594 3321 quia
2621 3252 2825 3322 justum
2866 3263 2948 3308 est
2977 3251 3117 3323 quod
3147 3253 3257 3317 ait,
3291 3250 3355 3305 In
3383 3268 3484 3324 qna
3508 3267 3647 3305 menv

2057 3359 2179 3398 sura
2201 3343 2360 3398 mensi
2382 3344 2599 3415 fueritis,
2629 3345 2680 3399 in
2718 3345 2894 3400 eadem
2920 3345 3205 3399 remetietur
3232 3344 3369 3400 vobis
3402 3341 3511 3416 (Id.
3541 3359 3635 3405 vn.

2059 3434 2144 3507 2).
2178 3436 2457 3490 Peccatum
2487 3446 2571 3493 est
2610 3448 2787 3493 autem
2810 3480 2825 3506 ,
2858 3452 2977 3493 cum
3023 3439 3104 3493 vel
3146 3454 3250 3493 non
3290 3449 3377 3494 est
3420 3436 3654 3494 Charitas

2058 3544 2177 3598 quae
2201 3542 2322 3584 esse
2349 3530 2507 3583 debet
2527 3571 2541 3593 ,
2572 3530 2653 3584 vel
2694 3530 2870 3586 minor
2895 3538 2979 3586 est
3003 3545 3161 3601 quam
3191 3530 3381 3596 debet,
3410 3532 3522 3586 sive
3548 3530 3649 3584 lim:

2057 3620 2331 3677 voluntate
2349 3621 2501 3676 vitari
2532 3623 2716 3691 possit,
2740 3624 2853 3679 sive
2873 3639 2980 3680 non
3008 3625 3211 3695 possit:
3235 3626 3357 3696 quia
3386 3626 3428 3680 si
3450 3637 3648 3696 potest,

2060 3729 2298 3786 praesens
2319 3717 2558 3771 voluntas
2583 3716 2683 3773 hoc
2709 3717 2834 3773 facit
2857 3734 2872 3773 :
2893 3718 2936 3772 si
2967 3727 3144 3775 autem
3172 3734 3276 3774 non
3305 3727 3498 3790 potest,
3524 3707 3650 3790 pra:-

2059 3808 2215 3863 terita
2246 3809 2490 3863 voluntas
2520 3814 2618 3864 hoc
2648 3808 2804 3874 fecit;
2832 3819 2887 3865 et
2916 3820 3092 3867 tamen
3123 3811 3277 3867 vitari
3311 3820 3513 3881 potest,
3544 3827 3650 3865 non

2059 3899 2274 3970 quando
2300 3899 2547 3955 voluntas
2572 3901 2800 3970 superba
2826 3901 3089 3970 laudatur,
3115 3900 3211 3959 sed
3237 3901 3451 3974 quando
3478 3902 3650 3958 ltum:-

2061 3991 2127 4046 lis
2151 3991 2454 4062 adiuvatur.

2128 4084 2354 4140 CAPUT
2384 4084 2492 4139 VII.
2524 4115 2596 4127 —-
2630 4083 2963 4141 Ratiocinatio
2997 4086 3080 4142 16.
3128 4086 3255 4143 Post
3296 4086 3410 4142 haec
3449 4085 3541 4143 ille
3560 4102 3649 4157 ψη

2058 4176 2158 4231 ista
2191 4176 2529 4244 conscripsit,
2554 4176 2837 4232 introducit
2860 4193 3141 4248 personam
3168 4162 3317 4233 suam
3349 4178 3497 4249 quasi
3528 4194 3646 4231 cna-.-

2056 4270 2228 4327 altero
2251 4269 2631 4341 disputantem,
2664 4280 2719 4325 et
2745 4272 2865 4326 facit
2890 4287 2950 4327 se
2971 4272 3309 4343 interrogari,
3338 4283 3392 4326 et
3420 4280 3651 4342 quasiat:

2060 4364 2423 4436 interrogante
2444 4363 2695 4421 sibidici:
2723 4363 2801 4419 Da
2823 4366 2948 4420 mihi
2974 4367 2996 4398 ³
3018 4367 3269 4421 hominem
3291 4367 3400 4421 sine
3426 4377 3628 4438 peccat..-

2060 4456 2127 4512 Et
2145 4457 2434 4527 respondet
2462 4456 2577 4513 :Do
2603 4456 2691 4511 tibi
2715 4475 2802 4529 qut
2827 4475 2934 4513 esse
2963 4460 3138 4529 possit.
3172 4458 3240 4515 Et
3262 4474 3449 4515 mrsus
3476 4458 3544 4515 ab
3570 4461 3650 4515 in.

2058 4557 2364 4620 terrogante
2385 4550 2577 4605 dicitur
2596 4551 2644 4606 ei
2677 4569 2691 4603 :
2725 4550 2850 4617 Quts
2869 4553 2979 4608 est?
3006 4552 3375 4625 Etrcspondet
3400 4572 3414 4609 :
3438 4551 3558 4625 Ipse
3577 4565 3651 4606 tu.

2061 4638 2213 4707 Quod
2238 4641 2282 4694 si
2310 4640 2522 4705 dixeris,
2551 4636 2745 4712 inquit,
2777 4640 2890 4715 Ego
2918 4660 3025 4699 esse
3051 4661 3150 4699 non
3174 4661 3375 4715 possunt
3400 4660 3418 4697 :
3444 4659 3656 4714 mpetu

2057 4731 2280 4787 dendum
2310 4732 2584 4812 est,_Cujus
2629 4732 2783 4804 culpa
2816 4735 2925 4790 est?
2970 4735 3122 4801 Quod
3156 4735 3200 4792 si
3234 4735 3444 4801 dixeris,
3488 4734 3608 4790 Mea
3641 4750 3660 4785 .-

2058 4827 2325 4883 dicendum
2348 4838 2443 4893 est,
2487 4829 2552 4882 Iit
2581 4829 2831 4895 quomodo
2860 4840 2948 4883 tua
2975 4840 3069 4897 est,
3097 4830 3140 4883 si
3168 4844 3277 4883 esse
3305 4846 3403 4881 non
3431 4839 3570 4898 potes
3593 4830 3607 4839 '
3633 4832 3656 4877 't

2057 4919 2254 4975 lterum
2281 4917 2409 4975 facit
2434 4935 2493 4976 se
2532 4920 2847 4991 interrogari
2879 4930 2934 4975 et
2960 4920 3066 4976 dici
3097 4920 3197 4976 sibi
3233 4937 3247 4974 :
3283 4921 3358 4973 'lu
3396 4920 3506 4992 ipse
3547 4922 3657 4974 siue

2059 5021 2264 5080 peccato
2293 5027 2364 5075 es,
2413 5010 2503 5082 qui
2543 5011 2669 5064 dicis
2695 5012 2946 5065 hominem
2971 5012 3081 5066 sine
3110 5023 3311 5083 peccato
3333 5028 3439 5066 esse
3468 5012 3658 5084 ρων-ἓ

2058 5104 2127 5159 Ει
2152 5102 2443 5173 respondet
2467 5120 2480 5157 :
2506 5101 2658 5167 Quod
2672 5119 2772 5156 non
2798 5119 2909 5157 sum
2934 5103 3044 5158 sine
3065 5113 3287 5175 peccato,
3332 5104 3479 5176 cujus
3502 5110 3657 5169 culpa

2059 5197 2177 5251 est?
2209 5196 2359 5263 Quod
2384 5195 2426 5251 si
2453 5195 2657 5259 dixerit,
2706 5194 2895 5266 inquit,
2943 5195 3054 5251 Tua
3094 5207 3164 5251 est
3198 5213 3215 5250 :
3245 5198 3655 5267 respondendum

2059 5298 2153 5357 est,
2185 5286 2451 5355 Quomodo
2479 5303 2610 5351 mea,
2639 5274 2684 5341 si
2708 5304 2814 5342 esse
2833 5305 2933 5343 non
2955 5306 3161 5361 possum
3181 5290 3209 5344 ?
3225 5289 3334 5345 Nos
3360 5290 3656 5359 responde.-

2059 5396 2201 5448 mus,
2230 5381 2434 5436 nullum
2461 5395 2584 5435 eum
2620 5378 2700 5436 eis
2724 5380 2791 5435 de
2823 5381 2905 5436 his
2933 5380 3111 5437 verbis
3136 5396 3256 5436 esse
3290 5380 3491 5436 debere
3526 5397 3657 5432 nou.

2060 5462 2262 5530 flictitm
2286 5490 2300 5528 :
2323 5473 2445 5545 quia
2467 5487 2573 5528 non
2594 5480 2677 5528 est
2702 5488 2866 5529 ausus
2890 5472 3071 5529 dicere
3100 5472 3374 5529 hominem
3398 5486 3518 5527 esse
3540 5471 3653 5526 sine

2124 5671 2143 5704 ι
2178 5675 2227 5717 tn
2250 5675 2382 5732 Mss,
2400 5663 2668 5732 impntabit.
2691 5672 2854 5732 ϐςειξεε
2879 5673 2973 5730 est,
2995 5664 3228 5732 logisetai.

2123 5733 2145 5763 ²
2179 5730 2386 5779 \‘aticani
2410 5736 2512 5777 Mss.
2532 5763 2547 5788 ,
2568 5728 2655 5777 das
2678 5728 2814 5779 milii.

2126 5794 2147 5826 ³
2180 5799 2314 5855 Lov..
2345 5790 2389 5840 si
2427 5791 2527 5839 inse
2566 5792 2668 5841 sine
2705 5800 2900 5855 peccato
2930 5804 3031 5844 esse
3064 5804 3160 5842 non
3201 5802 3345 5855 pares.
3391 5787 3655 5848 nedmdat,

2062 5856 2164 5920 ipse
2183 5854 2285 5907 sine
2310 5860 2522 5918 peccato,
2548 5866 2642 5905 nec
2667 5854 2743 5904 est
2767 5856 2813 5904 iu
2838 5863 2945 5905 Mss.
