4202 6526
571 370 671 424 299

567 495 802 555 peccato,
833 484 911 538 vel
941 483 1191 553 aliquem,
1227 477 1308 535 vel
1337 492 1396 535 se
1435 477 1627 547 ipsum,
1653 474 1745 531 sed
1784 471 2150 530 tantummodo

567 592 685 632 esse
740 590 917 647 posse,
960 570 1264 643 rcSpondit;
1319 568 1460 639 quod
1512 581 1685 638 neque
1725 580 1823 621 nos
1875 578 2147 637 negamus.

578 669 801 737 Quando
828 676 1004 724 autem
1028 665 1215 736 possit,
1248 670 1304 719 et
1330 676 1426 731 per
1449 675 1605 731 quem
1641 658 1830 729 possit,
1862 656 1964 713 hoc
2004 672 2151 726 qua:-

569 763 722 815 ritur.
742 760 795 814 Si
825 760 967 813 enim
992 756 1150 811 modo
1164 766 1264 817 est,
1295 768 1400 808 non
1417 750 1561 806 omni
1577 750 1768 805 animm
1798 748 1941 803 fideli
1971 749 2154 817 posita:

573 853 623 905 in
651 864 875 920 corpore
904 848 1090 903 mortis
1118 846 1274 916 hujus
1294 842 1555 899 orandum
1592 849 1676 897 est
1697 881 1714 909 ,
1756 850 1809 895 et
1831 838 2116 895 dicendum
2139 881 2152 904 ,

576 942 779 995 Dimitte
807 939 949 993 nobis
985 938 1148 993 debita
1180 944 1354 990 nostra
1381 949 1401 990 :
1426 947 1548 989 cum
1580 931 1696 1003 jam
1725 929 1780 985 in
1825 938 2010 986 sancto
2057 929 2159 984 Ba—

569 1034 764 1104 ptismo
800 1032 1045 1086 universa
1083 1028 1283 1083 fuerint
1315 1024 1533 1082 dimissa
1578 1023 1865 1094 praeterita.
1906 1020 2159 1091 Quisquis

568 1135 745 1179 autem
781 1122 1036 1178 membris
1075 1120 1322 1175 fidelibus
1340 1117 1539 1174 Christi
1586 1116 1688 1172 hoc
1717 1130 1822 1170 non
1859 1128 1979 1170 esse
2002 1129 2161 1167 oran-

568 1219 716 1287 dum,
743 1216 1060 1286 persuadere
1084 1221 1332 1279 conatur,
1376 1210 1510 1267 nihil
1534 1209 1676 1265 aliud
1705 1224 1864 1281 quam
1899 1223 1958 1264 se
1986 1208 2159 1280 ipsum

568 1310 915 1364 christianum
950 1323 1055 1364 non
1090 1321 1213 1363 esse
1241 1304 1543 1376 profitetur.
1586 1304 1755 1359 Porro
1784 1302 1829 1357 si
1860 1317 1956 1373 per
1975 1318 2034 1357 se
2080 1301 2162 1371 ip-

568 1417 685 1454 sum
731 1409 906 1469 potest
956 1399 1117 1454 homo
1146 1412 1271 1454 esse
1311 1395 1427 1451 sine
1476 1401 1715 1465 peccato,
1768 1409 1886 1469 ergo
1929 1392 2162 1449 Christus

570 1492 732 1563 gratis
754 1502 983 1545 mortuus
1004 1498 1076 1546 est
1107 1488 1313 1563 (Galat.
1342 1503 1402 1553 ιι,
1431 1486 1548 1558 21).
1604 1484 1721 1542 Non
1773 1493 1951 1540 autem
1995 1485 2164 1555 gratis

571 1585 820 1639 Christus
865 1593 1108 1639 murtuus
1130 1589 1215 1638 est
1244 1596 1260 1634 :
1287 1596 1394 1636 non
1425 1580 1587 1651 igitur
1630 1587 1806 1649 potest
1845 1576 2006 1633 homo
2046 1593 2165 1633 esse

570 1677 689 1730 sine
718 1683 954 1745 peccato,
992 1674 1151 1727 etiam
1178 1671 1222 1726 si
1252 1670 1399 1738 velit,
1429 1670 1531 1725 nisi
1563 1668 1845 1740 adjuvetur
1871 1667 2037 1738 gratia
2066 1667 2165 1723 Dei

573 1785 670 1838 per
693 1766 873 1822 Jesuiu
898 1763 1164 1819 Christum
1193 1764 1477 1819 Dominum
1501 1770 1764 1818 nostrum.
1789 1760 1940 1830 Quod
1965 1771 2021 1814 ut
2047 1775 2167 1831 per-

572 1860 810 1921 tiriatur,
862 1868 918 1912 et
970 1855 1191 1911 nuncin
1243 1852 1645 1924 proficientibus
1695 1853 1890 1922 agitur,
1936 1861 1989 1907 et
2019 1861 2165 1914 omni

571 1952 729 2004 modo
772 1948 1096 2020 iinplehitur,
1144 1946 1490 2003 contentione
1534 1943 1724 1999 mortis
1750 1942 2063 2012 absumpta,
2112 1951 2169 1997 et

570 2044 827 2098 charitate
853 2059 972 2111 qua:
993 2039 1260 2096 credendo
1280 2048 1334 2095 et
1354 2036 1623 2108 sperando
1652 2038 1905 2105 nutritur,
1932 2035 2167 2091 videndo

573 2143 626 2188 et
651 2133 939 2189 obtinendo
971 2131 1226 2201 perfecta.

642 2224 867 2280 CAPUT
898 2223 1030 2279 Vlll.
1057 2253 1128 2263 —
1153 2223 1241 2277 l7.
1276 2221 1476 2278 Deinde
1498 2221 1726 2277 instituit
1757 2223 1775 2255 ¹
1796 2222 1993 2278 divinis
2013 2222 2168 2278 texti-

572 2315 768 2372 moniis
793 2331 950 2384 agere
974 2312 1117 2385 quod
1146 2312 1374 2393 intendit
1406 2312 1593 2383 :quod
1626 2314 1785 2383 quale
1823 2314 1912 2380 sit,
1943 2314 2166 2385 diligen-

572 2407 680 2461 tius
705 2405 1062 2460 advertamus.
1085 2422 1105 2455 ι
1126 2402 1477 2468 Testimonia,
1496 2427 1517 2459 ι
1534 2404 1722 2474 inquit,
1742 2404 1962 2475 «quibus
1977 2406 2170 2475 proba-

573 2508 660 2553 tur
688 2505 1010 2567 prwceptnm
1040 2510 1161 2552 esse
1200 2495 1403 2551 homini
1430 2505 1489 2551 ut
1516 2495 1721 2567 absque
1763 2507 1987 2567 peccato
2014 2499 2101 2554 sit.
2141 2518 2163 2552 s

574 2590 652 2644 Ad
717 2589 820 2645 hoc
858 2587 1296 2659 restioudemus:
1330 2587 1447 2645 Non
1494 2597 1673 2644 utrum
1724 2597 2049 2659 prmeeptum
2099 2594 2171 2645 sit

569 2678 853 2757 quaeritur,
879 2676 1024 2750 quod
1051 2677 1207 2735 valde
1233 2676 1576 2735 manifestum
1602 2688 1719 2745 est;
1747 2679 1841 2735 sed
1870 2680 1971 2736 hoc
1994 2680 2165 2751 ipsum

572 2769 713 2841 quod
741 2778 1066 2841 prteceptum
1097 2784 1219 2825 esse
1240 2777 1472 2837 constat,
1501 2779 1673 2825 utrum
1696 2771 1748 2825 in
1776 2787 2004 2843 corpore
2026 2790 2169 2827 mur-

576 2864 645 2919 tis
669 2862 827 2933 hujus
852 2863 1019 2934 possit
1047 2860 1384 2933 impleri,ubi
1406 2877 1531 2917 caro
1546 2864 1882 2934 concupiscit
1904 2864 2167 2922 adversus

574 2954 840 3026 spiritum,
873 2963 925 3009 et
948 2953 1167 3025 spiritus
1189 2952 1444 3011 adversus
1462 2968 1709 3022 carnem,
1742 2963 1800 3009 ut
1828 2971 1932 3009 non
1960 2971 2023 3011 ea
2049 2972 2168 3026 quae

576 3047 821 3100 volumus
847 3044 1120 3100 faciamus.
1154 3045 1229 3101 De
1247 3059 1356 3115 quo
1382 3059 1609 3114 corpore
1630 3045 2022 3119 mortishujus,
2058 3061 2166 3101 non

577 3136 753 3190 munis
778 3135 1035 3192 liberatur
1058 3135 1147 3205 qui
1174 3135 1289 3190 finit
1332 3135 1470 3190 banc
1493 3134 1680 3201 vitam,
1723 3136 1815 3192 sed
1845 3136 1937 3207 qui
1980 3137 2033 3191 in
2065 3135 2170 3193 hac

575 3229 680 3281 vita
711 3226 1264 3297 susceperitgratiam,
1310 3234 1366 3281 et
1390 3241 1458 3282 ne
1478 3226 1531 3281 in
1564 3241 1756 3281 vanum
1796 3226 2052 3298 suscipiat
2073 3227 2168 3283 bo-

577 3318 661 3371 nis
690 3317 938 3387 operibus
962 3317 1149 3388 egerit.
1175 3315 1331 3372 Aliud
1359 3326 1442 3372 est
1474 3316 1636 3379 enim,
1660 3317 1808 3373 exire
1829 3317 1897 3374 de
1921 3317 2024 3373 hoc
2046 3333 2168 3374 cor-

578 3422 728 3476 pore.
755 3408 894 3478 quod
932 3423 1119 3463 omnes
1156 3407 1399 3464 homines
1437 3407 1553 3463 dies
1598 3409 1720 3463 vitae
1765 3409 1923 3478 hujus
1949 3410 2166 3466 ultimus

577 3498 719 3568 cogit
747 3516 760 3553 :
790 3498 930 3553 aliud
958 3506 1042 3553 est
1086 3506 1285 3566 autem,
1326 3499 1539 3555 liberari
1591 3499 1659 3554 de
1708 3515 1935 3570 corpore
1977 3502 2167 3558 mortis

576 3589 907 3661 hujus,un
936 3591 1047 3646 sola
1083 3590 1176 3646 Dei
1201 3591 1370 3662 gratia
1407 3605 1501 3661 per
1521 3590 1702 3647 Jesum
1730 3590 2003 3649 Christum
2052 3594 2165 3649 Do-

578 3682 776 3735 minum
825 3692 1066 3737 nostrum
1115 3683 1315 3739 sanctis
1368 3692 1422 3739 et
1477 3682 1725 3738 fidelibus
1769 3684 1886 3755 ejus
1928 3684 2169 3754 impertit

575 3772 748 3841 (Itoni.
782 3788 877 3835 vu,
902 3773 993 3838 ‘24,
1019 3770 1141 3843 25.)
1188 3772 1315 3828 Post
1340 3771 1481 3828 hanc
1518 3782 1694 3828 autem
1742 3775 1905 3830 vitam
1959 3790 2167 3831 merces

581 3862 863 3931 pcrlieicns
886 3858 1152 3929 redditur,
1199 3864 1294 3919 sed
1341 3868 1420 3920 eis
1449 3873 1652 3920 tantum
1681 3880 1708 3918 a
1739 3867 1932 3936 quibus
1969 3866 2021 3922 in
2068 3867 2166 3923 hac

577 3955 681 4008 vita
722 3955 957 4024 ejusdem
1009 3943 1273 4012 mercedis
1321 3958 1570 4013 meritum
1624 3966 1987 4026 comparatur.
2047 3958 2164 4014 Non

576 4047 718 4102 enim
746 4048 809 4102 ad
842 4049 1173 4103 saturitatem
1195 4049 1438 4120 justitite,
1470 4050 1742 4106 cumhinc
1769 4052 1978 4118 exierit,
2021 4052 2166 4123 quis-

522 4124 545 4138 “
576 4154 681 4211 que
706 4139 995 4209 perveniet,
1032 4141 1134 4195 nisi
1161 4140 1227 4195 ad
1245 4155 1365 4196 eam
1387 4156 1508 4196 cum
1542 4140 1633 4195 hic
1658 4152 1759 4207 est,
1802 4142 2088 4197 esuriendo
2112 4152 2167 4198 et

578 4229 805 4286 sitiendo
850 4232 1163 4286 cucurrerit.
1208 4230 1354 4286 Beati
1383 4232 1579 4302 quippe
1621 4231 1709 4303 qui
1750 4232 1977 4287 esuriant
2012 4243 2060 4288 et
2095 4235 2166 4288 si-

580 4321 707 4376 tiunt
732 4322 1003 4393 justitiam,
1032 4322 1266 4389 quoniam
1291 4323 1390 4394 ipsi
1406 4322 1988 4396 saturaltuutur(MattIt.
2008 4340 2059 4392 v,
2082 4324 2161 4395 9).

545 4400 564 4489 ”,
653 4414 741 4470 l8.
787 4413 1048 4480 Quamdiu
1095 4428 1223 4484 ergo
1267 4414 1664 4485 peregrinantes
1711 4429 1742 4469 a
1786 4414 2013 4471 Domino
2067 4432 2165 4486 per

530 4494 553 4539 .’
581 4506 736 4561 tidem
762 4491 1115 4569 ambulamus,
1148 4519 1250 4557 nou
1280 4519 1376 4574 per
1399 4504 1632 4574 Speciem
1677 4504 1756 4575 (ll
1777 4504 1895 4559 εον,
1922 4522 1975 4573 ν,
2005 4508 2059 4569 6ν
2084 4508 2161 4578 7),

580 4597 721 4654 unde
746 4597 943 4651 dictum
967 4606 1067 4661 ρει,
1096 4594 1276 4651 Justus
1303 4613 1365 4651 ex
1410 4597 1512 4667 ﬁde
1552 4597 1668 4651 vivit
1696 4597 1938 4671 (Habac.
1972 4616 2042 4667 ιι,
2071 4599 2160 4673 4);

581 4691 696 4745 lucc
713 4698 797 4745 est
822 4698 1000 4743 nostra
1038 4688 1088 4741 in
1122 4686 1233 4757 ipsa
1267 4687 1692 4757 peregrinatione
1727 4689 1953 4759 justitia,
1995 4701 2051 4745 ut
2096 4692 2163 4748 ad

580 4784 722 4839 illam
758 4780 1137 4853 perfectionem
1166 4781 1653 4851 plenitudinemque
1690 4782 1926 4852 justitite,
1975 4784 2064 4840 ubi
2107 4785 2171 4840 in

578 4872 757 4945 specie
784 4873 994 4928 decoris
1037 4872 1152 4941 ejus
1201 4872 1311 4941 jam
1364 4871 1516 4942 plena
1560 4880 1615 4927 et
1662 4872 1894 4942 perfecta
1931 4875 2163 4932 charitas

581 4970 723 5031 erit;
775 4982 915 5023 nunc
936 4967 1100 5035 ipsius
1165 4980 1353 5021 cursus
1397 4965 1713 5022 rectitudine
1753 4977 1807 5023 et
1836 4968 2164 5039 perfectione

581 5058 881 5124 tendamus,
932 5056 1240 5126 castigando
1286 5071 1480 5125 corpus
1523 5068 1763 5114 nostrum
1810 5067 1865 5114 et
1917 5061 2162 5116 servituti

580 5148 933 5219 subjiciendo,
966 5156 1021 5202 et
1044 5147 1410 5218 cleemosynas
1453 5147 1508 5203 in
1546 5149 1737 5206 dandis
1759 5150 2057 5219 beneflciis,
2107 5162 2162 5208 et

579 5237 907 5293 dimittendis
946 5251 1065 5306 qum
1096 5237 1146 5291 in
1178 5253 1273 5291 nos
1313 5247 1437 5293 sunt
1464 5239 1747 5295 commissa
1779 5243 2028 5311 peccatis,
2073 5243 2161 5298 bi-

582 5334 760 5384 lar.le
804 5338 857 5384 et
895 5344 961 5384 ex
1012 5328 1174 5384 corde
1217 5330 1476 5395 faciendo,
1519 5341 1572 5387 et
1593 5333 1923 5389 orationibus
1962 5334 2159 5390 indesi-

582 5433 770 5477 nenter
792 5420 1068 5487 instando;
1098 5430 1152 5477 ct
1182 5421 1295 5476 ha-e
1323 5422 1561 5477 faciendo
1586 5424 1608 5455 ²
1639 5424 1690 5479 ἱιι
1721 5424 1962 5481 doctrina
2006 5443 2157 5494 sana,

583 5530 682 5583 qua
714 5512 1003 5569 :rdificatur
1029 5512 1157 5567 fides
1185 5523 1353 5580 recta,
1383 5529 1502 5583 spes
1532 5515 1702 5582 firma,
1745 5515 1979 5572 char’tzis
2008 5500 2156 5590 pura.

643 5694 658 5723 ¹
696 5699 794 5740 nuo
816 5697 941 5751 3138.,
960 5689 1189 5753 deinceps
1212 5688 1425 5753 instituit.

642 5757 662 5785 ¹
695 5759 747 5820 tu
770 5750 934 5820 editis,
952 5750 1269 5820 indesinenter
1293 5752 1549 5820 fuit»:anth
1572 5762 1616 5820 et
1659 5754 1747 5820 hoc
1773 5757 2006 5820 ﬁtt‘it’lttlo.
2026 5771 2076 5811 Al
2113 5762 2160 5811 in

584 5825 669 5862 uss
696 5852 706 5869 ,
730 5812 1045 5864 indesinenter
1070 5812 1304 5877 instando,
1325 5822 1367 5864 et
1392 5816 1495 5866 lucc
1517 5818 1753 5880 metendo.

1814 357 1869 412 S.
1913 354 2273 412 AUGUSTiNl
2316 354 2607 413 h'l’lSCtll’l

3746 365 3852 423 300

2268 474 2389 529 llmc
2417 485 2496 529 est
2523 489 2663 531 nunc
2687 485 2865 531 nostra
2900 476 3138 545 ju..titia,
3181 490 3283 545 qua
3304 477 3570 534 currimus
3609 480 3852 538 esurien-

2269 576 2347 622 tes
2369 576 2423 622 et
2447 568 2687 622 sitientes
2711 568 2775 622 ad
2808 568 3187 637 perfect-onem
3234 568 3721 640 plenitudinemque
3756 571 3846 642 ju-

2265 658 2444 725 stitize,
2490 666 2549 712 ut
2591 673 2655 713 ea
2708 667 2892 727 postea
2941 667 3261 714 saturemur.
3303 658 3457 716 Unde
3500 660 3758 717 Dominus
3796 665 3848 719 in

2267 748 2556 818 Evangelia
2580 762 2702 803 cum
2741 748 2984 813 dixisset,
3035 746 3212 803 Nolite
3246 749 3412 820 facere
3444 751 3704 822 justitiam
3743 769 3851 808 ves-

2266 848 2396 893 (ram
2420 857 2589 894 coram
2616 838 2919 904 hominibus,
2947 849 3004 894 ut
3038 841 3308 895 videamini
3331 840 3392 895 ab
3416 842 3489 897 eis
3510 842 3725 913 (Matth.
3777 861 3849 910 vt,

2270 932 2356 1002 l);
2396 947 2463 987 ne
2490 932 2647 986 istum
2688 940 2932 985 nostrum
2975 945 3192 986 cursum
3235 931 3341 987 fine
3380 931 3629 989 humanae
3666 934 3854 1005 gloriae

2267 1022 2598 1089 metiremur,
2642 1037 2748 1077 non
2773 1030 2857 1078 est
2882 1021 2936 1079 in
2960 1024 3294 1094 expositione
3317 1023 3540 1095 iustitia:
3565 1025 3733 1095 ipsius
3758 1041 3825 1080 ex

2267 1123 2501 1181 secutus,
2525 1115 2626 1169 nisi
2645 1116 2743 1170 tria
2759 1116 2880 1184 ista,
2930 1116 3212 1188 jejunium,
3242 1117 3633 1191 eleemosynas,
3655 1120 3856 1175 oratio.

2270 1221 2399 1260 nes:
2426 1205 2633 1275 jejunio
2675 1206 2879 1263 scilicet
2916 1208 3221 1265 universam
3258 1210 3502 1278 corporis
3546 1209 3853 1281 castigatio.

2270 1314 2391 1352 nem
2420 1298 2726 1367 significans
2745 1317 2762 1366 ;
2784 1299 3165 1371 eleemosynis,
3191 1314 3405 1355 omnem
3425 1300 3855 1378 benevolentiam
3875 1360 3894 1378 λ

2268 1399 2324 1444 et
2347 1391 2774 1459 beneficentiam,
2805 1392 2890 1446 vel
2928 1391 3110 1457 dandi,
3145 1390 3229 1445 vel
3258 1391 3602 1462 ignoscendi;
3650 1402 3706 1447 et
3735 1376 3902 1473 ora”:

2271 1479 2413 1535 tione
2446 1481 2721 1537 insinuans
2766 1496 2956 1539 omnes
2994 1481 3215 1554 regulas
3255 1481 3424 1538 sancti
3473 1482 3771 1539 desiderii:
3801 1494 3887 1540 ut‘

2268 1575 2518 1644 quoniam
2558 1575 2613 1629 in
2650 1574 3005 1645 castigatione
3037 1575 3278 1645 corporis
3322 1574 3563 1631 frenatur
3603 1578 3858 1648 coneupi-
3908 1562 3917 1567 ’

2268 1668 2495 1732 scentia,
2517 1682 2635 1737 qua:
2660 1683 2768 1723 non
2795 1667 3016 1736 frenari,
3039 1668 3135 1724 sed
3162 1667 3381 1723 omnino
3402 1682 3523 1726 esse
3544 1684 3650 1724 non
3675 1669 3856 1736 debet,

2272 1776 2369 1814 nec
2390 1760 2491 1815 erit
2531 1762 2585 1815 in
2611 1761 2702 1815 illa
2744 1760 3074 1831 perfectione
3106 1759 3345 1831 iustitiae,
3374 1760 3465 1816 ubi
3505 1760 3712 1816 nullum
3756 1761 3860 1817 erit

2269 1851 2494 1906 omnino
2524 1859 2835 1920 peccatum;
2871 1860 2926 1907 et
2945 1866 3090 1921 saepe
3116 1851 3172 1906 in
3199 1865 3300 1906 usu
3328 1865 3508 1907 rerum
3534 1852 3695 1907 etiam
3725 1865 3858 1905 con-

2269 1958 2541 1997 cessurum
2593 1954 2755 2015 atque
2793 1943 3053 1999 licitamm
3111 1944 3313 1999 exserit
3361 1942 3858 1999 immoderationem

2272 2048 2463 2090 suam:
2492 2034 2549 2089 in
2584 2035 2698 2105 ipsa
2723 2050 2849 2091 vera
2878 2036 3229 2092 beneficentia
3273 2052 3375 2107 qua
3411 2037 3589 2106 justus
3629 2036 3862 2093 consulit

2268 2125 2539 2194 proximo,
2577 2125 2823 2195 quaedam
2875 2126 3010 2181 fiunt
3043 2141 3161 2197 quze
3207 2126 3406 2191 obsint,
3458 2141 3578 2182 eum
3604 2127 3863 2197 prodesse

2274 2223 2451 2285 putata
2480 2216 2623 2282 sint;
2665 2224 2722 2272 et
2766 2217 3055 2288 aliquando
3080 2233 3176 2287 per
3205 2216 3593 2286 inﬁmitatem,
3620 2217 3706 2274 vel
3739 2232 3861 2274 cum

2272 2308 2448 2364 minus
2472 2308 2671 2366 sufflcit
2690 2310 2709 2343 ί
2737 2310 3142 2365 necessitatibus
3170 2310 3397 2366 aliorum
3418 2351 3434 2378 ,
3461 2310 3545 2365 vel
3579 2324 3771 2381 parum
3810 2309 3863 2364 in

2272 2401 2350 2456 eis
2373 2401 2601 2471 proficit,
2652 2403 2793 2473 quod
2820 2403 3160 2474 benignitatis
3187 2418 3251 2458 ac
3276 2403 3474 2460 laboris
3513 2403 3861 2474 impenditur,

2272 2496 2510 2565 subrepit
2542 2495 2783 2561 tzedium,
2830 2511 2937 2566 quo
2969 2495 3203 2550 fuscetur
3242 2494 3503 2560 hilaritas,
3546 2494 3599 2549 in
3638 2511 3745 2566 qua
3773 2494 3865 2550 da-

2273 2594 2443 2640 torem
2486 2586 2658 2658 diligit
2704 2588 2845 2643 Deus
2889 2586 2956 2658 (ll
2979 2585 3099 2643 Cor.
3144 2602 3216 2651 ix,
3266 2588 3361 2659 7);
3405 2587 3648 2657 subrepit
3681 2597 3863 2643 autem

2274 2685 2422 2745 tanto
2446 2677 2633 2754 magis,
2661 2686 2861 2747 quanto
2886 2677 3064 2732 minus
3092 2678 3337 2748 quisque,
3381 2685 3437 2732 et
3477 2687 3623 2733 tanto
3662 2681 3864 2746 minus,

2270 2777 2471 2839 quanto
2500 2770 2667 2839 magis
2688 2770 3012 2840 profecerit:
3040 2772 3122 2823 his
3155 2780 3315 2839 atque
3340 2770 3643 2839 huiusmodi
3677 2772 3862 2826 consi-

2271 2860 2490 2919 deratis.
2519 2862 2711 2915 merito
2734 2861 2789 2916 in
2818 2860 3059 2916 oratione
3092 2860 3341 2929 dicimus,
3375 2860 3585 2915 Dimitte
3608 2862 3755 2916 nobis
3780 2863 3867 2916 de-

2271 2953 2371 3006 bita
2397 2964 2589 3019 nostra,
2632 2955 2762 3007 sicut
2782 2964 2830 3009 et
2867 2969 2961 3009 nos
2992 2954 3292 3009 dimittimus
3318 2953 3623 3008 debitoribus
3656 2956 3862 3009 nostris.

2271 3045 2326 3099 Si
2354 3052 2528 3097 tamen
2558 3044 2698 3113 quod
2725 3044 2954 3100 dicimus
2977 3086 2993 3106 ,
3045 3044 3323 3109 faciamus,
3353 3052 3413 3098 ut
3439 3045 3523 3099 vel
3555 3045 3654 3115 ipsi
3700 3047 3862 3101 etiam

2270 3136 2554 3205 diligantur
2581 3137 2778 3191 inimici
2804 3153 2818 3191 :
2849 3136 2932 3190 vel
2964 3137 3006 3190 si
3035 3136 3315 3206 quisquam
3356 3136 3533 3191 adhuc
3560 3138 3613 3191 in
3647 3137 3865 3193 Christo

2271 3225 2522 3296 parvulus
2554 3229 2654 3281 hoc
2702 3226 2940 3282 nondum
2988 3226 3147 3293 facit;
3181 3226 3462 3296 ponitenti
3509 3235 3683 3283 tamen
3723 3228 3864 3298 quod

2273 3318 2324 3373 in
2355 3335 2476 3373 eum
2504 3319 2733 3389 quisque
2759 3321 3018 3389 peccavit,
3047 3328 3104 3374 et
3132 3319 3613 3389 veniam‘petenti,
3646 3333 3713 3374 ex
3741 3319 3861 3374 inti-

2270 3426 2359 3465 mo
2388 3412 2563 3464 enrdis
2590 3412 2845 3480 ignoscat,
2898 3412 2944 3467 si
2965 3411 3078 3466 vult
3113 3421 3175 3466 ut
3215 3411 3333 3482 ejus
3375 3414 3671 3467 orationem
3705 3412 3864 3468 Pater

2267 3502 2502 3557 caelestis
2529 3502 2794 3557 exaudiat.

2344 3615 2431 3669 l9.
2467 3615 2520 3667 lu
2552 3629 2653 3684 qua
2688 3615 2951 3679 oratione,
2997 3614 3044 3670 si
3070 3614 3393 3670 coutentiosi
3429 3629 3550 3669 esse
3591 3614 3860 3680 nolumus,

2268 3707 2397 3761 satis
2419 3707 2571 3760 nobis
2593 3706 2921 3777 propositum
2952 3707 3227 3777 speculum
3265 3716 3368 3774 est,
3411 3706 3501 3763 ubi
3551 3708 3865 3776 inspiciatur

2268 3800 2374 3852 vlta
2410 3797 2694 3867 justormn,
2731 3798 2818 3868 qui
2867 3813 2934 3854 ex
2987 3798 3091 3855 fide
3132 3799 3335 3865 vivunt,
3370 3807 3424 3853 et
3464 3799 3696 3869 perfecte
3740 3815 3855 3855 cur-

2269 3896 2411 3953 runt,
2444 3890 2685 3957 quamvis
2721 3891 2837 3944 sine
2863 3898 3082 3959 peccato
3129 3903 3235 3944 non
3282 3891 3410 3945 sint.
3447 3889 3600 3946 Unde
3638 3890 3859 3958 dicunt,

2270 3980 2480 4035 Dimitte
2519 3982 2696 4047 nobis;
2745 3982 2867 4052 quia
2913 3983 3147 4038 nondum
3178 4000 3283 4053 quo
3324 3983 3556 4038 curritur
3602 3999 3858 4053 pervene-

2269 4083 2410 4127 runt.
2444 4072 2576 4127 Hinc
2602 4073 2729 4128 dicit
2755 4075 3039 4143 Apostolus
3070 4092 3085 4129 :
3116 4073 3235 4129 Non
3267 4075 3387 4145 quia
3403 4075 3517 4146 jam
3553 4076 3855 4145 acceperim.

2269 4176 2358 4220 aut
2368 4167 2481 4237 jam
2510 4168 2758 4238 perfectus
2782 4167 2877 4221 sim
2899 4184 2918 4221 :
2944 4172 3144 4238 fratres,
3168 4184 3259 4239 ego
3279 4184 3358 4223 me
3379 4185 3478 4222 non
3513 4169 3731 4222 arbitror
3760 4187 3854 4235 ap-

2269 4260 2590 4331 prehendisse
2610 4276 2629 4324 ;
2656 4276 2815 4314 unum
2838 4270 3025 4327 autem,
3057 4277 3172 4333 qua:
3200 4271 3331 4315 retro
3353 4261 3553 4326 oblitus,
3583 4262 3634 4314 in
3663 4278 3721 4314 ea
3749 4278 3860 4329 quae

2268 4362 2384 4405 aute
2419 4361 2536 4406 sunt
2576 4362 2824 4418 extentus,
2879 4352 3152 4405 secundum
3191 4352 3517 4406 intentionem
3564 4368 3745 4423 sequor
3789 4353 3855 4406 ad

2268 4445 2490 4516 palmam
2510 4460 2741 4514 supernae
2764 4444 3035 4498 vocationis
3059 4443 3151 4497 Dei
3188 4444 3241 4497 in
3267 4442 3468 4498 Christo
3494 4443 3639 4497 Jesu.
3690 4443 3854 4509 Quot-

2266 4518 2384 4606 quot
2414 4551 2532 4606 ergo
2561 4535 2786 4605 perfecti,
2817 4535 2910 4589 hoc
2938 4535 3194 4606 sapiamus
3225 4533 3482 4607 (Philipp.
3510 4550 3586 4598 ιιι,
3622 4533 3853 4605 1ὶ-15);

2268 4631 2319 4685 id
2363 4638 2464 4696 est,
2505 4638 2763 4699 quotquot
2809 4628 3041 4699 perfecte
3083 4630 3367 4693 currimus,
3413 4630 3515 4685 hoc
3561 4630 3853 4700 sapiamus,

2267 4723 2407 4791 quod
2448 4720 2679 4775 nondum
2719 4718 2943 4790 perfecti
2983 4735 3188 4787 sumus,
3236 4729 3295 4775 ut
3335 4721 3444 4776 illic
3492 4722 3853 4792 perficiantur,

2267 4830 2372 4884 quo
2401 4812 2633 4883 perfecte
2675 4813 2848 4868 adhuc
2892 4813 3156 4869 currimus
3185 4831 3198 4867 :
3226 4824 3284 4868 ut
3312 4828 3435 4869 cum
3476 4815 3681 4869 venerit
3711 4815 3851 4885 quod

2268 4909 2558 4976 perlectum
2585 4912 2686 4971 est,
2731 4903 2875 4975 quod
2899 4920 2964 4961 ex
2995 4914 3145 4975 parte
3178 4913 3258 4959 est
3284 4904 3629 4970 destruatur;
3670 4904 3721 4958 id
3748 4916 3851 4964 est.

2267 5013 2374 5052 non
2396 4996 2505 5067 jam
2535 5013 2598 5052 ex
2638 5006 2790 5067 parte
2810 4998 2896 5063 sit,
2931 4995 3023 5051 sed
3044 5012 3110 5052 ex
3136 5004 3276 5063 toto;
3327 4996 3450 5067 quia
3482 4995 3603 5050 fidei
3638 5003 3694 5051 et
3737 4995 3851 5065 spei

2262 5088 2374 5160 jam
2403 5104 2491 5145 res
2515 5090 2649 5160 ipsa,
2679 5104 2785 5144 non
2806 5105 2925 5160 quae
2947 5088 3196 5145 credatur
3221 5096 3276 5144 et
3302 5100 3566 5159 speretur,
3610 5089 3705 5144 sed
3734 5104 3853 5159 qua:

2265 5185 2510 5240 videatur
2537 5192 2879 5255 teneaturque
2925 5182 3174 5239 succedet
3203 5205 3215 5237 :
3244 5182 3476 5238 charitas
3499 5190 3701 5248 autem,
3733 5196 3851 5253 qua:

2267 5275 2319 5331 in
2352 5275 2435 5329 his
2462 5275 2628 5329 tribus
2650 5273 2819 5343 major
2848 5283 2949 5339 est,
2969 5288 3072 5327 non
3098 5272 3368 5328 auferetur
3395 5270 3575 5345 (lCor.
3609 5287 3725 5337 xm,
3761 5270 3848 5331 10.

2269 5367 2356 5437 l5)
2383 5383 2396 5430 ;
2420 5364 2513 5421 sed
2544 5365 2821 5435 augebitur
2849 5375 2902 5419 et
2931 5364 3234 5435 implebitur
3262 5365 3305 5431 ²,
3336 5363 3687 5435 contemplata
3710 5360 3851 5434 quod

2267 5457 2539 5521 credebat,
2584 5464 2639 5510 et
2664 5456 2804 5527 quod
2832 5456 3081 5526 sperabat
3110 5455 3344 5526 indepta.
3396 5454 3452 5509 In
3484 5470 3587 5527 qua
3614 5454 3851 5526 plenitu-

2333 5654 2347 5686 ι
2394 5655 2465 5703 sic
2509 5653 2676 5716 plures
2726 5653 3051 5716 manuscriptl.
3087 5652 3176 5702 Alii
3218 5666 3329 5703 cum
3377 5654 3538 5712 editis,
3596 5650 3851 5716 sufﬁcitur.

2294 5739 2351 5850 ιτ
2401 5743 2608 5847 amitte
2639 5746 2688 5786 et
2707 5736 2875 5799 plut-cs
2897 5746 3023 5799 Mss,
3055 5749 3151 5787 non
3181 5737 3452 5799 auferatur,
3492 5734 3579 5785 sed
3618 5739 3850 5800 mtqrutttt'

2332 5812 2430 5850 tum
2452 5814 2505 5847 t’(l
2530 5814 2606 5846 ttt‘.

2267 5812 2310 5850 et
2332 5812 2606 5862 ttttptt'tttttr.
