4202 6594
427 372 524 432 30!

425 491 550 546 dine
601 485 874 543 charitatis
918 491 1240 555 prmceptum
1273 479 1405 536 illud
1444 482 1773 548 implebitur,
1811 472 2008 544 Diliges

427 583 703 637 Dominum
720 578 883 634 Deum
910 586 1047 632 tuum
1073 583 1254 631 extoto
1272 571 1425 627 corde
1452 581 1558 638 tuo,
1601 578 1647 624 et
1671 585 1736 625 ea:
1762 578 1866 623 tota
1894 568 2011 620 ani-

425 690 510 728 ma
534 682 643 737 tua,
685 679 732 725 et
755 685 819 725 ea;
842 677 946 724 tota
970 676 1132 735 mente
1169 662 1458 738 tua(Deut.
1485 677 1559 729 vt,
1591 657 1671 733 5).
1716 659 1846 715 Nam
1887 672 2011 713 cum

423 774 507 820 est
535 762 710 817 adhuc
747 759 944 831 aliquid
974 757 1206 815 carnalis
1245 752 1715 823 concupiscentia),
1761 751 1904 822 quod
1926 748 2012 805 vel

429 853 751 911 continendo
798 851 1060 916 frenetur,
1095 865 1204 904 non
1230 846 1377 903 omni
1416 843 1578 901 modo
1605 860 1670 900 cx
1702 852 1809 898 tota
1834 841 2011 897 anima

424 946 660 1016 diligitur
697 944 856 998 Deus.
898 940 1015 997 Non
1061 940 1203 996 enim
1230 953 1357 993 caro
1401 936 1519 992 sine
1539 936 1718 990 anima
1755 932 2013 1003 concupi-

423 1039 545 1103 scit,
592 1036 835 1107 quamvis
885 1049 1012 1089 caro
1048 1031 1429 1110 concupiscere
1464 1029 1693 1096 dicatur,
1733 1028 1857 1099 quia
1887 1042 2012 1082 car-

427 1129 621 1184 naliter
659 1127 836 1181 anima
867 1125 1217 1194 concupiscit.
1247 1122 1397 1177 Tunc
1418 1121 1521 1177 erit
1550 1119 1730 1191 justus
1757 1120 1876 1175 sine
1900 1118 2012 1173 uIIo

423 1219 644 1275 omnino
672 1226 891 1288 peccato
910 1256 925 1281 ,
954 1214 1170 1286 quando
1191 1214 1209 1246 ⁸
1240 1212 1385 1269 nulla
1415 1211 1500 1267 lex
1526 1212 1629 1266 erit
1663 1211 1716 1265 in
1757 1208 2013 1266 membris

423 1313 541 1382 ejus
569 1323 867 1381 repugnans
902 1307 1007 1379 legi
1053 1307 1248 1362 mentis
1274 1305 1395 1376 ejus
1417 1305 1594 1377 (Rom.
1621 1319 1693 1357 vn
1714 1345 1729 1369 ,
1757 1299 1851 1374 25)
1873 1343 1890 1368 ,
1917 1299 2014 1356 sed

424 1417 648 1474 prorsus
695 1411 811 1457 toto
836 1401 1034 1467 corde,
1064 1409 1171 1455 tota
1209 1399 1424 1466 anima,
1457 1408 1563 1456 tota
1602 1409 1783 1454 mente
1829 1396 2016 1468 diliget

424 1494 591 1550 Deum
616 1534 631 1559 ,
677 1492 821 1564 quod
870 1502 954 1547 est
998 1490 1227 1562 primum
1269 1506 1644 1561 summumque
1686 1496 2015 1560 prmeeptum

422 1587 641 1658 (Matth.
673 1602 809 1653 χχιι,
839 1587 930 1653 37,
957 1582 1072 1658 58).
1097 1584 1207 1640 Cur
1229 1600 1359 1657 ergo
1387 1599 1492 1640 non
1520 1584 1900 1655 prmeiperetur
1919 1581 2016 1636 ho-

424 1680 554 1735 mini
597 1681 697 1734 ista
736 1678 1023 1749 perfectio,
1054 1678 1299 1749 quamvis
1321 1692 1439 1733 eam
1472 1677 1526 1731 in
1575 1675 1676 1730 hac
1717 1677 1823 1729 vita
1854 1688 2016 1729 nemo

424 1771 655 1826 habent?
683 1768 798 1825 Non
827 1768 972 1824 enim
1010 1778 1155 1824 recte
1193 1768 1447 1834 curritur,
1478 1768 1521 1824 si
1551 1782 1659 1839 quo
1688 1767 2016 1822 currendum

422 1872 507 1919 est
534 1862 818 1919 nesciatur.
841 1860 1118 1931 Quomodo
1141 1870 1319 1918 autem
1339 1861 1586 1925 sciretur,
1615 1860 1663 1914 si
1690 1860 1850 1915 nullis
1877 1874 2019 1930 pra:-

423 1957 593 2028 ceptis
617 1953 1033 2011 ostenderetur?
1059 1954 1148 2010 Sic
1182 1968 1311 2025 ergo
1337 1967 1617 2010 curramus
1640 1993 1655 2018 ,
1684 1962 1741 2008 ut
1765 1967 2016 2023 compre-

425 2047 740 2103 hendamus.
768 2046 968 2103 Omnes
994 2044 1137 2102 enim
1174 2045 1264 2117 qui
1293 2054 1442 2102 recte
1477 2053 1734 2113 currunt,
1762 2058 2015 2114 compre-

423 2139 694 2196 hendent:
720 2153 831 2193 non
850 2139 988 2194 sicut
1015 2138 1072 2192 in
1096 2152 1267 2208 agone
1283 2137 1564 2204 theatrieo,
1592 2150 1782 2192 omnes
1801 2136 2015 2206 quidem

421 2242 681 2299 currunt,
708 2232 804 2288 sed
848 2247 987 2287 unus
1024 2231 1218 2302 accipit
1254 2230 1485 2303 palmam
1528 2223 1586 2303 (I
1614 2227 1736 2286 Cor.
1767 2245 1842 2294 ιιι,
1876 2228 2013 2300 24).

421 2324 712 2381 Curramus
736 2323 1038 2389 credendo,
1070 2300 1340 2393 sperando
1358 2363 1374 2387 ,
1401 2300 1794 2386 desiderando;
1825 2334 2014 2375 curra-

422 2433 544 2473 mus
567 2433 763 2487 corpus
789 2415 1123 2488 eaStigando,
1150 2426 1205 2471 et
1226 2415 1598 2486 eIeetnosynas
1627 2415 1679 2469 in
1706 2412 1863 2468 bonis
1882 2411 2017 2468 dan-

421 2511 506 2567 dis
534 2511 793 2581 malisque
822 2508 1160 2580 ignoscendis
1183 2549 1201 2577 ,
1248 2507 1489 2563 hilariter
1526 2514 1583 2562 et
1623 2521 1689 2562 ex
1730 2504 1897 2561 corde
1931 2504 2014 2560 fa-

422 2602 634 2668 ciendo,
664 2612 719 2659 et
742 2602 1074 2658 currentium
1096 2601 1241 2656 vires
1260 2608 1319 2655 ut
1345 2598 1665 2670 adjuvantur
1689 2597 1930 2663 orando;
1959 2604 2016 2652 et

421 2696 500 2751 sic
533 2695 812 2750 audiamus
843 2702 1109 2764 praecepta
1144 2690 1518 2763 perfectionis,
1548 2705 1617 2747 ne
1644 2704 1865 2746 currere
1912 2704 2014 2745 ne-

424 2787 691 2859 gligasnus
715 2786 782 2842 ad
808 2784 1191 2857 plenitudinem
1219 2782 1517 2838 charitatis.

494 2877 725 2935 CAPUT
763 2877 856 2933 IX.
890 2906 963 2919 --
998 2876 1091 2933 20.
1121 2876 1213 2931 IIis
1242 2875 1572 2946 praemissis,
1603 2889 1667 2930 ea
1708 2872 2012 2929 testimonia

421 2987 542 3044 qua:
572 2971 748 3042 posuit
792 2971 895 3027 iste
934 2969 1021 3026 cui
1050 2967 1759 3040 respondemus,tanquam
1804 2979 1905 3019 nos
1947 2978 2014 3021 ea

424 3062 829 3132 protulerimus,
861 3060 1148 3131 diligenter
1185 3058 1490 3114 audiamus.
1525 3075 1545 3109 ι
1577 3055 1634 3110 In
1675 3056 2009 3111 Deuterono-

422 3155 531 3210 mio
555 3172 571 3211 :
597 3172 617 3207 ι
662 3153 739 3208 Tu
784 3164 952 3207 autem
1000 3155 1254 3225 perfectus
1301 3150 1399 3204 eris
1428 3165 1598 3204 coram
1638 3147 1859 3203 Domino
1902 3146 2013 3202 Deo

423 3256 508 3301 tuo
537 3245 713 3318 (Deut.
742 3262 889 3312 svnt,
920 3246 1031 3314 I3).
1053 3244 1181 3298 Item
1210 3242 1323 3298 iIIic
1348 3259 1362 3296 :
1385 3240 1453 3295 Et
1473 3258 1572 3295 non
1596 3241 1690 3295 erit
1717 3241 2012 3295 inconsum-

426 3348 592 3393 matus
618 3336 691 3410 (a)
724 3339 777 3392 in
800 3336 923 3408 [iliis
950 3335 1135 3392 Israel.
1164 3334 1293 3391 Item
1334 3334 1576 3391 Salvator
1600 3334 1652 3388 in
1682 3333 2010 3403 Evangelio:

424 3430 600 3486 Estote
628 3431 865 3503 perfecti,
896 3431 1016 3501 quia
1043 3427 1202 3484 Pater
1226 3435 1384 3483 vester
1412 3426 1500 3499 qui
1524 3426 1579 3480 in
1602 3425 1743 3481 caelis
1769 3433 1862 3491 est,
1894 3441 2012 3495 per-

421 3523 582 3593 fectus
608 3532 681 3577 est
712 3521 933 3594 (Matth.
966 3538 1022 3586 ν,
1051 3520 1180 3589 48).
1210 3520 1342 3577 Item
1385 3519 1675 3590 Apostolus
1713 3518 1779 3573 ad
1825 3517 2015 3573 Corin-

424 3613 565 3669 thios
592 3613 824 3668 secunda
851 3630 864 3668 :
890 3611 968 3667 De
1006 3622 1219 3677 cwtcro,
1258 3613 1475 3684 fratres,
1516 3609 1763 3681 gaudete,
1802 3607 2013 3681 perfecti

424 3715 577 3760 estote
605 3704 673 3778 (II
699 3704 815 3759 Cor.
849 3720 970 3771 ιιιιι,
1015 3703 1126 3775 Ii).
1155 3703 1288 3759 Item
1308 3703 1398 3772 'ad
1423 3702 1774 3758 Colossenses
1800 3719 1815 3754 :
1841 3700 2014 3755 Corri-

425 3799 615 3869 pientes
642 3814 838 3852 omnem
866 3780 1139 3861 hominem,
1168 3805 1217 3850 et
1239 3796 1472 3851 docentes
1496 3795 1549 3849 in
1574 3795 1714 3849 omni
1737 3783 2010 3863 sapientia,

421 3903 478 3947 ut
515 3891 835 3947 exhibeamus
881 3907 1082 3945 omnem
1122 3889 1374 3944 hominem
1416 3875 1692 3962 perfe'ctum
1726 3887 1781 3941 in
1809 3884 2011 3942 Christo

424 3984 653 4057 (Coloss.
679 4000 727 4048 ι,
754 3983 872 4053 28).
906 3983 1034 4039 Item
1079 3982 1148 4037 ad
1195 3981 1602 4052 Philippenses:
1631 3979 1815 4035 Omnia
1859 3978 2014 4051 facile

426 4078 540 4132 sine
566 4076 966 4131 murmuratione
1005 4085 1051 4128 et
1081 4074 1431 4140 haesitatione,
1462 4082 1517 4128 ut
1540 4072 1649 4127 sitis
1687 4070 2011 4141 irreprehen-

420 4168 594 4225 sibiles
610 4177 652 4223 et
672 4169 943 4239 simplices,
966 4167 1091 4222 sicut
1106 4167 1202 4236 ﬁlii
1219 4165 1318 4219 Dei
1334 4164 1643 4220 immaculati
1669 4162 1925 4236 (Philipp.
1950 4177 2008 4227 ιι,

423 4262 653 4333 £4.15).
692 4259 823 4315 Item
851 4258 917 4315 ad
958 4254 1220 4328 Ephesios
1246 4274 1259 4310 :
1281 4254 1583 4311 Benedictus
1617 4254 1751 4308 Deus
1778 4262 1826 4308 et
1853 4250 2014 4307 Pater

422 4352 633 4408 Domini
659 4353 819 4407 nostri
856 4351 984 4406 Jesu
1014 4349 1233 4415 Christi,
1262 4349 1348 4420 qui
1373 4348 1625 4403 benedixit
1650 4363 1742 4402 nos
1777 4347 1833 4400 in
1874 4344 2015 4399 omni

421 4445 766 4501 benedictione
805 4441 1089 4515 spirituali,
1120 4442 1174 4496 in
1213 4440 1491 4496 caelestibus
1518 4440 1572 4494 in
1614 4439 1813 4493 Christo
1836 4480 1853 4505 ,
1882 4438 2012 4491 sicut

422 4537 572 4609 elegit
612 4552 703 4591 nos
730 4536 785 4590 in
812 4535 925 4607 ipso
955 4543 1072 4588 ante
1110 4531 1288 4587 mundi
1314 4531 1752 4596 constitutionem,
1792 4538 1849 4583 ut
1874 4544 2010 4583 esse-

421 4646 535 4684 ιιιιιε
557 4628 716 4684 sancti
740 4638 788 4684 et
829 4626 1143 4682 immaculati
1171 4624 1226 4680 in
1266 4633 1538 4696 conspectu
1560 4624 1673 4693 ejus
1700 4621 1919 4696 (Ephes.
1954 4636 2007 4685 ι,

420 4721 478 4788 3,
507 4720 590 4792 4).
621 4720 747 4775 Item
787 4719 855 4774 ad
896 4718 1242 4775 Colossenses
1267 4735 1282 4773 :
1307 4716 1373 4771 Et
1412 4732 1500 4771 vos
1542 4732 1659 4771 cum
1702 4716 1874 4769 essetis
1914 4715 2011 4770 ali-

420 4812 625 4881 quando
670 4812 877 4865 alienati
921 4820 969 4865 et
1013 4810 1203 4865 inimici
1239 4826 1391 4864 sensu
1429 4810 1483 4863 in
1524 4807 1758 4877 operibus
1797 4807 1943 4862 malis
1964 4808 2008 4873 ',

421 4923 558 4961 nunc
583 4916 752 4959 autem
775 4903 1089 4959 reconciliati
1108 4903 1160 4957 in
1190 4918 1402 4971 corpore
1425 4900 1595 4955 carnis
1626 4901 1735 4969 ejus
1760 4917 1850 4971 per
1876 4915 2014 4954 mor-

423 5008 522 5051 tem
550 4998 683 5068 ejus,
714 4996 939 5051 exhibete
965 5010 1052 5049 vos
1076 4993 1099 5026 ³
1124 5002 1327 5049 sanctos
1355 5003 1401 5047 et
1438 4992 1787 5047 inmaculatos
1814 5000 1861 5045 et
1883 4992 2011 5045 irre-

422 5088 779 5161 prehensibiles
825 5087 1055 5159 (Coloss.
1084 5102 1140 5155 t,
1167 5086 1231 5141 2i
1253 5085 1296 5156 ).
1337 5085 1468 5140 Item
1497 5083 1563 5139 ad
1612 5082 1877 5154 Ephesios
1900 5104 1914 5136 :
1941 5080 2011 5138 Ut

416 5182 673 5239 exhiberet
701 5181 810 5253 ipse
835 5179 931 5235 sibi
959 5178 1234 5251 gloriosam
1260 5175 1544 5233 Ecclesium
1568 5218 1582 5239 ,
1611 5192 1712 5229 non
1744 5174 2010 5229 habentem

417 5275 673 5329 maculam
717 5282 805 5327 aut
846 5288 1057 5343 rugam,
1105 5280 1195 5325 aut
1238 5271 1431 5342 aliquid
1468 5267 1801 5338 huiusmodi,
1850 5276 1904 5323 ιιι
1945 5268 2012 5323 sit

415 5377 597 5420 sancta
624 5376 669 5420 et
697 5364 1025 5419 immaculata
1056 5362 1077 5434 (
1102 5362 1292 5435 Ephes.
1321 5377 1377 5428 v,
1403 5362 1472 5416 27
1492 5357 1532 5434 ).
1567 5360 1696 5416 Item
1732 5359 1798 5415 ad
1823 5355 2014 5415 Corin—

482 5492 499 5559 ξ
526 5490 666 5547 mliti,
847 5495 903 5559 Iit
922 5494 1051 5557 Mss?
1069 5487 1282 5559 quando.

479 5555 501 5585 ¹
523 5559 571 5602 ιιι
603 5543 832 5602 omuibus
862 5550 990 5612 Mss,
1259 5560 1425 5600 sensus
1445 5545 1551 5611 ejus
1581 5544 1634 5597 in
1662 5543 1889 5609 operibus
1910 5559 2012 5599 ma-

416 5613 503 5708 lis;
523 5683 625 5724 nuo
648 5688 713 5724 ex
738 5674 976 5725 Vaticanis
999 5680 1124 5731 Mss.,
1150 5678 1203 5723 ut
1218 5669 1465 5723 exhiberet
1487 5682 1583 5720 vos.

481 5740 556 5799 (a)
590 5744 788 5786 neuter.
815 5748 953 5799 χχιιι.
983 5734 1059 5795 18,
1083 5747 1185 5799 sec.
1211 5740 1342 5792 LXX,
1361 5740 1456 5793 est,
1479 5732 1828 5799 telisltomcnos,
1846 5731 2011 5799 irtitiaf

417 5792 511 5850 tui.
540 5792 652 5849 'b'ec
690 5806 856 5848 tamen
897 5796 991 5846 alio
1036 5792 1102 5847 ex
1129 5797 1236 5848 loco
1273 5797 1633 5847 Deuteronomii
1680 5792 1929 5858 sumptum
1961 5792 2010 5845 id

417 5862 749 5911 testimoniqu
773 5858 985 5909 videtur.

1280 362 1366 421 DE
1406 361 1889 423 PERFECTIUNE
1924 355 2249 417 ιιιετῐτιίιε
2288 356 2563 415 IIOMINIS
2604 358 2828 434 LIBER.

3582 361 3688 414 ὅθι.

2122 472 2262 529 thios
2309 474 2515 544 prima:
2543 474 2714 532 Sobrii
2742 486 2894 532 estote
2931 485 2979 532 et
3009 478 3177 549 justi,
3219 488 3264 534 ct
3292 478 3447 536 nolite
3495 497 3705 550 peccare

2119 568 2161 641 (I
2186 568 2304 624 Cor.
2330 583 2424 635 xv,
2448 570 2561 641 '54).
2587 569 2716 625 Item
2740 570 2790 626 in
2819 570 3054 640 Epistula
3080 572 3248 627 sancti
3278 571 3420 629 I‘etri
3446 590 3460 627 :
3487 572 3709 642 Pmpter

2117 661 2252 730 quod
2291 662 2532 717 succincti
2577 661 2773 718 lumbos
2814 663 2991 718 mentis
3014 672 3231 732 vestrm,
3260 665 3450 731 sobrii,
3483 670 3702 737 perfect:

2116 761 2317 819 sperate
2344 753 2359 785 ι
2382 753 2435 807 in
2464 768 2575 807 eam
2602 764 2718 825 qtae
2749 751 2965 821 oﬂ'ertttr
2990 753 3126 809 vobis
3154 754 3393 827 gratiam,
3424 756 3573 822 quasi
3613 756 3711 825 ﬁlii
3784 818 3787 825 η

2119 844 2434 909 obedientite,
2464 860 2566 899 non
2595 846 2901 918 conﬁgurali
2927 844 3179 915 prioribus
3204 846 3509 917 ignorantia:
3535 858 3709 903 uestras

2117 935 2615 1006 concupiscentiis';
2658 935 2749 993 sed
2792 936 3069 992 secundum
3097 953 3213 993 eum
3255 938 3340 1010 qui
3389 941 3580 993 vocavit
3621 956 3709 993 ros

2120 1027 2368 1084 Sanctum
2390 1069 2408 1096 ,
2443 1038 2493 1083 et
2519 1028 2620 1101 ipsi
2656 1031 2822 1084 sancti
2860 1029 2914 1084 in
2960 1029 3099 1085 omni
3143 1033 3522 1086 conuersatione
3563 1032 3710 1096 sitis;

2118 1119 2238 1187 quia
2259 1120 2503 1191 scriptum
2525 1128 2599 1176 est
2623 1160 2641 1187 ,
2673 1120 2852 1178 Sancti
2878 1121 3019 1177 eritis
3036 1162 3054 1190 ,
3077 1122 3198 1193 quia
3225 1138 3315 1193 ego
3342 1133 3548 1178 sanctus
3592 1141 3709 1178 sum

2121 1211 2164 1287 (Ι
2192 1210 2336 1268 Petr.
2367 1227 2408 1281 ι,
2461 1212 2672 1283 15-16).
2699 1211 2857 1271 Unde
2897 1222 2954 1270 et
2983 1214 3173 1271 beatus
3216 1215 3382 1271 David
3409 1215 3576 1271 dicit:
3603 1215 3704 1270 Do-

2119 1307 2286 1375 mine,
2314 1308 2426 1377 quis
2467 1306 2712 1363 habitabit
2752 1308 2807 1363 in
2837 1307 3164 1364 tabernaculo
3190 1318 3276 1364 tuo
3298 1349 3315 1375 ,
3356 1318 3445 1364 aut
3486 1310 3601 1382 quis
3626 1325 3712 1364 re-

2119 1401 2333 1471 quiescet
2360 1401 2412 1455 in
2435 1411 2602 1456 monte
2644 1410 2819 1457 sancto
2843 1399 2970 1456 tuo?
2997 1398 3100 1469 Qui
3126 1400 3408 1474 ingreditur
3449 1402 3560 1456 sine
3607 1418 3712 1456 ma-

2119 1494 2259 1562 cula,
2287 1502 2335 1549 et
2358 1505 2596 1565 operatur
2611 1495 2867 1566 justitiam
2893 1491 3066 1565 (Psal.
3096 1508 3215 1560 XIV,
3248 1495 3298 1558 1,
3323 1494 3405 1565 2).
3439 1494 3503 1550 Ει
3527 1495 3652 1550 alibi
3686 1513 3702 1551 :

2120 1585 2189 1641 Et
2214 1604 2301 1641 ero
2327 1586 2683 1642 immaculatus
2710 1602 2826 1641 cum
2849 1602 2909 1641 eo
2934 1584 3111 1655 (Psal.
3137 1601 3246 1642 xvn
3263 1626 3280 1655 ,
3308 1586 3421 1658 Ἡ).
3447 1587 3513 1642 Ει
3538 1589 3661 1641 alibi
3689 1606 3705 1641 :

2119 1678 2266 1735 Beati
2288 1680 2597 1735 inmaculati
2619 1681 2673 1734 in
2701 1680 2782 1736 uia
2804 1722 2819 1746 ,
2847 1679 2935 1751 qui
2958 1679 3219 1736 ambulant
3264 1682 3317 1735 in
3361 1680 3469 1751 lege
3497 1680 3706 1736 Domini

2122 1772 2293 1845 (Psal.
2321 1788 2506 1841 omn,
2537 1770 2614 1847 1).
2647 1773 2777 1829 Item
2805 1772 2946 1845 apud
2978 1771 3321 1831 Salomonem
3347 1793 3360 1828 :
3388 1773 3565 1845 Ditigit
3598 1774 3710 1829 Do-

2121 1866 2286 1921 minus
2313 1874 2489 1920 sancta
2511 1864 2704 1931 corda;
2734 1864 2927 1936 accepti
2949 1874 3067 1921 sunt
3102 1875 3272 1920 autem
3311 1865 3389 1921 illi
3415 1883 3588 1922 omnes
3613 1868 3710 1922 int-

2120 1956 2363 2012 maculati
2394 1974 2414 2009 ι
2476 1955 2658 2031 (Prov.
2691 1972 2770 2023 st,
2817 1955 2910 2023 90,
2936 1972 3037 2012 sec.
3070 1954 3256 2029 LXX).
3310 1957 3510 2013 Horum
3562 1959 3712 2013 testi-

2120 2050 2421 2105 moniorum
2463 2049 2639 2120 aliqua
2666 2056 2943 2105 currentes
2969 2047 3345 2115 exhortantur,
3376 2058 3434 2105 ut
3474 2048 3709 2119 perfecte

2121 2151 2383 2207 currant;
2436 2143 2608 2212 aliqua
2658 2144 2832 2213 ipsum
2877 2140 3037 2198 linem
3078 2151 3543 2212 commemorant,
3597 2157 3705 2215 quo

2120 2232 2387 2288 currendo
2406 2232 2751 2302 pertenilant.
2783 2230 2989 2304 ingredi
3017 2241 3198 2289 autem
3218 2233 3338 2289 sine
3362 2234 3569 2291 macula
3596 2250 3704 2291 non

2120 2324 2351 2380 absurde
2377 2326 2539 2381 etiam
2567 2325 2657 2380 ille
2684 2324 2897 2391 dicitur,
2929 2338 3034 2379 non
3060 2324 3152 2396 qui
3175 2325 3285 2396 jam
3313 2325 3582 2396 perfectus
3602 2341 3707 2393 est,

2119 2416 2215 2472 sed
2266 2416 2357 2487 qui
2399 2415 2465 2470 ad
2509 2416 2677 2486 ipsam
2735 2414 3121 2495 perfectionem
3168 2416 3714 2487 irreprehensihiliter

2119 2506 2316 2571 currit,
2338 2522 2541 2586 carens
2583 2506 2907 2569 criminibus,
2937 2506 3329 2563 damnabilihus
3350 2549 3366 2575 ,
3395 2517 3556 2579 atque
3598 2509 3711 2580 ipsa

2119 2610 2334 2671 peccata
2354 2601 2582 2658 venialia
2607 2616 2714 2656 non
2741 2599 3019 2673 negligens
3048 2600 3306 2657 mundare
3331 2603 3709 2675 eieemosynis.

2090 2694 2420 2764 ~Ingressum
2445 2693 2662 2765 quippe,
2684 2692 2787 2749 hoc
2800 2702 2901 2759 est,
2932 2692 3036 2748 iter
3055 2704 3298 2749 nostrum
3320 2709 3429 2765 quo
3446 2695 3713 2752 tendimus

2117 2784 2185 2839 ad
2229 2782 2608 2855 perfectionem
2634 2824 2648 2850 ,
2680 2781 2879 2839 munda
2923 2782 3148 2839 mundat
3189 2784 3382 2841 oratio.
3412 2784 3602 2842 Munda
3632 2796 3713 2843 est

2119 2885 2302 2931 autem
2348 2875 2523 2930 oratio
2565 2874 2654 2930 ubi
2701 2873 2965 2937 veraciter
3008 2873 3236 2942 dicitur,
3278 2874 3488 2931 Dimitte
3534 2877 3710 2944 nobis,

2119 2967 2248 3023 sicut
2273 2976 2320 3023 et
2353 2984 2446 3023 nos
2487 2966 2789 3022 dimittimus
2819 2964 3049 3037 (Hauh.
3079 2982 3157 3033 vr,
3191 2966 3294 3040 12)
3324 2985 3336 3020 :
3362 2978 3418 3023 ut
3446 2968 3574 3023 dum
3602 2983 3709 3025 non

2118 3056 2534 3129 reprehenditur
2554 3056 2597 3126 ⁸,
2626 3057 2769 3129 quod
2796 3070 2904 3112 non
2935 3055 3250 3127 imputatur,
3276 3059 3394 3115 sine
3417 3059 3713 3129 reprehen-

2117 3152 2271 3209 sione
2293 3193 2309 3219 ,
2344 3153 2445 3208 hoc
2469 3159 2585 3221 est,
2612 3151 2730 3208 sine
2758 3151 2963 3208 macula
2995 3159 3182 3210 noster
3215 3151 3284 3207 ad
3323 3151 3707 3224 perfectionem

2117 3260 2307 3303 cursus
2344 3245 2604 3303 habeatur
2636 3264 2651 3301 :
2689 3247 2742 3302 in
2778 3261 2884 3318 qua
2922 3245 3290 3318 perfectione,
3327 3262 3448 3302 cum
3485 3247 3550 3302 ad
3590 3263 3707 3303 eam

2074 3353 2078 3356 ’
2117 3336 2482 3406 venerimus‘,
2513 3337 2624 3409 jam
2678 3352 2789 3394 non
2828 3336 2900 3395 sit
2940 3336 3161 3395 omnino
3201 3339 3341 3410 quod
3389 3339 3712 3410 ignoscendo

2117 3430 2423 3487 mandetur.
2520 3472 2525 3475 .

2187 3543 2415 3602 CAPUT
2451 3543 2618 3600 X.—
2640 3544 2733 3599 Si.
2775 3541 2979 3599 Deinde
3012 3542 3114 3599 iste
3138 3542 3357 3599 adhibet
3382 3544 3706 3609 teatimonia,

2117 3636 2309 3708 quibus
2323 3635 2589 3703 ostendat,
2617 3651 2722 3691 non
2743 3648 2864 3691 esse
2881 3634 3061 3706 gravia
3082 3633 3258 3689 divina
3281 3645 3563 3705 prtecepta.
3579 3637 3710 3701 Quis

2117 3737 2297 3784 autem
2325 3728 2548 3795 nesciat,
2579 3742 2700 3782 cum
2729 3734 3054 3797 praeceptum
3079 3725 3149 3781 sit
3184 3726 3438 3797 generale
3476 3726 3710 3782 eharitas

2116 3821 2266 3895 (quia
2290 3820 2409 3876 linis
2429 3821 2677 3890 prmeepti
2703 3828 2785 3875 est
2808 3820 3040 3876 Charitas
3061 3817 3103 3896 [l
3134 3818 3259 3874 Tim.
3292 3836 3330 3886 ι,
3354 3818 3430 3895 5],
3460 3831 3512 3875 et
3534 3822 3707 3892 pleni-

2118 3914 2246 3970 tudo
2271 3914 2497 3986 legisest
2519 3911 2754 3968 charitas
2768 3910 2947 3988 ﬂiam.
2963 3927 3080 3979 xm,
3101 3909 3214 3984 I0])
3238 3952 3254 3979 ,
3284 3927 3388 3968 non
3411 3928 3529 3969 esse
3546 3929 3709 3985 grave

2116 4006 2257 4077 quod
2279 3985 2546 4078 diligendo
2575 4005 2654 4072 Iit,
2686 3985 2792 4060 non
2808 3985 3099 4061 'timendo?
3137 4003 3409 4060 Laborant
3450 4015 3626 4061 autem
3654 4007 3707 4064 in

2116 4098 2212 4154 Dei
2241 4096 2545 4170 przeceptis,
2572 4096 2662 4168 qui
2690 4111 2753 4153 ea
2780 4094 3016 4152 timendo
3043 4105 3303 4152 conantur
3324 4095 3546 4166 implere
3574 4115 3588 4153 :
3614 4097 3707 4152 sed

2118 4192 2348 4264 perfecta
2369 4190 2601 4246 Charitas
2626 4190 2770 4247 foras
2794 4190 2955 4246 mittit
2981 4191 3226 4246 timorem
3256 4188 3298 4264 (I
3315 4189 3471 4246 Joan.
3491 4208 3567 4257 tv,
3591 4192 3702 4267 I8),

2116 4295 2172 4341 ct
2199 4285 2322 4340 facit
2351 4283 2602 4355 praecepti
2630 4283 2895 4339 sarcinam
2914 4283 2958 4351 ',
2987 4298 3092 4338 non
3125 4283 3293 4340 solum
3325 4300 3428 4339 non
3458 4301 3708 4356 premen-

2119 4389 2223 4432 tem
2250 4392 2416 4433 onere
2446 4375 2762 4447 ponderum,
2791 4390 2975 4432 verum
3006 4377 3167 4433 etiam
3199 4376 3565 4435 sublevantem
3593 4380 3709 4435 vice

2115 4486 2429 4541 pennarum.
2474 4469 2605 4538 Quae
2647 4479 2828 4524 tamen
2857 4469 3088 4525 charitas
3128 4478 3191 4524 ut
3234 4468 3513 4537 habeatur,
3547 4472 3708 4527 etiam

2118 4573 2260 4617 tanta
2296 4572 2493 4634 quanta
2529 4563 2582 4617 in
2607 4576 2835 4633 corpore
2865 4561 3053 4617 mortis
3091 4562 3246 4633 hujus
3282 4560 3466 4618 haberi
3511 4573 3707 4634 potest,

2118 4670 2304 4726 parum
2335 4663 2417 4710 est
2447 4662 2642 4709 nostra:
2672 4653 2959 4708 voluntatis
2996 4651 3308 4721 arbitrium,
3348 4654 3449 4709 nisi
3492 4652 3710 4724 adjuvet

2116 4747 2280 4817 gratia
2322 4746 2413 4801 Dei
2453 4762 2548 4816 per
2584 4744 2767 4801 Jesum
2811 4745 3083 4800 Christum
3130 4744 3412 4800 Dominum
3461 4752 3704 4801 nostrum

2118 4840 2295 4913 (Rom.
2345 4854 2444 4907 VII,
2473 4838 2569 4907 24,
2610 4837 2725 4909 25).
2766 4835 3088 4893 Diﬂ'unditur
3125 4838 3320 4908 quippe
3364 4837 3415 4893 in
3457 4838 3709 4895 cordibus

2118 4932 2337 4997 nostris,
2373 4929 2516 5001 quod
2547 4945 2691 5001 saepe
2716 4929 2999 4985 dicendum
3028 4938 3131 4996 est,
3159 4944 3263 4983 non
3295 4944 3390 4999 per
3417 4945 3514 4985 nos
3542 4931 3709 4999 ἱρειιε,

2117 5026 2212 5083 sed
2247 5041 2342 5095 per
2368 5023 2624 5094 Spiritum
2652 5033 2892 5078 sanctum
2916 5021 3006 5093 qui
3044 5021 3198 5078 datus
3224 5032 3307 5079 est
3339 5024 3491 5080 nobis
3518 5023 3630 5095 (Id.
3653 5042 3712 5093 v,

2119 5118 2196 5193 5).
2224 5118 2335 5176 Νεε
2360 5118 2519 5174 aliam
2547 5117 2616 5173 ob
2645 5129 2860 5172 causam
2888 5114 3158 5187 Scriptura
3185 5127 3572 5175 commemorat
3602 5134 3713 5176 non

2183 5298 2199 5330 ι
2226 5295 2364 5368 mm,
2381 5291 2581 5360 perfecti
2600 5296 2811 5359 sperate.
2834 5290 3005 5345 Plures
3023 5298 3133 5345 Uss.
3153 5293 3276 5346 utin
3296 5292 3484 5360 autut,
3504 5301 3715 5368 perfecto

2117 5366 2327 5492 ῗνῗνῗιῗιί
2361 5416 2673 5492 ειιιινιΙρτξᾳηο
2842 5416 3089 5492 omittunt»
3108 5422 3512 5492 ροηεηρίδςειιιείε
3539 5426 3717 5492 ξενίαις

2120 5481 2229 5553 loco
2250 5477 2467 5532 nonnulli
2489 5477 2686 5531 codices
2705 5479 2909 5541 habent,
2937 5477 3171 5544 tenebris;
3218 5477 3274 5537 et
3292 5486 3503 5551 quidam,
3528 5477 3716 5537 deside»

2119 5558 2331 5678 ruijanl.
2358 5610 2412 5654 et
2436 5608 2535 5678 Er._,
2567 5601 2684 5653 dum
2701 5600 3108 5678 reprehenditur,
3137 5609 3457 5672 jirmtermisa
3497 5613 3713 5669 negante

2120 5665 2370 5733 particula,
2385 5679 2497 5729 qum
2517 5666 2613 5716 huc
2633 5665 2890 5716 revoCatur
2905 5677 2973 5720 ex
2993 5665 3104 5721 ttss.’
3137 5665 3148 5672 '

2183 5729 2205 5762 δ
2229 5727 2351 5791 Libri
2375 5726 2511 5788 editi,
2533 5724 2909 5791 mouerimus.
2940 5741 3064 5791 3253.,
3091 5743 3358 5782 venerimus

2183 5792 2206 5826 ι
2227 5763 2909 5847 ἱῆ¹ᾆ³ἱευᾜὶιῖἆίιίιὶ⁷ῖιὶιῗ⁷ᾘῖ
2936 5763 3378 5847 ἑῖῗῗι’ςέῗ’ἑέἑιῑὶἓέἕὶ
3410 5800 3467 5840 ac
3490 5793 3720 5840 Vaticani.
