4202 6542
553 342 652 396 303

549 472 666 511 esse
693 454 872 525 gravia
900 452 1074 510 divina
1115 463 1402 524 praecepta,
1442 453 1542 507 nisi
1583 461 1639 507 ut
1681 454 1856 507 anima
1892 466 2011 523 quia
2051 451 2140 507 illa

551 552 726 620 gravia
777 549 959 616 sentit,
1005 548 1263 619 intelligat
1295 562 1355 603 se
1394 545 1631 602 nondum
1678 546 1948 617 accepisse
1976 547 2140 610 vires,

551 645 742 714 quibus
766 644 887 700 talia
913 643 1019 697 sint
1047 649 1306 711 pra-cepta
1334 639 1544 695 Domini
1568 639 1744 709 qualia
1764 638 2141 694 commendan-

554 754 657 802 tlll‘,
689 738 825 793 levia
846 737 1046 792 scilicet
1082 744 1242 804 alque
1269 733 1471 797 suavia,
1498 739 1552 787 et
1579 739 1699 787 oret
1722 731 1918 802 gemitu
1947 731 2141 786 volun-

554 831 697 899 tatis,
725 839 782 884 ut
810 830 1057 899 impetret
1088 827 1286 882 donum
1328 825 1653 880 facilitatis‘.
1682 810 1782 891 Qui
1816 823 1957 878 enim
1988 825 2137 891 dicit,

554 921 672 975 Fiat
703 938 789 975 cor
815 937 976 974 meum
1002 919 1412 983 immaculatum;
1435 925 1508 980 et,
1531 915 1724 971 Itinera
1749 932 1859 969 mea
1879 917 2039 986 dirige
2058 933 2139 970 se-

550 1017 771 1068 cundum
799 1015 1000 1069 verbum
1020 1024 1182 1079 tuum,
1210 1022 1256 1067 et
1282 1029 1343 1067 ne
1378 1011 1661 1065 dominetur
1689 1010 1812 1063 mihi
1846 1010 2009 1064 ontnis
2038 1010 2139 1064 iui-

548 1109 714 1175 quitus
743 1105 911 1177 (Psol.
939 1121 1129 1169 cxvut,
1161 1104 1260 1166 80,
1304 1103 1458 1171 133);
1491 1109 1564 1164 et,
1607 1100 1726 1154 Fiat
1768 1101 1998 1156 voluntas
2027 1112 2135 1168 tua,

550 1203 677 1254 sicut
704 1202 754 1254 in
773 1202 894 1253 avla
922 1212 966 1252 et
995 1200 1048 1253 in
1078 1209 1247 1262 terra;
1271 1205 1344 1260 et,
1381 1195 1463 1251 Ne
1490 1212 1581 1250 nos
1609 1195 1799 1264 inferas
1824 1196 1875 1248 in
1903 1197 2136 1249 teutatio-

553 1312 663 1348 nem
699 1293 909 1359 (Matth.
945 1309 1019 1358 vt,
1048 1292 1111 1347 10
1148 1301 1195 1345 et
1227 1291 1352 1361 i3);
1386 1296 1440 1343 et
1464 1298 1652 1343 Caetera
1693 1286 1998 1357 hujusmodi
2021 1302 2139 1356 quae

551 1399 971 1440 etnnmemorarc
991 1384 1205 1453 longum
1227 1390 1326 1445 est,
1350 1380 1454 1435 hoc
1474 1378 1653 1448 utique
1673 1388 1810 1443 orat,
1849 1392 1900 1430 ut
1934 1392 2136 1447 prince-

553 1488 636 1545 pta
672 1477 761 1531 Dei
791 1475 945 1531 faciat
974 1492 988 1528 :
1015 1489 1134 1545 quae
1163 1482 1222 1529 ut
1250 1473 1454 1538 fierent,
1492 1486 1591 1526 nec
1610 1470 1906 1541 iuberetur,
1934 1470 1979 1523 si
2008 1469 2136 1524 nihil

553 1568 621 1623 ibi
650 1578 830 1623 nostra
864 1566 1109 1621 voluntas
1135 1572 1344 1637 ageret;
1389 1578 1488 1618 nec
1512 1573 1776 1627 oraretur,
1812 1562 1856 1615 si
1886 1563 1998 1615 sola
2027 1561 2137 1614 suf-

554 1660 755 1716 ﬁceret.
786 1657 1238 1715 Commendantur
1262 1669 1390 1725 ergo
1413 1669 1517 1709 non
1562 1669 1682 1709 esse
1719 1654 1921 1724 gravia,
1961 1661 2016 1706 ut
2050 1652 2136 1706 eui

548 1752 728 1822 gravia
771 1757 916 1817 sunt,
957 1748 1216 1819 intelligat
1246 1747 1482 1802 nondum
1520 1760 1582 1802 se
1613 1746 1885 1815 accepisse
1913 1744 2133 1809 donum,

546 1857 656 1912 quo
677 1841 854 1913 gravia
886 1854 989 1896 non
1024 1840 1161 1903 sint;
1207 1853 1306 1895 nec
1338 1838 1628 1894 arbitretur
1659 1851 1722 1892 ea
1755 1852 1814 1891 se
1850 1835 2132 1907 perlicere,

547 1934 759 2004 quando
781 1935 850 1988 ita
870 1932 1011 2001 facit,
1043 1941 1099 1987 ut
1120 1931 1303 2003 gravia
1326 1931 1448 1985 sint.
1475 1928 1710 1984 Hilarem
1732 1928 1874 1983 enim
1894 1928 2133 1982 datorem

546 2026 716 2098 diligit
736 2027 875 2082 Deus
904 2024 974 2097 (ll
994 2024 1112 2080 Cor.
1143 2039 1226 2090 ιι,
1252 2020 1330 2095 7).
1353 2021 1464 2077 Nec
1490 2030 1687 2079 tamen.
1714 2035 1836 2075 cum
1860 2035 1920 2073 ea
1950 2021 2132 2089 gravia

544 2118 723 2186 sentit,
772 2115 1106 2187 desperando
1143 2114 1461 2185 frangatur:
1503 2111 1598 2168 sed
1647 2111 1712 2167 ad
1763 2111 2130 2182 quaerendum,

545 2213 850 2279 petendum,
883 2207 1307 2280 pulsandumque
1331 2213 1569 2277 cogatur.

612 2304 703 2358 9.2.
743 2302 1037 2358 Audiamus
1055 2314 1185 2370 ergo
1208 2310 1263 2354 et
1288 2298 1341 2352 in
1364 2297 1447 2351 his
1467 2295 1786 2352 testimoniis
1805 2311 1923 2366 quae
1942 2295 2132 2350 deinde

544 2398 739 2466 positit,
769 2395 934 2450 Deum
975 2409 1072 2449 sua
1101 2400 1363 2463 prmecpta
1395 2405 1501 2445 non
1534 2390 1710 2461 gravia
1746 2389 2129 2444 commeminit-

544 2500 669 2547 tem.
703 2506 722 2540 ι
747 2486 898 2555 Quod
934 2486 1030 2542 Dei
1067 2483 1337 2548 mandata,
1367 2505 1383 2534 ι
1418 2483 1605 2554 inquit,
1636 2501 1654 2535 ι
1684 2498 1786 2536 non
1828 2482 1985 2536 modo
2028 2483 2128 2535 im.

542 2581 813 2651 possibilia
846 2593 949 2634 non
977 2578 1104 2644 sint,
1133 2592 1315 2632 verum
1340 2591 1410 2631 ne
1432 2575 1611 2648 gravia
1640 2574 1875 2643 quidem.
1907 2574 1962 2627 In
1991 2573 2128 2629 Deu-

544 2654 842 2728 terouomio
871 2689 882 2724 :
914 2670 982 2724 Et
1005 2677 1317 2723 convertetur
1350 2666 1591 2721 Dominus
1621 2663 1758 2719 Deus
1787 2672 1904 2717 tuus
1928 2663 2131 2731 epulari

540 2767 590 2815 in
617 2774 664 2815 te
688 2779 840 2825 super
864 2760 1028 2825 bonis,
1056 2760 1184 2813 sicut
1212 2758 1444 2830 epulatus
1484 2767 1555 2811 est
1579 2773 1729 2828 super
1740 2766 1906 2830 patres
1932 2767 2062 2822 tuos,
2085 2757 2130 2810 si

540 2853 811 2909 audieritis
832 2869 997 2909 vocem
1031 2851 1234 2907 Domini
1269 2850 1364 2905 Dei
1395 2850 1571 2915 vestri,
1609 2849 1860 2903 custodire
1884 2858 1930 2902 et
1962 2851 2129 2920 facere

541 2949 710 3002 omnia
739 2947 977 3001 mandata
997 2947 1126 3018 ejus,
1157 2954 1204 2999 et
1216 2944 1465 3017 justitias,
1495 2956 1543 2999 et
1569 2944 1767 3016 judicia
1801 2959 1914 3013 qua:
1940 2944 2127 3013 scripta

538 3050 653 3094 sunt
683 3040 735 3094 in
765 3040 894 3094 libro
917 3039 1041 3110 legis
1064 3039 1217 3108 hujus
1246 3053 1264 3091 :
1292 3036 1337 3090 si
1367 3052 1634 3091 conversus
1665 3036 1820 3104 fueris
1850 3034 1917 3087 ad
1947 3033 2127 3089 Domi-

536 3150 659 3193 [tum
701 3130 867 3187 Deum
908 3141 1046 3186 tuum
1074 3146 1135 3184 ex
1174 3140 1277 3185 toto
1305 3130 1457 3184 corde
1487 3138 1592 3196 tuo,
1634 3138 1681 3183 et
1717 3145 1780 3182 ea:
1817 3138 1919 3182 tota
1955 3130 2125 3183 anima
2202 3180 2217 3186 -

539 3239 641 3280 tua.
694 3224 826 3294 Quia
863 3224 1157 3279 mandatum
1198 3224 1313 3288 hoc,
1343 3222 1479 3293 quod
1503 3239 1593 3294 ego
1618 3224 1804 3276 mando
1840 3222 1928 3275 tibi
1952 3222 2120 3287 hodie,

539 3333 638 3369 non
659 3326 732 3370 est
761 3331 929 3386 grave,
957 3330 1162 3384 nequeo
1197 3324 1244 3368 te
1276 3312 1424 3383 longe
1447 3322 1540 3367 est.
1576 3311 1697 3367 Non
1727 3322 1796 3367 est
1821 3313 1874 3366 in
1899 3314 2039 3377 caelo,
2071 3322 2126 3366 ut

536 3408 697 3474 dicas,
730 3407 856 3473 Quis
878 3408 1109 3462 ascendet
1135 3408 1187 3461 in
1213 3407 1390 3461 caelum
1418 3416 1464 3461 et
1488 3407 1699 3477 accipiet
1731 3406 1859 3461 illud
1888 3407 2049 3474 nobis,
2078 3417 2127 3461 et

537 3500 797 3555 audientes
820 3499 1102 3573 faciemus?
1129 3496 1251 3552 Non
1278 3508 1351 3552 est
1378 3507 1518 3552 trans
1543 3514 1700 3562 mare,
1732 3506 1785 3550 ut
1808 3498 1970 3563 dicas,
2000 3498 2124 3562 Quis

537 3594 878 3665 transfretabit
908 3609 1045 3647 mare
1084 3602 1129 3647 et
1159 3592 1371 3662 accipiet
1406 3590 1539 3645 illud
1567 3590 1738 3651 nobis.
1778 3601 1824 3643 et
1863 3591 2124 3644 audientes

536 3687 813 3756 faciemus?
835 3686 995 3740 Juxta
1017 3696 1063 3738 te
1082 3693 1154 3739 est
1167 3685 1301 3738 enim
1325 3682 1524 3737 verbum
1553 3683 1605 3736 in
1633 3699 1717 3736 ore
1743 3691 1849 3745 tuo,
1878 3683 1930 3735 in
1949 3682 2119 3747 corde,

536 3789 580 3831 et
610 3779 661 3831 in
692 3777 919 3830 manibus
948 3778 1047 3829 tuis
1067 3775 1232 3844 facere
1258 3772 1390 3827 illud
1411 3772 1585 3845 (Deut.
1617 3788 1757 3836 xxx,
1790 3772 2122 3843 9'14).ltem

539 3870 793 3923 ilontinus
823 3868 874 3921 in
907 3867 1192 3937 Evangelio
1222 3884 1235 3919 :
1272 3864 1448 3919 Venite
1475 3864 1544 3918 ad
1578 3882 1684 3932 me,
1728 3881 1901 3919 omnes
1927 3865 2016 3936 qui
2042 3864 2123 3919 la-

536 3963 721 4015 boratis
752 3968 796 4015 et
824 3961 1015 4015 onerati
1042 3959 1180 4025 estis,
1228 3968 1275 4013 et
1315 3975 1405 4029 ego
1440 3973 1525 4012 vos
1556 3958 1870 4028 requiescere
1912 3956 2119 4028 faciam.

534 4043 721 4107 Toilite
741 4053 923 4123 jugum
951 4068 1116 4105 meum
1140 4067 1291 4121 super
1317 4065 1421 4116 vos,
1451 4058 1495 4103 et
1520 4047 1698 4102 discite
1724 4064 1754 4099 a
1781 4064 1859 4102 me
1883 4048 2002 4119 quia
2030 4049 2125 4100 mi-

535 4146 599 4196 tis
623 4159 733 4197 sum
754 4151 799 4196 et
821 4142 1023 4196 humilis
1048 4141 1230 4204 corde;
1257 4149 1304 4194 et
1330 4138 1588 4193 invenietis
1616 4138 1834 4208 requiem
1860 4136 2124 4191 animabus

535 4236 709 4289 vestris
733 4250 752 4289 :
765 4236 953 4305 jugum
981 4235 1121 4288 enim'
1138 4249 1301 4287 nteant
1316 4248 1467 4286 suave
1494 4242 1585 4297 est,
1609 4240 1654 4285 et
1683 4246 1812 4284 onus
1833 4245 1995 4284 meum
2021 4230 2127 4284 leve

535 4338 607 4381 est
638 4326 846 4400 (Matth.
876 4342 953 4392 XI,
983 4322 1201 4398 28-50).
1230 4322 1365 4380 Item
1408 4324 1460 4377 iu
1491 4322 1723 4394 Epistola
1753 4322 1923 4377 sancti
1959 4321 2123 4376 Joan-

535 4420 617 4474 nis
650 4437 661 4473 :
697 4418 819 4473 lltcc
845 4427 917 4472 cst
958 4418 1179 4473 charitas
1217 4415 1332 4480 Dei,
1380 4426 1433 4470 ut
1476 4415 1717 4469 mundata
1753 4415 1863 4486 ejus
1900 4415 2126 4469 observe-

534 4530 663 4575 mus,
699 4519 744 4566 et
775 4510 1014 4565 mandata
1040 4511 1150 4581 ejus
1175 4510 1348 4581 gravia
1374 4524 1474 4563 non
1503 4517 1617 4562 sunt
1643 4527 1661 4560 ι
1701 4507 1741 4580 (1
1770 4506 1927 4561 Joau.
1960 4523 2014 4573 v,
2039 4508 2119 4578 '5).

536 4609 631 4663 llis
657 4606 851 4662 auditis
871 4604 1120 4675 legitimis
1149 4614 1200 4657 et
1223 4600 1539 4673 evangelicis
1568 4610 1622 4656 et
1639 4600 1945 4670 apostolicis
1972 4610 2122 4655 testi-

536 4699 729 4753 tnoniis
754 4696 1083 4753 aedilicemur
1111 4693 1176 4748 ad
1202 4694 1447 4764 gratiam,
1474 4708 1634 4762 quam
1668 4708 1772 4746 non
1802 4691 2118 4762 intelligunt,

536 4795 620 4864 qui
650 4794 953 4863 ignorantes
987 4789 1081 4845 Dei
1114 4788 1375 4859 justitiam
1402 4795 1455 4842 et
1480 4802 1629 4841 suam
1660 4786 1900 4841 volentes
1919 4786 2122 4842 consti-

534 4895 705 4944 tuere,
727 4883 947 4954 justitizn
977 4881 1071 4936 Dei
1102 4896 1207 4934 non
1237 4889 1362 4933 sunt
1389 4878 1630 4948 subjecti.
1660 4878 1715 4935 Si
1736 4879 1878 4965 enim
1908 4893 2015 4934 non
2042 4879 2126 4933 in-

536 4977 777 5045 telligunt
801 4989 867 5029 ex
896 4971 1331 5038 Deuteronomio,
1362 4970 1808 5042 quemadmodum
1851 4971 2122 5043 apostolus

534 5068 731 5123 Paulus
753 5065 1272 5129 commemoraret-it,
1316 5073 1372 5119 ut
1405 5064 1567 5121 corde
1591 5064 1838 5120 credatur
1866 5064 1930 5119 ad
1962 5063 2122 5134 justi-

536 5164 685 5225 tiam,
709 5175 803 5215 ore
823 5168 998 5213 autem
1027 5156 1293 5212 confessio
1318 5157 1406 5211 liat
1430 5158 1493 5211 ad
1524 5157 1747 5212 salutem
1780 5158 1952 5230 (Rom.
1986 5174 2041 5220 Χ,
2068 5159 2120 5223 5,

540 5252 659 5321 ιο);
684 5252 803 5323 quia
838 5267 939 5303 non
964 5257 1046 5303 est
1079 5265 1214 5318 opus
1240 5250 1383 5303 Sanis
1422 5249 1681 5312 medicus,
1728 5250 1819 5304 sed
1865 5251 2003 5305 male
2034 5250 2125 5302 ba-

541 5346 787 5401 bentiltns
819 5342 1029 5416 (.ilatth.
1061 5358 1132 5405 Ix,
1172 5341 1256 5406 12)
1292 5360 1305 5395 :
1340 5343 1440 5395 isto
1477 5356 1621 5399 certe
1649 5344 1871 5398 Joannis
1898 5343 2122 5413 apostoli

540 5436 868 5498 testimonio,
893 5433 1030 5502 quod
1060 5430 1122 5485 ad
1145 5433 1297 5485 istam
1320 5434 1637 5497 sententiam
1662 5434 1901 5490 ultimum
1928 5437 2123 5504 posuit,

540 5529 625 5580 ubi
654 5528 746 5589 ait,
774 5523 893 5577 Ila-tt
914 5534 985 5575 est
1004 5522 1222 5575 Charitas
1247 5523 1359 5590 Dei,
1384 5533 1439 5577 ut
1460 5524 1695 5578 ntandata
1720 5528 1829 5597 ejus
1848 5543 2119 5593 servemus,

544 5631 588 5673 et
622 5619 861 5673 mandata
891 5617 996 5686 ejus
1021 5616 1194 5687 gravia
1224 5632 1322 5672 non
1352 5627 1499 5686 sunt,
1528 5615 1720 5674 debent
1764 5629 1942 5691 utique
1981 5637 2126 5675 com-

610 5834 632 5865 s
657 5818 669 5835 ’
695 5833 794 5879 (δικ,
816 5815 1075 5879 βιιίέίίιξῖίε.

1784 337 1841 393 S.
1883 335 2248 393 AUGUSTINI
2289 337 2592 397 EPiSCOPl

3738 356 3838 414 διἹὸ

2254 455 2480 521 moneri,
2510 457 2751 514 eharitati
2788 460 2881 516 Dei
2907 476 3010 517 non
3040 476 3160 519 esse
3184 478 3343 534 grave
3373 469 3677 525 mandatum
3706 471 3832 538 Dei;

2250 560 2368 616 qua:
2400 550 2607 604 normisi
2633 567 2726 621 per
2751 552 3007 625 Spiritum
3037 566 3279 611 sanctum
3309 558 3623 617 diffunditur
3642 565 3694 618 in
3716 580 3836 619 cor-

2249 635 2406 690 dibus
2426 642 2641 707 nostris,
2680 658 2785 696 non
2818 659 2912 714 per
2938 645 3215 701 arbitrium
3244 647 3492 706 humana:
3520 654 3835 721 voluntatis;

2248 727 2333 781 cui
2360 728 2479 798 plus
2498 729 2675 784 dando
2702 748 2859 802 quam
2889 745 3118 805 oportet,
3149 737 3393 810 ignorant
3413 740 3672 811 justitiam
3700 746 3792 800 Dei
3821 766 3834 800 τ

2247 832 2365 887 qua:
2395 827 2569 875 tamen
2599 824 2833 879 Charitas
2862 834 2985 881 tunc
3019 830 3251 900 perfecta
3278 833 3408 899 erit,
3448 848 3570 890 cum
3612 839 3839 908 patratis

2248 908 2409 964 timor
2427 915 2602 968 omnis
2624 916 2966 974 abscesserit.

2316 1001 2542 1060 CAPUT
2580 1006 2671 1061 XI.
2699 1039 2773 1050 —
2794 1011 2885 1067 25.
2908 1013 3054 1069 .Post
3081 1015 3194 1072 lucc
3219 1020 3493 1089 proposuit
3535 1023 3836 1080 testimonia

2246 1108 2365 1164 qua:
2397 1105 2580 1152 contra
2608 1115 2701 1156 eos
2726 1102 2828 1156 dici
2857 1105 3034 1160 solent
3063 1124 3078 1160 τ
3106 1122 3205 1161 nec
3233 1124 3295 1163 ea
3325 1111 3517 1178 solvit,
3553 1112 3645 1167 sed
3686 1130 3836 1168 com-

2246 1190 2595 1243 memorando
2630 1193 2777 1261 quasi
2821 1198 3105 1260 contraria,
3152 1201 3476 1268 quaestiones
3505 1205 3703 1259 art-tius
3733 1206 3837 1259 illi-

2244 1282 2403 1349 gavit.
2437 1283 2525 1336 Ait
2553 1287 2694 1340 enim
2728 1305 2741 1340 :
2780 1307 2797 1339 ι
2831 1288 3158 1344 Testimonia
3193 1292 3581 1363 Scripturarum
3604 1339 3619 1361 ,
3657 1315 3778 1368 qua:
3803 1316 3836 1355 e

2244 1375 2456 1428 diverso
2488 1378 2727 1445 ponenda
2757 1389 2887 1435 sunt
2914 1381 2998 1435 his
3022 1384 3110 1452 qui
3148 1385 3350 1449 arbitrii
3398 1387 3719 1457 libet-tatem,
3751 1392 3836 1448 vel

2244 1481 2353 1519 non
2399 1470 2653 1537 peccandi
2702 1472 3104 1540 possibilitatem
3153 1475 3394 1545 imperite
3432 1480 3739 1535 existimant
3778 1498 3841 1538 se

2245 1557 2640 1628 Scripturarum
2682 1564 2995 1619 auctoritate
3042 1580 3196 1634 pouse
3235 1568 3533 1624 destruere.
3585 1572 3836 1641 Objicere

2243 1649 2385 1703 enim
2408 1652 2598 1716 solent,
2630 1671 2649 1704 ι
2678 1653 2865 1723 inquit,
2892 1673 2911 1705 ι
2942 1657 3081 1723 quod
3110 1669 3323 1714 sanctus
3346 1659 3447 1715 Jnl)
3470 1661 3681 1726 dixerit,
3707 1664 3837 1731 Quis

2243 1742 2474 1797 mundus
2502 1754 2583 1798 est
2609 1759 2639 1796 a
2672 1746 2930 1813 peccato?
2972 1746 3081 1802 Nec
3123 1749 3296 1805 infans
3318 1792 3333 1817 ,
3372 1751 3524 1820 cujus
3558 1765 3637 1813 est
3678 1756 3837 1809 unius

2241 1830 2348 1886 diei
2373 1833 2476 1887 vita
2500 1849 2662 1903 super
2680 1844 2876 1889 terram
2905 1856 2924 1889 ι
2956 1836 3074 1909 (Job
3096 1854 3205 1906 xw,
3225 1841 3280 1908 4,
3299 1857 3397 1895 sec.
3417 1841 3604 1910 LXX).
3632 1845 3835 1900 Deinde

2240 1925 2390 1991 quasi
2420 1925 2705 1993 reSpondet
2719 1925 2843 1982 huic
2861 1929 3167 1984 testimonio
3184 1932 3304 1987 aliis
3326 1936 3663 1995 testimoniis.
3690 1938 3832 2007 quod

2240 2013 2355 2082 ipse
2382 2015 2482 2069 Job
2510 2016 2724 2082 dixerit,
2752 2017 2932 2074 Justus
2959 2022 3094 2075 enim
3120 2023 3195 2075 vir
3224 2034 3269 2077 et
3298 2025 3406 2080 sine
3431 2028 3635 2094 querela
3668 2032 3836 2099 [actus

2239 2123 2349 2160 sum
2376 2111 2428 2161 iu
2457 2108 2676 2162 derisum
2706 2108 2817 2181 (Id.
2842 2127 2934 2175 xu,
2959 2113 3013 2179 4,
3037 2129 3138 2167 sec.
3168 2113 3359 2188 LXX).
3389 2116 3503 2171 Non
3527 2118 3835 2188 intelligens

2241 2213 2398 2266 posse
2422 2199 2526 2254 diei
2564 2200 2831 2257 hominem
2864 2202 3088 2273 justum,
3130 2206 3220 2276 qui
3264 2206 3573 2275 perfectioni
3608 2209 3832 2281 justitia:

2242 2290 2528 2357 plurimum
2558 2292 2823 2360 accessit,
2865 2295 2936 2348 ita
2966 2305 3024 2350 ut
3061 2297 3109 2351 ei
3152 2298 3423 2366 proximus
3466 2301 3617 2357 ﬁeret
3644 2321 3656 2356 :
3686 2305 3830 2374 quod

2238 2380 2432 2435 inultos
2458 2384 2617 2437 etiam
2647 2384 2697 2438 in
2732 2385 2831 2440 hac
2856 2386 2958 2439 vita
2990 2389 3244 2456 potuisse,
3279 2390 3333 2444 in
3356 2407 3457 2461 qua
3480 2408 3542 2447 ex
3565 2393 3669 2450 fide
3701 2396 3833 2450 vivi-

2239 2480 2344 2535 tur,
2376 2489 2481 2526 non
2505 2489 2784 2544 negamus.

2306 2563 2397 2617 21.
2441 2564 2552 2619 lloc
2590 2575 2643 2620 et
2683 2567 2775 2620 illo
2813 2570 3117 2624 testimonio
3150 2572 3516 2641 confirmatur,
3546 2577 3686 2645 quod
3729 2578 3833 2634 iste

2160 2678 2183 2700 ο
2234 2665 2629 2724 consequenter
2664 2656 2905 2727 adjuuxit
2947 2661 3015 2715 ab
3056 2661 3243 2716 eodem
3286 2662 3387 2719 Job
3416 2664 3615 2720 dictum
3646 2682 3660 2718 :
3692 2667 3833 2723 Ecce

2234 2762 2325 2816 ego
2347 2749 2605 2816 proximus
2628 2766 2739 2802 sum
2755 2750 2955 2821 judicio
2975 2769 3104 2818 meo,
3140 2763 3189 2807 et
3215 2754 3322 2809 scio
3348 2756 3468 2825 quia
3481 2757 3654 2828 justus
3680 2760 3828 2815 inve-

2234 2839 2349 2891 niar
2379 2837 2489 2912 (1d.
2516 2856 2634 2905 xui,
2668 2843 2757 2907 18,
2782 2859 2882 2896 sec.
2914 2843 3103 2914 LXX).
3137 2845 3248 2901 Hoc
3272 2848 3415 2902 enim
3444 2849 3828 2919 estjndicinm,

2232 2927 2300 2985 de
2320 2947 2426 3002 quo
2464 2933 2588 2986 alibi
2627 2933 2839 2999 dicitur,
2878 2935 2944 2989 Et
2987 2936 3161 2991 educet
3202 2940 3349 3009 quasi
3378 2940 3547 2995 lumen
3576 2943 3832 3012 justitiam

2232 3029 2392 3084 tuam,
2421 3033 2466 3076 et
2483 3023 2740 3094 judicium
2781 3036 2923 3079 tuum
2950 3028 3085 3082 velut
3123 3030 3381 3085 meridiem
3421 3030 3591 3102 (Psal.
3631 3050 3828 3105 xxxvn,

2231 3113 2311 3179 ϐ).
2338 3112 2576 3185 Denique
2609 3131 2716 3170 non
2752 3116 2904 3183 dixit,
2934 3118 3007 3172 lbi
3045 3134 3196 3184 sum;
3243 3120 3360 3184 sed,
3404 3125 3666 3194 proximus
3689 3142 3827 3181 sum.

2230 3206 2383 3273 Quod
2414 3207 2456 3261 si
2483 3207 2741 3278 judicium
2768 3225 2922 3263 suum
2950 3210 3076 3265 illud
3108 3212 3331 3283 intelligi
3359 3214 3548 3275 voluit.
3580 3232 3686 3271 non
3716 3232 3828 3288 quo

2232 3296 2345 3366 ipse
2364 3296 2690 3376 judicabit';
2720 3299 2813 3354 sed
2842 3314 2949 3371 quo
2979 3302 3031 3355 in
3067 3301 3175 3358 fine
3200 3313 3282 3358 est
3303 3303 3656 3375 jndicandus;
3694 3309 3829 3379 justi

2231 3389 2286 3444 in
2313 3389 2402 3443 illo
2422 3388 2624 3458 judicio
2646 3390 2984 3447 invenientur
3008 3407 3196 3449 omnes
3218 3396 3307 3465 qui
3330 3411 3434 3450 non
3454 3396 3721 3454 fallaciter
3740 3400 3830 3453 di-

2230 3490 2376 3549 cunt,
2409 3480 2617 3537 Dimitte
2642 3483 2783 3539 nobis
2812 3484 2979 3539 debita
3011 3498 3205 3553 nostra,
3235 3488 3364 3543 sicut
3400 3500 3448 3544 et
3483 3508 3575 3546 nos
3612 3494 3829 3548 dimitti-

2230 3588 2341 3626 mus
2379 3572 2684 3629 debitoribus
2722 3577 2926 3631 nostris.
2964 3576 3067 3631 Per
3097 3577 3233 3633 lianc
3276 3580 3419 3636 enim
3456 3582 3825 3641 dimissionem

2224 3663 2356 3735 justi
2382 3666 2745 3735 invenientur;
2784 3685 2850 3725 eo
2877 3670 3017 3741 quod
3056 3687 3116 3726 ea
3148 3689 3265 3742 qua:
3296 3673 3381 3730 hic
3408 3656 3827 3748 liabebautpec-

2230 3767 2369 3825 cata,
2405 3760 2759 3837 eleemosynis
2802 3762 3170 3819 deleverunt'.
3204 3766 3357 3823 Unde
3384 3768 3641 3826 Dominus
3668 3771 3822 3837 dicit,

2231 3849 2364 3905 Date
2397 3831 2783 3925 eleemosynain,
2829 3865 2876 3910 et
2919 3873 3033 3911 ecce
3073 3860 3244 3913 omnia
3292 3862 3480 3915 munda
3524 3874 3641 3917 sunt
3685 3866 3826 3920 vobis

2232 3940 2363 4015 (Luc
2401 3959 2479 4006 χι,
2521 3945 2634 4015 41).
2683 3945 2920 4016 Denique
2948 3948 3048 4003 hoc
3075 3950 3282 4004 dicetur
3313 3953 3470 4021 justis
3505 3954 3556 4008 in
3596 3970 3823 4026 regnum

2231 4034 2549 4103 promissum
2574 4036 2745 4104 ituris,
2778 4038 2980 4093 Esurivi
3005 4042 3166 4108 enim,
3207 4052 3254 4096 et
3293 4044 3499 4098 dedistis
3530 4047 3653 4101 mihi
3680 4066 3828 4102 mau-

2230 4122 2419 4177 ducare
2457 4123 2667 4197 (Matth.
2699 4142 2835 4194 xxv,
2865 4130 2958 4199 '55)
2986 4148 2999 4184 :
3028 4142 3081 4185 et
3115 4142 3305 4188 caetera
3346 4133 3675 4203 imjusmodi.
3713 4139 3821 4195 Sed

2229 4214 2372 4269 aliud
2399 4206 2501 4282 est,
2532 4231 2650 4273 esse
2676 4218 2793 4273 sine
2822 4230 3058 4289 peccato,
3093 4222 3233 4292 quod
3265 4225 3330 4279 de
3357 4226 3472 4280 solo
3503 4229 3554 4281 in
3587 4228 3684 4285 hac
3715 4232 3821 4286 vita

2230 4303 2514 4377 Unigenito
2538 4308 2735 4363 dictum
2765 4320 2875 4377 est;
2908 4312 3052 4366 aliud
3072 4354 3087 4380 ,
3117 4329 3237 4369 esse
3265 4316 3382 4371 sine
3409 4321 3646 4388 querela,
3678 4322 3820 4393 quod

2229 4393 2298 4450 de
2321 4395 2497 4451 multis
2519 4396 2680 4466 justis
2700 4400 2859 4454 etiam
2883 4402 2933 4455 in
2959 4401 3058 4457 hac
3080 4405 3186 4459 vita
3209 4406 3311 4461 dici
3336 4411 3499 4476 potuit
3529 4429 3542 4463 :
3571 4414 3819 4482 quoniam

2229 4494 2313 4541 est
2339 4486 2551 4556 quidam
2581 4489 2769 4545 modus
2801 4492 2952 4547 boum
2974 4496 3096 4549 vita:
3116 4538 3130 4557 ,
3171 4496 3240 4550 de
3267 4513 3372 4567 quo
3410 4501 3568 4554 etiam
3617 4503 3667 4557 in
3720 4504 3819 4558 ista

2230 4577 2460 4634 humana
2492 4585 2915 4648 conversatione,
2942 4586 3081 4655 jnsta
3110 4590 3324 4659 querela
3352 4607 3470 4646 esse
3498 4609 3601 4648 non
3632 4598 3817 4665 possit.

2229 4670 2359 4739 Quis
2376 4673 2523 4728 enim
2548 4674 2689 4743 juste
2713 4678 2956 4745 queritur
2985 4678 3051 4733 de
3081 4680 3297 4736 homine
3323 4686 3412 4752 qui
3455 4687 3650 4741 nemini
3679 4690 3820 4746 male

2227 4765 2364 4833 vult,
2393 4775 2446 4821 et
2465 4769 2656 4839 quibus
2682 4778 2855 4838 potest
2882 4772 3105 4827 fideliter
3124 4776 3369 4839 consulit,
3396 4794 3495 4833 nec
3520 4792 3703 4835 contra
3729 4798 3823 4837 cn-

2225 4855 2473 4929 jusquam
2506 4860 2723 4928 injurias
2754 4870 2895 4916 tenet
2921 4863 3194 4918 libidinem
3225 4868 3546 4934 vindicandi,
3583 4883 3635 4924 ut
3660 4889 3816 4926 vera-

2229 4950 2362 5005 citer
2389 4950 2551 5017 dicat,
2579 4952 2722 5005 Sicut
2749 4962 2794 5005 et
2824 4970 2916 5007 nos
2947 4954 3243 5009 dimittimus
3275 4958 3579 5016 debitoribus
3613 4968 3815 5019 nostris.

2228 5043 2299 5103 Et
2329 5054 2503 5098 tamen
2535 5059 2600 5098 eo
2641 5045 2755 5114 ipso
2782 5046 2922 5114 quod
2955 5063 3136 5099 verum
3161 5048 3319 5114 dicit,
3353 5050 3584 5107 Dimitte.
3617 5056 3746 5109 sicut
3776 5067 3821 5110 et

2231 5151 2323 5189 nos
2342 5136 2675 5200 dimittimus;
2700 5137 2817 5192 sine
2847 5148 3065 5207 peccato
3094 5156 3152 5193 se
3176 5156 3281 5194 non
3310 5158 3430 5197 esse
3453 5144 3710 5201 declarat.

2300 5227 2393 5283 25.
2435 5227 2559 5283 inde
2588 5235 2675 5283 est
2701 5229 2840 5298 quod
2871 5230 3016 5292 dicit,
3052 5228 3201 5285 Nihil
3242 5232 3469 5299 iniquum
3498 5245 3602 5288 erat
3628 5237 3680 5289 in
3707 5256 3819 5291 ma-

2231 5318 2378 5373 nibus
2424 5320 2566 5385 meis,
2589 5321 2680 5374 sed
2700 5320 2886 5374 munda
2910 5322 3068 5375 oratio
3095 5339 3203 5375 mea
3231 5323 3353 5389 (Job
3400 5341 3507 5386 xvi.
3542 5328 3651 5397 18).
3688 5330 3821 5385 liine

2233 5411 2376 5467 enim
2405 5420 2520 5467 erat
2548 5413 2742 5468 munda
2772 5414 2961 5478 or'atio,
2987 5415 3107 5485 quia
3139 5417 3345 5471 veniam
3370 5435 3472 5472 non
3506 5419 3700 5489 injuste
3732 5442 3824 5490 pe-

2236 5500 2398 5567 tebat,
2427 5502 2515 5571 qui
2543 5503 2802 5558 veraciter
2823 5504 3000 5559 dabat.

2301 5702 2316 5731 ι
2339 5700 2411 5761 sic
2431 5706 2537 5747 Mss.
2568 5707 2619 5748 At
2636 5700 2771 5752 editi.
2785 5701 3038 5761 judicavit.
3496 5753 3505 5757 -

2300 5759 2563 5831 'Pleriqnc
2588 5768 2714 5835 tuas,
2754 5759 2949 5835 etquod
2988 5778 3044 5814 ea
3068 5777 3175 5829 qua:
3214 5767 3291 5817 hic
3331 5766 3567 5820 habebunt
3604 5783 3819 5835 peccata,

2238 5822 2544 5884 elemosynis
2569 5822 2831 5874 (litteram.
