4202 6558
435 464 553 519 ὅΟΞῖ

494 583 589 641 9.6.
632 584 697 640 Et
724 581 867 654 quod
905 580 1034 636 dicit
1072 578 1141 634 de
1173 577 1417 640 Domino,
1449 574 1641 629 Multas
1667 573 1799 628 enim
1837 572 2028 627 cantri-

428 679 586 731 tioncs
634 692 768 731 meas
812 674 928 747 fecit
974 673 1083 727 sine
1132 686 1286 724 causa
1313 667 1432 740 (Job
1488 682 1563 733 ις,
1613 664 1700 738 17)
1736 684 1747 719 :
1779 680 1884 720 non
1916 665 2027 732 ait,

431 769 614 824 Nullas
643 766 768 822 fecit
807 781 928 820 cum
959 779 1118 819 causa
1143 777 1156 827 ;
1186 761 1301 823 sed,
1329 760 1515 813 multas
1540 757 1647 811 sine
1686 772 1859 810 causa.
1915 753 2031 810 Non

427 861 569 916 enim
599 870 816 930 propter
845 858 1007 912 multa
1042 842 1257 926 peccata
1287 852 1405 921 ejus
1437 852 1588 906 iacta:
1617 859 1741 904 sunt
1763 850 1810 905 ei
1851 848 2033 903 multae

429 955 797 1016 contritiones,
824 950 917 1005 sed
937 959 1157 1023 propter
1183 947 1550 1016 probationem
1571 944 1861 1016 patienti-.12.
1898 941 2030 997 Nam

428 1054 646 1118 propter
671 1052 907 1113 percita,
938 1042 1055 1095 sine
1083 1038 1296 1108 quibus,
1328 1047 1386 1091 ut
1410 1036 1532 1091 alibi
1576 1035 1880 1100 conﬁtetur,
1926 1047 2034 1089 non

431 1136 530 1191 fuit
554 1179 569 1202 ,
604 1135 847 1206 pauciora
876 1149 935 1189 se
962 1133 1068 1205 pati
1097 1131 1347 1186 debuisse
1374 1128 1581 1198 judicat
1609 1125 1718 1200 (Id.
1749 1143 1831 1190 γι,
1860 1126 1916 1192 9.,
1950 1127 2030 1195 5).

500 1230 589 1284 37.
634 1228 762 1281 Item
815 1226 956 1297 quod
1006 1224 1155 1281 dicit.
1213 1221 1333 1277 Vitis
1377 1222 1509 1276 enim
1555 1222 1664 1291 ejus
1691 1218 1957 1286 custodiri,
1989 1226 2034 1273 ct

432 1339 530 1375 non
549 1320 798 1375 declinavi
813 1338 844 1372 a
862 1318 1118 1372 mandatis
1140 1317 1267 1388 ejus,
1293 1332 1451 1386 neque
1470 1314 1724 1368 discedam
1741 1312 1853 1385 (id.
1879 1327 2028 1378 χχιιι,

434 1412 523 1483 11)
572 1428 584 1464 :
628 1409 913 1465 custodivit
953 1408 1068 1462 vias
1096 1407 1210 1471 Dei,
1258 1406 1347 1476 qui
1390 1421 1494 1461 non
1541 1405 1617 1460 sic
1666 1404 1948 1468 exorbitat,
1979 1411 2035 1458 ut

433 1520 524 1557 cas
566 1502 853 1572 relinquat,
899 1499 994 1554 sed
1040 1499 1093 1554 in
1124 1498 1201 1553 cis
1231 1496 1496 1551 currendo
1525 1495 1771 1566 proﬁcit;
1803 1496 1901 1549 etsi
1933 1494 2033 1548 ali-

433 1592 645 1663 quando
688 1601 744 1645 ut
773 1590 1017 1645 inﬁrmus
1042 1588 1264 1643 oll'endit
1303 1597 1393 1643 aut
1427 1588 1618 1641 titubat
1653 1605 1664 1640 :
1701 1586 1910 1656 proiicit
1939 1601 2035 1639 au-

435 1697 540 1741 tem
590 1684 881 1740 minuendo
928 1692 1185 1754 peccata,
1235 1681 1407 1735 donec
1462 1681 1732 1748 perveniat
1785 1680 1870 1733 Ubi
1920 1679 2036 1734 sine

437 1788 654 1848 peccato
696 1779 785 1832 sit.
828 1776 938 1831 Non
973 1776 1115 1831 enim
1161 1775 1319 1829 aliter
1352 1783 1524 1844 potest
1551 1790 1616 1828 eo
1664 1774 1825 1827 modo
1872 1772 2034 1843 proli-

434 1886 577 1935 cere,
625 1870 728 1925 nisi
776 1866 1127 1923 custodiendo
1171 1867 1286 1921 vias
1330 1866 1464 1936 ejus.
1512 1866 1751 1921 Declinat
1797 1876 2035 1921 autema

435 1961 701 2018 mandatis
748 1958 961 2015 Domini
1009 1968 1170 2029 atque
1213 1957 1440 2014 discedit
1483 1960 1759 2026 apostata;
1811 1972 1915 2012 non
1947 1956 2037 2012 ille

435 2056 547 2126 qui,
570 2053 777 2111 etiamsi
809 2052 1003 2108 habeat
1030 2059 1328 2120 peccatum,
1359 2048 1678 2118 conﬂigendi
1709 2058 1884 2103 tamen
1910 2062 2033 2104 cum

435 2163 503 2201 eo
544 2144 992 2216 perseverantiam
1025 2157 1131 2197 non
1161 2141 1434 2212 relinquit,
1465 2141 1636 2196 donec
1664 2157 1730 2196 eo
1759 2141 2036 2211 perveniat

437 2238 524 2293 ubi
574 2237 714 2291 nulla
760 2251 883 2291 cum
927 2243 1101 2289 morte
1151 2233 1424 2289 contentio
1471 2233 1787 2288 remanebit.
1831 2232 1884 2286 In
1933 2232 2037 2287 isto

439 2344 566 2399 ergo
594 2327 842 2383 conﬂictu
886 2325 1162 2381 induimur
1201 2339 1265 2379 ea
1304 2323 1533 2394 justitia,
1576 2339 1679 2394 qua
1710 2323 1798 2378 hic
1838 2339 1904 2378 ex
1933 2322 2037 2379 ﬁde

436 2421 650 2485 vivitur,
692 2428 746 2474 et
774 2435 837 2474 ea
865 2416 1300 2490 quodam-me
1347 2416 1654 2472 loricamur.
1696 2415 2036 2472 Assumimus

438 2527 649 2584 quoque
672 2510 953 2583 judicium,
997 2508 1140 2580 quod
1178 2508 1337 2563 etiam
1382 2516 1569 2564 contra
1613 2524 1711 2562 nos
1741 2523 1837 2579 pro
1884 2507 2037 2564 nobis

440 2605 682 2669 facimus,
703 2602 929 2674 quando-
938 2611 1154 2673 peccata
1164 2609 1355 2656 nostra
1376 2599 1678 2655 accusando
1694 2599 2034 2656 damnamus:

439 2698 579 2753 unde
621 2697 879 2766 scriptum
923 2705 1030 2761 est,
1076 2694 1258 2749 Justus
1302 2694 1411 2766 ipse
1451 2694 1531 2749 sui
1569 2703 1832 2748 accusator
1872 2702 1943 2749 est
1983 2694 2039 2749 in

440 2791 717 2859 primordio
743 2788 986 2845 sermonis
1011 2786 1193 2858 (Prov.
1226 2802 1378 2854 xvm,
1411 2785 1526 2858 t7).
1570 2786 1702 2841 liinc
1728 2786 1853 2841 item
1880 2785 2030 2853 dicit,

438 2881 650 2937 Iustitia
674 2882 878 2936 vestitus
898 2896 1059 2949 erant,
1087 2889 1133 2934 et
1156 2879 1464 2934 circumdedi
1489 2879 1613 2933 milii
1625 2879 1884 2950 judicium
1909 2880 2040 2935 sicut

439 2973 756 3046 chlamydem
796 2972 916 3047 (Job
947 2989 1093 3041 xm,
1142 2972 1255 3044 14).
1296 2970 1428 3026 Nam
1476 2980 1530 3028 ct
1568 2971 1667 3026 ista
1709 2972 1873 3028 vestis
1913 2971 2038 3028 belli

440 3067 606 3138 magis
635 3067 773 3121 solet
814 3080 934 3122 esse
962 3080 1119 3134 quam
1148 3065 1315 3136 pacis,
1347 3064 1435 3119 ubi
1480 3063 1656 3119 adhuc
1704 3072 2041 3136 expugnatur

438 3159 887 3229 concupiscentia,
911 3173 1017 3212 non
1047 3160 1134 3211 ubi
1160 3156 1265 3212 erit
1297 3156 1449 3227 plena
1474 3155 1590 3211 sine
1610 3156 1787 3229 aliquo
1816 3170 2038 3228 prorsus

441 3250 593 3305 hoste
617 3249 839 3320 jnstitia,
871 3248 1157 3303 novissima
1185 3247 1399 3303 inimica
1433 3257 1608 3304 morte
1632 3248 1925 3303 destructa.

507 3342 598 3397 28.
639 3340 789 3409 Quod
818 3348 994 3395 autent
1024 3340 1215 3395 iterum
1243 3339 1319 3394 ait
1344 3338 1483 3394 idem
1513 3347 1730 3393 sanctus
1754 3339 1875 3404 Job,
1912 3338 2035 3395 Non

438 3437 570 3491 enim
609 3434 931 3504 reprehendit
958 3450 1036 3488 me
1060 3450 1147 3488 cor
1171 3449 1335 3487 meum
1375 3432 1429 3486 in
1455 3434 1599 3487 omni
1617 3433 1718 3486 vita
1756 3450 1868 3486 mea
1911 3432 2034 3507 (Id.

438 3542 603 3591 xxvn,
632 3527 690 3596 6)
723 3544 735 3578 :
768 3534 894 3580 tunc
921 3540 1020 3579 nos
1066 3525 1118 3579 in
1151 3525 1251 3579 ista
1276 3524 1415 3590 vita,
1444 3524 1498 3578 in
1543 3539 1644 3595 qua
1673 3540 1737 3579 ex
1767 3523 1872 3580 ﬁde
1900 3524 2037 3579 viri-

439 3632 578 3683 Inus,
618 3628 731 3671 non
772 3615 1115 3686 reprehendit
1154 3630 1249 3670 cor
1288 3624 1554 3683 nostrum,
1601 3615 1644 3669 si
1675 3614 1864 3671 eadem
1904 3615 2037 3671 ﬁdes

437 3726 541 3778 qua
570 3711 585 3741 ¹
609 3708 769 3764 corde
792 3706 1032 3764 creditur
1054 3707 1119 3762 ad
1140 3706 1424 3777 justitiam,
1453 3722 1559 3762 non
1603 3706 1822 3778 negligit
1845 3722 2036 3778 repre-

439 3800 675 3856 hendere
721 3809 995 3871 peccatum
1036 3809 1299 3855 nostrum.
1339 3798 1494 3857 Unde
1536 3800 1665 3855 dicit
1709 3800 2033 3870 Apostolus,

438 3892 565 3948 Non
586 3894 716 3948 enim
734 3892 870 3962 quod
888 3892 998 3947 volo
1027 3893 1161 3965 facio
1187 3892 1373 3946 bonum
1393 3907 1413 3947 :
1440 3891 1529 3946 sed
1554 3892 1691 3963 quod
1710 3891 1796 3946 odi
1821 3892 2035 3961 malum,

437 3985 533 4039 hoc
561 4001 657 4056 ago
696 3982 870 4055 (Rom.
901 3999 998 4049 vn,
1030 3982 1141 4056 15).
1184 3972 1388 4037 Bonum
1432 3993 1515 4038 est
1535 3982 1678 4038 enim
1705 3999 1809 4037 non
1839 3998 2038 4049 concuo

438 4077 668 4146 pisccre,
715 4084 769 4131 et
800 4074 900 4131 hoc
941 4076 1137 4130 bonum
1166 4076 1281 4130 vult
1318 4074 1520 4145 justus,
1566 4076 1654 4146 qui
1683 4092 1749 4130 ex
1778 4075 1883 4131 ﬁde
1909 4076 2038 4132 vivit

439 4167 663 4240 (Hebae.
693 4185 751 4236 ιι,
779 4169 835 4237 4)
865 4186 879 4222 :
908 4177 961 4225 et
988 4178 1166 4224 tamen
1197 4168 1322 4224 facit
1345 4169 1487 4239 quod
1516 4168 1649 4233 odit,
1681 4169 1804 4238 quia
1832 4184 2036 4225 concu-

438 4262 630 4329 piscit;
677 4262 920 4331 quamvis
969 4269 1089 4331 post
1134 4259 1595 4329 concupiscentias
1640 4273 1764 4313 suas
1812 4274 1917 4314 non
1949 4268 2037 4315 eat

440 4349 627 4422 (Eccli.
657 4366 805 4417 xvnt,
833 4352 974 4421 50H
1001 4350 1145 4421 quod
1171 4351 1215 4405 si
1243 4350 1449 4415 fecerit,
1476 4358 1603 4405 tunc
1628 4366 1752 4405 vere
1777 4351 1891 4420 ipse
1912 4351 2037 4407 fecit

440 4454 497 4499 ut
521 4443 698 4510 cedat,
745 4452 801 4497 ut
826 4444 1144 4509 consentiat,
1179 4450 1241 4497 ut
1263 4440 1531 4498 desiderio
1568 4442 1768 4512 peccati
1798 4442 2033 4498 obediat.

440 4539 591 4595 Tunc
628 4553 751 4594 eum
795 4551 890 4594 cor
916 4537 1033 4609 ejus
1058 4535 1440 4607 reprehendit;
1483 4536 1605 4607 quia
1636 4536 1807 4606 ipsum
1846 4550 2036 4606 repre-

440 4630 628 4687 hendit
656 4632 699 4698 ’,
726 4646 833 4684 non
881 4628 1008 4684 illud
1056 4637 1331 4699 peccatum
1376 4628 1513 4698 ejus,
1565 4627 1707 4698 quod
1750 4627 1955 4687 habitat
1981 4627 2034 4682 in

366 4792 384 4803 I
440 4724 694 4781 membris
718 4723 853 4793 ejus.
893 4720 1033 4777 Cum.
1053 4737 1183 4777 vero
1212 4735 1319 4776 non
1348 4721 1476 4776 sinit
1500 4734 1727 4791 regnare
1757 4730 2036 4790 peccatum

440 4819 494 4875 in
543 4832 643 4873 suo
690 4815 902 4871 mortali
951 4828 1179 4885 corpore
1217 4812 1286 4868 ad
1350 4813 1705 4868 obcdiendum
1750 4812 2033 4869 desideriis

438 4912 575 4981 ejus.
620 4924 720 4965 nec
755 4907 970 4963 exhibet
998 4906 1237 4962 membra
1281 4920 1376 4961 sua
1402 4920 1549 4960 arma
1578 4904 1873 4975 iniquitatis
1901 4920 2034 4975 pec-

440 5016 560 5062 cato
600 5003 777 5075 (Rom.
826 5018 901 5068 v1,
934 5000 1023 5067 l2,
1076 5000 1201 5071 l5);
1234 4999 1375 5054 inest
1415 4996 1630 5069 quidem
1679 5006 1953 5067 peccatum
1980 4996 2033 5055 in

441 5099 696 5155 membris
738 5098 874 5168 ejus,
926 5094 1022 5152 sed
1064 5112 1173 5150 non
1216 5103 1422 5165 regnat,
1471 5093 1594 5165 quia
1634 5109 1740 5147 non
1788 5092 2038 5150 obeditur

439 5191 720 5251 desideriis
762 5190 898 5259 ejus.
941 5189 1005 5243 Et
1034 5186 1155 5243 ideo
1198 5187 1325 5242 dum
1363 5185 1505 5257 quod
1534 5199 1640 5239 non
1667 5184 1780 5239 vult
1823 5185 1949 5255 agit,
1980 5184 2036 5241 id

439 5296 541 5350 est,
584 5300 687 5338 non
719 5286 830 5337 vult
858 5278 1235 5350 concupiscere
1277 5287 1329 5331 et
1357 5276 1723 5347 concupiscit;
1769 5276 2036 5331 consentit

442 5378 563 5447 legi,
594 5376 717 5446 quia
746 5375 881 5428 bona
921 5380 1023 5427 est.
1068 5372 1177 5426 lloc
1203 5370 1345 5424 enim
1375 5370 1485 5424 vult
1510 5378 1566 5424 et
1594 5368 1706 5437 ipse
1735 5366 1877 5438 quod
1913 5367 2031 5433 lex;

440 5469 564 5539 quia
607 5468 717 5521 vult
743 5466 856 5535 ipse
898 5479 1003 5519 non
1044 5462 1445 5532 concupiscere,
1489 5470 1543 5515 et
1583 5460 1675 5515 lex
1717 5459 1863 5523 dicit,
1910 5457 2036 5514 Non

442 5561 762 5633 concupisces
789 5556 983 5629 (Exod.
1008 5576 1092 5623 xx,
1118 5553 1225 5627 17).
1268 5552 1322 5607 Ιιι
1351 5552 1451 5609 hoc
1479 5552 1727 5623 quoniam
1754 5549 1865 5605 vult
1891 5549 2034 5621 quod

444 5664 499 5709 et
521 5656 603 5708 iex
641 5653 771 5717 vult,
818 5649 1004 5721 procul
1033 5647 1196 5701 dubio
1225 5647 1491 5701 consentit
1534 5642 1637 5715 legi
1667 5662 1679 5698 :
1709 5642 2036 5713 concupiscit

511 5804 524 5816 ι
562 5794 658 5836 Am.
678 5791 754 5834 Er.
780 5789 834 5834 et
854 5790 983 5842 Mss,
1008 5780 1059 5831 in
1076 5793 1190 5843 qua.
1212 5777 1461 5840 Particula,
1485 5777 1554 5840 in,
1575 5783 1820 5840 expuncta
1844 5776 1932 5825 fuit
1947 5788 2035 5839 per

444 5860 785 5897 mvamenses.
1572 5899 1583 5909 ι
1665 5898 1676 5911 .

448 5914 684 6024 lu"
738 5923 768 5959 e
811 5914 925 5957 Mss.
973 5906 1203 5956 Vaticanis
1250 5903 1441 5963 omittit,
1500 5913 1614 5963 quia
1657 5912 1814 5963 ipsum
1868 5910 2034 5962 repre-

467 5984 631 6025 utan.

1280 462 1366 516 DE
1408 457 1886 516 PERFECTIONE
1925 457 2254 514 JUSTITl.-E
2298 459 2570 518 HOMlNiS
2609 462 2832 519 LIBER.

3610 466 3715 524 506

2144 582 2343 644 tamen,
2385 578 2506 647 quia
2538 593 2649 633 non
2685 590 2763 633 cst
2795 579 2910 637 sine
2937 591 3190 651 peccato;
3235 583 3327 638 sed
3351 583 3460 654 jam
3493 599 3597 637 non
3628 585 3741 651 ipse

2141 676 2393 736 operatur
2420 668 2568 737 illud,
2600 670 2696 725 sed
2740 671 2789 724 id
2820 670 2962 742 quod
3002 672 3056 726 in
3090 671 3180 726 illo
3210 670 3413 727 habitat
3442 684 3736 743 peccatum.

2145 758 2267 814 Ideo
2291 776 2400 815 non
2425 776 2546 815 cum
2574 761 2921 831 reprehendit
2948 778 3042 818 cor
3066 763 3180 834 ejus
3206 764 3257 819 in
3288 756 3430 819 omni
3461 764 3567 819 vita
3597 764 3736 834 ejus;

2141 849 2245 907 hoc
2270 861 2373 919 est,
2404 853 2457 907 in
2482 853 2585 909 ﬁde
2610 855 2745 925 ejus,
2774 855 2896 926 quia
2916 855 3097 926 justus
3122 872 3187 911 ex
3219 856 3323 912 ﬁde
3346 857 3474 912 vivit
3502 874 3515 910 :
3543 861 3600 911 et
3621 857 3741 911 ideo

2143 945 2275 1001 ﬁdes
2299 946 2415 1017 ejus
2441 958 2522 1002 est
2544 948 2651 1002 vita
2678 948 2815 1018 ejus.
2856 948 2969 1005 Scit
2997 951 3140 1005 enim
3170 950 3294 1022 quia
3319 965 3424 1005 non
3450 949 3652 1004 habitat
3685 951 3737 1004 in

2142 1051 2303 1093 carne
2330 1038 2447 1106 eius
2475 1038 2695 1105 bonum,
2726 1040 2817 1095 ubi
2849 1040 3054 1097 habitat
3081 1052 3357 1110 peccatum
3389 1059 3403 1096 :
3433 1042 3528 1097 sed
3556 1059 3662 1096 non
3689 1044 3737 1097 ei

2141 1131 2528 1187 consentiendo
2559 1133 2687 1188 vivit
2706 1149 2773 1189 ex
2802 1129 2925 1200 ﬁdo,
2954 1152 3056 1207 qua
3084 1136 3101 1168 ί
3135 1136 3347 1191 invocat
3367 1136 3533 1191 Deum
3562 1144 3617 1190 ut
3646 1136 3741 1189 ad-

2136 1224 2350 1295 juvetur
2400 1242 2641 1296 pugnans
2669 1238 2855 1283 contra
2902 1238 3176 1298 peccatum
3202 1247 3217 1293 ;
3248 1228 3387 1299 quod
3420 1239 3476 1283 ut
3520 1229 3741 1283 omnino
3782 1278 3805 1295 κ

2142 1318 2213 1373 ibi
2241 1335 2346 1373 non
2372 1319 2460 1382 sit,
2492 1318 2699 1390 adjacet
2735 1320 2784 1375 ei
2809 1320 2965 1387 velle,
2992 1320 3087 1376 sed
3120 1322 3375 1390 perﬁcere
3406 1320 3603 1375 boumn
3633 1334 3739 1374 non

2141 1410 2348 1480 adjacet
2391 1409 2569 1483 (Rom.
2610 1429 2704 1479 vn,
2758 1410 2964 1487 15-21).
3006 1411 3122 1467 Νοιι
3165 1411 3341 1467 facere
3385 1413 3583 1467 bonum
3631 1426 3739 1466 non

2142 1504 2367 1574 adjaeet,
2396 1505 2492 1560 sed
2537 1508 2814 1575 perlicere.
2853 1506 2984 1560 Nam
3027 1506 3078 1561 in
3107 1520 3175 1560 eo
3202 1504 3345 1577 quod
3375 1519 3480 1559 non
3504 1518 3739 1560 consen-

2146 1597 2225 1662 tit,
2261 1598 2455 1653 bonum
2488 1599 2720 1663 t'acit;et
2746 1600 2797 1653 in
2833 1614 2898 1653 eo
2933 1598 3075 1669 quod
3106 1598 3229 1652 odit.
3253 1597 3738 1669 concupiscentiam

2142 1704 2315 1755 Stlalll,
2344 1691 2541 1745 bonum
2572 1690 2728 1755 facit;
2756 1700 2809 1745 ct
2835 1690 2886 1745 in
2914 1706 2980 1745 eo
3003 1690 3143 1761 quod
3172 1689 3542 1760 eleemusynas
3566 1687 3741 1743 facere

2145 1801 2250 1838 non
2281 1796 2477 1848 cessat,
2530 1784 2728 1839 bonum
2759 1783 2925 1850 facit;
2970 1794 3025 1839 et
3071 1784 3124 1839 in
3152 1798 3218 1838 eo
3262 1782 3404 1853 quod
3449 1782 3524 1836 illi
3565 1782 3653 1852 qui
3686 1780 3739 1835 in

2143 1894 2266 1933 eum
2298 1889 2479 1948 peccat
2507 1878 2752 1948 ignoscit,
2783 1878 2978 1933 bonum
3011 1876 3165 1942 facit;
3197 1884 3251 1931 et
3279 1875 3331 1930 in
3357 1890 3423 1930 eo
3445 1875 3584 1945 quod
3608 1875 3736 1944 petit

2144 1972 2242 2027 sibi
2268 1971 2460 2027 dimitti
2486 1972 2664 2027 debita
2691 1987 2809 2037 sua,
2832 1981 2887 2027 et
2914 1971 3174 2026 veraciter
3201 1969 3326 2024 dicit
3356 1969 3498 2039 quod
3522 1967 3743 2022 dimittit

2144 2064 2303 2118 etiam
2337 2064 2448 2134 ipse
2476 2062 2807 2118 debitoribus
2836 2062 2969 2129 suis,
3001 2071 3055 2118 et
3086 2072 3204 2116 orat
3244 2072 3434 2116 utnon
3479 2059 3740 2114 inferatur

2146 2156 2198 2211 in
2242 2157 2609 2222 teutatiouem,
2659 2156 2756 2211 sed
2802 2156 3059 2211 liberetur
3085 2171 3115 2209 a
3142 2156 3306 2219 malo,
3337 2154 3535 2209 bonum
3568 2152 3693 2206 facit
3722 2168 3735 2204 :

2144 2252 2193 2305 ei
2225 2262 2401 2306 tamen
2448 2249 2705 2320 perﬁcere
2752 2250 2949 2304 bonum
2994 2263 3099 2304 non
3147 2246 3375 2317 adjacet',
3426 2246 3566 2316 quod
3616 2256 3740 2299 tunc

2146 2343 2268 2409 erit,
2296 2341 2508 2411 quando
2536 2340 2624 2395 illa
2649 2338 3077 2410 concupiscentia
3105 2354 3224 2410 qme
3255 2337 3458 2392 habitat
3484 2336 3538 2390 in
3564 2352 3738 2390 mem—

2144 2437 2255 2491 bris
2281 2436 2418 2506 ejus,
2468 2435 2611 2489 nulla
2654 2435 2777 2489 erit.
2816 2433 2933 2488 Non
2960 2449 3089 2504 ergo
3132 2448 3255 2487 eum
3284 2430 3743 2500 reprehenditcor

2145 2530 2280 2601 ejus,
2310 2528 2526 2600 quando
2551 2527 2898 2599 reprehendit
2942 2536 3214 2598 peccatum
3240 2525 3398 2597 quod
3442 2524 3648 2580 habitat
3684 2526 3739 2578 in

2145 2622 2404 2678 membris
2430 2623 2589 2691 ejus,
2611 2630 2664 2675 et
2686 2636 2810 2677 ‘nou
2828 2654 2831 2657 λ
2851 2620 3009 2676 habet
3033 2636 3192 2691 quam
3218 2617 3597 2689 reprehendat
3622 2617 3743 2672 inﬁ—

2144 2714 2417 2771 delitatem
2445 2713 2561 2785 ejus
2588 2716 2630 2770 ¹.
2673 2713 2746 2769 Ita
2775 2728 2874 2769 nec
2922 2711 2975 2767 in
3008 2722 3114 2767 vita
3155 2693 3271 2775 sua,
3306 2711 3356 2765 id
3400 2720 3504 2776 est,
3537 2710 3589 2764 in
3639 2709 3743 2762 ﬁde

2145 2823 2262 2874 sua,
2292 2822 2322 2862 a
2351 2806 2514 2863 corde
2541 2822 2640 2862 suo
2668 2805 3099 2878 reprehenditur,
3143 2814 3198 2859 et
3226 2807 3342 2860 sine
3386 2811 3607 2874 peccato
3635 2820 3741 2857 non

2145 2914 2267 2956 esse
2291 2898 2645 2955 convincitur.
2684 2896 2838 2966 Quod
2876 2905 2930 2952 et
2959 2896 3073 2968 ipse
3110 2895 3213 2952 Job
3240 2895 3307 2951 de
3334 2911 3392 2951 se
3418 2893 3702 2951 conﬁtetur
3724 2936 3740 2959 ,
3822 2894 3825 2897 ’

2144 2995 2237 3052 ubi
2262 2996 2391 3052 dicit
2421 3014 2436 3051 :
2467 2993 2619 3050 Nihil
2646 3006 2694 3050 te
2717 2995 2867 3050 latuit
2890 3003 3206 3065 peccatorum
3229 3009 3476 3047 meorum.
3510 2991 3742 3063 Signasti

2144 3088 2429 3160 iniquitates
2454 3105 2590 3145 meas
2615 3088 2669 3142 in
2705 3088 2929 3154 sacculo,
2975 3095 3020 3141 et
3045 3086 3301 3141 annotasti
3328 3086 3374 3141 si
3398 3085 3520 3157 quid
3556 3085 3742 3139 inritus

2146 3192 2488 3254 transgressus
2521 3180 2633 3238 sani
2666 3166 2787 3250 (Job
2813 3198 2922 3247 xiv,
2971 3180 3060 3249 16,
3104 3180 3218 3251 17).
3256 3179 3584 3236 Testimonia
3612 3194 3744 3250 ergo

2144 3293 2265 3347 qua:
2294 3276 2472 3347 posuit
2495 3276 2563 3331 de
2591 3275 2770 3332 verbis
2795 3274 2965 3331 sancti
2989 3273 3112 3341 Job,
3144 3288 3246 3329 nos
3282 3272 3421 3328 sicut
3447 3270 3740 3344 potuimus,

2145 3368 2593 3440 quemadmodum
2626 3367 2733 3423 sint
2774 3365 3083 3437 accipienda
3128 3364 3545 3421 monstravimus
3585 3381 3598 3417 :
3642 3380 3743 3419 nec

2145 3471 2321 3516 tamen
2345 3461 2434 3515 ille
2458 3460 2637 3525 solvit,
2657 3458 2798 3530 quod
2825 3457 3074 3515 eumdem
3094 3456 3197 3513 Job
3215 3456 3416 3512 dixisse
3443 3456 3738 3527 proposuit,

2149 3554 2274 3622 Quis
2297 3554 2432 3609 enim
2458 3552 2678 3608 mundus
2706 3562 2779 3607 cst
2802 3546 2837 3605 a
2874 3562 3079 3623 peccato
3099 3551 3126 3605 ?
3164 3546 3276 3604 Nec
3303 3548 3475 3622 infans
3500 3548 3644 3619 cujus
3669 3558 3742 3601 est

2145 3647 2245 3702 diei
2274 3646 2422 3701 unius
2446 3646 2546 3700 vita
2566 3661 2719 3715 super
2747 3654 2953 3699 terram.

2216 3738 2442 3795 CAPUT
2472 3737 2585 3793 Xll.
2613 3767 2685 3778 —
2707 3735 2800 3794 29.
2829 3754 2848 3788 ι
2878 3734 3075 3793 lterum
3095 3748 3397 3807 proponere
3421 3733 3741 3800 solent,»in-

2144 3834 2308 3904 quit,i
2333 3830 2512 3887 Omnis
2526 3830 2677 3885 homo
2702 3828 2922 3883 mendax
2938 3826 3110 3901 (Psal.
3133 3842 3260 3892 cxv,
3287 3823 3367 3900 2).
3391 3845 3410 3879 ι
3427 3824 3611 3896 Neque
3638 3825 3739 3888 boc

2143 3934 2330 3981 contra
2358 3938 2417 3979 se
2462 3923 2633 3993 ipsum
2664 3920 2686 3953 ³
2709 3936 2740 3976 a
2785 3936 2846 3976 se
2876 3920 2993 3991 ipso
3041 3918 3373 3990 propositum
3404 3918 3567 3973 solvit
3598 3935 3611 3973 :
3644 3918 3739 3974 sed

2143 4014 2613 4075 commemorando
2639 4014 2743 4069 alia
2770 4013 2919 4069 velut
2946 4011 3213 4068 contraria
3243 4010 3566 4079 testimonia,
3598 4010 3736 4080 apud

2144 4126 2238 4167 eos
2281 4109 2370 4181 qui
2414 4124 2522 4163 non
2554 4106 2855 4176 intelligunt
2893 4113 3133 4160 sanctam
3161 4103 3517 4174 Scriptorum,
3560 4101 3737 4158 divina

2142 4201 2353 4272 eloquia
2382 4200 2434 4255 in
2482 4185 2575 4254 lite
2617 4196 2839 4265 (ﬁmisit.
2880 4195 2970 4251 Ait
2992 4196 3174 4252 enim:
3207 4194 3402 4263 Quibus
3428 4195 3740 4265 responden-

2143 4295 2265 4349 dum
2280 4302 2370 4359 est,
2389 4292 2590 4364 quodin
2613 4288 2958 4345 Numerorum
2978 4287 3105 4343 libro
3124 4288 3369 4359 scriptum
3389 4297 3461 4343 est
3480 4304 3496 4341 :
3519 4305 3538 4339 ι
3568 4286 3737 4341 Homo

2143 4402 2296 4442 verax
2322 4404 2342 4438 ι
2371 4382 2555 4454 (Νιιηι.
2574 4396 2725 4447 xxxv,
2747 4397 2847 4436 sec.
2867 4379 3055 4453 LXX).
3078 4378 3144 4433 Et
3165 4381 3227 4434 de
3240 4390 3416 4434 sancto
3431 4378 3531 4434 Job
3554 4379 3740 4450 legitur

2142 4480 2213 4532 ita
2235 4493 2289 4531 ει
2314 4474 2441 4529 Erat
2468 4475 2544 4529 vir
2572 4473 2802 4528 habitans
2823 4472 2877 4527 in
2892 4473 3095 4544 regione
3114 4471 3381 4537 Ausitidaa,
3397 4468 3599 4525 nomine
3612 4470 3734 4534 Job,

2142 4583 2314 4631 verax,
2344 4567 2452 4619 sine
2477 4565 2706 4630 crimine,
2745 4564 2939 4637 justus,
2981 4561 3079 4617 Dei
3102 4561 3282 4627 cultor,
3315 4562 3567 4616 abstinens
3594 4578 3649 4615 se
3673 4562 3735 4613 ab

2143 4658 2281 4713 omni
2305 4674 2361 4712 re
2380 4657 2515 4710 mala
2539 4674 2557 4708 ι
2583 4653 2705 4725 (Job
2727 4646 2766 4722 ι,
2798 4653 2871 4727 1).
2896 4653 3057 4708 Miror
3077 4652 3219 4724 quod
3243 4668 3405 4707 ausus
3430 4664 3513 4708 est
3537 4668 3735 4722 ponere

2145 4750 2246 4805 hoc
2270 4746 2653 4812 testimonium,
2681 4746 2770 4800 ubi
2794 4745 2993 4801 dictum
3019 4753 3122 4811 est,
3152 4744 3417 4798 Abstineas
3441 4760 3495 4797 se
3513 4744 3575 4796 ab
3598 4744 3737 4797 omni

2142 4857 2198 4896 re
2238 4840 2395 4905 mala,
2447 4853 2568 4894 eum
2596 4838 2699 4893 hoc
2726 4838 2794 4894 ab
2832 4837 2976 4893 omni
3005 4845 3230 4908 peccato
3265 4837 3423 4893 vellet
3468 4837 3733 4908 intelligi;

2142 4948 2268 4990 cum
2313 4931 2558 5004 superius
2601 4932 2813 4998 dixerit,
2864 4938 3143 5002 peccatum
3186 4937 3364 4986 actum
3405 4944 3525 4986 esse
3551 4928 3595 4997 ⁸,
3625 4948 3732 4987 non

2141 5040 2255 5081 rem
2290 5021 2440 5097 (Cap.
2470 5022 2528 5091 2,
2567 5040 2621 5077 η.
2653 5022 2731 5095 4).
2770 5022 3168 5079 Reminiscatur
3192 5036 3321 5093 ergo
3348 5023 3472 5094 quia
3499 5023 3661 5079 etiam
3690 5024 3733 5079 si

2141 5126 2291 5173 actus
2315 5116 2405 5183 sit,
2432 5129 2522 5171 res
2549 5123 2724 5186 potest
2748 5114 2875 5170 dici.
2917 5115 3166 5171 Abstinet
3200 5130 3261 5171 se
3288 5124 3468 5172 autem
3496 5116 3563 5171 ab
3590 5119 3733 5171 omni

2144 5226 2202 5265 re
2232 5210 2388 5274 mala,
2415 5208 2505 5279 qui
2535 5217 2772 5277 peccato,
2802 5207 2921 5264 sine
2947 5223 3054 5279 quo
3080 5222 3185 5264 non
3217 5216 3318 5275 est,
3347 5208 3434 5265 vel
3460 5224 3733 5279 nunquam

2142 5303 2361 5357 omnino
2398 5300 2686 5368 consentit,
2738 5301 2823 5357 vel
2872 5301 2917 5356 si
2955 5301 3246 5371 aliquando
3293 5302 3573 5372 premitur,
3628 5321 3733 5355 non

2142 5394 2496 5465 Opprimitur;
2547 5393 2686 5448 sicut
2732 5393 2961 5449 luctator
3006 5393 3215 5460 fortior,
3256 5404 3308 5448 et
3357 5395 3403 5449 si
3448 5394 3736 5463 aliquanti.»

2144 5494 2376 5553 tenetur,
2407 5501 2514 5541 non
2545 5484 2667 5541 ideo
2690 5485 2866 5555 perdit
2900 5500 3007 5556 quo
3034 5485 3280 5554 superior
3308 5486 3593 5541 invenitur.
3627 5484 3732 5538 Le-

2141 5580 2282 5650 gitur
2317 5592 2447 5634 sane
2478 5578 2639 5632 homo
2667 5577 2784 5634 sine
2809 5578 3055 5644 crimine,
3084 5578 3279 5647 legitur
3321 5578 3439 5632 sine
3465 5576 3684 5645 querela
3718 5592 3731 5629 :

2207 5713 2223 5745 ⁸
2250 5719 2351 5762 Am.
2377 5718 2451 5762 Er.
2479 5718 2530 5761 et
2554 5710 2781 5773 plerique
2802 5717 2932 5772 2.153.,
2958 5707 3092 5773 quia,

2206 5776 2225 5838 Ψ
2250 5774 2419 5838 mutes
2433 5764 2566 5830 MSS-i'
2579 5764 2714 5834 quod
2728 5764 3053 5838 reprehendat
3070 5765 3402 5834 inﬁdelitatem
3420 5764 3542 5826 ejus.

2208 5837 2228 5898 Ξ
2251 5834 2474 5898 Plerique
2500 5843 2623 5894 Mss.,
2651 5834 2819 5886 contra
2838 5834 3056 5898 seipse;-

2206 5897 2226 5927 ι
2254 5907 2352 5946 am.
2379 5891 2453 5945 t-Zr.
2482 5902 2533 5945 et
2575 5891 2747 5946 omnes
2779 5891 3109 5957 manserunt,
3144 5903 3242 5941 uno
3285 5895 3470 5939 tantum
3505 5891 3740 5951 εειιςειια9

2144 5966 2393 6019 peccatum
2407 5964 2567 6010 actum
2586 5960 2765 6011 malum
2787 5972 2908 6013 esse.
