4202 6528
547 450 647 505 507

543 571 596 615 at
626 577 728 615 non
755 553 945 630 legitur
974 560 1089 615 sine
1115 567 1349 630 peccato,
1380 558 1479 615 nisi
1514 556 1677 614 Filius
1706 556 1959 625 hominis,
1992 572 2127 611 unus

547 653 788 720 idemque
815 652 903 707 Dei
933 651 1095 707 Filius
1124 651 1329 706 unicus.

616 746 706 800 50.
730 765 749 797 ι
778 746 959 811 Item,»
980 744 1196 815 iuquit,¢
1218 744 1354 814 apud
1382 743 1552 813 ipsum
1581 739 1795 798 Job:Et
1824 742 2124 795 miraculum

540 839 693 892 tenuit
724 838 911 891 veracis
955 836 1190 890 hominis.
1235 834 1365 895 ltcm
1408 833 1546 903 apud
1570 832 1909 887 Salomonem
1937 830 2004 885 de
2030 830 2127 884 Sa-

542 930 735 996 pientia
765 945 783 981 :
821 926 925 981 Viri
954 927 1215 982 mendaces
1243 942 1346 981 non
1382 935 1533 978 erunt
1554 925 1691 979 illius
1719 940 1960 977 memores
1983 940 2002 987 ;
2032 923 2126 977 viri

539 1030 709 1072 niuei-2
732 1035 929 1073 veraces
972 1019 1286 1073 invenientur
1326 1018 1381 1071 in
1404 1017 1495 1071 ilia
1528 1015 1713 1088 (Ereti.
1744 1032 1832 1082 xv,
1873 1013 1951 1088 8).
1994 1016 2123 1070 ltcm

534 1116 591 1166 in
620 1113 935 1185 Apocalypsi
966 1131 981 1169 :
1015 1111 1084 1167 Et
1119 1113 1172 1167 in
1215 1128 1301 1166 ore
1335 1111 1563 1182 ipsorum
1611 1127 1710 1164 non
1756 1120 1826 1165 cst
1872 1111 2124 1164 inventum

535 1205 853 1258 mendacium
876 1220 896 1269 ;
923 1205 1032 1259 sine
1049 1204 1249 1259 macula
1271 1212 1387 1259 sunt
1416 1222 1434 1257 ι
1465 1203 1646 1274 (Apoc.
1667 1218 1775 1268 xxv,
1794 1202 1871 1273 5).
1902 1203 1981 1257 Ad
2011 1203 2124 1259 lucc

551 1306 588 1346 el.
630 1310 725 1347 nos
753 1294 1156 1363 respondemus,
1194 1294 1542 1351 admonentes
1570 1292 1836 1364 quomodo
1864 1292 2123 1349 dicendus

535 1386 603 1437 sit
632 1384 792 1438 homo
822 1401 981 1440 verax
1012 1400 1107 1456 per
1136 1385 1227 1440 Dei
1257 1386 1481 1456 gratiam
1516 1395 1675 1456 atque
1704 1384 2002 1445 veritatem.
2032 1384 2121 1454 qui

534 1492 630 1547 per
660 1493 717 1530 se
748 1478 921 1546 ipsum
964 1477 1080 1531 sine
1128 1477 1295 1532 dubio
1324 1477 1550 1531 mendax
1593 1485 1694 1532 est.
1738 1475 1890 1533 Unde
1918 1475 2121 1532 dictum

533 1579 635 1633 est,
685 1568 861 1623 Omnis
890 1571 1038 1624 homo
1069 1571 1302 1623 mendax.
1362 1558 1473 1624 Hoc
1508 1577 1562 1624 et
1589 1568 1951 1625 testimonium
1984 1570 2000 1601 ¹
2029 1584 2123 1623 so-

534 1673 621 1715 nat
651 1664 716 1714 de
747 1665 1035 1732 Sapientia,
1076 1663 1218 1733 quod
1244 1664 1357 1732 ipse
1394 1663 1570 1733 posuit
1598 1680 1613 1719 :
1648 1661 1756 1717 Viri
1784 1673 1949 1717 autent
1975 1680 2118 1717 vera-

532 1770 611 1806 ces
651 1755 963 1808 invenientur
985 1756 1037 1809 in
1057 1754 1148 1809 illa
1176 1770 1195 1809 :
1223 1755 1311 1824 qni
1346 1754 1530 1825 procul
1555 1754 1717 1809 dubio
1760 1769 1862 1809 non
1904 1755 1956 1809 in
1994 1754 2117 1820 illa,

530 1845 623 1899 sed
655 1846 703 1899 in
731 1861 788 1900 se
819 1847 946 1915 ipsis
973 1847 1309 1901 invenientur
1332 1861 1452 1902 esse
1480 1847 1783 1903 mendaces.
1816 1847 1985 1904 Sicuti
2015 1856 2114 1911 est,

530 1936 725 1991 Fuislis
767 1938 1037 2008 aliquando
1068 1938 1300 2004 tenebrat,
1345 1955 1477 1993 nunc
1502 1948 1671 1993 autem
1696 1941 1786 1993 tua:
1822 1940 1874 1993 in
1902 1938 2119 1993 Domino

531 2029 750 2097 (En/tes.
790 2048 844 2097 v,
875 2031 952 2104 8).
992 2030 1123 2087 Cum
1151 2031 1376 2099 diceret,
1408 2034 1623 2087 tenebrat
1644 2075 1659 2099 ,
1693 2048 1796 2087 non
1835 2032 2040 2088 addidit
2064 2033 2116 2087 in

532 2122 760 2177 Domino
791 2143 803 2177 :
835 2139 957 2179 cum
1007 2132 1184 2180 autem
1232 2125 1386 2191 dixit,
1432 2125 1553 2189 lux,
1587 2124 1789 2180 addidit
1833 2126 2030 2196 utique,
2064 2126 2116 2180 in

527 2215 747 2270 Domino
775 2232 795 2270 :
824 2218 945 2286 quia
977 2216 1028 2271 in
1068 2232 1128 2272 se
1176 2216 1306 2287 ipsis
1346 2216 1436 2272 lux
1476 2233 1596 2273 esse
1625 2232 1730 2273 non
1778 2230 2029 2289 possent;
2062 2231 2117 2273 ut

526 2306 614 2374 qui
644 2306 920 2375 gloriatur,
949 2307 1003 2360 in
1031 2307 1258 2361 Domino
1294 2306 1551 2376 glorietur
1572 2307 1626 2380 (ι
1658 2307 1774 2363 Cor.
1803 2324 1841 2371 ι,
1875 2310 1987 2379 ⁵51).
2036 2310 2113 2365 11ιί

531 2413 660 2452 vero
705 2397 755 2450 in
785 2398 1102 2469 Apocalypsi
1148 2406 1430 2470 propterea
1462 2399 1596 2455 tales
1624 2399 1751 2455 dicti
1781 2409 1923 2468 sunt,
1970 2402 2113 2472 quod

525 2503 629 2541 non
655 2488 720 2540 sit
766 2488 1017 2542 inventum
1042 2488 1094 2543 in
1135 2505 1221 2543 ore
1246 2506 1422 2544 eorum
1448 2491 1766 2546 mendacium
1792 2507 1812 2546 :
1841 2492 1963 2563 quia
2005 2508 2112 2549 non

525 2582 776 2635 dixerunt
798 2595 858 2637 se
890 2596 994 2637 non
1023 2581 1221 2639 habere
1251 2591 1525 2654 peccatum
1551 2601 1566 2651 ;
1598 2585 1740 2655 quod
1766 2585 1811 2641 si
1852 2585 2110 2655 dicerent,

525 2686 585 2726 se
602 2672 747 2742 ipsos
765 2672 1095 2743 deciperent,
1118 2683 1175 2731 et
1193 2676 1390 2733 veritas
1414 2676 1468 2730 in
1490 2676 1568 2732 eis
1595 2692 1702 2733 non
1725 2687 1868 2733 esset
1890 2678 1931 2751 (Ι
1952 2676 2108 2733 Joan.

527 2779 567 2828 ι,
599 2764 653 2836 8)
680 2781 695 2819 :
723 2779 886 2835 porro
911 2766 955 2821 si
981 2766 1176 2822 veritas
1200 2766 1254 2822 in
1279 2769 1359 2823 eis
1380 2783 1485 2823 non
1510 2776 1674 2836 esset,
1708 2768 2037 2827 inveniretur
2056 2771 2108 2825 in

524 2870 620 2910 ore
658 2870 845 2911 eorum
875 2856 1229 2915 mendacium.
1269 2857 1422 2927 Quod
1465 2858 1510 2913 si
1551 2868 1772 2930 propter
1812 2860 2063 2915 invidiam
2091 2900 2107 2928 ,

523 2962 646 3002 cum
685 2956 867 3009 essent
889 2948 1009 3005 sine
1032 2957 1271 3019 peccato,
1314 2950 1559 3006 dicereut
1592 2965 1653 3006 se
1699 2966 1803 3007 non
1832 2967 1953 3008 esse
1992 2954 2109 3008 sine

520 3048 748 3104 peccato
765 3054 781 3104 ;
801 3038 906 3094 hoc
926 3038 1098 3109 ipsum
1114 3049 1259 3096 esset
1278 3040 1634 3110 mendacium,
1655 3042 1951 3114 falsumque
1966 3052 2111 3100 esset

524 3127 668 3195 quod
709 3127 911 3185 dictum
954 3139 1057 3197 est,
1098 3129 1222 3186 Non
1263 3140 1334 3196 est
1373 3132 1625 3187 inventum
1654 3134 1708 3188 in
1754 3151 1843 3191 ore
1882 3135 2109 3205 ipsorum

522 3218 857 3279 mendacium
897 3220 1022 3277 Ideo
1063 3236 1195 3295 ergo
1231 3224 1341 3280 sine
1376 3227 1578 3279 macula
1620 3236 1756 3292 sunt,
1804 3229 1926 3298 quia
1970 3228 2108 3285 sicut

523 3310 622 3380 ipsi
650 3310 966 3373 dimiserunt
990 3314 1322 3373 debitoribus
1359 3318 1491 3383 suis,
1536 3317 1616 3374 sic
1643 3319 1747 3374 illis
1777 3320 1888 3374 Deo
1927 3319 2109 3375 dimit-

523 3411 667 3467 tente
693 3403 930 3459 mandati
953 3412 1097 3460 sum.
1137 3407 1275 3462 Ecce
1300 3422 1418 3472 nos,
1461 3417 1519 3462 ut
1545 3408 1827 3477 valuimus,
1854 3413 2105 3480 exposui-
2146 3440 2169 3449 ι

522 3512 641 3551 inus
669 3497 937 3566 quomodo
961 3499 1273 3569 accipienda
1296 3510 1476 3555 essent
1501 3502 1825 3568 testimonia,
1857 3519 1977 3573 qua:
2008 3521 2103 3573 pro

519 3602 615 3643 sua
660 3604 818 3644 causa
862 3592 1322 3647 commemoravit.
1363 3590 1477 3662 Ipse
1525 3601 1705 3649 autem
1743 3594 2011 3664 quomodo
2035 3597 2106 3652 sit

518 3680 889 3750 accipiendum
908 3669 1051 3752 quod
1076 3683 1332 3752 scripturn
1360 3695 1462 3752 est,
1494 3681 1669 3739 Omnis
1688 3685 1840 3742 homo
1861 3687 2100 3753 mendam,

517 3772 738 3829 omnino
763 3787 869 3830 non
899 3772 1094 3840 solvit;
1125 3788 1226 3841 nec
1253 3774 1462 3830 solvere
1492 3776 1708 3845 poterit,
1734 3776 1834 3831 nisi
1859 3789 2103 3834 correcto

516 3878 722 3930 errore,
744 3879 852 3934 quo
875 3863 1045 3920 credit
1070 3864 1339 3927 hominem
1359 3866 1477 3927 sine
1495 3866 1759 3938 adiutorio
1780 3869 1963 3939 gratiae
1987 3869 2097 3935 Dei,

518 3970 614 4024 per
632 3955 802 4011 solam
825 3955 1093 4026 propriam
1109 3956 1434 4021 voluntatem
1456 3972 1610 4028 posse
1629 3974 1750 4015 esse
1766 3974 2028 4015 veracem.

588 4045 989 4109 CAPUTXHL
1019 4077 1092 4088 —
1122 4048 1212 4107 ‘51-.
1252 4047 1342 4104 Sic
1366 4049 1523 4105 aliam
1544 4066 1662 4121 qua:
1685 4051 1928 4121 sequitur
1956 4067 2101 4121 qum-

514 4138 744 4193 stionem
766 4137 1060 4208 proposuit,
1080 4153 1177 4194 nec
1202 4138 1360 4195 solvit
1386 4156 1398 4193 :
1425 4140 1532 4197 imo
1551 4157 1678 4227 vero
1693 4142 1858 4209 auxit,
1874 4152 1928 4198 et
1955 4142 2096 4197 difﬁ-

514 4226 759 4283 rjliorcm
774 4227 1027 4294 reddidit,
1049 4230 1395 4299 proponendo
1416 4226 1696 4289 adversiim
1718 4249 1776 4287 se
1800 4235 2057 4302 prolatum
2077 4238 2097 4268 ¹

490 4318 896 4387 testimonium,
927 4319 1049 4380 Non
1090 4329 1163 4387 est
1187 4321 1272 4392 qui
1293 4321 1451 4391 faciat
1485 4325 1689 4390 bonum,
1722 4342 1822 4379 non
1848 4336 1917 4379 est
1945 4343 2100 4395 usque

512 4408 581 4461 ad
624 4424 779 4464 unum
810 4408 980 4481 (PsaL
1014 4426 1128 4479 xm,
1160 4413 1211 4474 1.
1239 4410 1296 4484 5)
1320 4427 1339 4478 ;
1365 4424 1414 4467 et
1440 4416 1590 4484 quasi
1633 4418 1903 4471 contraria
1945 4419 2095 4483 testi-

512 4499 692 4554 monia
718 4498 1017 4567 referendo,
1045 4502 1243 4572 quibus
1262 4504 1570 4575 ostenderet
1594 4520 1714 4561 esse
1741 4507 1984 4563 homines
2007 4510 2095 4578 qui

510 4590 713 4646 iaciunt
757 4592 976 4647 bonum.
1029 4592 1182 4661 Quod
1225 4594 1440 4665 quidem
1489 4598 1725 4657 ostendit
1763 4617 1777 4655 :
1809 4600 1902 4656 sed
1950 4603 2093 4658 aliud

509 4691 610 4747 est,
639 4698 744 4738 non
777 4684 948 4740 facere
975 4685 1169 4740 bonum
1196 4687 1408 4754 ;-a|iud,
1433 4704 1540 4744 non
1568 4705 1689 4747 esse
1715 4693 1833 4752 sine
1855 4705 2092 4765 peccato,

508 4773 714 4837 etiamsi
760 4778 919 4832 homo
965 4776 1123 4833 faciat
1151 4779 1314 4833 multa
1345 4780 1502 4835 bona.
1543 4782 1880 4854 Quapropter
1919 4801 1981 4843 ea
2010 4798 2094 4845 te,-

507 4867 754 4925 stimonia
786 4885 903 4938 qua:
930 4870 1124 4939 posuit,
1147 4887 1257 4939 non
1275 4882 1398 4927 sunt
1420 4884 1604 4928 contra
1635 4875 1764 4930 illud
1791 4878 1934 4947 quod
1963 4879 2092 4943 (licia

509 4967 613 5022 tur,
648 4974 753 5014 non
778 4975 896 5016 esse
925 4961 976 5017 in
1006 4962 1107 5019 hac
1134 4963 1237 5018 vita
1264 4964 1534 5023 hominem
1564 4968 1680 5024 sine
1708 4981 1947 5039 peccato.
1978 4973 2094 5042 Ipse

506 5058 684 5103 autem
728 5064 834 5105 non
873 5052 1107 5126 ostendit
1130 5055 1579 5124 quemadmodum
1614 5058 1816 5123 dictum
1842 5062 1934 5131 sit,
1968 5061 2095 5125 Non,

504 5153 577 5196 est
605 5145 690 5213 qui
715 5146 869 5215 faciat
896 5147 1101 5215 bonum,
1123 5165 1223 5203 non
1248 5164 1321 5205 est
1345 5167 1501 5223 usque
1528 5152 1597 5207 ad
1620 5169 1798 5209 unum.
1827 5155 1913 5211 Ait
1935 5158 2088 5227 enim,

504 5237 696 5305 inquit,
726 5248 931 5297 sanctas
957 5238 1140 5307 Dauid,
1172 5240 1338 5311 Spera
1362 5244 1415 5298 in
1452 5243 1698 5316 Domino,
1722 5258 1769 5302 et
1791 5248 1876 5319 fac
1900 5248 2092 5315 bonita-

505 5337 601 5380 tem
624 5327 793 5399 (Psol.
821 5333 1098 5405 xxxvi,_3).
1141 5333 1250 5389 lloc
1270 5346 1592 5405 praeceptum
1613 5347 1714 5403 est,
1741 5356 1847 5397 non
1867 5340 2087 5399 factum:

504 5424 645 5483 muni
678 5416 997 5493 praeceptum
1027 5441 1131 5483 non
1172 5428 1352 5497 utique
1377 5428 1641 5485 faciebant
1677 5430 1748 5489 de
1774 5434 1965 5501 quibus
2002 5436 2088 5490 di-

502 5526 646 5569 ctum
688 5528 787 5581 est,
821 5515 943 5587 Non
972 5520 1156 5590 estqui
1195 5519 1351 5590 faciat
1376 5519 1582 5590 bonum,
1611 5540 1710 5579 non
1734 5535 1807 5580 est
1846 5543 2000 5598 usque
2022 5530 2093 5599 ad,

567 5717 581 5744 ί
612 5716 747 5787 editi,
774 5724 872 5766 Hoc
907 5715 1255 5779 testimonium;
1287 5719 1480 5781 omisso,
1515 5725 1577 5783 et,
1612 5723 1739 5787 quod
1774 5724 1955 5775 habent
1989 5739 2085 5775 ma-

582 5790 754 5824 serunt.

582 5790 593 5799 .
690 5798 696 5819 ,
724 5786 754 5824 κ.

503 5786 737 5886 “fodinis.
757 5841 1004 5945 \'at[icanus
1023 5840 1197 5951 iudex,
1222 5840 1569 5905 propneticum.
1590 5843 1759 5896 Plures
1775 5850 2081 5911 manuscrig-Ii

504 5912 611 5951 suo:
645 5911 715 5945 Αιιι
761 5909 802 5946 vt
848 5909 917 5951 ἰν..
942 5916 1027 5951 me
1058 5918 1085 5951 (ι
1111 5917 1203 5951 mn.

504 5912 617 5965 gitti).
645 5911 715 5945 Mn
761 5909 802 5946 ut
829 5909 917 5959 tir.,
942 5909 1203 5965 probatum.

1736 445 1791 499 S.
1836 442 2198 501 AUGUSTINI
2240 444 2539 500 EPISC'JI’I

3714 449 3815 507 308

2232 572 2407 610 unum.
2448 558 2537 613 Ait
2564 559 2721 613 etiam
2765 557 2971 615 dixisse
3017 570 3257 617 sanctum
3300 563 3544 630 Tobiam,
3577 562 3708 619 Noti
3744 575 3814 620 ti-

2231 665 2384 715 mere,
2418 650 2536 720 fili;
2576 669 2842 722 pauperem
2886 654 3040 707 vitam
3077 657 3315 727 gerimus,
3356 664 3448 712 sed
3486 659 3644 713 multa
3684 656 3815 715 bona

2229 737 2537 808 habebimus,
2558 743 2604 796 si
2624 742 2933 797 timuerimus
2956 742 3136 809 Deum,
3161 755 3207 799 et
3227 748 3574 803 recesserimus
3592 750 3657 805 ab
3675 751 3814 806 omni

2230 842 2453 901 peccato,
2495 842 2541 887 et
2583 834 2845 905 fecerimus
2880 834 3011 890 bona
3050 836 3201 907 (Tob.
3250 854 3324 904 iv,
3366 839 3486 913 25).
3526 840 3817 899 Verissime

2229 931 2356 978 tunc
2395 933 2554 979 erunt
2598 924 2800 982 homini
2843 929 3008 983 multa
3044 928 3205 995 bona,
3248 945 3371 985 cum
3417 934 3703 990 recesserit
3745 934 3816 991 ab

2227 1014 2384 1068 omni
2404 1026 2639 1084 peccato.
2679 1016 2830 1073 Tunc
2854 1019 2996 1074 enim
3016 1020 3064 1075 ei
3087 1020 3230 1076 nulla
3256 1031 3414 1077 erunt
3437 1024 3595 1092 mala,
3619 1033 3805 1080 utnon

2227 1117 2363 1173 Opus
2390 1103 2580 1159 habeat
2605 1106 2805 1175 dicere,
2837 1107 3017 1163 Libera
3035 1126 3126 1165 nos
3146 1127 3179 1163 a
3203 1112 3566 1184 malo(Matth.
3587 1130 3662 1178 vr,
3695 1116 3807 1186 l3).

2225 1194 2477 1262 Quamvis
2505 1207 2559 1253 et
2586 1214 2723 1254 nunc
2747 1200 3039 1273 omnisqui
3083 1203 3311 1273 prolicit,
3343 1215 3486 1261 recta
3516 1207 3815 1264 intentione

2228 1287 2530 1357 proﬁciens,
2560 1290 2761 1346 recedit
2802 1291 2870 1347 ab
2897 1293 3043 1348 omni
3072 1306 3310 1364 peccato,
3339 1306 3394 1352 et
3433 1305 3578 1353 tanto
3607 1298 3731 1354 inde
3757 1300 3813 1354 tit

2224 1379 2579 1453 longinquior,
2602 1394 2802 1454 quanto
2823 1385 3135 1454 plenitudini
3149 1387 3371 1459 iustitiae
3394 1388 3813 1462 perfectionique

2225 1472 2572 1543 propinquior
2607 1476 2774 1545 :quia
2817 1485 2873 1531 et
2901 1476 3011 1546 ipsa
3055 1479 3507 1549 concupiscentia,
3556 1481 3697 1548 quod
3726 1491 3813 1537 est

2224 1573 2501 1634 peccatum
2527 1566 2772 1621 habitans
2801 1568 2853 1622 in
2879 1584 3042 1624 cartie
3069 1580 3271 1636 nostra,
3300 1572 3399 1625 etsi
3431 1582 3611 1627 manet
3639 1572 3813 1630 adhuc

2222 1655 2278 1710 in
2320 1656 2575 1710 membris
2615 1658 2949 1727 mortalibus,
2994 1660 3160 1715 minui
3191 1672 3368 1718 tamen
3400 1650 3504 1717 non
3531 1663 3730 1719 desinit
3757 1667 3812 1721 in

2224 1747 2638 1816 proﬁcientibus.
2680 1749 2835 1804 Aliud
2863 1759 2948 1806 est
2969 1766 3119 1822 ergo,
3148 1754 3401 1810 recedere
3422 1754 3490 1809 ab
3512 1760 3656 1811 omni
3688 1773 3812 1828 pec-

2221 1846 2361 1903 cato,
2409 1838 2549 1907 quod
2595 1841 2819 1896 nuncin
2847 1856 3011 1911 opere
3050 1853 3171 1909 est;
3216 1845 3382 1910 aliud,
3429 1848 3712 1905 recessisse
3740 1851 3812 1904 ab

2219 1931 2365 1983 omni
2402 1940 2641 2000 peccato,
2672 1931 2815 2003 quod
2843 1934 2896 1987 in
2924 1933 3012 1989 illa
3042 1934 3371 2005 perfectione
3398 1947 3525 1995 tunc
3550 1940 3670 1994 erit.
3701 1940 3811 1996 Sed

2221 2032 2399 2079 tamen
2424 2034 2477 2078 et
2497 2026 2587 2095 qui
2608 2025 2721 2096 jam
2748 2027 2988 2095 recessit,
3020 2036 3078 2083 et
3100 2029 3190 2099 qui
3230 2029 3404 2087 adhuc
3448 2032 3667 2098 recedit,
3700 2050 3809 2089 non

2219 2122 2301 2168 est
2324 2115 2595 2183 negandus
2636 2115 2813 2171 facere
2850 2116 3073 2173 bonum.
3112 2118 3392 2187 Quomodo
3435 2136 3564 2192 ergo
3604 2123 3807 2179 dictum

2216 2216 2318 2270 est,
2349 2205 2471 2261 Non
2496 2217 2568 2262 est
2588 2209 2673 2278 qui
2697 2209 2853 2278 faciat
2878 2209 3086 2278 bonum,
3118 2226 3220 2265 non
3247 2220 3500 2286 estusque
3523 2213 3592 2267 ad
3611 2229 3765 2268 unum
3786 2230 3809 2280 ;

2217 2298 2358 2368 quod
2400 2299 2489 2355 ille
2531 2302 2829 2371 proposuit,
2876 2310 2932 2358 et
2977 2318 3084 2358 non
3132 2303 3367 2359 solutum
3414 2306 3627 2377 reliquit
3657 2324 3673 2362 :
3701 2307 3807 2362 nisi

2215 2388 2339 2458 quia
2397 2391 2650 2460 populum
2708 2392 2993 2463 quemdam
3049 2394 3283 2463 psalmus
3342 2395 3430 2451 ille
3484 2397 3698 2467 culpat,
3750 2398 3808 2453 in

2214 2494 2324 2548 quo
2367 2494 2469 2536 nec
2508 2497 2644 2535 unus
2684 2490 2803 2537 crat
2846 2483 2936 2553 qui
2965 2484 3165 2539 laceret
3207 2484 3429 2553 bonum,
3455 2484 3581 2541 dum
3622 2487 3807 2543 volunt

2214 2583 2492 2626 remanere
2522 2572 2614 2627 ﬁlii
2659 2573 2954 2643 hominum,
2985 2584 3041 2631 et
3082 2591 3188 2631 non
3219 2592 3339 2633 esse
3365 2576 3457 2633 lilii
3505 2579 3620 2646 Dei,
3651 2580 3806 2652 cujus

2214 2660 2381 2730 gratia
2409 2660 2571 2716 homo
2602 2663 2659 2718 ﬁt
2684 2664 2876 2733 bonus,
2905 2675 2965 2720 ut
2990 2666 3151 2722 faciat
3175 2667 3411 2723 bonum?
3444 2669 3519 2725 De
3546 2670 3639 2725 illo
3659 2672 3804 2727 enim

2216 2751 2356 2807 bono
2379 2752 2580 2809 dictum
2604 2755 2690 2812 hic
2712 2755 2972 2812 debemus
2994 2759 3261 2828 accipere.
3281 2760 3421 2830 quod
3443 2761 3518 2817 ibi
3541 2761 3636 2826 ait,
3662 2760 3803 2820 Deus

2213 2843 2276 2898 de
2297 2844 2422 2899 caelo
2446 2847 2662 2916 respexit
2685 2864 2837 2918 super
2855 2848 2990 2917 ﬁlios
3007 2849 3286 2919 hominum,
3312 2853 3541 2908 utvideat
3558 2854 3605 2908 si
3623 2863 3695 2910 est
3716 2855 3801 2909 in-

2212 2937 2446 3008 telligens
2464 2949 2553 2992 aut
2574 2940 2830 3009 requirens
2846 2940 3015 2997 Deum
3039 2942 3211 3016 (Psal.
3231 2960 3347 3011 xm,
3410 2948 3448 3002 2
3467 2946 3509 3014 ).
3531 2947 3646 3004 Hoc
3670 2962 3801 3020 ergo

2212 3027 2431 3097 bonum,
2458 3030 2600 3101 quod
2626 3041 2710 3087 est
2744 3034 3021 3104 requirere
3044 3036 3235 3103 Deum,
3268 3053 3376 3093 non
3399 3047 3516 3094 erat
3537 3041 3627 3110 qui
3654 3040 3799 3098 face-

2210 3132 2315 3189 ret,
2342 3138 2448 3180 non
2480 3133 2595 3180 erat
2618 3141 2783 3195 usque
2812 3127 2880 3182 ad
2901 3143 3087 3195 unum,
3113 3129 3210 3185 sed
3235 3130 3289 3185 in
3313 3146 3380 3187 eo
3403 3146 3604 3202 genere
3628 3132 3798 3188 horni-

2210 3230 2360 3281 num,
2386 3216 2527 3289 quod
2556 3217 2986 3287 prmdestinatum
3010 3229 3095 3275 est
3111 3220 3178 3275 ad
3207 3221 3480 3278 interitum
3503 3221 3600 3297 (a).
3627 3223 3795 3295 Super

2211 3305 2310 3361 hos
2337 3308 2476 3361 enim
2523 3310 2756 3379 respexit
2786 3310 2878 3366 Dei
2923 3311 3276 3381 praescientia,
3324 3314 3649 3387 protulitque
3676 3330 3795 3372 senn

2211 3399 2451 3454 tentiam.

2280 3489 2504 3547 CAPUT
2531 3491 2670 3547 XIV.
2689 3523 2758 3534 —
2782 3494 2871 3549 32.
2902 3512 2919 3547 ι
2948 3493 3078 3551 Item
3102 3495 3304 3565 dicunt,
3335 3516 3355 3551 ι
3389 3498 3585 3570 inquit,
3616 3519 3635 3554 ι
3663 3501 3794 3557 illud

2209 3582 2349 3653 quod
2381 3583 2622 3638 Salvator
2637 3585 2732 3650 ait,
2758 3585 2895 3654 Quid
2915 3603 2994 3641 me
3010 3587 3138 3643 dicis
3167 3588 3349 3643 bonum
3364 3590 3393 3644 .9
3418 3589 3586 3646 Nemo
3612 3592 3793 3660 bonus,

2209 3674 2307 3727 nisi
2325 3673 2464 3729 solus
2490 3674 2629 3729 Deus
2661 3694 2680 3728 ι
2699 3675 2849 3747 (Luc.
2879 3693 3027 3746 xvtu,
3054 3679 3143 3746 l9;
3165 3690 3214 3735 et
3239 3679 3406 3735 Marc.
3427 3697 3484 3750 x,
3508 3683 3619 3754 18).
3649 3684 3797 3743 Hane

2190 3760 2334 3843 “item
2353 3754 2765 3833 propositionem
2783 3768 3002 3824 omnino
3018 3785 3125 3825 non
3140 3770 3325 3827 solvit:
3340 3773 3436 3828 sed
3451 3776 3699 3845 opposuit
3714 3792 3793 3832 ve-

2208 3851 2286 3909 lut
2305 3869 2369 3908 ex
2389 3855 2616 3911 adverso
2635 3857 2738 3911 alia
2767 3859 3089 3926 testimonia,
3120 3862 3313 3932 quibus
3334 3865 3584 3947 probaret
3601 3880 3720 3922 esse
3741 3876 3793 3923 et

2207 3941 2479 4000 hominem
2499 3946 2718 4009 bonum.
2743 3949 2890 4005 Dixit
2918 3951 3061 4006 enim
3091 3968 3197 4007 esse
3222 3941 3627 4025 respondendum
3658 3960 3794 4028 quod

2204 4035 2338 4090 idem
2362 4036 2606 4093 Dominus
2630 4039 2753 4095 alibi
2780 4042 2872 4108 ait,
2900 4060 2919 4094 ι
2946 4041 3118 4099 Bonus
3144 4043 3295 4099 homo
3315 4045 3378 4100 de
3402 4046 3530 4101 bona
3557 4048 3793 4105 thesauro

2204 4128 2371 4183 cordis
2393 4129 2474 4184 sui
2493 4132 2685 4201 profert
2710 4131 2842 4186 bona
2860 4133 3099 4205 i(Mattlt.
3113 4151 3208 4203 xu,
3224 4135 3316 4210 '55)
3338 4145 3413 4193 :et
3431 4138 3666 4205 iteratum
3691 4140 3794 4207 Qui

2204 4221 2361 4275 solem
2375 4237 2522 4275 suum
2549 4222 2671 4276 oriri
2697 4225 2818 4295 facit
2831 4240 2984 4295 super
3001 4224 3160 4281 bonos
3175 4237 3222 4282 et
3238 4228 3399 4284 aratos
3418 4247 3439 4282 ι
3464 4228 3575 4301 (Id.
3599 4247 3650 4298 v,
3673 4231 3790 4306 45).

2205 4311 2273 4367 Et
2298 4312 2678 4383 alibiscriptum
2692 4324 2784 4382 est,
2804 4316 2991 4387 inquit,
3018 4335 3037 4370 ε
3061 4317 3207 4373 Bona
3230 4318 3372 4376 bonis
3395 4333 3564 4377 creata
3586 4332 3703 4378 sunt
3727 4326 3793 4380 ab

2202 4404 2345 4459 initio
2375 4423 2394 4457 ι
2431 4404 2617 4475 (Eccti.
2646 4424 2830 4477 xxxix,
2860 4410 2951 4483 30)
2988 4427 3002 4465 :
3032 4421 3081 4466 et
3100 4409 3303 4481 iterum,
3333 4432 3354 4466 s
3385 4414 3487 4482 Qui
3514 4425 3630 4470 sunt
3647 4416 3788 4484 boni,

2202 4507 2350 4553 erunt
2377 4499 2687 4556 habitatores
2717 4512 2892 4557 terrm
2915 4502 3095 4575 (Prov.
3118 4521 3176 4571 ιι,
3193 4489 3311 4579 Ἦ).
3337 4507 3434 4564 Cui
3460 4509 3537 4566 sic
3564 4525 3791 4582 respon-

2200 4587 2436 4645 dendum
2462 4599 2563 4657 est,
2603 4601 2664 4646 ut
2690 4601 2744 4647 et
2771 4592 2900 4650 illud
2928 4594 3256 4666 intelligatur
3291 4601 3560 4669 quomodo
3587 4602 3790 4659 dictum

2199 4679 2290 4747 sit,
2316 4679 2481 4735 Nemo
2502 4679 2681 4751 bonus,
2714 4684 2809 4738 nisi
2831 4701 2963 4740 unus
2986 4684 3144 4742 Deus.
3170 4688 3294 4745 Sive
3319 4692 3440 4761 quia
3468 4694 3646 4749 omnia
3669 4712 3791 4767 quas

2201 4782 2381 4829 creata
2427 4782 2581 4841 sunt,
2620 4777 2864 4847 quamvis
2905 4792 2968 4833 ea
3016 4779 3163 4836 Deus
3199 4780 3386 4839 fecerit
3419 4785 3556 4842 bona
3592 4789 3746 4843 valde
3769 4831 3787 4855 ,

2199 4862 2440 4922 Creatori
2467 4874 2643 4923 tamen
2673 4878 2977 4940 comparata
2999 4913 3016 4939 ,
3046 4888 3147 4928 nec
3173 4875 3314 4930 bona
3343 4887 3496 4945 sunt,
3524 4881 3609 4935 cui
3635 4896 3788 4936 com-

2200 4964 2388 5027 parata
2413 4972 2515 5013 nec
2547 4970 2672 5014 sunt
2703 4978 2718 5013 :
2747 4961 3008 5018 altissime
3035 4964 3052 4995 ¹
3079 4965 3277 5037 quippe
3301 4980 3355 5023 et
3385 4974 3600 5041 proprio
3628 4975 3787 5033 modo

2199 5047 2426 5117 quodam
2457 5049 2525 5102 de
2550 5065 2609 5106 se
2639 5051 2754 5123 ipso
2777 5052 2933 5120 dixit,
2957 5054 3071 5126 Ego-
3092 5073 3200 5110 sum
3228 5060 3314 5128 qui
3337 5077 3448 5115 sum
3473 5062 3667 5135 (Exod.
3697 5083 3785 5132 ιιι,

2201 5136 2308 5209 14).
2355 5138 2443 5195 Sic
2466 5141 2486 5171 '
2520 5141 2721 5195 dictum
2750 5152 2852 5211 est,
2893 5143 3056 5199 Nemo
3091 5146 3273 5213 bonus,
3304 5152 3402 5207 nisi
3438 5169 3570 5209 unus
3609 5154 3781 5221 Deus;

2265 5296 2279 5325 ‘
2301 5296 2431 5359 Apud
2456 5303 2586 5359 ωιτη,
2612 5296 2861 5349 altissimo.

2264 5359 2282 5389 ⁸
2307 5357 2450 5418 Editi,
2473 5358 2597 5408 sicut
2626 5372 2643 5409 :
2666 5362 2823 5410 minus
2843 5371 2998 5413 recte.

2263 5418 2566 5497 {Quintiane
2588 5421 2747 5494 locum
2754 5425 3047 5497 fulgentium
3069 5425 3153 5497 lib.
3183 5428 3203 5477 1
3227 5428 3587 5497 admonimum,
3610 5449 3716 5497 cap.
3734 5439 3780 5487 εἰς

2249 5479 2366 5529 Nihil
2391 5481 2535 5549 aliud,
2563 5499 2584 5525 ν
2618 5484 2789 5546 inquit,
2824 5479 2857 5531 α’
2869 5488 3201 5549 accipiendum
3225 5479 3781 5549 existhnoin—illovs—dneti

2204 5558 2228 5588 α
2253 5544 2496 5626 Augustini
2521 5544 2892 5626 Senonumque
2924 5544 2984 5626 ad
3007 5550 3255 5626 interitum
3277 5556 3509 5626 quosdam
3534 5544 3783 5626 [ιῶὲὲῖίξ

2207 5622 2229 5649 ι
2251 5613 2390 5654 natos
2410 5604 2590 5681 (’imm‘t,
2618 5608 2709 5656 nisi
2808 5604 3069 5681 interitura
3090 5604 3330 5681 supplicii,
3355 5604 3451 5681 non
3676 5604 3785 5671 11E-

2215 5679 2349 5727 sque
2372 5666 2434 5733 ad
2455 5666 2631 5733 malum
2653 5669 2781 5730 quod
2806 5671 2988 5731 injuste
3012 5666 3298 5733 admittunt,
3316 5666 3410 5727 sed
3435 5666 3492 5729 ad
3516 5666 3783 5731 cruciath

2210 5748 2232 5775 α
2250 5740 2397 5789 quem
2417 5728 2685 5804 iustissime
2710 5728 2979 5804 tenentur;
3006 5748 3099 5785 nec
3120 5737 3178 5785 ad
3204 5728 3455 5804 peccatum
3476 5728 3479 5729 ν
3497 5728 3784 5804 quoiam;

2204 5808 2226 5834 ι
2250 5790 2624 5861 resurrectionis
2668 5790 3066 5861 benelicium'aut
3079 5810 3185 5861 non
3204 5790 3477 5861 accipiunt,
3514 5790 3606 5854 aut
3620 5790 3630 5803 ’
3644 5790 3783 5853 mittil

2203 5867 2226 5895 α
2251 5858 2388 5928 tunt‘,
2412 5851 2502 5928 sed
2523 5853 2899 5928 ad‘lpt‘ﬂfelM"!
2922 5857 3050 5919 (1⁸³οα
3075 5857 3170 5928 illis
3193 5851 3383 5928 Pl‘olti'ia
3408 5851 3634 5928 iniquitas
3650 5851 3785 5916 uteie

2205 5930 2224 5957 ι
2252 5915 2369 5974 parit
2399 5922 2447 5962 et
2472 5915 2675 5975 aequitas
2697 5914 2856 5965 divina
2882 5914 3010 5968 bene
3033 5914 3329 5984 retribuitfv
