4202 6530
433 441 503 490 fit.)
524 442 540 491 l

438 537 884 605 quemadmodum
927 538 994 594 de
1036 538 1241 594 Jo..nne
1271 537 1468 590 dictum
1502 546 1604 601 est,
1641 534 1761 590 Non
1803 547 1907 589 erat
1936 537 2022 590 ille

439 636 609 685 lumen
640 631 812 703 (Joan.
845 646 898 697 ι,
932 629 1011 704 8);
1038 645 1158 687 cum
1190 629 1445 684 Dominus
1474 644 1595 685 eum
1624 642 1743 684 esse
1770 630 1914 685 dicat
1940 629 2023 683 lu-

437 739 653 780 cernam
696 721 807 796 (Id.
847 738 903 790 v,
943 722 1060 797 55),
1104 722 1243 778 sicut
1278 720 1587 791 discipulos,
1626 720 1819 791 quibus
1850 720 2018 787 dixit,

448 816 550 872 Vos
577 816 695 871 estis
723 816 889 871 lumen
908 814 1117 874 mundi:
1146 829 1292 867 uerno
1321 812 1548 867 accendit
1573 812 1832 867 lucernam
1858 821 1905 866 et
1932 826 2024 880 po-

438 910 513 963 nit
538 926 648 963 eam
674 907 766 964 sub
791 908 959 962 modia
990 905 1201 979 (Matth.
1229 922 1285 971 γ,
1315 906 1402 972 id,
1433 903 1522 977 l5)
1554 922 1568 958 :
1598 904 1692 959 sed
1719 904 1773 959 in
1801 918 2022 974 compa-

438 1000 643 1056 ratione
681 999 895 1055 luminis
933 999 1098 1062 illius,
1130 998 1268 1069 quod
1310 1004 1393 1053 est
1416 1012 1601 1053 verum
1646 996 1856 1062 lumen,
1903 997 2024 1051 illu-

438 1093 646 1147 minans
686 1106 900 1147 onmem
948 1089 1219 1145 hominem
1251 1089 1552 1144 venientem
1596 1088 1649 1142 in
1689 1086 1830 1142 hunc
1872 1103 2025 1143 mun-

437 1182 562 1237 dum
589 1180 768 1254 (Joan.
799 1198 850 1247 ι,
878 1180 961 1255 9),
995 1197 1101 1237 non
1129 1187 1246 1236 erat
1272 1180 1361 1235 ille
1387 1180 1588 1235 lumen.
1615 1177 1740 1234 Sive
1768 1178 1891 1250 quia
1921 1178 2026 1249 ipsi

440 1276 601 1330 etiam
630 1274 721 1329 ﬁlii
751 1273 849 1329 Dei
878 1270 1173 1343 comparati
1201 1270 1305 1327 sibi
1328 1270 1460 1341 ipsis
1489 1270 1677 1342 quales
1704 1269 1755 1324 in
1785 1269 1877 1324 illa
1907 1283 2029 1340 per-

440 1366 663 1422 fectione
691 1373 890 1421 aeterna
917 1363 1086 1420 futuri
1122 1369 1269 1428 sunt,
1310 1362 1384 1417 ita
1420 1361 1547 1418 boni
1576 1358 1729 1427 sunt,’
1758 1369 1818 1415 ut
1853 1358 2027 1415 adhuc

441 1467 496 1513 et
520 1458 643 1513 mali
673 1457 799 1512 sint.
832 1455 988 1526 Quod
1015 1455 1083 1510 de
1117 1454 1223 1510 illis
1250 1454 1432 1510 dicere
1460 1467 1569 1509 nou
1597 1451 1849 1508 auderem
1881 1451 2029 1523 (quis

443 1549 578 1603 enim
620 1546 815 1603 audeat
859 1547 1042 1603 dicere
1080 1546 1252 1601 malos
1296 1559 1439 1613 esse,
1484 1559 1709 1616 quorum
1754 1544 1906 1615 pater
1945 1552 2028 1599 est

440 1638 625 1711 Deus),
653 1639 753 1692 nisi
785 1639 898 1709 ipse
920 1637 1179 1694 Dominus
1203 1636 1431 1703 diceret,
1462 1636 1524 1692 Si
1551 1650 1669 1708 ergo
1694 1652 1783 1691 vos
1815 1652 1930 1689 cum
1958 1635 2028 1690 si-

440 1730 503 1783 tis
532 1728 676 1793 mali,
707 1728 864 1782 nostis
887 1727 1018 1782 bona
1042 1727 1165 1782 data
1188 1727 1313 1781 dare
1333 1727 1454 1795 filiis
1478 1728 1652 1781 vestris
1672 1741 1690 1790 ;
1713 1736 1899 1797 quanto
1927 1741 2010 1778 ma

436 1836 514 1892 gis
546 1818 699 1873 Pater
725 1830 906 1887 vester,
932 1820 1020 1889 qui
1043 1820 1098 1873 in
1124 1818 1263 1873 caelis
1287 1826 1394 1885 est,
1428 1818 1567 1873 dabit
1592 1818 1723 1872 bona
1753 1815 2028 1888 petentibus

434 1928 488 1967 se
529 1911 740 1982 (Matth.
780 1928 891 1980 vn,
935 1910 1065 1985 ll)?
1105 1909 1238 1967 Cum
1279 1912 1353 1966 ait
1391 1911 1588 1982 utique,
1634 1908 1795 1965 Pater
1837 1920 2026 1974 vester;

438 2003 577 2060 ﬁlios
620 2003 716 2059 Dei
752 2003 863 2075 jam
910 2018 1031 2060 esse
1073 2003 1412 2070 monstravit,
1456 2018 1592 2073 quos
1633 2011 1810 2059 tamen
1854 2002 2027 2058 adhuc

438 2094 608 2149 malos
645 2109 767 2151 esse
805 2110 912 2150 non
952 2096 1137 2150 tacuit.
1168 2095 1263 2151 llle
1301 2103 1484 2151 tamen
1523 2109 1631 2149 non
1670 2094 1850 2162 solvit,
1872 2107 2027 2164 ‘quo-

438 2184 595 2241 modo
611 2194 666 2241 et
682 2186 766 2241 isti
786 2186 913 2242 boni
928 2186 1055 2248 sint.
1075 2195 1130 2243 et
1148 2202 1294 2242 nemo
1308 2186 1380 2242 sit
1394 2186 1575 2252 bonus,
1591 2185 1692 2241 nisi
1707 2201 1838 2239 unus
1858 2183 2027 2239 Deus:

438 2277 580 2334 unde
603 2287 687 2334 est
716 2279 808 2335 ille
837 2279 1160 2346 admonitus,
1188 2280 1278 2351 qui
1308 2279 1729 2350 interrogaverat
1751 2277 1877 2348 quid
1902 2277 2026 2333 boni

436 2369 662 2438 faceret,
695 2380 754 2426 ut
782 2371 929 2426 illum
969 2379 1236 2442 quaereret
1261 2370 1414 2440 cujus
1437 2370 1608 2440 gratia
1647 2369 1825 2424 bonus
1851 2377 2024 2435 esset,

434 2460 520 2514 cui
547 2460 743 2515 bonum
773 2476 913 2528 esse,
945 2463 1045 2517 hoc
1069 2470 1152 2517 est
1180 2461 1353 2534 ipsum
1384 2475 1543 2527 esse;
1576 2461 1699 2532 quia
1728 2460 2028 2514 incommu-

438 2551 668 2607 tabiliter
693 2552 885 2620 bonus,
916 2563 971 2609 et
994 2569 1101 2608 non
1133 2561 1310 2623 potest
1334 2551 1553 2607 omnino
1580 2553 1750 2606 malus
1779 2552 1955 2606 esse‘.

506 2641 733 2700 CAPUT
768 2643 883 2698 XV.
910 2645 1089 2700 —55.
1138 2664 1155 2695 ι
1181 2643 1311 2699 item
1346 2643 1548 2709 dicunt,
1578 2661 1597 2695 ι
1632 2631 1823 2713 inquit,
1858 2661 1876 2694 ι
1906 2642 2033 2708 Quis

440 2733 738 2803 gloriabitur
756 2744 952 2789 castum
976 2750 1031 2789 se
1047 2733 1228 2789 habere
1244 2733 1374 2789 cor?
1400 2751 1420 2785 ι
1451 2733 1519 2788 Et
1549 2733 1617 2787 ad
1635 2733 1737 2788 hoc
1760 2733 2033 2802 respondit

441 2823 625 2879 multis
672 2825 1033 2891 testimoniis,
1058 2825 1245 2879 volens
1283 2822 1570 2880 ostendere
1614 2838 1772 2894 posse
1813 2838 1935 2878 esse
1978 2823 2030 2877 in

440 2915 659 2970 homine
688 2925 893 2971 castum
923 2932 1019 2971 cor
1044 2932 1058 2968 :
1088 2930 1188 2971 nec
1217 2924 1397 2972 tamen
1439 2914 1569 2971 dicit
1592 2914 1861 2986 quomodo
1888 2914 2032 2969 acci-

441 3010 695 3079 piendum
737 3009 828 3075 sit,
874 3009 1016 3081 quod
1065 3011 1344 3083 proposuit
1380 3017 1567 3066 contra
1614 3024 1675 3066 se
1719 3010 1857 3076 dici,
1907 3008 2036 3077 Quis

440 3101 738 3172 gloriabitur
769 3113 967 3158 castum
1006 3118 1062 3158 se
1086 3102 1269 3158 habere
1307 3118 1417 3171 cor,
1456 3118 1528 3158 ne
1553 3101 1825 3174 Scriptura
1852 3102 2034 3157 divina

442 3197 494 3251 in
528 3196 631 3253 hoc
665 3197 992 3265 testimonio,
1021 3206 1076 3252 et
1102 3195 1157 3252 in
1195 3196 1279 3253 his
1312 3212 1409 3267 per
1439 3194 1559 3266 qua:
1599 3195 1897 3266 respondit,
1928 3197 2030 3253 sibi

442 3289 557 3358 ipsa
600 3272 906 3344 adversaria
948 3289 1219 3344 videatur.
1261 3287 1372 3344 Nos
1413 3298 1595 3347 autem
1641 3287 1767 3343 huic
1810 3302 2032 3360 respon-

444 3379 636 3434 dentes
678 3379 924 3446 dicimus,
954 3380 1076 3435 ideo
1115 3388 1357 3437 secutum
1386 3394 1529 3445 esse,
1574 3378 1701 3444 Quis
1739 3379 2040 3453 gloriabitur

444 3481 640 3527 castum
678 3488 733 3528 se
770 3471 954 3527 habere
986 3472 1117 3528 cor?
1151 3473 1402 3543 quoniam
1444 3472 1744 3543 pratccssit,
1783 3470 1912 3526 Cum
1948 3487 2043 3526 rea:

447 3564 612 3627 iustus
659 3563 843 3619 sederit
892 3564 950 3618 in
997 3564 1201 3619 throno.
1262 3563 1604 3631 Quantalibet
1648 3562 1792 3618 enim
1834 3562 2039 3633 justitia

444 3660 517 3715 sit
563 3659 818 3730 praeditus
864 3658 1063 3727 homo,
1108 3659 1346 3730 cogitare
1395 3656 1577 3724 debet,
1624 3670 1694 3713 ne
1734 3654 1935 3727 aliquid
1982 3655 2037 3710 in

446 3752 573 3817 illo,
610 3751 752 3823 quod
786 3751 903 3821 ipse
930 3765 1043 3806 non
1086 3750 1265 3818 videt,
1304 3749 1608 3805 inveniatur
1644 3762 1765 3804 esse
1808 3747 2033 3817 culpan-

446 3843 597 3912 dum,
621 3859 741 3901 cnm
772 3858 865 3898 rex
898 3842 1068 3913 justus
1108 3842 1311 3899 sederit
1337 3842 1390 3897 in
1422 3841 1637 3907 throno,
1669 3839 1823 3909 cujus
1851 3837 2039 3908 cogitis

450 3939 647 3992 tionem
676 3934 855 4006 lugere
877 3934 1071 3990 delicta
1094 3949 1199 3989 non
1227 3940 1479 4004 possunt,
1502 3945 1609 3987 nec
1630 3930 1718 3985 illa
1744 3929 1813 3985 de
1842 3930 2038 3999 quibus

450 4029 652 4084 dictum
691 4036 795 4095 est,
839 4027 1036 4083 Delicta
1069 4026 1183 4097 quis
1221 4024 1458 4097 intelligit
1495 4022 1669 4095 (Psal.
1714 4037 1868 4086 xvm,
1912 4018 2043 4091 ιδῃ

452 4122 582 4177 Cum
610 4136 738 4192 ergo
774 4136 868 4175 rex
910 4122 1076 4187 iustus
1109 4118 1294 4174 sederit
1332 4118 1387 4172 in
1416 4116 1618 4182 throno,
1656 4116 1766 4185 quis
1805 4114 2046 4186 gloriabi-

454 4225 537 4268 tur
568 4222 760 4267 castutn
785 4227 840 4266 se
866 4212 1048 4265 habere
1075 4209 1204 4264 cor?
1228 4217 1317 4263 aut
1339 4209 1452 4279 quis
1477 4206 1777 4279 gloriabitur
1798 4205 2046 4258 mundum

454 4319 511 4357 se
533 4318 641 4357 esse
666 4319 698 4355 a
721 4312 927 4374 peccato
951 4298 1135 4371 (Prov.
1165 4312 1263 4366 xx,
1291 4298 1348 4367 8,
1377 4297 1475 4369 9)?
1502 4296 1616 4352 Nisi
1643 4297 1782 4352 forte
1803 4296 1892 4367 isti
1913 4335 1927 4356 ,
1955 4294 2045 4365 qui

456 4396 641 4451 volunt
669 4396 721 4450 in
747 4410 841 4450 sua
862 4391 1092 4464 justitia,
1120 4405 1228 4448 non
1256 4391 1311 4447 in
1338 4390 1506 4461 ipsius
1525 4388 1724 4460 judieis
1743 4386 2048 4443 misericor-

456 4489 542 4545 dia
569 4488 812 4560 gloriari.

527 4584 619 4638 54.
649 4582 853 4637 Tamen
880 4580 1042 4636 etiam
1071 4578 1160 4634 illa
1182 4592 1308 4634 vera
1336 4583 1485 4642 sunt,
1526 4589 1649 4645 qua:
1673 4570 2050 4643 respondendo

458 4674 718 4745 subjecit.
760 4673 905 4745 quod
958 4691 978 4726 ι
1031 4671 1275 4729 Salvator
1320 4670 1393 4725 ait
1439 4668 1493 4724 in
1540 4666 1853 4737 Evangelio,
1904 4663 2051 4719 Beati

459 4766 833 4834 mundicordes,
853 4765 1093 4837 quoniam
1108 4764 1211 4835 ipsi
1227 4761 1393 4818 Deum
1407 4760 1646 4817 videbunt
1665 4758 1877 4831 (Matth.
1900 4773 1953 4824 v,
1969 4757 2048 4827 8).

463 4859 533 4913 Et
587 4856 729 4928 quod
787 4854 957 4912 David
987 4853 1119 4910 dicit
1171 4871 1186 4907 :
1263 4853 1389 4918 Quis
1445 4848 1681 4905 ascendet
1728 4848 1783 4903 in
1834 4855 2054 4902 montem

462 4949 706 5005 Domini?
741 4958 830 5002 aut
859 4946 973 5018 quis
997 4945 1148 5002 stabit
1170 4945 1227 5000 in
1264 4943 1378 5000 loco
1404 4949 1577 4997 sancto
1600 4941 1711 5013 ejus
1729 4940 1756 4995 i’
1802 4938 2054 4993 innocens

461 5042 694 5097 manibus
740 5044 792 5096 et
838 5040 1028 5095 mutulo
1072 5038 1225 5094 corde
1272 5034 1458 5108 (Psal.
1487 5050 1641 5101 xxm,
1668 5034 1723 5102 ‘5,
1752 5033 1830 5106 ι).
1859 5032 1927 5088 Et
1951 5032 2053 5088 ali-

463 5133 516 5189 bi
573 5150 588 5188 :
646 5132 886 5206 Benefac,
937 5130 1188 5198 Domine,
1235 5128 1378 5184 bonis
1404 5137 1451 5183 et
1491 5126 1643 5182 rectis
1685 5125 1838 5180 corde
1881 5123 2052 5197 (Psal.

460 5238 645 5291 cxxtv,
674 5225 755 5295 ι).
786 5223 913 5279 Item
967 5222 1109 5292 apud
1160 5220 1502 5277 Salomonem
1558 5236 1573 5274 :
1628 5217 1776 5272 Bona
1828 5226 1903 5271 est
1938 5216 2059 5272 sab-

463 5316 679 5384 stantia,
695 5317 778 5369 cai
806 5332 909 5369 non
936 5324 1007 5371 est
1029 5322 1289 5385 peccatum
1311 5312 1366 5366 in
1394 5310 1701 5365 conscientia
1724 5306 1913 5382 (Eccli.
1939 5324 2054 5375 xm,

465 5406 581 5480 '50).
612 5408 741 5462 Item
767 5406 918 5462 illic:
946 5405 1128 5460 Aoerte
1165 5413 1212 5458 te
1233 5420 1267 5458 ο
1302 5402 1518 5467 delicto,
1563 5409 1610 5456 et
1653 5398 1814 5471 dirige
1856 5415 2057 5465 manus,

466 5511 513 5554 et
564 5497 629 5552 ab
673 5498 811 5554 omni
835 5498 1017 5553 delicto
1040 5497 1231 5551 munda
1255 5512 1343 5550 cor
1366 5504 1506 5549 tuum
1559 5490 1670 5566 (Id.
1697 5506 1920 5559 xxxvm,
1944 5492 2057 5563 l0).

474 5594 599 5648 Item
626 5591 679 5646 in
708 5590 947 5661 Epistula
975 5589 1198 5645 Joannis
1246 5605 1261 5644 :
1307 5586 1368 5643 Si
1419 5603 1509 5642 cor
1557 5594 1785 5640 nostrum
1830 5601 1933 5640 non
1978 5599 2061 5639 re-

471 5683 772 5759 prehendat,
826 5683 1073 5755 ﬁduciam
1118 5680 1358 5737 habemus
1398 5680 1467 5734 ad
1518 5677 1702 5744 Deum,
1732 5686 1781 5733 et
1806 5693 2051 5750 quacum-

540 5800 559 5832 ι
585 5804 717 5866 me.
752 5798 868 5864 φάα
889 5792 1530 5866 mobilitatem,
1552 5804 1647 5866 ηρη
1665 5796 1861 5866 rem;
1885 5792 2060 5866 omissa

479 5856 711 5927 articulo
732 5856 856 5925 fet,
883 5873 1029 5925 quam
1074 5857 1258 5911 habent
1300 5856 1417 5908 editi
1440 5856 1606 5907 czctcri
1630 5860 1683 5904 et
1729 5856 2055 5915 manuscripti.

1299 424 1381 476 lli“.
1422 421 1895 477 l’lilib‘EUTlliNE
1928 422 2252 478 JUS’l‘lllrE
2297 422 2570 478 HOMINIS
2610 424 2831 481 LIBER.

3609 435 3714 487 5H)

2129 554 2223 605 que
2266 538 2588 607 petierimus,
2620 539 2919 609 accipiemus
2966 524 3132 594 ab’eo
3170 559 3188 594 ι
3234 541 3274 614 (I
3302 540 3459 596 Joan.
3516 558 3582 604 ll,
3626 544 3717 599 εῑι.

2128 628 2241 699 22).
2293 628 2405 684 lloc
2431 628 2574 684 enim
2613 630 2786 700 agitur
2826 632 3116 697 voluntate,
3168 630 3459 697 credendo,
3495 647 3723 704 speran-

2129 718 2221 785 do,
2265 719 2556 791 diligendo,
2602 734 2796 791 corpus
2840 720 3167 794 castigando,
3216 721 3590 795 cleemosynas
3642 726 3725 775 la-

2129 810 2341 870 ciendo.
2367 812 2585 881 injurias
2616 812 2962 884 ignoscendo,
2992 814 3253 870 instanter
3277 814 3500 882 orando,
3530 824 3584 869 ct
3609 830 3720 884 pro-

2135 902 2344 958 ﬁciendi
2366 905 2507 961 vires
2529 906 2818 976 precando,
2842 907 3208 978 veraciterqne
3232 908 3480 976 dicendo,
3514 907 3720 963 Dimitte

2131 995 2292 1062 nobis,
2333 997 2459 1050 sicut
2486 1006 2532 1051 et
2559 1013 2651 1052 nos
2688 997 3023 1066 dimittimus;
3062 1007 3145 1067 et,
3192 998 3275 1055 Ne
3312 1001 3505 1073 inferas
3540 1018 3631 1054 nos
3668 1002 3720 1054 in

2132 1085 2452 1139 tentationem
2471 1129 2487 1151 ,
2510 1087 2597 1141 sed
2617 1086 2772 1142 libera
2798 1104 2888 1143 nos
2914 1106 2945 1142 a
2970 1090 3105 1144 malo
3130 1087 3343 1162 (Matth.
3374 1108 3422 1146 vt
3440 1134 3454 1153 .
3490 1091 3576 1158 12,
3609 1089 3717 1164 l5).

2135 1174 2245 1229 lloc
2278 1191 2497 1245 prorsus
2530 1181 2725 1249 agitur,
2772 1189 2826 1233 ut
2860 1194 2955 1235 cor
2996 1180 3306 1249 mandetur,
3350 1190 3405 1238 et
3444 1176 3742 1252 peccatum.

2132 1281 2292 1323 omne
2326 1267 2566 1335 tollatur;
2597 1278 2651 1325 et
2688 1269 2829 1340 quod
2871 1286 2963 1326 rex
2999 1273 3237 1341 justus‘,
3278 1287 3398 1328 cum
3437 1273 3490 1327 in
3530 1274 3720 1329 throno
3784 1256 3826 1294 ί

2131 1358 2365 1426 sederit,
2414 1361 2682 1416 occultum
2729 1361 2992 1418 invenerit
3037 1363 3322 1435 minusque
3373 1365 3717 1431 mundatum,

2132 1451 2247 1522 ejus
2286 1452 2648 1509 misericordia
2670 1454 3009 1523 remittatur;
3049 1466 3109 1511 ut
3147 1457 3256 1512 Deo
3280 1457 3509 1514 videndo
3549 1466 3717 1513 totum

2132 1555 2321 1596 sanum
2349 1542 2716 1614 mundumque
2738 1544 3014 1602 reddatur.
3045 1546 3312 1602 Iudicium
3339 1548 3472 1603 enim
3493 1550 3601 1603 sine
3627 1549 3721 1602 mi-

2130 1634 2422 1701 sericordia,
2456 1634 2548 1690 sed
2576 1636 2655 1690 illi
2678 1637 2763 1707 qui
2800 1653 2901 1692 non
2922 1639 3042 1709 fecit
3072 1640 3492 1694 misericordiam.
3523 1640 3718 1713 Super-

2139 1725 2340 1778 exaltat
2381 1736 2549 1782 autent
2600 1728 2950 1784 misericordia
2999 1730 3195 1793 iudicio
3242 1730 3448 1801 (Jacobi
3494 1747 3551 1799 ιι,
3608 1733 3716 1803 15).

2130 1816 2283 1883 Quod
2316 1817 2363 1873 si
2400 1832 2508 1874 non
2545 1828 2710 1888 esset,
2741 1835 2860 1891 qua:
2898 1835 3024 1892 spes
3066 1823 3247 1878 esset?
3281 1823 3719 1894 Quandoquidem

2131 1921 2247 1960 cum
2282 1910 2576 1993 rexjustus
2601 1910 2785 1966 sederit
2824 1912 2878 1966 in
2907 1912 3112 1981 throno,
3150 1914 3262 1985 quis
3296 1914 3595 1987 gloriabitur
3629 1930 3720 1969 ca-

2130 2011 2263 2054 stum
2298 2017 2354 2057 se
2389 2002 2573 2059 habere
2609 2006 2742 2060 cor?
2779 2015 2866 2059 aut
2904 2007 3015 2077 quis
3050 2007 3350 2078 gloriabitur
3388 2009 3630 2063 mundum
3668 2026 3721 2062 se

2133 2109 2240 2147 esse
2279 2111 2312 2148 a
2347 2097 2595 2166 peccato?
2636 2098 2786 2154 Tunc
2828 2114 2958 2171 ergo
3000 2116 3096 2170 per
3138 2100 3256 2170 ejus
3302 2100 3719 2157 miscricordiam

2127 2185 2257 2255 justi
2296 2188 2454 2257 plene
2481 2189 2825 2261 perfectoque
2862 2192 3123 2261 mandati,
3154 2192 3433 2263 fulgebunt
3469 2194 3522 2249 in
3558 2210 3722 2267 regno

2134 2279 2307 2335 Patris
2329 2282 2412 2336 sui
2443 2282 2580 2338 sicut
2606 2284 2688 2338 sol
2715 2284 2929 2354 (Matth.
2961 2300 3077 2350 xm,
3110 2285 3224 2357 45).

2204 2373 2293 2428 55.
2336 2374 2484 2430 Tunc
2512 2376 2667 2446 plene
2695 2384 2857 2447 atque
2901 2376 3173 2447 perlecte'
3212 2376 3315 2432 erit
3348 2376 3584 2433 Ecclesna
3616 2395 3721 2434 non

2134 2462 2341 2519 habens
2376 2468 2637 2521 maculam
2668 2475 2759 2521 aut
2786 2482 2970 2538 rugam
3006 2475 3099 2523 aut
3140 2465 3342 2539 aliquid
3384 2466 3718 2538 hnjusmodi.

2133 2557 2257 2626 quia
2297 2566 2423 2613 tunc
2461 2558 2619 2613 etiam
2665 2560 2769 2614 erit
2796 2573 2920 2615 vere
2953 2559 3209 2631 gloriosa.
3249 2558 3385 2615 Cum
3432 2560 3574 2614 enim
3615 2575 3720 2614 non

2136 2655 2340 2702 tantum
2378 2648 2486 2716 ait,
2518 2658 2573 2703 ut
2602 2650 2851 2704 exhiberet
2879 2650 2974 2705 sibi
3002 2649 3282 2706 Ecclesium
3322 2667 3423 2705 non
3461 2651 3725 2706 habentem

2135 2739 2387 2793 maculam
2412 2751 2501 2795 aut
2525 2752 2725 2812 rugam,
2751 2741 2844 2797 sed
2874 2741 3098 2810 addidit,
3124 2741 3397 2814 gloriosam
3423 2739 3641 2816 (Ephes.
3672 2760 3722 2808 v,

2134 2829 2250 2904 27);
2282 2835 2411 2888 satis
2440 2834 2779 2906 signiﬁcavit,
2810 2833 3022 2905 quando
3048 2834 3153 2891 erit
3174 2835 3292 2891 sine
3318 2835 3528 2891 macula
3554 2845 3610 2892 et
3636 2851 3725 2892 ru-

2135 2940 2200 2995 ga
2230 2935 2323 2981 aut
2349 2927 2528 2996 aliquo
2558 2926 2905 2998 hujnsmodi’
2938 2945 2953 2983 :
2982 2936 3110 2985 tunc
3135 2930 3341 3001 utique,
3373 2929 3586 3001 quando
3612 2931 3730 3002 glo-
3802 2972 3809 2975 ν

2138 3016 2301 3072 riosa.
2332 3018 2449 3073 Non
2471 3019 2615 3075 enim
2643 3020 2804 3075 modo
2828 3020 2880 3075 in
2907 3020 3069 3075 tantis
3097 3020 3272 3087 malis,
3299 3022 3353 3077 in
3386 3022 3548 3079 tantis
3572 3038 3728 3079 scan-

2138 3107 2294 3174 dulis,
2343 3110 2395 3163 in
2443 3118 2586 3164 tanta
2632 3110 2985 3180 permixtione
3031 3110 3303 3167 hominum
3348 3114 3723 3184 pessimorum,

2140 3198 2194 3253 in
2242 3199 2403 3254 tantis
2450 3200 2752 3270 οιιριοιιτίἰε
2803 3200 3091 3272 impiorum
3139 3202 3426 3260 dicendum
3475 3214 3561 3261 est
3606 3221 3725 3262 eam

2140 3306 2259 3346 esse
2282 3291 2593 3362 gloriosam,
2624 3293 2745 3362 quia
2782 3306 2941 3365 reges
2977 3294 3027 3350 ei
3054 3295 3314 3362 serviunt,
3347 3295 3434 3351 ubi
3469 3304 3554 3351 est
3584 3297 3726 3366 peri-

2140 3383 2378 3438 culosior
2415 3383 2693 3454 majorque
2721 3386 2947 3441 teatatio
2978 3403 2991 3440 :
3020 3386 3115 3441 sed
3147 3396 3274 3442 tunc
3298 3388 3472 3458 potius
3496 3388 3729 3459 gloriosa

2141 3475 2262 3543 erit,
2294 3474 2508 3545 quando
2538 3475 2629 3530 ﬁet
2661 3477 2802 3547 quod
2834 3477 2975 3533 idem
3004 3477 3080 3533 ait
3105 3475 3399 3549 apostolus,
3427 3477 3553 3535 Cum
3582 3478 3731 3534 Curi—

2141 3576 2248 3622 stus
2276 3568 2569 3638 apparuerit
2592 3568 2695 3622 vita
2718 3578 2902 3638 vestra,
2931 3578 3052 3624 tunc
3075 3578 3125 3625 et
3147 3585 3234 3625 vos
3259 3570 3569 3643 apparebitis
3609 3588 3727 3626 cum

2141 3659 2254 3729 ipso
2279 3661 2330 3714 in
2349 3659 2516 3731 gloria
2543 3659 2761 3734 (ϐοίδια.
2792 3678 2870 3729 ιιι,
2897 3662 2975 3736 4).
3002 3661 3138 3719 Cum
3164 3664 3307 3719 enim
3322 3656 3592 3720 Dominus
3617 3666 3731 3736 ipse

2142 3750 2431 3805 secundum
2464 3751 2693 3808 formam
2716 3753 2876 3820 servi,
2908 3768 3005 3824 per
3032 3769 3191 3825 quam
3219 3770 3283 3810 se
3307 3753 3574 3811 mediator
3598 3772 3730 3811 con-

2139 3840 2315 3911 junxit
2355 3843 2628 3912 Ecclesiae,
2674 3858 2782 3900 non
2812 3844 2972 3902 fuerit
2998 3846 3326 3917 gloriﬁcatus
3355 3847 3455 3901 nisi
3487 3862 3728 3904 resurre«

2143 3932 2337 3987 ctionis
2363 3932 2532 4003 gloria
2560 3933 2722 4004 (unde
2755 3932 2957 3989 dictum
2992 3945 3096 3997 est,
3128 3934 3355 4005 Spiritus
3378 3952 3477 3991 non
3507 3947 3615 3993 erat
3639 3938 3736 3992 da—

2148 4032 2229 4077 tus
2247 4064 2264 4090 ,
2298 4025 2418 4095 quia
2440 4022 2596 4079 Jesus
2620 4024 2847 4079 nondum
2872 4028 3040 4100 fuerat
3067 4026 3382 4099 gloriﬁcatus
3416 4026 3596 4102 [Joan.
3624 4045 3695 4084 vn
3715 4071 3729 4095 ,

2150 4112 2288 4187 39]);
2317 4116 2584 4186 quomodo
2607 4115 2834 4173 dicenda
2860 4125 2944 4173 est
2970 4126 3097 4173 ante
3121 4120 3565 4177 resurrectionem
3583 4136 3732 4176 suam

2150 4205 2386 4260 Ecclesia
2426 4206 2543 4276 ejus
2579 4220 2700 4263 esse
2724 4206 2994 4279 gloriosa?
3030 4208 3249 4266 Mundat
3289 4226 3416 4283 ergo
3445 4227 3563 4268 eam
3592 4228 3735 4269 nunc

2149 4295 2361 4350 lavacro
2395 4312 2548 4368 aquae
2585 4298 2639 4352 in
2667 4298 2830 4354 verbo
2861 4297 3076 4373 (Ephes.
3101 4316 3159 4370 v,
3193 4300 3310 4375 26),
3346 4302 3567 4359 abluens
3606 4319 3735 4375 pec-

2150 4396 2267 4442 cata
2298 4387 2586 4458 praeterita,
2612 4397 2668 4444 et
2696 4389 2899 4460 pellens
2925 4391 2995 4447 ab
3028 4406 3090 4447 ea
3119 4391 3536 4449 dominationem
3567 4395 3737 4449 malo-

2149 4492 2268 4534 rum
2291 4480 2617 4552 Angelorum
2645 4500 2660 4536 :
2686 4481 2881 4539 deinde
2910 4483 3195 4555 pcrﬁciens
3208 4486 3329 4557 ejus
3354 4488 3629 4549 sanitates,
3661 4487 3739 4541 fa-

2150 4571 2226 4625 cit
2253 4587 2369 4627 eam
2406 4587 2692 4630 occurrere
2716 4574 2768 4629 in
2793 4574 2937 4630 illam
2966 4575 3275 4646 gloriosam,
3305 4579 3422 4632 sine
3450 4579 3659 4654 macula
3684 4585 3743 4632 et

2153 4676 2303 4732 ruga.
2353 4662 2495 4728 Quos
2540 4665 2687 4719 enim
2731 4665 3134 4735 pradestinavit,
3178 4668 3294 4721 illos
3337 4677 3395 4720 et
3426 4669 3648 4732 vocavit,-
3693 4679 3741 4721 et

2152 4768 2279 4823 quos
2302 4755 2517 4822 uocauit,
2542 4755 2685 4825 ipsos
2705 4765 2751 4811 et
2767 4756 3107 4829 justiﬁcaait;
3135 4772 3263 4829 quos
3286 4767 3453 4811 autem
3482 4760 3740 4830 justi/ica-

2154 4844 2257 4911 oit,
2285 4842 2401 4900 illos
2428 4854 2477 4899 et
2499 4845 2801 4916 gloriﬁcaait
2826 4845 3007 4919 (Rom.
3040 4862 3152 4914 vm,
3183 4847 3300 4917 30).
3330 4849 3388 4902 In
3417 4849 3520 4904 hoc
3545 4856 3745 4922 mystc—

2157 4938 2237 4993 rio
2262 4935 2465 4992 dictum
2494 4938 2746 5003 arbitror,
2773 4937 2907 4993 Ecce
2934 4938 3081 5011 ejicio
3115 4939 3390 5007 daemonia,
3422 4951 3469 4995 et
3505 4943 3747 4999 sanitates

2158 5029 2367 5101 perﬁcio
2406 5029 2560 5085 hodie
2594 5039 2642 5085 et
2675 5046 2811 5097 cras,
2847 5039 2895 5085 et
2931 5032 3077 5086 tertia
3118 5030 3200 5086 die
3234 5048 3553 5089 eonsummor
3589 5033 3744 5103 (Luc.

2158 5138 2271 5187 xm,
2304 5120 2421 5194 '52),
2463 5121 2518 5176 id
2562 5130 2667 5190 est,
2710 5120 2979 5193 perﬁcior.
3023 5123 3164 5179 Dixit
3200 5125 3342 5181 enim
3387 5124 3489 5182 hoc
3522 5141 3586 5181 ex
3625 5142 3747 5197 per-

2161 5230 2291 5270 sona
2332 5214 2575 5286 corporis
2603 5214 2718 5281 sui,
2747 5215 2891 5286 quod
2918 5224 3003 5273 est
3030 5216 3267 5274 Ecclesia
3300 5235 3316 5274 :
3358 5219 3475 5274 dies
3504 5224 3750 5289 ponens?

2165 5322 2261 5376 pro
2283 5305 2547 5363 distinctis
2569 5306 2936 5380 ordinatisque
2954 5309 3310 5382 temporibus,
3333 5309 3475 5382 quod
3493 5319 3549 5366 et
3574 5310 3626 5366 in
3654 5325 3750 5366 sua

2164 5400 2559 5458 resurrectione
2586 5398 2903 5474 signiﬁcavit
2940 5401 2993 5457 in
3025 5400 3218 5461 triduo.

2229 5602 2246 5635 ί
2273 5611 2375 5651 Am.
2401 5607 2474 5650 Er.
2502 5580 2705 5665 etuias...
2728 5605 2775 5653 et
2795 5601 2924 5664 quod
2938 5598 3102 5665 iudex
3108 5598 3291 5661 justus.

2228 5666 2250 5696 ⁸
2268 5665 2343 5713 sic
2362 5670 2468 5713 Mss.
2493 5662 2613 5711 aditi
2631 5676 2751 5714 vero
2792 5660 2903 5714 tiatc
2924 5660 3069 5728 plena
3087 5660 3119 5711 τι
3173 5673 3230 5709 ue
3254 5660 3481 5722 perfecta.
3592 5715 3602 5725 .

2231 5726 2252 5758 ³
2275 5724 2412 5769 Editi.
2432 5728 2515 5769 mu
2536 5722 2723 5769 aliquid
2747 5699 3043 5769 huiusnmdi.
3085 5667 3254 5769 Maius
3274 5728 3380 5769 tres
3401 5717 3602 5765 Vaticani

2231 5699 3069 5797 fiﬁttTa'gﬂtwuszifu's'nﬁif
3085 5699 3606 5772 ᾗῧῖιῖενῑιίὲἑῖξὶιωυι
3625 5721 3753 5771 Mss,

2168 5793 2252 5919 (Ἦ
2823 5858 2841 5897 :
2864 5858 3059 5913 ponens.
3093 5841 3415 5891 anendantur
3437 5848 3464 5884 a
3486 5833 3649 5883 codice
3672 5841 3754 5882 va~

2172 5918 2344 5961 licam).
