4202 6520
530 411 624 466 5H

601 521 688 576 56.
733 519 864 572 Puto
909 527 1082 573 autem
1125 516 1382 572 intbreise
1425 514 1564 568 inter
1603 521 1804 568 rectum
1843 511 2024 572 corde,
2058 519 2112 564 et

530 613 785 667 tituudam
813 611 993 664 corde.
1027 610 1158 664 Nam
1190 618 1242 662 et
1271 617 1448 662 rectus
1469 605 1628 660 corde
1667 605 1718 658 in
1747 620 1806 658 ea
1845 619 1964 672 qua:
1989 611 2113 656 ante

530 715 654 757 sunt
695 703 1018 764 extenditur,
1059 717 1117 754 ea
1165 715 1283 770 φιν·
1325 707 1469 751 retro
1511 704 1634 750 sunt
1675 695 2012 758 obliviscens,
2056 701 2114 746 ut

533 803 678 848 γει-ιιι
708 808 890 858 cursu,
921 791 969 846 id
1002 801 1078 844 est
1109 801 1252 845 recta
1281 787 1382 842 Iide
1407 795 1566 856 atque
1603 785 1894 838 intentione
1921 797 2112 852 perve-

533 895 661 946 mat,
693 883 780 937 ubi
805 883 1004 936 habitet
1034 881 1262 936 mundus
1286 877 1448 933 corde
1480 877 1738 948 (Philipp.
1767 893 1842 940 ιιι,
1879 875 1968 938 I5,
1999 871 2111 944 Μ).

533 975 680 1028 Sicut
710 973 796 1028 illa
833 973 1036 1043 singula
1067 968 1338 1026 reddenda
1367 978 1492 1022 sunt
1517 967 1759 1038 singulis,
1797 965 1882 1018 ubi
1915 964 2112 1019 dictum

531 1075 631 1122 est.
665 1063 788 1128 Quis
814 1063 1042 1116 ascendet
1067 1061 1119 1114 in
1151 1071 1368 1114 montem
1399 1057 1645 1112 Domini?
1669 1067 1754 1110 aut
1779 1056 1862 1126 qui
1889 1055 2033 1110 stabit
2062 1054 2114 1106 in

534 1163 643 1208 loco
673 1165 845 1208 sancto
879 1153 1026 1224 ejus?
1061 1151 1313 1208 lnnoccns
1347 1151 1575 1206 manibus
1610 1159 1655 1202 et
1691 1146 1909 1200 mundus
1943 1149 2114 1201 corde.

539 1246 799 1298 Innocens
827 1245 1070 1298 manibus
1095 1245 1366 1306 ascendet,
1403 1253 1456 1300 et
1484 1241 1710 1298 mundus
1733 1239 1896 1294 corde
1919 1239 2114 1294 stabit:

535 1337 663 1390 illud
697 1337 746 1390 in
779 1351 943 1406 opere
977 1345 1080 1400 est,
1125 1336 1252 1390 illud
1292 1337 1342 1391 in
1381 1337 1544 1392 Iine‘.
1595 1333 1656 1387 Et
1695 1333 1800 1386 illic
1838 1330 2006 1400 magis
2039 1331 2117 1384 in-

535 1427 876 1498 thligcttdnm
904 1427 1042 1498 quod
1074 1428 1272 1482 dictum
1300 1437 1379 1482 est
1403 1469 1417 1494 ,
1451 1427 1592 1482 Bona
1618 1437 1690 1480 est
1710 1425 2012 1490 substantia,
2038 1424 2119 1477 cui

539 1534 639 1570 non
677 1527 746 1572 cst
783 1529 1038 1588 peccatum
1067 1519 1118 1570 in
1153 1519 1476 1572 conscientia.
1511 1519 1657 1573 Tunc
1683 1519 1825 1573 enim
1865 1517 1966 1572 erit
1993 1532 2120 1572 vero

533 1612 670 1666 bona
715 1613 1033 1674 substantia,
1068 1612 1118 1664 id
1147 1623 1248 1676 est,
1273 1628 1410 1666 verse
1440 1611 1658 1675 divitizn,
1690 1625 1808 1664 cum
1853 1609 2122 1664 transierit

536 1712 644 1755 tota
679 1713 980 1770 paupertas,
1012 1701 1061 1755 id
1093 1711 1196 1766 est,
1227 1719 1352 1758 cum
1379 1710 1689 1772 consumpta
1712 1705 1733 1734 ⁸
1761 1701 1918 1758 fuerit
1947 1701 2121 1756 omnis

539 1792 837 1846 intirmitas.
871 1793 1020 1847 Nunc
1046 1810 1174 1848 vero
1203 1803 1392 1848 avertat
1423 1811 1478 1850 se
1511 1795 1662 1848 homo
1695 1811 1728 1848 a
1759 1793 1961 1856 delicto,
1998 1809 2120 1848 cum

539 1885 865 1954 proliciendo
907 1886 1028 1940 inde
1069 1887 1332 1954 discedit,
1377 1895 1431 1942 et
1467 1895 1756 1942 renovatur
1779 1887 1800 1918 ⁸
1843 1886 1910 1942 de
1947 1887 2034 1941 die
2067 1885 2120 1940 in

537 1977 712 2041 diem;
739 1986 782 2031 et
811 1977 997 2048 dirigat
1025 1995 1206 2033 manus
1231 1981 1281 2034 in
1311 1994 1474 2050 opera
1493 1978 1513 2010 ⁸
1540 1979 1952 2046 misericordiae,
1981 1988 2035 2033 et
2059 1977 2124 2032 ab

539 2069 676 2121 omni
711 2067 892 2123 delicto
931 2069 1136 2124 mandet
1162 2087 1250 2124 cor
1287 2086 1466 2136 suum;
1507 2073 1840 2134 misereatur,
1887 2079 1945 2124 ut
1982 2071 2122 2140 quod

539 2173 702 2218 restat
717 2163 764 2230 ⁵,
793 2178 888 2234 per
914 2165 1118 2220 veniam
1163 2165 1477 2220 dimittatur.
1521 2165 1632 2220 Iloc
1669 2165 1810 2218 enim
1841 2165 2124 2219 salubriter

536 2267 588 2306 et
616 2251 732 2308 sine
757 2269 888 2308 vana
916 2255 1431 2324 inanitpmjactantia
1460 2255 1596 2310 bene
1623 2241 1953 2327 intelligitur,
1983 2258 2032 2312 in
2059 2273 2126 2312 eo

536 2345 678 2408 (ιιιυά
709 2343 842 2397 dixit
882 2355 1097 2399 sanctus
1133 2345 1388 2406 Joannes.
1435 2347 1494 2402 Si
1532 2364 1620 2401 cor
1649 2356 1872 2402 nostrum
1903 2365 1995 2403 nos
2025 2365 2126 2403 non

538 2435 894 2506 reprehendat,
927 2438 1166 2506 ﬁduciam
1203 2439 1442 2494 habemus
1469 2439 1537 2493 ad
1575 2439 1760 2504 Deum,
1792 2449 1840 2496 et
1867 2457 2125 2512 qutecum-

539 2545 637 2592 que
676 2529 983 2596 petierimus,
1027 2531 1332 2600 accipiemus
1377 2533 1440 2585 ab
1475 2549 1552 2586 eo.
1593 2531 1706 2588 Hoc
1750 2534 1892 2588 enim
1919 2535 2128 2588 videtur

540 2618 647 2670 isto
691 2617 808 2672 loco
855 2617 1217 2687 admonuisse,
1259 2637 1328 2676 ne
1365 2636 1460 2675 eor
1497 2631 1736 2676 nostrum
1785 2639 1886 2678 nos
1921 2625 1971 2678 in
2013 2625 2124 2694 ipsa

540 2707 786 2762 oratione
820 2719 876 2764 et
905 2711 1158 2779 petitione
1188 2712 1545 2781 reprehendat
1577 2731 1590 2768 :
1623 2713 1728 2771 hoc
1757 2727 1859 2780 est,
1892 2732 1960 2771 ne
1989 2717 2128 2773 forte

539 2813 661 2852 cum
689 2799 1012 2870 coeperimus
1036 2800 1237 2870 dicere,
1267 2801 1478 2858 Dimitte
1509 2806 1670 2870 nobis,
1703 2807 1832 2861 sicut
1861 2817 1908 2861 et
1933 2825 2023 2862 nos
2049 2810 2128 2862 tti-

538 2888 817 2953 mittimus;
861 2905 1284 2962 compuugamnr
1321 2911 1426 2950 non
1473 2895 1648 2953 facere
1689 2899 1830 2969 quod
1879 2899 2124 2966 dicimus,

541 2987 636 3036 aut
660 2979 820 3035 etiam
847 2997 949 3036 non
974 2983 1265 3042 audeamus
1289 2985 1470 3043 dicere
1495 2988 1636 3060 quod
1665 3005 1770 3044 non
1799 2990 2042 3060 facimus,
2074 3001 2126 3048 et

540 3068 784 3126 ﬁduciam
815 3072 1025 3139 petendi
1052 3075 1378 3134 amittamus.

608 3162 836 3221 CAPUT
861 3165 996 3222 XVI.
1020 3199 1092 3209 —
1110 3171 1198 3227 57.
1223 3171 1350 3228 Item
1375 3175 1476 3230 sibi
1496 3175 1745 3248 opposuit
1766 3177 2126 3233 testimonium

539 3251 962 3324 Scripturarum,
989 3260 1132 3331 quod
1153 3263 1232 3318 eis
1259 3263 1363 3320 dici
1389 3266 1558 3335 solet,
1591 3267 1724 3336 Quia
1752 3285 1853 3324 non
1881 3279 1953 3325 est
1977 3269 2126 3324 homo

533 3349 704 3417 justus
729 3349 780 3402 in
809 3359 944 3410 terra
965 3353 1052 3422 qui
1089 3355 1242 3426 faciat
1271 3355 1454 3412 bonum
1474 3399 1489 3425 ,
1515 3370 1563 3414 et
1588 3376 1690 3414 non
1719 3371 1884 3432 peccet
1923 3361 2122 3433 (Eccle.

539 3453 634 3506 vn,
680 3441 796 3510 21).
847 3442 915 3500 Ει
952 3447 1102 3515 quasi
1143 3450 1419 3518 reSpondit
1452 3451 1570 3506 aliis
1613 3453 1960 3518 testimoniis,
2005 3455 2124 3524 quia

543 3550 564 3586 ι
602 3533 854 3590 Dominus
895 3535 964 3592 de
1001 3548 1186 3595 sancto
1212 3539 1316 3596 Job
1341 3542 1414 3598 ait
1444 3560 1457 3602 :
1493 3541 1757 3616 Numquid
1797 3547 2126 3601 considerasti

533 3639 732 3678 nervum
775 3641 944 3680 meum
983 3626 1130 3684 Job?
1185 3629 1308 3685 Non
1361 3633 1490 3687 enim
1544 3641 1618 3688 est
1661 3633 1710 3688 ei
1752 3635 1933 3689 similis
1979 3637 2122 3704 quis-

533 3730 682 3777 quam
728 3716 780 3769 in
825 3718 1008 3786 terris,
1053 3719 1204 3774 homo
1247 3721 1354 3776 sine
1395 3723 1633 3794 querela,
1685 3739 1831 3779 verus
1871 3723 1968 3778 Dri
2009 3726 2123 3779 cut-

537 3819 645 3873 tor,
674 3808 926 3866 abstinens
953 3829 1008 3866 se
1033 3812 1096 3866 ab
1121 3815 1260 3868 omni
1287 3815 1422 3870 malo
1457 3835 1475 3868 ι
1511 3815 1632 3888 (Job
1655 3832 1692 3882 ι,
1725 3816 1803 3888 8).
1835 3816 1988 3873 Unde
2011 3817 2120 3886 jam

534 3900 779 3970 superius
821 3901 1188 3958 disseruimus.
1219 3904 1326 3959 Nec
1357 3915 1534 3962 tamen
1563 3907 1678 3977 ipse
1705 3907 1940 3962 ostendit
1971 3907 2124 3963 nobis

533 3991 798 4060 quomodo
827 4001 878 4048 et
906 3993 1041 4061 Job,
1071 3995 1116 4050 si
1153 3995 1269 4051 haec
1299 3996 1458 4052 verba
1491 3997 1559 4052 ita
1589 3997 1933 4068 intelligenda
1963 4010 2118 4065 sunt,

533 4083 649 4135 sine
679 4083 787 4140 ullo
826 4095 1044 4154 peccato
1083 4085 1242 4142 fuerit
1287 4088 1338 4141 in
1371 4097 1544 4154 terra,
1583 4097 1638 4144 et
1665 4103 1848 4146 verum
1879 4091 1950 4145 sit
1980 4091 2122 4161 quod

532 4179 787 4242 scriptum
815 4193 932 4234 esse
957 4177 1108 4244 dixit,
1141 4177 1262 4232 Non
1301 4188 1373 4233 est
1411 4179 1560 4234 homo
1589 4179 1761 4252 justus
1798 4182 1850 4236 in
1876 4191 2010 4236 terra
2037 4185 2122 4252 qui

532 4267 686 4328 taciat
717 4268 921 4334 bonum,
947 4280 994 4323 et
1023 4286 1124 4324 non
1154 4278 1338 4338 peccet.

601 4359 828 4416 CAPUT
855 4361 1020 4417 XVII.
1043 4393 1117 4403 —
1138 4363 1227 4418 58.
1259 4363 1420 4420 «Item
1446 4365 1649 4431 dicunt,
1679 4385 1700 4420 s
1735 4365 1921 4438 inquit,
1955 4365 2120 4435 «Quia

530 4467 632 4504 rion
644 4452 1011 4522 justiﬁcabitur
1031 4453 1085 4507 in
1113 4467 1384 4518 conspectu
1407 4465 1493 4510 tuo
1518 4457 1680 4512 onmis
1705 4458 1870 4513 vivens
1892 4477 1912 4512 ι
1944 4459 2116 4530 (Psat.

529 4557 706 4606 cun,
761 4541 842 4610 2).
901 4544 964 4598 Ει
1011 4543 1136 4602 huic
1183 4548 1486 4602 testimonio
1528 4550 1676 4618 quasi
1733 4552 2006 4620 respondit
2048 4551 2114 4606 ad

529 4632 658 4686 nihil
687 4633 860 4702 aliud,
895 4635 994 4690 nisi
1024 4645 1080 4690 ut
1107 4635 1396 4706 Scriptum
1423 4647 1624 4694 sanctae
1653 4641 1794 4696 inter
1819 4657 1879 4696 se
1909 4643 2116 4713 Iigitare

525 4726 807 4780 videantur
837 4744 850 4784 :
882 4743 1104 4797 quarum
1135 4729 1470 4784 concordiam
1515 4747 1614 4786 nos
1650 4731 1908 4788 debemus
1931 4743 2115 4788 osten-

527 4825 676 4872 dere.
729 4819 817 4873 Ait
840 4821 982 4874 enim
1017 4837 1032 4874 :
1065 4839 1086 4872 ‹
1123 4821 1326 4888 Quibus
1365 4823 1794 4892 respondendum
1823 4835 1940 4891 est,
1970 4827 2115 4897 quod

527 4915 594 4958 de
633 4919 818 4962 saneto
863 4910 1118 4967 Zacharia
1167 4921 1222 4966 et
1266 4913 1538 4969 Elisabeth
1584 4918 1904 4988 evangelista
1949 4928 2110 4974 testa-

529 5007 615 5052 lul‘
637 5041 649 5062 ,
691 4999 872 5054 dicens
898 5019 912 5058 :
943 5003 1101 5058 Erant
1139 5015 1304 5058 autem
1331 5005 1612 5063 Zacharias
1637 5019 1684 5062 et
1705 5009 1960 5065 Etisabeth
1985 5029 2117 5066 uxor

525 5108 633 5152 qus
665 5092 786 5156 iusti
815 5095 960 5147 ambo
997 5097 1051 5150 in
1079 5109 1346 5168 conspectu
1381 5099 1618 5166 Domini,
1653 5112 1700 5156 et
1740 5103 2020 5158 incedentes
2063 5109 2115 5159 in

525 5185 757 5236 omnibus
791 5185 1042 5240 mandatis
1072 5195 1116 5240 et
1135 5189 1588 5258 justiﬁcationibus
1610 5191 1818 5248 Domini
1853 5198 1962 5249 sine
1995 5213 2116 5266 que-

525 5274 631 5328 rela
681 5295 699 5327 ι
736 5275 884 5348 (Luc.
925 5293 974 5344 ι,
1016 5277 1092 5352 6).
1133 5281 1232 5348 Qui
1272 5283 1400 5352 justi
1445 5285 1605 5339 ambo
1647 5287 1830 5358 utique
1879 5287 2116 5356 legerant

591 5391 604 5419 ¹
633 5390 764 5450 tkfiti,
793 5389 915 5440 illud
938 5389 986 5441 in
1005 5389 1105 5456 ﬁdo
1134 5405 1151 5443 :
1176 5393 1304 5444 male
1327 5409 1384 5445 ac
1421 5397 1823 5448 dissentientibus
1847 5401 2112 5449 manuscri-

547 5465 633 5498 ιυό.

547 5461 633 5499 tus.

525 5465 535 5510 Ι
589 5519 605 5540 τ
625 5515 738 5563 ἰίιέἱιὶ
764 5523 815 5626 vi.
838 5519 1146 5580 ntanuscripti
1171 5526 1349 5582 praeter
1372 5535 1521 5572 unum
1537 5537 1566 5571 e
1593 5522 1826 5571 Vaticanis
1847 5522 2112 5582 habebant,

525 5589 794 5624 tun-ttmntl.‘
817 5593 862 5625 α.

523 5593 534 5619 t
551 5589 862 5625 ιλιι-ιρηιηιτέια.

590 5649 604 5662 ιι
633 5653 700 5686 διε
717 5639 883 5700 plures
905 5646 1012 5688 Mss.
1039 5648 1095 5690 At
1119 5649 1238 5702 .tm.,
1265 5641 1482 5693 discedat
1497 5649 1544 5694 et
1567 5652 1835 5696 renovetur.
1853 5651 1984 5706 um,
2013 5645 2113 5697 dis-

527 5709 652 5747 (ιἰειι
675 5739 687 5750 .
712 5708 757 5750 ('1
777 5711 1042 5751 ιἐηοιεειιιν.

497 5789 504 5796 .
584 5771 604 5829 ς
629 5763 850 5824 uterique
869 5771 995 5829 Mss,
1015 5764 1064 5829 in
1088 5777 1248 5828 opere.
1274 5767 1470 5824 Quidam
1494 5769 1670 5829 codex,
1687 5767 1890 5829 ineptis.

584 5823 604 5849 ⁵
633 5830 760 5892 litus
774 5823 834 5873 ex
863 5823 1246 5897 tatiCanis_'atss.,
1269 5823 1460 5897 munitet
1486 5843 1568 5878 cor
1585 5823 1742 5892 suum,
1763 5823 1878 5882 dum
1899 5845 1984 5897 per
2003 5846 2111 5896 ope-

521 5891 580 5934 m
595 5883 944 5940 ιιιῶωἱτοηίὶω
965 5895 1175 5939 uteretur
1199 5883 1246 5940 ut
1271 5891 1398 5953 quod
1419 5897 1578 5956 restat,
1601 5901 1695 5944 etc.

1769 399 1822 454 S.
1867 398 2229 454 AUGUSTINI
2272 396 2572 456 EPISCOPI

3711 395 3814 452 3I2

2226 509 2362 564 inter
2392 510 2498 580 ipsa
2533 507 2795 572 mandata,
2831 505 3276 576 quemadmodum
3299 525 3392 562 sua
3421 518 3636 579 peccata
3659 525 3816 565 mutt-

2221 601 2426 656 darent.
2485 601 2614 654 Nam
2657 599 2956 660 Z'thtztl'Itts,
2989 599 3132 670 quod
3157 599 3227 654 de
3256 602 3400 654 omni
3441 602 3720 658 sacerdote
3747 621 3808 658 ex
3855 589 3878 610 κ

2221 691 2526 746 hominibus
2571 700 2792 761 accepto
2834 692 2884 745 in
2931 691 3164 762 Epistula
3200 692 3266 746 ad
3297 693 3551 748 Ilebrmos
3593 693 3809 760 dicitur,

2219 783 2380 838 etiam
2411 799 2505 854 pro
2526 783 2635 836 suis
2659 783 2889 852 peceatis
2912 783 3091 852 utique
3111 783 3314 838 hostias
3338 785 3598 840 oli‘erebat
3627 782 3811 858 (Hebr.

2220 889 2274 934 γ.
2305 875 2384 945 3).
2411 873 2689 942 Quomodo
2716 883 2892 929 autem
2919 873 3318 946 intelligendum
3341 877 3408 930 sit
3435 876 3578 947 quod
3597 877 3812 944 dicitur,

2220 967 2328 1020 sine
2345 965 2564 1036 querela,
2589 967 2698 1036 jam
2727 981 2884 1036 supra
2915 965 3063 1029 satis,
3095 975 3349 1036 quantum
3381 967 3591 1037 opinor,
3625 979 3815 1024 osten-

2223 1057 2400 1112 dimus
2445 1055 2609 1128 (Cap.
2653 1057 2748 1122 II,
2793 1073 2846 1110 n.
2889 1055 3100 1128 25-98).
3153 1075 3172 1108 ι
3211 1057 3279 1112 Ει
3309 1057 3530 1126 beatus,
3567 1078 3586 1112 ι
3622 1059 3811 1130 inquit,

2229 1165 2248 1200 ι
2289 1149 2571 1218 Apostolus
2599 1149 2692 1215 ait,
2729 1147 2795 1203 Ut
2823 1149 2978 1204 simus
3017 1149 3178 1204 sancti
3219 1159 3265 1203 et
3289 1151 3600 1206 immaculati
3617 1152 3672 1206 in
3691 1169 3814 1207 con-

2222 1250 2395 1310 specta
2435 1241 2542 1310 ejus
2571 1259 2590 1292 ι
2617 1239 2833 1312 (Ephes.
2859 1256 2896 1306 ι,
2921 1239 2998 1312 4).
3033 1241 3142 1298 Iloc
3167 1243 3360 1312 agitur.
3394 1251 3453 1296 ut
3481 1243 3583 1298 hoc
3609 1243 3812 1308 simus;

2223 1333 2266 1388 si
2298 1334 2621 1388 immaculati
2653 1334 2978 1406 intelligendi
3007 1344 3151 1402 sunt,
3179 1336 3270 1406 qui
3301 1337 3522 1392 omnino
3548 1338 3666 1393 sine
3695 1353 3818 1408 pec-

2223 1433 2344 1480 cato
2373 1435 2514 1480 sunt.
2567 1423 2622 1480 Si
2659 1435 2836 1480 autem
2880 1427 3204 1482 immaculati
3237 1437 3400 1494 sunt,
3433 1429 3524 1499 qui
3552 1438 3680 1484 sunt
3703 1430 3818 1486 sine

2223 1518 2482 1582 crimine;
2527 1517 2688 1572 etiam
2719 1517 2770 1572 in
2799 1519 2896 1574 hac
2923 1519 3028 1574 vita
3061 1518 3224 1575 fuisse
3261 1529 3422 1590 atque
3456 1535 3580 1577 esse
3623 1537 3818 1594 negare

2225 1625 2332 1666 non
2375 1625 2664 1681 possumus
2693 1628 2706 1666 :
2737 1611 2862 1682 quia
2905 1626 3011 1666 non
3039 1611 3160 1667 ideo
3185 1613 3302 1668 sine
3345 1614 3454 1670 ullo
3491 1623 3711 1684 peccato
3739 1625 3818 1670 est

2223 1701 2438 1772 aliquis,
2465 1701 2716 1772 quoniam
2747 1719 2852 1757 non
2882 1702 3043 1758 habet
3074 1704 3338 1758 maculam
3368 1705 3634 1762 criminis.
3667 1705 3820 1762 Unde

2225 1799 2282 1848 et
2307 1792 2591 1862 Apostolus
2619 1807 2740 1848 cum
2771 1793 3042 1848 ministros
3065 1796 3286 1865 eligeret
3313 1795 3646 1852 ordinandas
3667 1837 3684 1864 ,
3713 1813 3818 1852 non

2226 1885 2320 1952 ait,
2347 1887 2402 1940 Si
2427 1885 2546 1956 quis
2573 1885 2688 1940 sine
2717 1895 2965 1956 peccato;
2996 1886 3138 1956 quod
3165 1887 3404 1944 invenire
3426 1889 3442 1920 ί
3469 1903 3576 1944 non
3601 1899 3816 1960 posset:

2227 1975 2320 2032 sed
2347 1977 2440 2042 ait,
2471 1977 2532 2032 Si
2560 1977 2671 2047 quis
2699 1977 2810 2032 sine
2849 1979 3059 2031 crimine
3097 1977 3224 2048 (Tit.
3257 1995 3294 2046 ι,
3327 1979 3380 2050 6)
3413 1997 3428 2044 ;
3463 1981 3606 2051 quod
3637 1981 3820 2052 utique

2226 2079 2428 2140 posset.
2476 2069 2586 2124 Nec
2618 2077 2794 2125 tamen
2834 2069 2936 2126 iste
2965 2070 3219 2136 ostendit,
3249 2072 3702 2142 quemadmodum
3731 2090 3810 2128 se-

2230 2161 2460 2217 cundum
2491 2177 2641 2218 suam
2679 2177 2891 2218 causam
2920 2161 3210 2218 debeamus
3248 2165 3490 2236 accipere
3511 2166 3654 2238 quod
3684 2168 3820 2222 scri-

2229 2262 2376 2322 ptum
2407 2262 2489 2308 est
2519 2271 2532 2306 :
2569 2253 2821 2321 Quoniam
2846 2270 2948 2308 non
2970 2254 3334 2325 justiﬁcabitur
3357 2256 3412 2310 in
3435 2267 3706 2328 conspectu
3735 2268 3820 2314 tuo

2229 2344 2388 2398 omnis
2413 2345 2596 2398 vivens.
2629 2344 2826 2414 Aperta
2847 2345 3044 2416 quippe
3062 2347 3324 2402 sententia
3347 2357 3429 2402 est
3455 2347 3523 2404 de
3543 2351 3818 2420 superiore

2231 2451 2384 2490 wrsn
2429 2437 2688 2492 illustrius
2723 2436 2988 2494 declarata
3011 2481 3026 2506 ,
3062 2438 3183 2492 Non
3223 2440 3399 2508 intres,
3441 2441 3634 2512 inquit,
3659 2445 3712 2496 in
3727 2445 3820 2515 jn-

2229 2527 2418 2580 dicium
2459 2543 2574 2580 cum
2616 2543 2757 2581 servo
2796 2541 2902 2594 tuo,
2942 2531 3182 2599 quoniam
3219 2547 3321 2584 non
3353 2532 3725 2601 justiﬁcabitur
3768 2535 3820 2588 in

2230 2628 2500 2688 conspectu
2527 2629 2614 2672 tuo
2641 2619 2806 2674 omnis
2827 2621 3013 2674 vivens.
3068 2620 3332 2676 Iudicium
3366 2624 3533 2688 timet,
3561 2625 3686 2694 quia
3719 2625 3820 2680 mi-

2231 2711 2571 2766 sericordiam
2599 2711 2886 2776 desiderat.
2915 2728 3035 2784 qua:
3061 2715 3418 2782 superexaltat
3442 2716 3666 2784 judicio.
3713 2718 3822 2774 Iloc

2231 2811 2312 2858 est
2340 2803 2480 2857 enim
2505 2845 2520 2871 ,
2551 2801 2636 2858 Ne
2669 2805 2826 2858 intres
2854 2805 2908 2858 in
2936 2805 3192 2874 judicium
3234 2823 3346 2859 cum
3377 2823 3517 2860 servo
3555 2817 3666 2875 tuo,
3715 2810 3820 2866 noli

2230 2909 2316 2948 me
2337 2895 2574 2964 judicare
2599 2895 2888 2951 secundum
2919 2906 2998 2961 le,
3047 2898 3133 2968 qui
3161 2914 3220 2954 es
3247 2899 3365 2954 sine
3405 2911 3626 2970 peccato
3659 2919 3674 2956 :
3703 2905 3822 2975 quia

2231 3003 2332 3040 non
2352 2986 2720 3056 justiﬁcabitur
2739 2987 2792 3041 in
2819 2999 3088 3059 conspectu
3125 2999 3210 3043 tuo
3237 2992 3400 3044 onmis
3427 2993 3592 3046 vivens
3617 3011 3635 3056 ;
3679 2979 3820 3065 quod

2229 3077 2298 3132 de
2323 3075 2420 3132 hac
2440 3079 2542 3132 vita
2570 3077 2768 3134 dictum
2791 3081 2906 3134 sine
2927 3077 3128 3134 difticili
3155 3083 3448 3151 qumstione
3475 3083 3818 3156 intelligitur;

2230 3181 2283 3225 et
2310 3168 2446 3240 quod
2475 3171 2580 3234 ait,
2613 3187 2716 3224 non
2730 3172 3097 3242 justiﬁcabitur
3116 3215 3130 3240 ,
3173 3174 3239 3228 ad
3271 3175 3412 3230 illam
3441 3176 3820 3246 perfectionem

2223 3259 2443 3332 justititn
2471 3261 2668 3326 retulit,
2693 3277 2814 3332 qua:
2833 3263 2884 3318 in
2917 3263 3015 3318 hac
3045 3266 3148 3318 vita
3185 3281 3287 3319 non
3317 3277 3419 3322 est.
3481 3251 3494 3264 ’
3741 3339 3746 3342 _
3823 3295 3834 3304 ι

2299 3353 2523 3410 CAPUT
2548 3354 2732 3410 XVIII.
2761 3386 2836 3397 —
2871 3357 2958 3412 59.
2993 3377 3012 3409 ι
3051 3358 3180 3414 Item
3209 3360 3446 3428 dicunt,»
3477 3363 3672 3434 inquit,
3707 3383 3728 3418 ‹
3761 3365 3820 3421 Si

2229 3445 2504 3500 dixerimus
2527 3447 2644 3516 quia
2671 3457 2928 3518 peccatum
2969 3467 3070 3504 non
3097 3451 3368 3520 habemus,
3400 3455 3500 3525 ipsi
3539 3471 3632 3510 nos
3666 3458 3820 3512 sedu-

2227 3537 2406 3602 cimus,
2431 3547 2476 3591 et
2495 3539 2676 3593 veritas
2695 3541 2750 3594 in
2775 3541 2916 3594 nobis
2941 3559 3039 3595 non
3065 3552 3137 3596 est
3173 3543 3246 3617 s(l
3263 3542 3420 3598 Joan.
3444 3562 3480 3614 t,
3507 3545 3586 3618 8).
3613 3548 3681 3603 Et
3701 3549 3819 3604 huic

2227 3629 2626 3686 evidentissimo
2656 3631 2962 3688 testimonio
3001 3638 3150 3704 quasi
3190 3639 3470 3694 contrariis
3499 3641 3816 3698 testimoniis

2227 3720 2552 3788 reSpondere
2599 3733 2822 3778 conatus
2845 3733 2922 3778 est
2945 3767 2960 3788 ,
3013 3725 3152 3794 quod
3189 3745 3209 3777 ι
3249 3727 3386 3782 idem
3415 3739 3635 3787 sanctus
3659 3733 3818 3790 Joan-

2227 3825 2324 3864 nes
2349 3809 2402 3864 in
2429 3809 2612 3866 eadem
2641 3811 2876 3884 Epistola
2905 3813 3076 3884 dicat,
3110 3816 3220 3871 Hoc
3240 3827 3408 3873 autem
3435 3819 3580 3888 dico,
3609 3826 3812 3893 fratres,

2226 3911 2282 3955 ut
2311 3919 2414 3956 non
2448 3904 2678 3972 peccetis.
2711 3903 2889 3960 Omnis
2915 3907 3001 3977 qui
3028 3918 3176 3963 natus
3201 3919 3275 3963 est
3304 3927 3366 3964 ea:
3403 3909 3530 3978 Deo,
3561 3925 3818 3980 peccatum

2227 4007 2326 4046 non
2359 3993 2502 4063 facit,
2533 3993 2654 4063 quia
2690 4011 2858 4051 semen
2889 3997 3048 4068 ipsius
3075 3999 3126 4053 in
3153 4017 3210 4053 eo
3233 4012 3418 4070 manet,
3455 4011 3502 4058 et
3530 4021 3630 4058 non
3658 4015 3818 4077 potest

2227 4101 2433 4154 peccare
2492 4083 2602 4156 (Id.
2669 4102 2768 4154 ιιι,
2827 4086 2907 4158 9).
2962 4089 3090 4144 Item
3137 4090 3288 4145 illic:
3325 4093 3426 4161 Qui
3459 4105 3609 4150 natus
3647 4107 3721 4152 est
3758 4113 3820 4154 ea:

2226 4173 2354 4238 Deo,
2387 4191 2488 4229 non
2517 4187 2718 4246 peccat,
2757 4180 2873 4248 quia
2899 4181 3154 4250 generatio
3181 4181 3280 4236 Dei
3303 4197 3564 4240 conservat
3599 4203 3744 4254 eum,
3773 4200 3817 4240 et

2224 4267 2474 4338 malignus
2500 4285 2600 4322 non
2639 4271 2798 4340 tangit
2823 4287 2937 4324 eum
2963 4271 3074 4341 (Id.
3107 4290 3160 4341 ν,
3189 4274 3300 4344 18).
3340 4276 3470 4331 Item
3501 4277 3638 4344 illic,
3666 4298 3685 4332 ι
3733 4281 3814 4354 ιιιτ

2223 4355 2364 4430 quit.
2401 4379 2420 4413 t
2446 4361 2532 4415 ubi
2559 4361 2627 4416 de
2655 4361 2926 4418 Salvatore
2955 4365 3066 4421 ait:
3095 4365 3347 4434 Quoniam
3365 4367 3454 4423 itte
3471 4372 3733 4444 apparuit,
3763 4383 3818 4424 ut

2223 4461 2428 4522 peccata
2445 4453 2658 4507 tolleret.
2677 4451 2854 4509 Omnis
2868 4456 2954 4526 qui
2970 4455 3020 4512 in
3038 4473 3096 4512 eo
3113 4468 3296 4524 manet,
3310 4476 3410 4514 non
3427 4471 3618 4532 peccat.
3639 4461 3817 4516 Omnis

2221 4543 2308 4613 qui
2331 4553 2524 4613 peccat,
2555 4561 2658 4598 non
2675 4546 2796 4600 vidit
2815 4563 2951 4614 eum,
2981 4566 3071 4604 nec
3101 4552 3332 4621 cognovit
3356 4567 3488 4605 eum.
3517 4553 3644 4609 Item
3673 4555 3812 4612 illic:

2223 4633 2544 4701 Charissimi,
2579 4653 2714 4690 nunc
2738 4637 2834 4706 ﬁlii
2867 4635 2960 4692 Dei
3001 4656 3176 4695 sumus
3195 4682 3209 4706 ,
3251 4651 3297 4695 et
3327 4643 3552 4698 nondum
3579 4648 3814 4716 apparuit

2220 4727 2341 4799 quid
2371 4728 2576 4783 erimus.
2607 4727 2812 4786 Scimus
2840 4731 3080 4800 quoniam
3117 4749 3234 4787 cum
3263 4737 3590 4806 apparuerit,
3629 4737 3814 4792 similes

2221 4819 2268 4871 ei
2291 4818 2475 4873 erimus
2494 4859 2510 4886 ,
2539 4820 2777 4890 quoniam
2811 4820 3086 4876 videbimus
3119 4840 3232 4876 eum
3257 4823 3409 4878 sicuti
3439 4835 3511 4880 est
3533 4842 3552 4880 :
3581 4839 3630 4882 et
3653 4827 3814 4882 omnis

2219 4911 2304 4976 qui
2328 4909 2472 4964 habet
2500 4925 2640 4980 spem
2671 4909 2802 4964 hanc
2819 4913 2874 4965 in
2901 4927 3038 4978 eum,
3069 4915 3352 4983 sanctiﬁcat
3375 4932 3448 4984 se,
3479 4917 3610 4972 sicut
3633 4927 3680 4972 et
3708 4919 3816 4987 ipse

2221 5011 2422 5055 sanctus
2449 5012 2522 5056 est
2562 5001 2673 5073 (Id.
2699 5019 2789 5070 ιιι,
2822 5004 2878 5070 5,
2911 5005 2964 5069 6,
2995 5005 3051 5072 2,
3083 5007 3158 5076 5).
3188 5026 3206 5059 ι
3239 5007 3307 5062 Et
3335 5017 3514 5065 tamen
3548 5025 3668 5066 cum
3699 5010 3814 5066 htnc

2220 5094 2399 5148 omnia
2438 5095 2737 5150 testimonia
2783 5111 2906 5150 vera
2939 5097 3080 5166 sint,
3109 5113 3296 5153 verum
3327 5110 3410 5156 est
3435 5111 3492 5157 et
3515 5101 3648 5158 illud
3673 5101 3812 5174 quod

2221 5185 2515 5254 proposuit,
2540 5195 2594 5240 et
2623 5201 2727 5240 non
2752 5187 2929 5255 solvit,
2958 5187 3108 5254 Quod
3133 5190 3178 5244 si
3197 5189 3478 5246 dixerimus
3495 5193 3614 5263 quia
3631 5208 3812 5263 pecca-

2221 5285 2326 5327 tum
2345 5291 2444 5328 non
2467 5275 2726 5340 habemus,
2755 5293 2846 5332 nos
2869 5277 3008 5348 ipsos
3029 5279 3338 5346 reducimus,
3371 5291 3416 5336 et
3443 5283 3626 5338 veritas
3647 5285 3700 5338 in
3721 5299 3812 5338 no-

2220 5367 2294 5419 bis
2321 5383 2420 5420 non
2439 5377 2531 5420 est.
2560 5369 2635 5422 Ac
2659 5383 2752 5438 per
2775 5369 2894 5436 hoc,
2918 5371 3212 5426 secundum
3239 5372 3290 5428 id
3315 5373 3458 5444 quod
3482 5389 3548 5430 ex
3571 5375 3678 5431 Deo
3703 5377 3808 5430 nati

2219 5472 2433 5522 sumus,
2467 5458 2517 5511 in
2549 5473 2614 5513 eo
2641 5459 2728 5530 qui
2761 5463 3006 5532 apparuit
3030 5471 3088 5517 ut
3113 5475 3326 5534 peccata
3356 5465 3599 5532 tolleret,
3627 5465 3676 5522 id
3703 5477 3812 5532 est,

2219 5549 2275 5604 in
2303 5549 2514 5604 Christo
2543 5566 2850 5618 manemus,
2894 5561 2948 5607 et
2973 5569 3078 5608 non
3109 5571 3389 5625 peccamus
3413 5573 3430 5622 ;
3459 5557 3683 5612 hoc’cst
3707 5571 3808 5611 au-

2221 5651 2358 5708 tem,
2387 5642 2528 5712 quod
2561 5642 2720 5697 homo
2748 5645 2768 5676 ³
2795 5645 3015 5700 interior
3056 5658 3342 5702 renovatur
3381 5648 3448 5704 de
3471 5649 3558 5703 die
3585 5649 3636 5704 in
3665 5659 3808 5702 diem

2285 5774 2302 5805 ⁸
2331 5780 2458 5822 Unus
2481 5787 2508 5822 e
2537 5774 2771 5825 \‘aticanis
2790 5781 2918 5832 Mss.
2941 5777 3164 5831 inveniri.

2221 5895 2252 5944 ἡ
2283 5837 2414 5883 Ἀιη.
2451 5843 2522 5884 tr.
2548 5845 2598 5885 et
2625 5841 2892 5900 Mss.,quod
2927 5840 3124 5894 interior
3151 5849 3424 5904 renovatur,
3457 5857 3630 5896 caussa
3663 5855 3800 5902 vocet

2255 5909 2374 5946 ante.

2255 5909 2374 5948 omo.
