4202 6526
302 453 408 508 515

308 572 372 635 (ιι
403 571 521 627 Cor.
562 586 636 634 tv,
678 568 808 637 l6):
853 565 1146 623 secundum
1183 577 1360 618 autem
1400 561 1539 632 quo]
1582 560 1648 614 de
1691 556 1908 612 homine

311 672 405 723 t.lo
434 666 542 721 nati
575 678 789 728 sumus,
814 678 910 733 per
932 676 1088 732 quem
1120 658 1394 730 peccatum
1428 655 1642 711 intravit
1670 654 1723 710 in
1756 670 1911 708 mun-

310 761 460 825 dum,
492 765 550 814 et
576 772 673 828 per
699 748 973 827 peccatu'tn
998 769 1169 820 mors,
1198 763 1251 807 et
1277 753 1344 805 ita
1368 751 1418 804 in
1450 763 1637 804 omnes
1659 748 1911 803 homines

314 850 621 921 pertransiit
661 848 839 920 (Rom.
874 844 1071 915 v.12),
1112 844 1229 900 sine
1267 852 1483 914 peccato
1530 855 1635 895 non
1683 854 1907 903 sumus;

312 947 438 1017 quia
472 946 589 999 sine
614 943 756 999 illius
785 941 1091 998 inﬁrmitate
1117 940 1350 995 nondum
1376 952 1581 1002 sumus,
1611 935 1785 990 donec
1821 933 1910 989 illa

315 1036 690 1102 renovatione,
716 1050 837 1107 qua:
857 1036 916 1089 lit
941 1032 1009 1089 de
1038 1033 1123 1087 die
1151 1032 1204 1087 in
1225 1030 1399 1095 diem,
1429 1027 1683 1100 quoniam
1712 1041 1909 1081 secun-

314 1128 441 1182 dum
465 1129 632 1198 ipsam
653 1143 717 1182 ex
742 1127 853 1183 Deo
877 1126 984 1180 nati
1007 1140 1211 1187 sumus,
1236 1120 1514 1177 inﬁrmitas
1537 1127 1643 1175 tota
1669 1126 1909 1185 sanetur,

319 1221 371 1275 in
398 1237 499 1291 qua
538 1237 602 1275 ex
632 1221 805 1293 primo
837 1219 1052 1275 homine
1080 1218 1187 1272 nati
1219 1231 1437 1277 sumus,
1486 1224 1537 1269 et
1565 1214 1617 1268 itt
1655 1227 1759 1283 qua
1797 1211 1914 1266 sine

322 1322 537 1383 peccato
559 1329 661 1366 ιιοιι
685 1326 901 1367 sumus:
923 1311 1074 1382 cujus
1097 1308 1333 1378 reliquiis
1352 1307 1405 1361 in
1424 1304 1638 1360 homine
1660 1302 1914 1359 interiore

322 1405 689 1470 manentibus,
730 1405 972 1476 quamvis
1013 1402 1080 1460 de
1122 1402 1210 1458 die
1245 1402 1296 1456 in
1327 1399 1467 1455 diem
1506 1399 1815 1453 minuantur
1858 1397 1913 1451 iu

320 1496 758 1567 proﬁcientibus,
797 1497 841 1551 si
865 1495 1144 1551 dixerimus
1170 1493 1288 1565 quia
1318 1500 1579 1563 peccatum
1623 1505 1724 1543 non
1758 1486 1913 1541 habe-

319 1606 463 1657 mus,
490 1606 582 1643 nos
609 1589 746 1661 ipsos
778 1587 1062 1644 seducimus
1081 1629 1096 1652 ,
1139 1597 1184 1641 et
1212 1587 1391 1640 veritas
1434 1583 1487 1638 in
1519 1581 1662 1638 nobis
1692 1590 1910 1636 nonest.

319 1681 603 1749 Quomodo
621 1682 765 1737 enim
789 1698 975 1738 verum
1000 1689 1102 1746 est,
1131 1678 1307 1735 Omnis
1325 1677 1411 1750 qui
1439 1686 1631 1749 peccat,
1664 1692 1766 1731 non
1790 1674 1915 1730 vidit

320 1791 460 1841 eum,
496 1791 587 1828 nec
624 1773 856 1847 cognovit
895 1791 1006 1828 eum
1030 1789 1050 1829 :
1078 1789 1200 1829 cum
1242 1770 1535 1828 secundum
1578 1769 1838 1825 visionem
1864 1778 1921 1825 et

320 1868 679 1939 cognitionem
699 1884 819 1940 qua:
843 1869 946 1924 erit
973 1868 1027 1923 in
1049 1866 1249 1940 specie,
1273 1882 1431 1922 nemo
1455 1880 1577 1921 eum
1607 1864 1659 1919 in
1692 1863 1793 1920 hac
1811 1864 1918 1920 vita

324 1961 507 2017 videat
541 1970 701 2033 atque
737 1970 1065 2034 cognoscat;
1108 1958 1403 2016 secundum
1433 1968 1613 2014 autem
1654 1956 1918 2012 visionem

322 2061 484 2123 atque
519 2052 877 2124 cognitionem
918 2068 1039 2125 qua:
1083 2061 1166 2108 est
1203 2052 1258 2107 in
1297 2050 1436 2118 ﬁde,
1484 2049 1638 2105 multi
1682 2048 1792 2104 sint
1828 2046 1920 2119 qui

325 2155 571 2217 peccent,
599 2154 745 2202 certe
786 2145 885 2216 ipsi
907 2152 1166 2217 apostata:
1188 2186 1204 2212 ,
1231 2143 1320 2214 qui
1346 2153 1522 2198 tamen
1558 2142 1611 2197 in
1651 2155 1776 2197 eum
1817 2139 1919 2195 ali—

324 2237 540 2310 quando
567 2237 945 2307 crediderunt,
983 2246 1042 2293 ut
1070 2236 1138 2293 de
1166 2236 1312 2293 nullo
1346 2250 1532 2292 eorum
1570 2234 1677 2290 dici
1726 2232 1917 2305 possit,

325 2332 619 2389 secundum
646 2333 905 2389 visionem
935 2343 987 2388 et
1010 2330 1367 2402 cognitionem
1397 2344 1518 2401 quae
1537 2326 1787 2384 adhuc-in
1816 2324 1924 2382 ﬁde

326 2435 410 2482 est
432 2468 447 2492 ,
478 2443 581 2481 non
609 2426 732 2481 vidit
760 2442 873 2480 eum
891 2468 908 2493 ,
935 2441 1095 2495 neque
1122 2423 1352 2496 cognovit
1380 2420 1539 2476 eum?
1580 2419 1688 2476 Sed
1721 2417 1923 2475 intelli-

325 2518 558 2590 gendum
580 2517 838 2583 arbitror,
867 2516 991 2588 quia
1022 2516 1299 2571 renovatio
1329 2502 1652 2586 perﬁcienda
1695 2510 1844 2568 videt
1868 2518 1924 2567 et

327 2610 603 2681 cognoscit
634 2627 648 2665 :
677 2608 958 2665 inﬁrmitas
979 2624 1109 2665 vero
1137 2605 1464 2663 absumenda
1491 2620 1601 2661 non
1631 2603 1795 2672 videt,
1823 2617 1924 2659 nec

325 2700 602 2773 cognoscit
624 2715 747 2756 eum
775 2716 792 2767 ;
823 2700 876 2756 in
911 2698 1063 2770 cujus
1088 2699 1531 2771 quantiscumque
1571 2697 1810 2769 reliquiis
1837 2696 1923 2752 in-

327 2793 497 2849 terius
535 2791 867 2860 constitutis,
926 2791 972 2846 si
1024 2790 1305 2845 dixerimus
1345 2792 1470 2863 quia
1519 2798 1780 2862 peccatum
1822 2805 1926 2844 non

327 2883 570 2939 habemus
591 2926 608 2952 ,
636 2900 728 2940 nos
752 2884 889 2955 ipsos
917 2881 1204 2938 seducimus
1221 2925 1238 2951 ,
1263 2892 1310 2938 et
1344 2882 1529 2938 veritas
1561 2882 1616 2936 in
1652 2882 1795 2936 nobis
1823 2897 1927 2935 non

327 2985 421 3030 est.
447 2974 581 3031 Cum
601 2990 729 3047 ergo
752 2991 847 3046 per
864 2975 1089 3046 gratiam
1109 2973 1471 3030 renovationis
1499 2973 1596 3043 filii
1615 2971 1714 3027 Dei
1735 2973 1924 3038 simus,

328 3080 510 3125 tamen
538 3077 755 3140 propter
782 3068 1034 3137 reliquias
1075 3065 1400 3122 inﬁrmitatis
1431 3065 1657 3120 nondum
1683 3064 1927 3136 apparuit

327 3160 452 3232 quid
485 3161 717 3216 erimus:
751 3161 935 3216 scimus
969 3159 1212 3229 quoniam
1238 3175 1353 3212 cum
1380 3157 1699 3229 apparuerit,
1733 3155 1926 3210 similes

328 3255 375 3309 ei
399 3254 608 3322 erimus,
633 3253 871 3325 quoniam
892 3249 1172 3307 videbimus
1190 3266 1305 3304 eum
1329 3249 1480 3304 sicuti
1506 3258 1597 3304 est.
1625 3246 1777 3303 Tunc
1798 3260 1926 3317 pec-

329 3354 510 3402 catum
552 3344 753 3400 nullum
783 3343 919 3409 erit,
968 3342 1091 3413 quia
1121 3339 1403 3396 inﬁrmitas
1440 3354 1540 3395 nec
1573 3338 1795 3394 interior
1830 3352 1931 3395 nec

330 3437 566 3495 exterior
595 3435 700 3491 ulla
724 3434 1041 3492 remanebit.
1077 3432 1141 3489 Et
1166 3433 1331 3489 omnis
1355 3433 1442 3504 qui
1461 3431 1608 3486 habet
1635 3431 1767 3486 lianc
1785 3447 1928 3501 spem

330 3528 383 3584 in
413 3545 548 3596 eum,
583 3528 867 3607 sanctiﬁcat
890 3544 944 3583 se
961 3569 978 3595 ,
1005 3528 1133 3582 sicut
1157 3535 1204 3581 et
1228 3527 1336 3596 ipse
1359 3534 1566 3580 sanctus
1591 3532 1686 3579 est.
1714 3523 1928 3580 Sancti-

334 3619 455 3677 ﬁcat
482 3635 561 3687 se,
590 3635 695 3676 non
722 3634 821 3690 per
844 3634 903 3675 se
929 3618 1126 3689 ipsum,
1159 3616 1255 3672 sed
1280 3615 1557 3673 credendo
1582 3616 1636 3671 in
1681 3614 1833 3670 illum
1874 3623 1931 3670 et

334 3708 630 3765 invocanda
654 3709 803 3765 illum
831 3708 921 3781 qui
961 3707 1262 3766 sanctiﬁcat
1306 3716 1523 3762 sanctos
1570 3721 1698 3762 suos
1732 3723 1746 3760 :
1776 3705 1930 3776 cujus

333 3800 767 3858 sanctiﬁcationis
808 3801 1099 3872 perfectio,
1128 3816 1248 3872 qua:
1278 3814 1419 3855 nunc
1445 3797 1660 3871 proﬁcit
1697 3807 1753 3853 et
1775 3813 1929 3855 cres-

331 3896 401 3951 eit
430 3894 497 3950 de
522 3893 607 3950 die
632 3894 685 3949 in
712 3893 852 3949 diem
869 3934 885 3961 ,
919 3907 1107 3949 omnes
1133 3891 1457 3947 inlirmitatis
1484 3890 1738 3973 reliquias
1779 3889 1932 3945 abla-

333 3994 451 4041 tura
477 3995 581 4042 est.

405 4118 630 4175 CAPUT
657 4116 800 4173 XIX.
829 4148 903 4159 —
925 4119 1015 4174 ιο.
1049 4136 1068 4171 t
1100 4117 1231 4174 Item
1258 4117 1462 4185 dicunt,
1488 4136 1508 4170 ι
1533 4117 1723 4188 inquit,
1756 4135 1775 4168 ι
1807 4115 1932 4171 Non

333 4213 543 4267 volentis
566 4230 725 4285 neque
742 4214 989 4268 currentis
1007 4254 1024 4277 ,
1045 4211 1136 4267 sed
1161 4212 1440 4267 miserentis
1469 4221 1543 4266 est
1571 4211 1666 4266 Dei
1694 4228 1713 4263 ι
1747 4209 1927 4281 (Rom.

337 4320 417 4371 ts,
442 4305 555 4375 16).
581 4305 787 4372 Quibus
815 4323 835 4357 ι
876 4304 1308 4375 respondendum
1336 4319 1457 4360 esse
1478 4327 1506 4353 τ
1530 4303 1694 4369 dicit,
1740 4322 1759 4355 ι
1789 4304 1931 4374 quod

337 4397 480 4453 idem
501 4399 775 4469 apostolus
798 4398 924 4454 alibi
960 4398 1030 4453 de
1056 4396 1290 4468 quodam
1315 4398 1392 4452 ait
1418 4413 1431 4450 :
1465 4396 1615 4461 Quod
1642 4396 1747 4451 vult
1776 4397 1932 4468 faciat

340 4490 382 4560 (I
410 4490 530 4546 Cor.
561 4506 654 4556 vn,
681 4490 796 4562 36).
830 4490 983 4562 Item,
1010 4509 1029 4542 ι
1060 4490 1264 4560 inquit,
1303 4507 1323 4542 ι
1357 4488 1424 4544 ad
1453 4489 1824 4544 Philemonem
1863 4488 1932 4544 de

335 4584 626 4639 Onesimo:
658 4583 819 4651 Quem
846 4598 937 4653 ego
956 4583 1212 4637 volueram
1234 4582 1375 4652 apud
1403 4598 1480 4635 me
1501 4582 1740 4647 detinere,
1765 4590 1819 4634 ut
1839 4596 1933 4653 pro

259 4652 274 4675 ⁸
339 4687 388 4732 te
425 4677 550 4732 mihi
588 4652 936 4741 ministraret;
977 4675 1065 4730 sed
1099 4676 1207 4729 sine
1242 4676 1454 4729 consilio
1501 4685 1588 4729 tuo
1626 4675 1755 4728 nihil
1794 4652 1933 4729 volui

340 4773 537 4841 facere,
580 4782 635 4824 ut
662 4787 762 4824 non
807 4770 950 4841 quasi
992 4785 1055 4824 ea:
1078 4770 1374 4823 necessitate
1399 4769 1586 4823 bonum
1619 4778 1759 4822 tuum
1781 4775 1928 4834 esset,

338 4864 425 4918 sed
459 4864 797 4918 voluntarium
822 4864 858 4935 ι(
868 4862 1083 4918 Philem.
1116 4863 1206 4929 15,
1236 4862 1350 4932 14).
1410 4862 1543 4916 Item
1583 4861 1635 4915 in
1678 4862 1936 4916 Deutero—

339 4957 563 5013 nomio:
625 4954 792 5011 Vitam
831 4966 878 5011 ct
921 4964 1131 5010 mortem
1172 4955 1312 5010 dedit
1370 4963 1488 5009 ante
1544 4954 1725 5025 {aciem
1770 4962 1930 5019 tuam,

337 5050 524 5104 bonum
542 5059 589 5105 et
606 5050 801 5104 malum
822 5063 841 5114 ;
867 5048 995 5120 elige
1018 5048 1201 5115 vitam,
1237 5055 1294 5101 ut
1318 5047 1455 5101 vivas
1481 5044 1657 5115 (Deut.
1682 5061 1810 5111 xxx,
1842 5046 1932 5110 15,

341 5141 453 5213 19).
497 5140 631 5197 Item
661 5141 801 5211 apud
830 5139 1173 5196 Salomonem
1199 5155 1213 5194 :
1244 5138 1382 5195 Deus
1407 5137 1471 5192 ab
1495 5138 1642 5193 initio
1679 5137 1936 5213 consliluit

340 5212 612 5301 hominem,
654 5243 703 5289 et
728 5233 930 5304 reliquit
958 5249 1072 5287 eum
1095 5234 1148 5286 in
1188 5248 1345 5286 manu
1369 5232 1572 5286 consilii
1594 5228 1670 5286 sui
1699 5247 1720 5285 :
1742 5212 1936 5302 adjecit

337 5328 388 5383 ei
419 5326 663 5380 mandata
700 5335 748 5379 et
773 5333 1067 5396 praecepta;
1108 5324 1152 5378 si
1179 5324 1313 5379 voles
1345 5333 1628 5394 praecepta,
1669 5322 1938 5378 servabunt

341 5432 408 5488 te,
439 5421 557 5474 etin
583 5427 837 5491 posterum
869 5417 1024 5488 ﬁdem
1067 5416 1309 5487 placitam
1347 5419 1531 5487 facere.
1556 5414 1810 5485 Apposuit
1849 5414 1937 5468 tibi

338 5528 524 5583 aquam
560 5521 607 5566 et
640 5511 808 5580 ignem
830 5552 845 5577 ,
886 5508 955 5563 ad
988 5507 1124 5580 quod
1161 5508 1237 5562 vis
1277 5506 1481 5578 porrige
1516 5521 1732 5561 manum
1770 5515 1934 5559 tuam.

339 5607 471 5661 Ante
493 5604 743 5658 hominem
770 5602 953 5656 bonunt
973 5610 1021 5656 et
1045 5601 1257 5664 malum,
1281 5600 1383 5653 vita
1404 5608 1453 5655 et
1477 5616 1632 5666 mors,
1660 5609 1937 5671 paupertas

340 5709 397 5753 et
423 5698 658 5752 honestas
702 5712 735 5747 a
776 5693 992 5749 Domino
1035 5691 1146 5748 Deo
1192 5701 1310 5747 sunt
1354 5690 1542 5763 (Eccli.
1585 5708 1677 5759 xv,
1715 5692 1934 5763 14-18).

342 5789 479 5849 item
515 5787 655 5857 apud
698 5786 884 5842 Isaiam
928 5803 943 5842 :
989 5784 1054 5839 Et
1091 5784 1134 5840 si
1168 5783 1430 5851 volueritis
1458 5793 1505 5839 et
1537 5784 1802 5839 audieritis
1836 5800 1934 5848 me,

342 5896 455 5936 σιω·
488 5879 618 5935 bona
649 5888 765 5935 sunt
792 5886 938 5933 terrae
965 5867 1372 5943 manducabitis;
1410 5874 1455 5931 si
1478 5885 1646 5931 autent
1679 5876 1939 5935 nolueritis

1221 446 1309 502 DE
1348 434 1823 499 l’lillFliCTlONE
1861 432 2188 489 ιυδτιΤιίΕ
2233 430 2504 491 llOMlNlS
2541 434 2763 493 LIBER.

3510 446 3617 504 διε

2017 568 2106 606 nec
2126 550 2452 607 obaudicritis
2488 571 2587 621 me,
2624 555 2828 626 gladius
2858 572 2946 611 vos
2967 560 3207 614 comedet.
3250 560 3321 617 0s
3348 559 3479 616 enim
3514 565 3620 620 Do-

2017 646 2138 698 mini
2160 646 2380 698 locutum
2410 656 2480 699 est
2503 647 2611 700 [MBO
2639 645 2819 717 s(lsai.
2844 662 2883 715 ι,
2913 648 3000 717 19,
3023 647 3136 724 20).
3165 650 3259 707 Hic
3280 669 3427 718 vero,
3452 670 3621 721 quan-

2019 737 2259 792 tutulibet
2285 737 2371 791 isti
2400 752 2458 793 se
2483 738 2757 809 obtegant,
2784 742 3120 811 aperiuntur.
3155 744 3439 799 Declarant
3465 748 3610 802 enim

2017 844 2077 883 se
2117 836 2303 883 contra
2341 828 2433 883 Dei
2459 830 2682 899 gratiam
2726 832 2809 887 vel
2857 833 3281 889 misericordiam
3322 836 3623 906 disputare,

2017 938 2176 991 quant
2206 921 2454 977 volumus
2491 922 2777 993 impetrare
2811 940 2933 978 cum
2964 925 3212 993 dicimus,
3245 926 3365 981 Fiat
3386 930 3627 985 voluntas

2019 1023 2113 1068 tua
2146 1014 2275 1070 sicut
2312 1015 2365 1069 in
2400 1016 2524 1070 caelo
2562 998 2612 1070 et
2645 1017 2699 1071 in
2729 1027 2906 1082 terra;
2950 1019 3056 1083 vel,
3092 1018 3173 1073 Ne
3214 1038 3304 1077 uos
3341 1023 3534 1093 inferas
3560 1024 3615 1077 in

2018 1110 2364 1176 tentationem,
2399 1111 2490 1166 sed
2511 1112 2670 1166 libera
2689 1129 2782 1167 nos
2797 1125 2840 1167 'a
2866 1113 3001 1168 malo
3026 1113 3247 1186 (Matth.
3274 1131 3345 1180 vt,
3374 1117 3462 1183 10,
3499 1118 3615 1189 15).

2019 1199 2216 1273 thuid
2263 1202 2405 1256 enim
2447 1203 2546 1257 ista
2573 1203 2778 1258 orando
2823 1213 2973 1259 tanto
3011 1206 3210 1276 gemitu
3257 1208 3516 1277 petimus,
3567 1208 3615 1263 si

2019 1293 2247 1348 volentis
2296 1292 2527 1349 hominis
2578 1305 2633 1349 et
2676 1299 2985 1365 currentis,
3036 1312 3141 1352 non
3187 1298 3493 1354 miserentis
3536 1312 3620 1354 est

2020 1385 2159 1441 Dei?
2186 1385 2301 1441 Non
2327 1387 2447 1457 quia
2473 1386 2579 1443 hoc
2601 1388 2719 1443 sine
2758 1388 3035 1444 voluntate
3075 1398 3257 1444 nostra
3294 1392 3488 1460 agitur,
3519 1392 3616 1446 sel

2020 1476 2144 1547 quia
2183 1477 2429 1533 voluntas
2465 1494 2571 1534 non
2620 1479 2806 1549 implet
2851 1480 2993 1551 quod
3026 1476 3165 1552 agit,
3214 1482 3314 1535 nisi
3363 1482 3621 1537 divinitus

2020 1568 2316 1640 adjuvetur.
2340 1569 2467 1627 Hatc
2486 1580 2570 1627 est
2592 1570 2714 1628 ﬁdei
2734 1572 2953 1638 sanitas,
2977 1588 3095 1643 qua:
3117 1588 3214 1629 nos
3235 1572 3360 1630 facit
3379 1589 3621 1644 quaerere

2022 1670 2083 1718 ut
2123 1664 2489 1731 inveniamus,
2541 1673 2728 1736 petere
2783 1674 2842 1720 ut
2887 1665 3240 1736 accipiamus,
3294 1668 3507 1738 pulsare
3566 1677 3623 1721 ut

2023 1755 2293 1826 aperiatur
2329 1754 2485 1811 nobis
2525 1755 2676 1827 (Luc.
2719 1772 2797 1825 ιι,
2825 1755 2907 1828 9).
2959 1758 3156 1813 Contra
3192 1758 3349 1813 istam
3388 1759 3477 1828 qui
3508 1758 3623 1812 dis-

2025 1857 2208 1920 putat,
2241 1859 2429 1905 contra
2457 1864 2518 1906 se
2554 1849 2728 1921 ipsum
2775 1842 2976 1907 claudit
3018 1854 3213 1908 ostium
3239 1852 3624 1908 misericordia:

2027 1939 2145 1996 Dei.
2190 1940 2325 1996 Nolo
2370 1942 2522 2012 plura
2569 1940 2748 1999 dicere
2803 1942 2872 1999 de
2917 1958 2977 1999 re
3022 1953 3201 2010 tanta,
3255 1945 3391 2015 quia
3431 1945 3625 2000 melius

2026 2034 2448 2118 eam_committo
2475 2035 2709 2093 ﬁdelium
2735 2036 3022 2109 gemitibus
3042 2080 3057 2105 ,
3095 2054 3257 2111 quam
3285 2040 3625 2095 sermonibus

2027 2142 2181 2182 mets.
3143 2178 3153 2194 ,

2097 2218 2188 2273 41.
2231 2217 2419 2275 Videte
2445 2228 2647 2288 tamen,
2688 2220 2934 2287 obsecro,
2965 2221 3123 2293 quale
3152 2222 3241 2289 sit,
3274 2221 3395 2279 ideo
3421 2223 3625 2279 volenti

2028 2316 2082 2365 et
2109 2311 2344 2365 currenti
2375 2311 2794 2368 misericordiam
2826 2313 2921 2369 Dei
2947 2330 3056 2369 non
3087 2329 3212 2370 esse
3240 2315 3621 2384 necessariam,

2029 2417 2152 2474 quae
2181 2402 2331 2458 illum
2359 2403 2519 2459 etiam
2546 2406 2839 2475 praevenit,
2866 2414 2925 2462 ut
2949 2416 3212 2475 curreret,
3246 2409 3368 2478 quia
3395 2407 3463 2463 de
3487 2423 3624 2478 quo-

2029 2493 2153 2550 dam
2177 2495 2253 2551 ait
2279 2495 2600 2567 Apostolus,
2632 2497 2782 2566 Quod
2806 2499 2912 2554 vult
2937 2500 3094 2573 faciat
3121 2515 3142 2555 :
3168 2499 3260 2566 ibi,
3291 2510 3349 2555 ut
3373 2500 3623 2566 arbitror,

2030 2586 2122 2643 ubi
2148 2588 2387 2659 sequitur
2415 2597 2470 2645 et
2497 2588 2655 2655 dicit,
2684 2589 2806 2646 Non
2833 2601 3031 2663 peccat,
3061 2592 3106 2647 si
3134 2591 3310 2647 nubat.
3339 2591 3499 2660 Quasi
3530 2609 3627 2662 pro

2029 2693 2226 2750 magno
2262 2679 2563 2735 habendum
2594 2681 2684 2750 sit,
2717 2681 2855 2738 velle
2886 2682 3112 2748 nubere,
3147 2683 3235 2739 ubi
3265 2682 3331 2738 de
3358 2681 3629 2752 adjutorio

2028 2762 2225 2820 divinae
2254 2764 2638 2821 misericordia:
2667 2767 2949 2836 operosius
2986 2767 3311 2838 diSputatur.
3355 2770 3463 2823 Aut
3501 2783 3631 2823 veno

2031 2856 2194 2912 etiam
2220 2856 2294 2912 ibi
2321 2857 2540 2928 prodest
2559 2858 2763 2930 aliquid
2792 2859 2947 2927 velle,
2976 2856 3081 2915 nisi
3108 2861 3250 2915 Deus
3274 2860 3628 2928 providentia,

2030 2963 2133 3019 qua
2160 2949 2427 3019 gubernat
2450 2950 2662 3016 omnia,
2691 2965 2893 3006 marem
2931 2950 3291 3021 feminamque
3320 2951 3628 3022 eonjungat.

2032 3039 2140 3093 Aut
2180 3038 2431 3111 quoniam
2472 3039 2538 3095 ad
2567 3040 2933 3096 Philemonem
2962 3041 3176 3111 scripsit
3208 3042 3521 3113 Apostolus,
3561 3040 3631 3096 Ut

2032 3148 2135 3187 non
2161 3133 2307 3203 quasi
2335 3150 2398 3188 ea:
2421 3134 2715 3189 necessitate
2741 3136 2927 3189 bonum
2956 3135 3073 3205 ejus
3101 3145 3247 3203 esset,
3276 3136 3365 3191 sed
3393 3137 3626 3191 volunta-

2031 3226 2165 3280 rium
2193 3241 2213 3279 :
2237 3225 2390 3297 quasi
2418 3226 2575 3281 aliter
2602 3226 3055 3282 sit’voluntarium
3088 3227 3284 3281 bonum
3304 3267 3319 3293 ,
3366 3227 3464 3282 nisi
3506 3242 3627 3281 cum

2035 3317 2175 3373 Deus
2203 3328 2443 3388 operatur
2470 3319 2523 3373 in
2550 3319 2696 3374 nobis
2720 3328 2765 3374 et
2794 3319 2919 3374 velle
2948 3329 2994 3374 el
3021 3314 3247 3389 operari,
3272 3337 3365 3391 pro
3395 3320 3525 3373 bona
3553 3335 3631 3373 vo-

2035 3408 2230 3466 luntate
2259 3409 2515 3483 (Philipp.
2548 3428 2606 3479 tt,
2644 3413 2711 3468 15
2736 3415 2778 3484 ).
2812 3415 2916 3468 Aut
2945 3415 3066 3483 quia
3113 3415 3165 3468 in
3213 3414 3629 3479 Deutcronomio

2035 3502 2294 3573 scriptum
2323 3512 2425 3569 est,
2481 3503 2650 3559 Vitam
2680 3516 2727 3560 et
2756 3515 2966 3560 mortem
2996 3506 3133 3560 dedit
3161 3517 3279 3560 ante
3315 3506 3495 3576 {aciem
3529 3506 3629 3561 ho-

2034 3597 2214 3665 minis,
2240 3597 2424 3669 bonum
2443 3607 2490 3653 et
2508 3597 2724 3664 malum;
2746 3608 2800 3654 et
2819 3597 3096 3654 admonuit
3117 3606 3173 3653 ut
3192 3598 3415 3669 eligeret
3429 3598 3588 3653 vitam
3613 3616 3629 3655 :

2034 3691 2186 3762 quasi
2232 3700 2287 3746 et
2316 3691 2429 3761 ipsa
2456 3690 2751 3746 admonitio
2782 3707 2888 3746 non
2920 3690 2987 3745 de
3016 3690 3381 3746 misericordia
3415 3689 3625 3757 veniat;

2034 3783 2116 3839 vel
2143 3782 2339 3854 aliquid
2363 3783 2653 3853 prodesset-
2672 3784 2869 3853 eligere
2888 3781 3073 3849 vitam,
3097 3782 3198 3836 nisi
3239 3782 3378 3838 Deus
3398 3781 3629 3852 eligendi

2034 3880 2348 3936 charitatem
2366 3878 2669 3949 inspiraret,
2686 3877 2974 3934 etelectam
3000 3875 3197 3931 habere
3210 3885 3487 3945 pratslaret
3517 3892 3531 3929 :
3562 3877 3632 3930 de

2034 3986 2141 4043 quo
2169 3970 2369 4025 dictum
2410 3980 2513 4037 est,
2556 3969 2808 4036 Quoniam
2836 3968 2917 4023 ira
2954 3968 3007 4022 in
3036 3968 3385 4040 indignatione
3420 3967 3550 4038 ejus,
3582 3975 3631 4020 et

2036 4062 2218 4116 vitain
2248 4061 2505 4116 voluntate
2544 4063 2655 4132 ejus
2691 4059 2862 4130 (Psal.
2903 4075 3066 4127 XXIX,
3110 4058 3212 4129 6).
3244 4062 3349 4114 Aut
3385 4059 3508 4129 quia
3544 4059 3630 4112 di-

2036 4162 2180 4209 ctum
2205 4164 2287 4210 est
2307 4195 2323 4220 ,
2352 4152 2414 4209 Si
2441 4152 2575 4207 voles
2605 4161 2890 4223 praecepta,
2920 4151 3187 4206 servabunt
3217 4160 3265 4205 te
3288 4166 3308 4205 :
3334 4150 3485 4220 quasi
3525 4166 3631 4205 nou

2035 4246 2229 4303 debeat
2266 4246 2377 4302 Deo
2415 4261 2573 4318 agere
2610 4247 2834 4316 gratias,
2875 4245 2995 4315 quia
3022 4255 3285 4315 praecepta
3324 4236 3631 4314 voluit,‘qui

2036 4339 2278 4396 desertus
2306 4339 2452 4394 omni
2488 4339 2687 4393 lumine
2712 4337 2952 4392 veritatis
2981 4335 3097 4392 hate
3120 4336 3260 4392 velle
3290 4350 3395 4390 non
3427 4344 3630 4406 posset.

2038 4433 2233 4488 Positis
2261 4442 2384 4486 ante
2414 4432 2682 4486 hominem
2715 4431 2835 4507 igne
2864 4439 2918 4485 et
2946 4445 3100 4501 aqua,
3133 4444 3239 4500 quo
3266 4428 3379 4484 vult
3416 4427 3629 4499 quidem

2039 4525 2259 4596 porrigit
2283 4540 2520 4591 manum,
2547 4523 2641 4579 sed
2668 4524 2825 4577 altior
2845 4524 2863 4554 ⁸
2888 4531 2970 4577 est
2995 4523 3085 4593 qui
3114 4528 3268 4575 vocat
3288 4520 3448 4575 altius
3472 4535 3631 4590 quam

2038 4616 2214 4672 omnis
2242 4616 2473 4671 humana
2501 4616 2755 4687 cogitatio
2782 4632 2794 4666 :
2823 4613 3252 4684 quatiquttidem
3287 4611 3491 4666 initium
3524 4625 3638 4664 cor-

2038 4710 2241 4783 rigendi
2281 4727 2376 4766 cor
2406 4709 2538 4765 ﬁdes
2565 4718 2669 4777 est,
2712 4709 2853 4764 sicut
2879 4709 3138 4778 scriptum
3182 4714 3283 4769 est,
3339 4705 3536 4763 Venias.
3580 4713 3629 4757 et

2039 4803 2340 4875 pertransies
2367 4801 2429 4855 ab
2465 4801 2610 4855 initio
2647 4800 2768 4870 ﬁdei
2812 4798 2982 4872 (Cant.
3032 4815 3117 4865 tv,
3157 4814 3258 4852 sec.
3289 4795 3433 4851 LXX
3466 4796 3521 4867 );
3579 4804 3635 4849 et

2039 4895 2264 4966 quisque
2286 4894 2358 4948 ita
2385 4894 2531 4964 eligit
2552 4893 2771 4959 bonum,
2802 4891 2933 4946 sicut
2955 4891 3222 4962 unicuique
3245 4888 3385 4943 Deus
3411 4890 3634 4958 partitus

2040 4995 2112 5043 est
2144 5000 2431 5039 mensuram
2459 4985 2579 5053 ﬁdei
2612 4981 2631 5056 (
2662 4982 2811 5036 Rom.
2859 4997 2930 5036 xtl
2957 5024 2972 5048 ,
3004 4982 3038 5036 5
3067 4980 3086 5053 )
3115 4997 3129 5047 ;
3158 4989 3244 5045 et,
3280 4980 3442 5034 Nemo
3473 4990 3633 5050 potest

2041 5079 2109 5133 ad
2138 5093 2215 5132 me
2241 5078 2423 5143 venire,
2456 5078 2531 5132 ait
2568 5076 2823 5146 Princeps
2860 5074 3006 5141 ﬁdei,
3039 5074 3137 5128 nisi
3177 5073 3332 5128 Pater
3371 5075 3457 5146 qui
3498 5075 3633 5127 misit

2042 5190 2138 5238 me,
2180 5171 2390 5226 traxerit
2429 5186 2561 5225 eum.
2600 5168 2755 5239 Quod
2791 5167 2860 5224 de
2898 5167 3005 5224 ﬁde
3040 5168 3238 5223 dictum
3282 5182 3405 5223 esse
3439 5183 3541 5237 qua
3584 5168 3636 5220 iu

2043 5282 2163 5322 cum
2191 5266 2445 5333 creditur,
2472 5264 2603 5320 satis
2629 5263 2907 5321 evidenter
2932 5273 3115 5335 postea
3141 5263 3408 5333 explanat,
3439 5261 3525 5316 ubi
3555 5260 3637 5313 di-

2044 5360 2159 5414 cit:
2204 5356 2362 5413 Verba
2388 5373 2503 5429 quae
2530 5373 2621 5429 ego
2662 5357 2858 5412 locutus
2895 5374 3005 5412 sum
3033 5356 3183 5420 vobis,
3218 5355 3423 5426 spiritus
3462 5364 3506 5407 et
3537 5353 3637 5406 vita
3681 5396 3686 5425 ι

2044 5464 2161 5509 sunt
2174 5469 2194 5519 ;
2220 5452 2309 5507 sed
2334 5452 2541 5522 quidam
2565 5463 2683 5507 sunt
2705 5468 2770 5506 ea:
2788 5450 2926 5507 vobis
2945 5450 3031 5523 qui
3050 5466 3149 5504 non
3169 5448 3400 5503 credunt.
3432 5445 3637 5501 Sciebat

2045 5548 2180 5603 enim
2207 5549 2271 5602 ab
2298 5547 2441 5602 initio
2464 5544 2650 5612 Iesus,
2694 5547 2780 5618 qui
2807 5554 2970 5603 essent
2997 5545 3281 5613 credentes,
3310 5552 3355 5596 et
3383 5541 3495 5611 quis
3524 5555 3637 5593 eun:

2048 5639 2328 5695 traditurus
2357 5649 2522 5707 esset;
2550 5648 2595 5695 et
2621 5639 2845 5708 dicebat,
2882 5636 3157 5710 Pr0pterea
3187 5635 3294 5689 dixi
3320 5631 3487 5693 vobis,
3515 5630 3637 5698 quin

2114 5780 2134 5813 ι
2160 5786 2309 5829 Vetus
2327 5778 2482 5829 codex
2498 5778 2809 5830 Corbeiensis
2830 5779 2922 5829 hoc
2940 5783 2991 5827 et
3014 5771 3169 5823 altero
3188 5770 3313 5826 loco.
3336 5761 3636 5830 αιιὲιεεοροη-

2145 5822 3004 5905 alﬁ'ﬁﬁvﬁinialioscﬁﬁii'uﬁiiﬁé
3018 5822 3127 5887 loco
3144 5822 3421 5883 cantante!
3436 5822 3637 5882 habent,

2049 5919 2077 5954 (δ
2118 5916 2208 5957 tor.
2600 5948 2615 5957 _
