4170 6506
563 418 668 472 515

564 543 710 582 nemo
744 534 906 598 potest
933 529 1001 580 ad
1028 541 1108 579 me
1133 523 1320 585 venire,
1351 521 1446 575 nisi
1475 518 1625 592 fuerit
1653 500 1700 572 ei
1733 517 1909 570 datum
1933 532 1966 570 a
1994 513 2150 568 Patre

565 637 675 674 mea
709 618 728 693 (
751 617 911 673 Joan.
941 633 1015 685 Vl,
1043 617 1135 682 44,
1161 614 1252 682 64,
1281 614 1372 681 65,
1401 611 1472 676 66

636 710 727 766 42.
761 710 1008 782 Magnum
1036 719 1219 764 autem
1247 705 1447 776 aliquid
1485 719 1586 776 pro
1613 718 1711 760 sua
1740 717 1900 757 causa
1925 715 1985 755 se
2012 700 2160 754 iuve-

567 801 712 856 uisse
731 801 1020 856 arbitratus
1048 807 1130 854 est
1151 797 1290 868 apud
1313 796 1500 852 lsaiam
1525 795 1858 876 prophetam,
1877 793 1996 863 quia
2019 791 2163 864 Deus

568 890 722 955 dixit,
748 889 808 946 Si
833 889 1092 945 volueritis
1111 897 1158 943 et
1183 887 1442 942 audieritis
1469 902 1564 952 me,
1585 900 1698 956 qua
1715 883 1844 938 bona
1869 891 1984 937 sunt
2018 891 2164 936 teme

570 981 973 1050 manducabitis;
994 981 1039 1036 si
1073 990 1243 1036 autem
1266 979 1533 1034 nolueritis
1571 986 1736 1032 etnon
1761 975 2027 1031 audieritis
2059 990 2159 1040 me,

571 1075 772 1144 gladius
793 1090 880 1129 vos
905 1073 1150 1128 comedet.
1191 1071 1263 1127 0s
1288 1071 1420 1126 enim
1450 1069 1660 1124 Domini
1689 1069 1912 1122 locutum
1935 1075 2005 1122 est
2031 1065 2162 1122 lucc.

571 1167 735 1233 Quasi
762 1181 866 1220 non
896 1166 984 1222 lex
1014 1175 1120 1220 tota
1146 1161 1451 1235 hujustnodi
1476 1159 1867 1218 conditionibus
1898 1159 2052 1228 plena
2075 1157 2164 1212 sit:

517 1270 523 1276 '
574 1269 667 1314 aut
699 1259 769 1314 ob
803 1257 947 1313 aliud
988 1257 1235 1328 superbis
1281 1262 1544 1326 praecepta
1582 1251 1683 1308 ista
1724 1251 1847 1306 data
1897 1250 2023 1314 sint,
2066 1247 2168 1304 nisi

573 1351 698 1422 quia
723 1351 806 1406 lea:
825 1349 1252 1422 pramaricationis
1274 1347 1440 1418 gratia
1466 1346 1634 1417 posita
1665 1353 1760 1406 est,
1781 1341 1944 1396 donec
1983 1340 2169 1395 veniret

573 1458 744 1498 semen
766 1443 848 1496 cui
868 1441 1170 1512 promissum
1189 1447 1261 1495 est
1283 1433 1476 1514 (Galat.
1499 1452 1580 1505 ιιι,
1607 1435 1718 1506 19).
1743 1432 1898 1490 Unde
1915 1432 2172 1488 subintro-

579 1535 649 1588 rit
676 1542 730 1587 ut
766 1534 1046 1588 abundaret
1084 1534 1364 1597 delictum;
1402 1541 1449 1586 et
1470 1529 1557 1585 ubi
1593 1527 1868 1584 abundavit
1895 1527 2170 1592 delictum;

575 1627 1001 1698 superabundavit
1025 1627 1188 1698 gratia
1215 1625 1390 1700 (Rom.
1427 1621 1604 1692 v,20)
1630 1620 1720 1678 :id
1743 1631 1847 1688 est,
1877 1629 1936 1674 ut
1961 1619 2174 1688 accipe-

577 1725 659 1772 ret
687 1717 847 1772 homo
875 1725 1156 1787 praecepta.
1179 1715 1412 1787 superbe
1435 1714 1504 1770 de
1527 1714 1639 1768 suis
1662 1711 1866 1768 viribus
1905 1709 2094 1775 ﬁdens,
2115 1709 2172 1764 in

579 1807 770 1876 quibus
799 1805 1053 1861 deﬁciens
1079 1814 1132 1861 et
1155 1804 1328 1860 factus
1353 1805 1516 1860 etiam
1554 1802 1952 1874 prmvaricator,
1977 1800 2173 1856 libera-

579 1905 746 1950 torem
775 1897 1200 1966 salvatoremque
1222 1894 1550 1965 requireret;
1575 1902 1736 1963 atque
1753 1891 1824 1948 ita
1851 1905 1974 1946 eum
2013 1890 2174 1944 timor

573 1987 710 2059 legis
738 1988 992 2044 humilem
1014 1987 1234 2053 factum,
1269 1999 1522 2058 tanquam
1564 1985 1881 2056 paedagogus
1909 1983 1974 2038 ad
2011 1982 2173 2038 ﬁdem

575 2080 908 2149 gratiamque
949 2077 1396 2150 perduceret.lta
1445 2077 1810 2147 multiplicatis
1854 2075 2174 2130 inﬁrmitati-

575 2169 675 2225 bus
705 2180 888 2240 postea
917 2169 1347 2226 acceleraverunt
1377 2168 1398 2240 (
1429 2167 1578 2222 Psal.
1599 2183 1690 2234 xv,
1723 2171 1757 2223 4
1783 2163 1836 2240 ),
1865 2165 2058 2238 quibus
2083 2180 2172 2220 sa-

576 2259 766 2314 nandis
792 2267 1090 2330 opportune
1112 2259 1358 2314 Christus
1390 2257 1635 2314 advenit.
1660 2258 1716 2314 In
1761 2257 1912 2327 cujus
1949 2258 2172 2328 gratiam

499 2334 502 2337 ’
577 2351 740 2406 etiam
757 2351 886 2424 justi
908 2351 1111 2423 antiqui
1135 2351 1500 2418 crediderunt,
1518 2349 1706 2406 eadem
1727 2351 1842 2420 ipsa
1869 2349 2036 2420 gratia
2058 2347 2175 2418 ejus

579 2441 768 2513 adjuti,
807 2451 866 2498 ut
902 2442 1194 2514 gaudentes
1231 2457 1354 2498 eum
1397 2450 1825 2514 praenoscerent,
1855 2449 1912 2496 et
1959 2440 2174 2510 quidam

581 2533 742 2588 etiam
777 2534 1196 2606 praenuntiarent
1239 2548 1360 2590 esse
1399 2531 1826 2590 venturum:vel
1849 2531 1904 2588 in
1947 2531 2036 2588 illo
2076 2547 2176 2602 po-

578 2625 707 2696 pulo
731 2623 917 2691 Israel,
939 2624 1077 2682 sicut
1099 2625 1330 2699 Moyses,
1359 2633 1416 2682 et
1453 2625 1612 2682 Iesus
1648 2624 1812 2692 Nave,
1841 2634 1896 2680 et
1933 2623 2173 2691 Samuel,

579 2723 637 2770 et
660 2713 844 2782 David,
878 2724 932 2770 et
955 2715 1136 2772 caeteri
1171 2716 1334 2782 tales;
1365 2716 1452 2776 vel
1485 2724 1638 2772 extra
1666 2715 1842 2786 ipsum
1892 2715 2175 2786 populum,

581 2800 720 2856 sicut
754 2799 991 2867 Job;ch
1028 2809 1154 2857 ante
1181 2801 1354 2872 ipsum
1393 2800 1670 2872 populum,
1700 2800 1840 2856 sicut
1870 2799 2172 2866 Abraham,

582 2892 720 2946 sicut
745 2891 880 2960 Noe,
912 2900 970 2948 et
1003 2893 1320 2964 quicumque
1350 2893 1442 2948 alii
1479 2900 1626 2960 sunt,
1655 2909 1792 2964 quos
1820 2893 1902 2948 vel
1936 2907 2176 2948 comme-

583 2993 758 3054 morat
785 2984 869 3040 vel
901 2992 1040 3040 tacet
1066 2984 1338 3055 Scriptura
1363 2983 1542 3040 divina
1559 3021 1576 3038 .
1603 2983 1752 3042 Unus
1775 2983 1918 3040 enim
1947 2984 2107 3051 Deus,
2125 2993 2181 3040 et

585 3089 722 3129 unus
751 3075 1012 3130 mediator
1039 3075 1133 3132 Dei
1157 3084 1214 3132 et
1237 3075 1533 3143 homiu'tm,
1565 3074 1726 3131 homo
1753 3075 1998 3130 Christus
2022 3074 2180 3132 Iesus

583 3165 630 3239 (l
669 3165 875 3232 Tim.tt,
904 3165 1132 3240 5),sine
1171 3167 1326 3238 cujus
1363 3167 1536 3239 gratia
1578 3181 1741 3223 nemo
1779 3184 1809 3221 a
1848 3167 2178 3223 condemna-

585 3257 1012 3321 tioneJiberatur
1041 3300 1058 3328 ,
1081 3259 1198 3315 sive
1240 3275 1399 3330 quam
1439 3260 1602 3316 traxit
1625 3276 1692 3316 ex
1723 3260 1814 3315 illo
1838 3260 1890 3315 in
1920 3275 2028 3332 quo
2063 3275 2182 3315 om-

583 3364 681 3403 nes
705 3357 1058 3419 peccaverunt
1087 3390 1103 3416 ,
1125 3349 1240 3407 sive
1259 3365 1420 3422 quam
1453 3359 1637 3422 postea
1671 3351 1783 3406 suis
1815 3350 2180 3422 iniquitatibus

583 3440 806 3496 addidit.

654 3530 882 3589 CAPUT
915 3530 1039 3588 XX.
1056 3561 1130 3574 -—
1147 3532 1238 3588 45.
1261 3531 1430 3603 Quale
1453 3542 1539 3590 est
1563 3541 1764 3601 autem,
1789 3532 1946 3604 quod.
1963 3532 2062 3588 iste
2085 3547 2182 3602 po-

583 3622 692 3678 suit
733 3623 788 3676 in
834 3633 1076 3678 extremo
1113 3641 1128 3678 :
1162 3641 1183 3676 ι
1214 3621 1271 3679 Si
1315 3623 1436 3695 quis
1479 3623 1696 3690 dixerit,
1744 3624 1928 3679 Potest
1967 3621 2084 3678 ﬁeri
2122 3632 2181 3679 ut

587 3713 748 3768 homo
791 3713 871 3768 vel
915 3713 1080 3769 verbo
1115 3729 1222 3768 non
1261 3713 1484 3784 peccet?
1530 3715 1963 3787 respondendum
2004 3723 2118 3784 est,
2155 3733 2175 3768 ι

585 3803 758 3872 inquit
785 3843 800 3870 ,
825 3821 844 3855 ι
881 3803 938 3858 Si
957 3805 1073 3859 vult
1101 3805 1264 3872 Deus,
1295 3813 1505 3876 potest:
1540 3805 1648 3860 vult
1676 3807 1820 3861 enim
1863 3805 2025 3873 Deus,
2053 3819 2182 3876 ergo

585 3901 790 3962 potest.
829 3911 849 3946 ι
874 3893 1006 3949 Item
1043 3894 1150 3948 ait:
1183 3892 1271 3950 «Si
1319 3895 1442 3966 quis
1483 3894 1700 3962 dixerit,
1729 3896 1870 3951 Fieri
1905 3904 2080 3966 potest
2125 3905 2184 3951 ut

587 3985 750 4039 homo
787 3999 895 4041 non
941 3986 995 4042 in
1039 3986 1360 4058 cogitatione
1395 3987 1703 4060 delinquat?
1744 3989 2177 4060 reSpondenduut

583 4085 688 4140 est,
707 4075 762 4148 Sj
783 4077 894 4132 vult
910 4076 1072 4142 Deus,
1094 4089 1270 4149 potest
1293 4097 1307 4136 :
1332 4080 1445 4136 vult
1464 4081 1606 4136 enim
1624 4082 1784 4147 Deus,
1799 4098 1928 4154 ergo
1949 4093 2174 4153 potest.»

589 4166 776 4224 Videte
815 4169 1264 4239 quemadmodum
1313 4171 1766 4239 nolueritdicere,
1799 4173 1858 4230 Si
1902 4175 2044 4229 Deus
2085 4175 2182 4231 ad-

585 4260 758 4329 juvet,
789 4271 993 4332 potest;
1025 4263 1110 4318 cui
1139 4263 1353 4330 dicitur,
1380 4265 1602 4337 Adjutor
1628 4283 1768 4321 meus
1791 4277 1915 4332 esto,
1944 4283 2008 4322 ne
2029 4266 2177 4322 dere-

587 4349 787 4421 linquas
815 4368 893 4406 me
917 4351 1088 4426 (l’sal.
1115 4369 1265 4421 xxvt,
1297 4355 1357 4428 9)
1390 4373 1405 4410 :
1437 4371 1544 4412 non
1572 4357 1751 4428 utique
1789 4358 1858 4413 ad
1886 4359 2182 4428 corporalia

587 4441 726 4496 bona
765 4444 1090 4514 capessenda
1119 4453 1174 4502 et
1201 4445 1342 4502 mala
1386 4446 1646 4514 cavenda,
1671 4447 1766 4503 sed
1795 4447 1862 4505 ad
1894 4450 2182 4520 gerendam

587 4535 1072 4607 perﬁciendamque
1093 4536 1376 4607 justitiam;
1405 4548 1625 4610 propter
1660 4540 1801 4611 quod
1829 4541 2070 4612 dicimus,
2101 4543 2186 4602 Ne

585 4642 678 4680 nos
698 4626 888 4698 inferas
908 4627 1323 4695 intentationem,
1340 4631 1432 4685 sed
1452 4631 1612 4687 libera
1631 4648 1724 4686 nos
1751 4649 1784 4686 a
1807 4633 2176 4708 malo(1llatth.

583 4732 658 4785 vr,
687 4717 797 4791 15).
827 4718 938 4775 Nec
959 4721 1264 4790 adjuvatur,
1292 4722 1396 4778 nisi
1433 4724 1523 4796 qui
1548 4733 1604 4780 et
1646 4725 1761 4795 ipse
1797 4727 1995 4799 aliquid
2035 4730 2180 4802 agit:

584 4811 866 4879 adjuvatur
901 4823 1102 4880 autem,
1135 4815 1182 4870 si
1227 4815 1462 4884 invocat,
1491 4819 1536 4870 si
1577 4816 1768 4883 credit,
1809 4817 1854 4872 si
1891 4821 2183 4878 secundum

589 4904 918 4972 propositum
945 4917 1166 4962 vocatus
1187 4915 1272 4962 est
1296 4924 1310 4962 :
1342 4909 1598 4978 quoniam
1627 4923 1755 4978 quos
1777 4910 1893 4965 ante
1909 4913 2181 4980 praesciuit,

588 5005 634 5048 et
662 4997 1030 5066 praedestinavit
1058 5005 1344 5073 conformes
1365 5003 1602 5073 imaginis
1640 5001 1766 5058 Filii
1791 5005 1892 5072 sui,
1910 5014 1968 5060 ut
1993 5007 2058 5062 sit
2078 5007 2188 5078 ipse

588 5087 950 5167 primogenita:
969 5091 1022 5144 in
1062 5094 1235 5147 multis
1269 5096 1512 5165 fratribus
1535 5112 1555 5151 :
1572 5113 1698 5167 quos
1721 5107 1888 5154 autem
1917 5099 2184 5172 praedesti-

587 5177 745 5243 navit,
773 5178 888 5232 illos
908 5189 955 5234 et
978 5181 1208 5246 vocavit;
1225 5200 1351 5252 quos
1370 5195 1539 5241 autem
1565 5189 1776 5256 vocavit,
1801 5189 1920 5246 illos
1942 5201 1992 5244 et
2029 5192 2187 5260 justi-

589 5268 791 5335 ﬁcavit;
817 5286 942 5339 quos
962 5281 1126 5325 autem
1139 5275 1462 5344 justi/iacvit,
1485 5278 1602 5334 illos
1623 5291 1668 5334 et
1689 5281 1989 5352 gloriﬁcavit
2006 5281 2184 5357 (Rom.

590 5373 702 5422 vm,
743 5358 834 5425 29,
862 5357 1296 5432 50).Currimus
1338 5382 1488 5436 ergo,
1511 5385 1632 5424 cum
1677 5373 2012 5442 proﬁcimus,
2057 5375 2183 5432 dum

587 5449 788 5504 sanitas
834 5459 1014 5504 nostra
1049 5450 1100 5504 in
1141 5453 1540 5522 proﬁcientibus
1585 5462 1752 5516 currit
1802 5461 1980 5536 (sicut
2025 5468 2186 5525 etiam

589 5538 806 5596 cicatrix
839 5555 1062 5598 currere
1089 5542 1303 5613 dicitur,
1335 5549 1548 5616 quando
1576 5551 1712 5609 bene
1746 5559 1936 5614 vulnus
1961 5559 2186 5633 diligen-

591 5637 778 5700 terque
805 5630 1099 5705 curatur):
1135 5641 1191 5689 ut
1217 5650 1284 5690 ex
1307 5638 1452 5691 omni
1485 5651 1629 5708 parte
1675 5645 1892 5714 perfecti
1935 5630 2187 5708 sine‘ulla

593 5722 760 5778 simus
799 5727 1017 5780 omnino
1059 5727 1366 5784 inﬁrmitate
1409 5735 1643 5800 peccati;
1675 5739 1816 5806 quod
1867 5759 1970 5798 non
2011 5746 2184 5800 solum

597 5811 704 5863 vult
740 5813 898 5877 licus,
923 5833 1108 5870 verum
1144 5819 1302 5874 etiam
1333 5829 1389 5876 ιιι
1417 5821 1696 5891 impleatur
1737 5826 1857 5883 facit
1900 5845 2056 5902 atque
2091 5837 2180 5890 ad-

1003 413 1064 470 S.
1104 409 1474 468 AUGUSTINI
1511 405 1814 464 EPISCOPI
1872 404 1956 458 DE
1999 400 2474 458 PERFECTIONE
2513 401 2836 460 JUSTlTlrE
2877 401 3152 460 IlOMlNlS
3189 403 3412 460 ιιΒειῖιι.

3744 407 3852 463 510

2266 511 2445 583 juvat.
2489 515 2553 568 Et
2591 514 2701 574 hoc
2747 514 3020 596 nobiscum
3059 515 3168 587 agit
3204 516 3372 586 gratia
3408 515 3501 570 Dei
3542 531 3636 586 per
3677 515 3862 573 Iesum

2265 602 2535 659 Christum
2575 605 2854 685 Dominum
2895 616 3160 673 nostrum,
3191 623 3298 661 non
3335 607 3506 662 solum
3553 615 3859 679 praeceptis,

2265 695 2630 760 sacramentis,
2662 696 2954 765 exemplis;
2996 697 3090 751 sed
3119 697 3278 751 etiam
3310 696 3510 768 Spiritu
3537 708 3743 766 sancto,
3769 717 3866 771 per

2266 799 2426 854 quem
2451 787 2678 842 latenter
2704 785 3018 843 diﬁ'unditur
3035 787 3269 844 charitas
3289 791 3343 844 in
3362 790 3613 846 cordibus
3659 791 3863 847 nostris

2270 873 2444 947 (Rom.
2501 891 2560 940 v,
2660 876 2740 950 5),
2769 893 2888 947 qua:
2914 878 2932 910 ⁸
2956 878 3261 950 interpellat
3286 880 3577 952 gemitibus
3602 881 3869 937 inenarra-

2267 966 2464 1023 bilibus
2483 965 2595 1040 (Id.
2621 985 2736 1038 vut,
2764 968 2858 1025 26.
2887 968 2932 1043 ),
2960 970 3133 1028 donec
3168 972 3223 1028 in
3245 973 3400 1028 nobis
3443 973 3750 1044 perﬁciatur
3776 989 3868 1030 sa-

2270 1059 2430 1126 nitas,
2467 1069 2524 1117 et
2567 1061 2708 1119 Deus
2748 1063 2905 1120 sicuti
2947 1075 3050 1132 est,
3091 1064 3388 1122 videndus'
3417 1075 3617 1124 aeterna
3637 1067 3868 1122 veritate

2271 1160 2626 1208 monstretur.

2343 1240 2565 1298 CAPUT
2597 1242 2738 1300 XXI.
2766 1274 2839 1286 —
2861 1246 2951 1302 44.
2990 1245 3242 1319 Quisquis
3269 1263 3398 1320 ergo
3425 1249 3592 1306 fuisse
3631 1250 3717 1306 vel
3745 1265 3871 1307 esse

2273 1331 2328 1387 in
2366 1331 2465 1388 hac
2493 1335 2600 1388 vita
2637 1335 2870 1406 aliquem
2899 1335 3195 1406 hominem,
3236 1339 3323 1394 vel
3363 1339 3572 1410 aliquos
3615 1340 3866 1397 homines

2275 1433 2446 1496 putat,
2469 1435 2696 1496 excepto
2720 1442 2829 1484 uno
2850 1427 3142 1486 Mediatore
3161 1431 3258 1486 Dei
3277 1439 3332 1486 et
3351 1431 3650 1499 hominum,
3677 1434 3873 1505 quibus

2275 1516 2578 1572 necessaria
2599 1533 2707 1574 non
2728 1517 2889 1576 fuerit
2905 1520 3152 1577 remissio
3176 1531 3539 1592 peccatorum,
3567 1525 3872 1580 contrarius

2275 1615 2362 1663 est
2401 1607 2595 1664 divina:
2633 1609 2952 1681 Scriptum,
2984 1613 3073 1668 ubi
3103 1614 3396 1684 Apostolus
3424 1614 3498 1670 ait
3527 1635 3540 1670 :
3574 1614 3678 1671 Per
3715 1633 3874 1671 unum

2277 1697 2532 1756 hominem
2574 1713 2833 1773 peccatum
2865 1704 3074 1759 intravit
3111 1705 3167 1760 in
3199 1705 3464 1772 mundum,
3499 1717 3545 1761 et
3575 1725 3666 1778 per
3691 1724 3876 1779 pecca-

2277 1796 2386 1843 tum
2411 1807 2566 1856 mors,
2594 1800 2642 1846 et
2675 1792 2752 1847 ita
2776 1793 2830 1848 in
2857 1810 3030 1850 omnes
3057 1794 3286 1850 homines
3325 1797 3638 1867 pertransiit,
3677 1797 3734 1852 in
3771 1815 3874 1870 quo

2277 1898 2448 1938 omnes
2475 1893 2802 1955 peccaverunt
2823 1883 2933 1959 (Id.
2962 1903 3016 1955 ν,
3051 1887 3117 1942 12
3146 1888 3186 1960 ).
3226 1888 3291 1944 Ει
3317 1901 3538 1944 necesse
3566 1897 3653 1945 est
3681 1899 3739 1944 ut
3766 1890 3874 1946 im-

2277 1973 2364 2043 pia
2388 1977 2732 2033 contentione
2753 1985 2984 2045 asserat,
3016 1993 3138 2034 esse
3163 1993 3320 2050 posse
3343 1978 3614 2046 homines,
3640 1980 3732 2051 qui
3757 1981 3877 2038 sine

2277 2067 2568 2124 mediatore
2594 2068 2806 2124 Christo
2836 2071 3097 2126 liherante
3122 2078 3284 2142 atque
3313 2071 3554 2128 salvante
3580 2071 3689 2128 sint
3719 2073 3873 2128 liberi

2277 2159 2517 2230 salvique
2539 2175 2570 2214 a
2596 2169 2836 2232 peccato;
2865 2177 2988 2217 cum
3019 2163 3106 2218 ille
3133 2163 3347 2229 dixerit,
3377 2163 3500 2218 Non
3529 2172 3600 2218 est
3629 2181 3759 2236 opus
3784 2181 3872 2220 sa-

2279 2248 2358 2302 nis
2379 2250 2623 2327 medicus,
2637 2251 2728 2305 sed
2738 2252 2869 2306 male
2887 2252 3201 2308 habentibus.
3227 2251 3348 2308 Non
3367 2254 3482 2310 veni
3497 2256 3871 2327 vocarejustos,

2285 2339 2393 2394 sed
2412 2322 2696 2412 pdccatores
2723 2341 2935 2416 (Matth.
2965 2359 3041 2410 tx,
3065 2343 3150 2408 12,
3179 2345 3304 2416 15).
3327 2343 3580 2416 Quisquis
3599 2322 3778 2401 autem
3795 2347 3876 2401 di-

2280 2431 2374 2496 cit,
2403 2439 2522 2502 post
2547 2441 2818 2503 acceptam
2839 2434 3208 2490 remissionem
3231 2445 3572 2506 peccatorum
3595 2437 3667 2492 ita
3689 2452 3873 2507 quem

2280 2537 2438 2592 quam
2465 2521 2736 2579 hominem
2756 2524 2899 2596 juste
2923 2525 3126 2582 vixisse
3147 2526 3199 2581 in
3226 2527 3326 2582 hac
3348 2541 3534 2593 carne,
3560 2529 3645 2583 vel
3672 2529 3868 2594 vivere,

2280 2624 2340 2670 ut
2363 2616 2564 2672 nullum
2587 2615 2784 2674 habeat
2801 2619 3022 2674 omnino
3058 2630 3368 2690 peccatum,
3392 2622 3716 2680 contradicit
3747 2639 3876 2696 apo-

2281 2709 2422 2763 stolo
2445 2707 2637 2764 Joauni
2662 2709 2752 2781 qui
2789 2711 2865 2766 ait
2893 2729 2906 2767 :
2934 2709 2995 2768 Si
3021 2712 3299 2769 dixerimus
3337 2715 3456 2786 quia
3484 2726 3748 2786 peccatum
3775 2735 3875 2773 non

2282 2797 2556 2865 habemus,
2597 2817 2690 2856 nos
2715 2801 2854 2872 ipsos
2880 2801 3194 2871 seducimus,
3227 2813 3274 2860 et
3311 2807 3496 2862 veritas
3523 2808 3575 2861 in
3606 2809 3749 2868 nobis
3777 2826 3878 2864 non

2293 2899 2366 2944 est
2406 2889 2459 2965 (l
2483 2891 2642 2946 Joan.
2673 2908 2712 2961 ι,
2737 2893 2830 2964 8).
2857 2892 2973 2949 Νοη
3005 2894 3147 2950 enim
3173 2896 3267 2964 ait,
3300 2897 3618 2965 habuimus;
3644 2900 3762 2968 sed,
3795 2901 3881 2956 ha.

2283 2980 2474 3037 bemus.
2505 2982 2662 3052 Quod
2689 2985 2736 3038 si
2767 2985 3045 3058 quisquam
3073 2987 3264 3042 asserit
3291 2987 3360 3044 de
3387 2989 3480 3044 illo
3507 2999 3730 3062 peccato
3757 3006 3882 3048 esse

2284 3072 2485 3128 dictum
2508 3116 2524 3142 ,
2555 3075 2699 3146 quod
2729 3075 2932 3132 habitat
2959 3078 3012 3132 in
3043 3093 3204 3134 carne
3234 3079 3445 3134 mortali
3475 3089 3658 3136 nostra
3684 3095 3879 3137 secun-

2283 3165 2410 3222 dum
2450 3167 2634 3222 vitium
2675 3167 2815 3236 quod
2845 3171 3114 3238 peccantis
3145 3171 3300 3240 primi
3331 3171 3565 3226 hominis
3605 3174 3880 3231 voluntate

2283 3265 2613 3310 contractum
2641 3268 2744 3324 est,
2771 3258 2924 3330 cujus
2947 3260 3146 3330 peccati
3173 3260 3453 3318 desideriis
3479 3277 3546 3317 ne
3566 3264 3880 3322 obcdiamus

2285 3345 2481 3402 Paulus
2502 3348 2790 3418 Apostolus
2817 3351 3059 3421 praecipit
3102 3350 3292 3422 (Rom.
3314 3369 3387 3420 Vl,
3411 3354 3480 3408 12
3497 3352 3538 3426 );
3569 3370 3677 3411 non
3701 3369 3880 3414 autem

2285 3454 2538 3510 peccare,
2571 3441 2661 3511 qui
2687 3441 2861 3498 eidem
2889 3453 3144 3514 peccato,
3175 3449 3418 3517 quamvis
3446 3449 3499 3504 in
3529 3465 3693 3506 carne
3730 3451 3879 3506 habi-

2285 3529 2448 3597 tanti,
2492 3530 2559 3584 ad
2586 3531 2788 3586 nullum
2814 3548 2950 3604 opus
2977 3535 3177 3590 malum
3204 3538 3425 3594 omnino
3449 3542 3758 3610 consensit,
3800 3543 3883 3598 vel

2285 3619 2430 3688 facti,
2455 3623 2540 3678 vel
2558 3623 2702 3690 dicti,
2732 3625 2816 3680 vel
2836 3626 3074 3696 cogitati,
3098 3629 3346 3698 quamvis
3364 3630 3475 3702 ipsa
3499 3635 3882 3704 concupiscen-

2287 3711 2360 3767 tia
2389 3723 2686 3782 moveatur,
2717 3731 2836 3786 quae
2863 3717 2968 3772 alio
2997 3718 3158 3774 modo
3187 3721 3392 3791 peccati
3420 3737 3618 3778 nomen
3649 3727 3878 3796 accepit,

2285 3803 2427 3874 quod
2463 3803 2515 3860 ei
2551 3807 2855 3863 consentire
2892 3823 3116 3878 peccare
3154 3811 3254 3878 sit,
3289 3813 3550 3884 nobisque
3595 3827 3884 3872 moveatur

2287 3895 2468 3953 invitis
2499 3915 2514 3952 :
2545 3898 2811 3954 subtiliter
2850 3900 3064 3971 quidem
3105 3901 3206 3957 ista
3240 3903 3529 3972 discernit,
3572 3905 3666 3962 sed
3710 3907 3887 3963 videat

2287 3987 2412 4059 quid
2433 3999 2618 4060 agatur
2635 3989 2704 4046 de
2727 3989 2994 4047 dominica
3013 3993 3276 4058 oratione,
3307 3994 3394 4050 ubi
3414 3995 3674 4051 dicimus:
3699 3996 3882 4052 Dimit.

2287 4089 2337 4136 te
2357 4081 2498 4137 nobis
2515 4082 2688 4138 debita
2705 4093 2881 4138 nostra
2902 4099 2922 4139 :
2940 4085 3101 4154 quod,
3126 4085 3230 4142 nisi
3251 4085 3430 4154 fallor,
3456 4102 3562 4142 non
3582 4104 3720 4158 opus
3741 4101 3888 4146 esset
3941 4133 3945 4136 .

2287 4173 2488 4241 dicere,
2515 4173 2561 4229 si
2587 4190 2878 4245 nunquam,
2903 4177 2994 4232 vel
3012 4176 3068 4231 in
3089 4178 3242 4248 lapsu
3266 4177 3480 4250 lingere,
3531 4181 3615 4236 vel
3649 4181 3704 4236 iu
3729 4183 3884 4238 ohlec

2287 4263 2480 4320 ctanda
2493 4266 2836 4336 cogitatione,
2853 4267 3094 4338 ejusdem
3109 4270 3315 4340 peccati
3339 4269 3617 4327 desideriis
3640 4274 3887 4344 aliquau-

2290 4356 2458 4413 tulum
2484 4359 2944 4425 consentiremus;
2971 4359 3066 4416 sed
3093 4361 3458 4418 tantummodo
3481 4363 3770 4420 dicendum
3795 4382 3884 4422 es-

2289 4457 2392 4515 set,
2439 4447 2670 4531 Ne\nos
2693 4451 2885 4520 inferas
2923 4452 2978 4506 in
3024 4453 3365 4520 tentationem,
3411 4455 3506 4512 sed
3521 4456 3680 4511 libera
3719 4475 3815 4512 nos
3853 4476 3888 4513 a

2291 4541 2426 4596 malo
2443 4540 2656 4614 (Matth.
2673 4557 2723 4596 vt
2732 4582 2746 4605 ,
2765 4541 2851 4609 12,
2869 4539 2980 4615 15).
2997 4542 3109 4600 Nec
3121 4542 3352 4601 Iacobus
3367 4548 3642 4616 apostolos
3655 4548 3884 4617 diceret,

2289 4630 2362 4687 In
2386 4632 2558 4688 multis
2585 4631 2891 4700 olfendimus
2916 4651 3090 4692 omnes
3131 4633 3348 4708 (Jacobi
3375 4653 3454 4706 tu,
3483 4639 3562 4711 2).
3590 4639 3710 4697 Non
3737 4643 3886 4699 enim

2290 4722 2514 4780 oﬁ‘endit
2531 4764 2548 4790 ,
2580 4725 2684 4802 nisi
2705 4725 2790 4781 cui
2817 4725 2958 4782 mala
2989 4728 3426 4798 concupiscentia
3454 4738 3642 4786 contra
3661 4731 3887 4802 justitia:

2290 4815 2550 4872 rationem
2576 4799 2875 4886 appetendo
2894 4831 2990 4872 seu
3010 4818 3247 4884 vitando,
3271 4816 3572 4876 faciendum
3593 4799 3682 4878 vel
3703 4821 3889 4878 dicen-

2289 4907 2419 4965 dum
2453 4910 2538 4966 vel
2575 4909 2918 4981 cogitandum
2945 4910 3179 4983 aliquid,
3208 4912 3354 4982 quod
3381 4928 3489 4969 non
3513 4913 3734 4982 debuit,
3771 4915 3890 4974 sive

2290 4999 2646 5065 fallens,.sive
2669 5002 2963 5072 praevalens
2989 5003 3292 5073 persuadet.
3322 5004 3642 5072 Postremo,
3666 5007 3714 5062 si
3735 5023 3892 5064 exce-

2292 5102 2386 5163 pto
2405 5093 2496 5149 illo
2515 5091 2701 5164 Capite
2723 5104 2932 5162 nostro,
2953 5095 3036 5150 sui
3057 5096 3300 5168 corporis
3319 5098 3611 5168 salvatore,
3633 5115 3892 5156 asserun-

2295 5195 2381 5240 tur
2406 5186 2494 5241 vel
2519 5187 2701 5254 fuisse,
2724 5189 2809 5242 vel
2831 5203 2952 5244 esse
2977 5188 3029 5243 in
3052 5187 3154 5244 bac
3173 5189 3284 5245 vita
3304 5185 3466 5262 aliqui
3485 5190 3734 5249 homines
3753 5193 3886 5265 justi

2293 5276 2409 5332 sine
2431 5278 2612 5348 aliquo
2636 5287 2876 5348 peccato,
2905 5279 3020 5336 sive
3043 5295 3313 5350 nunquam
3339 5283 3724 5339 consentiendo
3745 5284 3884 5339 desi-

2293 5367 2457 5424 deriis
2483 5370 2621 5439 ejus,
2645 5371 2758 5425 sive
2781 5370 2904 5441 quia
2925 5385 3022 5440 pro
3041 5370 3190 5426 nullo
3215 5380 3434 5441 peceato
3454 5370 3758 5429 habendum
3782 5383 3888 5442 est,

2295 5463 2436 5536 quod
2477 5473 2680 5520 tantum
2719 5475 2838 5532 est,
2869 5475 2926 5520 ut
2953 5464 3058 5522 hoc
3083 5465 3264 5537 pietati
3299 5466 3321 5498 ³
3355 5481 3464 5523 non
3493 5468 3720 5538 imputet
3744 5468 3892 5524 Deus

2360 5597 2506 5665 tsola
2532 5599 2682 5665 editio
2704 5605 2834 5661 Iron,
2853 5599 2954 5665 qui.
3076 5662 3104 5665 ,ί
3529 5663 3536 5665 _
3689 5664 3694 5665 γ
3761 5645 3773 5658 .

2359 5663 2476 5711 ’sic
2506 5662 2738 5712 meliores
2778 5662 2888 5712 uss.
2929 5669 2988 5714 At
3029 5662 3182 5724 editi,
3229 5667 3277 5716 et
3323 5671 3452 5715 Deus
3491 5663 3620 5716 sicut
3649 5663 3894 5718 vidmdus

2297 5730 2383 5856 es";
2399 5786 2704 5836 Corbeiensis
2735 5787 2888 5837 codex
2925 5794 2975 5837 ct
3023 5799 3149 5838 unus
3195 5798 3257 5837 ex
3293 5785 3498 5851 Belgicis
3531 5796 3669 5850 uss,
3717 5795 3770 5840 ut
3805 5788 3888 5839 los

2301 5855 2488 5897 ιιιινιιιεσ.

2301 5861 2488 5908 ιτιινιιιεσ.
