4202 6536
334 442 441 496 317
1195 444 1567 503 ADMONITIO
1605 448 1671 505 IN
1708 449 1965 508 LIBRUM
2009 452 2093 508 DE
2122 454 2364 511 GESTIS
2402 457 2698 516 PELAGII.
3524 474 3628 530 5l8

335 555 637 655 lquamvis
661 557 821 655 aliter
845 557 914 614 sit
940 557 1126 655 beatus
1148 557 1266 655 sine
1289 570 1531 630 peccato,
1564 561 1720 618 aliter
1750 573 1926 620 antem
2035 581 2104 622 ne
2144 568 2399 625 intremus
2437 572 2509 647 iu_
2532 575 2872 631 teutationcm
2918 575 2939 645 (
2969 588 3127 646 negat
3162 590 3341 635 autem
3388 581 3491 638 huc
3531 586 3621 655 qui

338 649 533 741 beatus
551 650 638 704 cui
661 665 766 708 non
788 650 1011 722 imputat
1030 653 1286 709 Dominus
1305 658 1925 730 peccatum(Psal.xth,
2031 660 2304 715 contendit
2345 663 2411 718 ad
2449 680 2557 719 non
2594 668 2919 735 peccandum
2952 670 3136 741 gratia:
3165 670 3256 724 Dei
3297 649 3619 739 adjutorium

338 740 395 797 θ.
414 740 455 813 ),
485 755 592 796 ιιοιι
624 741 783 798 nimis
809 743 1057 800 existimo
1081 745 1469 802 reluctandum.
1494 748 1617 804 Scio
1642 750 1783 805 enim
1807 750 1928 821 qui-
2035 765 2140 807 non
2169 767 2289 809 esse
2323 753 2523 810 homini
2557 762 2915 815 necessarium
2933 740 3078 827 ,ised
3108 761 3220 815 sola
3248 762 3364 830 lege
3392 770 3608 831 accepta

338 832 562 887 busdam
612 848 733 889 esse
769 834 943 891 visum
964 878 979 902 ,
1024 853 1249 908 quorum
1280 838 1349 895 de
1375 839 1476 896 hac
1512 855 1573 897 re
1610 844 1928 899 sententiam
2035 842 2317 899 humanam
2345 845 2592 903 sufﬁcere
2615 848 3017 923 voluntatem);
3045 850 3114 905 ab
3134 851 3352 905 auribus
3376 840 3613 905 omnium

340 941 446 981 non
485 925 660 982 audeo
697 927 1120 999 reprehendere,
1166 946 1467 1002 quanquam
1505 948 1603 989 nec
1640 932 1931 991 defendere
2033 936 2440 1007 removendum,
2463 948 2517 995 et
2535 956 2629 998 ore
2646 945 2887 1000 omnium
2906 943 3356 1001 anathemandutn
3378 958 3498 1001 esse
3520 961 3623 1001 non

340 1018 544 1075 valeam
565 1018 582 1051 ί
603 1058 619 1072 .
647 1018 753 1076 Sed
774 1019 929 1092 plane
948 1021 1188 1093 quisquis
1207 1032 1385 1094 negat,
1411 1039 1509 1081 nos
1531 1039 1686 1080 orare
1705 1026 1925 1093 debere,
2033 1025 2239 1083 dubito.

402 1150 420 1182 ί
443 1152 751 1215 nanusch
773 1150 1116 1205 tresGalllcani
1138 1160 1188 1206 et
1221 1154 1319 1208 duo
1341 1146 1814 1217 vatiammudeam.

1404 1493 1409 1499 ο
1458 1408 2523 1546 ADMONITIO

1348 1620 1434 1685 IN
1473 1621 1775 1685 LIBRUM
1815 1623 1922 1684 DE
1965 1621 2242 1687 casus
2281 1600 2626 1691 PELAGIl.

1799 1764 2170 1823 6W0

406 1869 772 1928 AnnoChristi
800 1872 1167 1945 415Pelagius
1190 1876 1331 1947 apud
1358 1876 1693 1935 Palaestinam
1723 1878 1941 1936 hzeresis
1982 1880 2304 1955 postulatus,
2326 1881 2380 1937 in
2415 1881 2672 1952 judicium
2702 1883 2871 1959 semel
2902 1892 3063 1954 atque
3087 1881 3283 1938 iterum
3324 1880 3626 1938 adducitur.

341 1960 400 2017 In
440 1963 615 2033 primo
637 1964 850 2035 quidem
893 1965 1113 2035 judicio,
1145 1968 1285 2038 quod
1324 1968 1561 2025 Joannes
1608 1970 2068 2044 Jerosolymorum
2117 1974 2401 2044 episcopus
2428 1974 2483 2028 in
2514 1975 2946 2047 presbyterorum
2994 1985 3268 2030 conventu
3295 1973 3385 2030 die
3410 1975 3628 2030 circiter
3686 2034 3694 2040 ,

339 2055 610 2126 trigesima
632 2056 754 2139 julii
780 2057 981 2124 habuit,
1008 2060 1151 2115 nulla
1197 2070 1344 2131 gesta
1374 2061 1615 2117 confecta
1645 2077 1765 2119 esse
1798 2065 1984 2131 scribit
2008 2066 2335 2136 Augustinus
2366 2067 2434 2124 in.
2457 2068 2818 2138 subsequente
2845 2067 3003 2132 libro,
3040 2083 3131 2121 nn.
3161 2066 3252 2132 53,
3272 2067 3361 2123 55.
3393 2066 3628 2135 Tempus

341 2147 503 2218 hujus
523 2158 820 2204 conventus
857 2164 921 2205 ac
944 2150 1083 2206 diem
1118 2152 1264 2207 licuit
1287 2153 1353 2208 ab
1391 2152 1579 2209 Oresio
1625 2154 1860 2225 Hispano
1897 2158 2208 2231 presbytero
2251 2159 2481 2223 discere,
2509 2158 2597 2228 qui
2640 2158 2930 2221 conventui
2971 2158 3148 2214 eidem
3180 2156 3439 2221 interfuit,
3468 2166 3521 2212 et
3557 2173 3622 2210 ex

336 2239 452 2310 ejus
481 2241 614 2295 actis
636 2241 888 2296 nonnulla
928 2252 1223 2297 memoratu
1249 2244 1405 2315 digna
1432 2246 1627 2301 litteris
1647 2247 1978 2317 consignavit
2004 2248 2055 2302 in
2083 2248 2341 2319 Apologia
2367 2264 2459 2303 sua
2493 2247 2568 2320 (a)
2600 2267 2613 2303 :
2638 2248 2726 2304 ubi
2756 2249 2928 2302 multis
2955 2263 3023 2303 ex
3062 2257 3286 2317 utraque
3308 2256 3458 2317 parte
3486 2248 3616 2300 acti-

337 2333 452 2387 tatis
469 2332 680 2388 tandem
708 2332 961 2389 Joannem
984 2335 1619 2405 episc0pumnorissimm1
1645 2340 1939 2394 sententiam
1959 2340 2230 2409 protulisse
2256 2341 2404 2408 dicit,
2433 2350 2488 2395 at
2517 2340 2586 2395 ad
2615 2342 2814 2395 beatum
2838 2338 3199 2395 Innocentium
3220 2355 3409 2411 papam
3438 2338 3622 2392 Roma-

337 2445 455 2482 num
484 2431 669 2501 fratres
695 2440 739 2484 ct
760 2431 987 2501 epistolw
1011 2432 1350 2499 mitterentur,
1381 2434 1625 2488 universis
1650 2433 1786 2504 quod
1814 2433 1902 2489 ille
1929 2434 2213 2489 decerneret
2238 2435 2507 2489 secuturis.

402 2520 646 2576 Alterum
693 2533 878 2593 postea
900 2523 1162 2596 judicium
1188 2540 1309 2582 cum
1338 2535 1611 2598 gestorum
1645 2526 2037 2597 conscriptione
2062 2526 2300 2583 habitum
2333 2525 2432 2581 fuit
2455 2525 2597 2597 apud
2641 2525 2958 2597 Diospolim,
2992 2525 3293 2581 Palaestina:
3315 2523 3528 2587 urbem,
3556 2523 3624 2577 ab

334 2611 1035 2684 episcopisqmtuordccim.
1071 2617 1319 2690 Singulos
1339 2619 1621 2689 episcopos
1658 2618 1771 2675 suis
1799 2620 2037 2690 ipsorum
2076 2620 2382 2675 nominibus
2408 2619 2589 2675 laudat
2617 2620 2943 2690 Augustinus
2972 2619 3026 2673 in
3075 2618 3216 2673 libro
3246 2618 3418 2688 primo
3436 2626 3623 2670 contra

334 2704 623 2772 Julianum,
657 2724 749 2763 nn.
781 2708 868 2777 l9,
908 2710 998 2777 52,
1026 2713 1130 2769 hoc
1157 2713 1348 2771 ordine
1372 2731 1385 2768 :
1413 2712 1719 2785 Eulogium,
1761 2713 2047 2782 Joannem,
2070 2715 2506 2781 Ammonianum,
2534 2715 2913 2789 Porphyrium,
2939 2716 3247 2780 Eutonium,
3276 2714 3629 2788 Porphyrium

335 2796 521 2884 alium,
542 2799 750 2869 Fidum,
768 2800 1050 2871 Zoninum,
1082 2804 1453 2873 Zoboennuut,
1477 2805 1880 2879 Nymphidium,
1900 2807 2289 2872 Chromatium,
2314 2808 2585 2874 Jovinum,
2614 2810 3001 2874 Eleutherinm,
3025 2808 3431 2866 etClematiutn.
3463 2810 3628 2863 Porro

335 2888 462 2959 quin
489 2890 743 2963 Eulogius
766 2893 881 2964 ipse
906 2893 1268 2953 Ccesareensis
1300 2898 1584 2969 episcopus
1604 2912 1669 2955 ac
1704 2899 1994 2968 provincia:
2023 2898 2322 2955 Palaestinae
2352 2899 2549 2969 primas
2580 2898 2754 2965 fuerit,
2798 2899 3019 2970 ambigit
3058 2914 3218 2955 nemo
3248 2916 3261 2953 :
3294 2900 3488 2970 quippe
3507 2913 3623 2953 cum

342 2980 463 3037 aliis
485 2982 735 3038 tredecim
760 2985 1045 3055 episcopis,
1075 2987 1288 3056 ipsimet
1315 2988 1475 3043 etiam
1491 2987 1681 3044 Joanni
1707 2988 2179 3061 Jerosol‘ymitano,
2213 2997 2524 3043 constanter
2555 2989 2625 3043 ab
2654 2990 2953 3060 Augustino
2975 2998 3337 3060 praeponatur.

405 3071 676 3145 Synodum
717 3075 890 3130 Natali
919 3077 1194 3133 Dominico
1224 3079 1534 3135 imminente
1558 3081 1881 3136 celebratam
1909 3079 2257 3152 intelligimus
2280 3094 2347 3135 ex
2376 3077 2596 3136 Luci-ani
2626 3082 2853 3151 epistola
2880 3082 2949 3136 de
2992 3080 3343 3137 Revelatione
3385 3082 3629 3151 corporis

336 3163 593 3233 Stephani
623 3167 872 3237 martyris
902 3166 996 3239 (b).
1042 3167 1173 3222 Nam
1220 3169 1309 3225 ubi
1333 3170 1570 3225 narravit
1593 3180 1704 3226 tres
1732 3171 1969 3226 visiones
1996 3185 2140 3225 anno
2168 3170 2273 3226 415
2293 3169 2396 3226 sibi
2422 3170 2675 3226 divinitus
2701 3181 2965 3234 ostensus.
3000 3171 3224 3241 primam
3242 3171 3329 3227 die
3357 3171 3510 3227 tertia
3531 3172 3627 3226 de-

336 3256 589 3325 cembris,
616 3258 905 3313 secundam
937 3258 1026 3314 die
1054 3259 1278 3329 decima,
1314 3262 1523 3317 tertiam
1555 3261 1642 3319 die
1665 3261 1873 3319 decima
1918 3262 2168 3332 septima,
2195 3272 2414 3333 tumque
2442 3277 2502 3320 se
2524 3262 2714 3318 Joanni
2751 3263 2890 3335 apud
2934 3262 3326 3335 Jerosolymam
3352 3279 3465 3318 rem
3492 3278 3629 3316 tuni-

402 1264 755 1272 -——————.~

357 1303 750 1313 -————_—.

802 1307 2907 1337 Ἥ

238 3348 247 3355 ’
340 3350 522 3419 tiasse,
536 3350 638 3405 sibi
666 3366 797 3406 vero
819 3351 887 3406 ab
910 3351 1118 3409 Joanne
1159 3354 1366 3423 jnssum
1388 3364 1447 3409 ut
1469 3354 1773 3425 sepulcrum
1812 3352 2006 3410 ell'ossa
2051 3362 2193 3408 terra
2217 3361 2516 3424 qtuereret:
2547 3362 2771 3409 testatur
2817 3353 3013 3409 deinde
3046 3368 3107 3408 se
3136 3363 3348 3423 reperto
3376 3353 3621 3423 sepulcra

338 3457 464 3500 mox
487 3443 556 3499 ad
579 3443 841 3500 Joannem
887 3459 1102 3500 rursum
1128 3446 1347 3515 adiisse,
1372 3463 1487 3502 cum
1514 3456 1660 3515 esset,
1692 3448 1787 3515 ait,
1805 3448 1861 3501 in
1886 3445 2075 3511 Lidda,
2105 3461 2224 3516 qua:
2247 3456 2320 3503 est
2368 3446 2647 3517 Diospolis,
2680 3445 2934 3518 synodum
2961 3462 3136 3518 agens.
3167 3446 3281 3501 Hoc
3298 3446 3631 3500 nimirum'in

337 3536 482 3593 diem
507 3538 725 3603 circiter
773 3540 1082 3610 vigesimum
1133 3542 1359 3610 primam
1384 3541 1685 3598 decembris
1722 3539 1952 3595 incidit:
1983 3539 2247 3610 siquidem
2299 3539 2473 3610 pergit
2513 3538 2800 3607 Lucianus,
2824 3538 3083 3594 Joannem
3123 3537 3410 3606 assumptis
3451 3550 3632 3591 secum

338 3628 459 3685 aliis
482 3629 689 3686 duobus
711 3632 996 3703 episc0pis,
1023 3633 1252 3687 Emoaio
1267 3633 1596 3699 Sebastensi,
1638 3643 1693 3689 et
1718 3630 2029 3688 Eleutherio
2052 3630 2442 3698 Jerichontino,
2462 3631 2692 3700 venisse,
2711 3642 2874 3711 atque
2909 3629 2974 3685 iis
3007 3629 3357 3700 prmscutibus
3384 3627 3632 3700 Martyris

338 3728 586 3799 reliquias
614 3728 703 3785 die
729 3730 984 3800 vigesima
1004 3741 1152 3786 sexta
1183 3730 1423 3802 ejusdem
1447 3731 1649 3786 mensis
1674 3730 1959 3785 translatas
1981 3725 2165 3783 fuisse.

411 3821 607 3891 Pelagii
627 3836 841 3876 causam
875 3823 927 3876 in
958 3824 1164 3895 synodo
1203 3821 1510 3879 defendisse
1551 3823 1825 3877 Annianus
1848 3819 2067 3892 quidam
2106 3819 2363 3875 diaconus
2388 3816 2699 3873 Celedensis
2738 3824 2971 3886 putatur,
3000 3812 3223 3869 eruditis
3270 3813 3540 3867 nonnullis
3565 3813 3634 3868 de

342 3914 445 3969 hoc
468 3914 713 3979 diacono,
738 3931 896 3985 quam
935 3917 1003 3971 de
1052 3916 1300 3988 Pelagio,
1338 3915 1543 3972 facilius
1594 3916 2070 3987 interpretantibus
2112 3915 2495 3987 Hieronymum
2547 3913 2739 3987 Alypio
2767 3920 2821 3967 et
2851 3898 3166 3982 Augustino,
3207 3911 3435 3981 epistola
3479 3909 3618 3964 inter

338 4008 752 4079 Augustinianas
770 4008 896 4073 202,
929 4026 982 4063 ιι.
1009 4009 1066 4077 2,
1111 4011 1467 4066 scribentem:
1500 4008 1760 4081 Quidquid
1788 4010 1921 4064 enim
1938 4010 1991 4064 in
2015 4009 2107 4063 illa
2134 4007 2406 4062 miserabili
2425 4007 2620 4073 synodo
2653 4005 3007 4076 Diospolitana
3042 4005 3231 4060 dixisse
3248 4021 3302 4058 se
3327 4006 3558 4075 denegat,
3581 4003 3635 4056 in

337 4101 436 4155 hoc
482 4117 633 4173 opere
678 4102 964 4173 proﬁtetur.
992 4101 1095 4160 Ubi
1140 4103 1554 4175 DiOSpolitanam
1600 4103 1865 4176 synodum
1892 4101 2248 4172 Hieronymus
2297 4098 2657 4154 miserabilem
2684 4098 2837 4165 dixit,
2890 4114 2995 4151 non
3040 4097 3110 4152 ob
3136 4097 3297 4161 aliud,
3328 4097 3629 4166 opinamur.

337 4194 441 4249 nisi
458 4193 598 4265 quod
626 4209 656 4250 a
682 4194 896 4266 Pelagio
924 4194 1165 4252 delusam
1190 4212 1256 4252 ex
1276 4197 1410 4252 actis
1434 4205 1800 4268 cognosceret.
1830 4195 2171 4252 Innocentius
2207 4208 2342 4264 papa
2370 4192 2501 4247 visis
2543 4190 2732 4247 iisdem
2781 4192 2915 4245 actis
2966 4192 3240 4262 professus
3280 4200 3382 4258 est,
3428 4204 3487 4245 se
3532 4206 3633 4243 non
3670 4190 3687 4197 '

339 4299 502 4355 posse,
547 4286 919 4358 episcoporum
965 4286 1172 4343 illorum
1219 4304 1311 4343 nec
1354 4288 1597 4359 culpare,
1639 4303 1729 4345 nec
1771 4290 2053 4359 approbare
2091 4285 2348 4360 judicium
2392 4284 2583 4357 (epist.
2632 4282 2757 4347 185,
2800 4285 2931 4338 inter
2976 4284 3408 4355 Augustinianas,
3460 4299 3513 4336 τι.
3543 4282 3624 4353 4).

315 4376 606 4443 Caeterum
636 4379 962 4451 Augustinus
991 4376 1135 4437 illos
1164 4380 1217 4436 in
1267 4381 1629 4451 subsequente
1657 4380 1814 4445 libro,
1848 4397 1902 4434 ιι.
1947 4382 2004 4450 4,
2034 4381 2151 4451 pios
2185 4377 2417 4448 judices,
2444 4386 2498 4433 et
2521 4376 2661 4432 libro
2706 4374 2883 4447 primo
2919 4385 3103 4431 Contra
3130 4375 3421 4439 Julianum,
3451 4392 3505 4430 ιι.
3539 4374 3632 4441 19,

339 4472 633 4529 catholicos
654 4473 863 4546 judiccs
891 4486 1061 4542 vocat,
1104 4476 1192 4547 qui
1238 4476 1509 4547 Pelagium
1538 4476 1781 4547 objectos
1828 4477 1929 4532 sibi
1960 4492 2173 4533 errores
2202 4476 2521 4547 ejurantem,
2551 4475 2795 4532 arbitrati
2844 4474 3194 4542 catholicum,
3239 4474 3632 4530 absolverunt:

340 4584 485 4638 smpe
511 4583 641 4625 vero
666 4570 883 4625 eosdem
913 4569 1313 4642 quatuordecim
1344 4571 1608 4626 antistites
1631 4580 1815 4627 centra
1831 4570 2100 4626 Julianum
2122 4570 2359 4626 veritatis
2387 4570 2665 4628 catholica:
2695 4577 2861 4626 testes
2886 4571 3037 4626 citat.

415 4661 705 4736 DcSynodi
736 4664 918 4735 gestis,
952 4672 1144 4734 praeter
1182 4664 1443 4730 auditum,
1474 4663 1604 4720 nihil
1634 4664 1831 4720 habere
1860 4680 1919 4719 se
1960 4663 2292 4735 significabat
2328 4665 2379 4719 in
2409 4664 2656 4735 epistolis
2688 4665 2813 4729 175,
2844 4681 2899 4718 ιι.
2931 4665 3043 4731 4,et
3066 4664 3191 4731 177,
3219 4679 3273 4717 ιι.
3294 4661 3353 4730 2,
3379 4662 3447 4716 ad
3464 4661 3626 4716 Inno-

339 4757 573 4813 centium
602 4755 737 4809 datis
760 4771 902 4810 anno
920 4754 1045 4812 416.
1063 4756 1128 4811 Et
1141 4754 1932 4827 Joannem‘Jerosolymitannin
1962 4765 2020 4811 ut
2047 4755 2131 4809 illa
2172 4756 2274 4811 sibi
2316 4756 2724 4823 transmitteret,
2754 4757 2912 4812 enixe
2962 4756 3195 4827 petebat,
3227 4754 3450 4824 epistula
3476 4753 3579 4809 179
3609 4792 3627 4819 ,

343 4868 401 4907 ιι.
421 4852 478 4906 4.
498 4849 604 4904 Sed
650 4866 711 4905 ea
742 4865 905 4920 penes
931 4850 1104 4919 ipsum
1132 4860 1308 4921 erant,
1349 4865 1472 4906 cum
1495 4850 1773 4921 epistolam
1802 4848 1910 4905 186
1932 4848 2000 4903 ad
2029 4848 2309 4904 Paulinum
2339 4849 2483 4904 circa
2528 4849 2764 4905 medium
2790 4864 2990 4903 annum
3015 4849 3117 4903 417
3148 4848 3380 4917 scripsit.
3410 4847 3508 4903 llic
3529 4847 3614 4902 ita

341 4959 445 5014 que
473 4943 625 5008 liber,
640 4951 761 5012 post
781 4952 998 5013 accepta
1030 4951 1176 5013 gesta
1197 4943 1452 4997 continuo
1478 4942 1672 5009 editus,
1720 4941 1784 4997 ad
1812 4942 2020 4997 initium
2048 4940 2289 5011 ejusdem
2308 4940 2434 4995 anni
2470 4941 2575 4996 417
2597 4949 2897 4996 revocatur.

415 5036 527 5091 Etsi
555 5046 730 5089 autem
758 5035 861 5091 hoc
879 5051 1015 5107 opus
1046 5035 1245 5090 inlibro
1267 5035 1334 5091 de
1356 5035 1582 5091 Peccato
1620 5035 1885 5106 originali,
1937 5050 1991 5089 ιι.
2024 5034 2112 5100 lii,
2134 5043 2369 5098 vocetur,
2398 5030 2477 5087 De
2505 5031 2670 5088 Gestis
2716 5030 3042 5095 Palaestinis;
3077 5046 3184 5101 quo
3205 5028 3254 5084 id
3286 5030 3456 5101 ipsum
3481 5024 3655 5085 titule

343 5128 586 5199 designat
610 5127 841 5199 Prosper
866 5128 918 5183 in
969 5128 1104 5184 libro
1128 5140 1313 5185 contra
1356 5126 1697 5195 Cullatnrem,
1720 5143 1838 5197 cap.
1867 5128 1965 5193 45;
1994 5136 2170 5183 tanien
2202 5124 2481 5183 retinenda
2512 5124 2808 5195 inscriptio,
2842 5124 2919 5180 De
2961 5121 3124 5179 Gestis
3164 5123 3383 5196 Pelagii,
3416 5139 3534 5194 qua:
3575 5132 3629 5178 et

339 5220 574 5291 antiquis
588 5220 999 5290 exemplaribus,
1028 5230 1082 5276 et
1109 5221 1209 5292 ipsi
1238 5221 1618 5277 Retractationi
1657 5222 1836 5289 cperis
1862 5219 1881 5290 (
1909 5220 2126 5275 lletract.
2157 5219 2248 5274 lib.
2277 5218 2313 5273 2
2338 5259 2354 5286 ,
2392 5235 2508 5290 cap.
2540 5219 2609 5274 47
2633 5218 2676 5290 ),
2703 5219 2771 5275 ab
2799 5218 3095 5290 Augustino
3124 5218 3417 5288 recognita,
3445 5218 3630 5289 pnelt-
3658 5272 3665 5275 _

339 5315 502 5383 gitur.
526 5313 618 5369 Sic
636 5312 886 5370 videlicet
912 5329 1048 5383 opus
1072 5312 1363 5384 inscripsit,
1386 5315 1499 5369 sive
1524 5314 1660 5384 quod
1694 5315 1806 5380 jam
1837 5313 1991 5383 vulgo
2018 5322 2290 5382 receptum
2322 5321 2485 5376 esset,
2510 5319 2567 5367 ut
2591 5320 2741 5383 gesta
2770 5311 2970 5383 Pelagii
3001 5309 3437 5383 purgationisque
3469 5309 3642 5380 ipsius

343 5404 652 5458 dicerentur
675 5400 1057 5483 (c),quibus'se
1079 5404 1226 5459 illum
1261 5414 1539 5474 purgatura
1582 5405 1851 5473 jactabat;
1885 5404 1998 5459 sive
2025 5403 2169 5474 quod
2198 5402 2285 5457 hic
2313 5402 2577 5474 agendum
2616 5412 2763 5461 esset
2790 5404 2860 5460 de
2881 5404 3011 5473 ipsis
3047 5404 3211 5473 gestis
3230 5418 3347 5472 qn:e
3377 5401 3516 5456 idem
3544 5400 3629 5454 ille

343 5496 492 5565 prius
532 5495 788 5553 emiserat
830 5496 1065 5552 breviata
1108 5506 1165 5554 et
1216 5504 1487 5567 corrupta.
1541 5495 1674 5551 llinc
1715 5494 1991 5550 Possidius
2045 5496 2097 5551 in
2145 5494 2403 5563 lndiculo,
2454 5509 2577 5568 cap.
2637 5496 2707 5564 4,
2762 5495 2952 5553 Contra
3008 5495 3157 5550 Gesta
3206 5493 3406 5566 Pelagii
3446 5492 3637 5547 librum

340 5587 687 5658 nuncupavit.
2980 5586 2987 5591 '

424 5680 504 5738 Ex
535 5695 602 5736 eo
629 5679 766 5735 libro
809 5678 1031 5735 Photius
1061 5680 1439 5751 Diospolitantc
1486 5678 1673 5751 synodi
1699 5677 1938 5734 notitiam
1968 5678 2110 5750 cepit
2138 5692 2395 5749 perquam
2435 5687 2757 5747 accuratam,
2787 5686 2840 5734 et
2878 5676 3215 5735 bibliothCCx
3244 5688 3354 5729 sua:
3375 5665 3637 5725 codic15l

405 5792 481 5973 Eni
514 5791 633 5841 Vide
657 5791 799 5851 inira,
824 5791 1037 5854 Append.
1065 5801 1202 5853 parte
1225 5792 1272 5841 ‘2.
1372 5846 1379 5852 _

429 5853 455 5903 lt
511 5861 674 5903 Exstat
697 5856 745 5904 in
771 5854 1043 5916 Appendice
1071 5858 1182 5903 tonti
1207 5856 1255 5902 7.

429 5931 453 5961 τ
512 5918 607 5965 illi.
635 5916 698 5965 de
725 5919 880 5965 Custis
908 5916 1097 5973 I‘t-lngii,
1138 5931 1179 5963 ιι.
1211 5917 1286 5963 εὖ.

429 5853 477 5916 lt)
511 5861 674 5903 Exstat
697 5856 745 5904 in
771 5853 1043 5916 Appendice
1071 5858 1182 5903 tonti
1207 5856 1255 5902 7.

429 5916 477 5963 ri
512 5918 607 5965 iiii.
635 5916 698 5965 de
725 5919 880 5965 Custis
908 5916 1097 5975 I‘t-lagii,
1138 5931 1179 5963 ιι.
1211 5917 1286 5963 εὖ.
