4202 6532
620 447 727 506 319
1655 442 1742 497 DE
1780 440 2024 499 GESTIS
2065 437 2359 506 PELAGII,
2398 438 2456 494 S.
2497 436 2873 494 AUGUSTINI
3790 438 3885 493 Sitti

617 554 1010 613 commendavit
1037 557 1137 628 (α).
1166 555 1336 625 Atque
1363 553 1486 608 hinc
1516 553 1780 624 intelligas
1809 569 1931 610 eum
1959 551 2238 621 Augustini
2260 550 2453 605 librum
2483 566 2549 604 ex
2573 549 2676 603 illis
2696 564 2835 616 esse,
2883 563 3020 620 quos
3047 549 3100 604 in
3128 563 3361 620 graecum
3389 565 3693 607 sermonem
3726 561 3888 607 trans-

623 655 755 703 latos
786 655 965 702 narrat
993 646 1264 702 Possidius
1302 647 1356 699 in
1384 646 1501 715 ejus
1527 644 1664 710 Vita,
1695 660 1812 712 cap.
1831 645 1890 698 11
1918 644 1998 697 vel
2018 642 2111 707 21,
2142 658 2198 697 ιι.
2240 641 2329 697 59.
2357 642 2629 695 Aurelium
2661 643 2853 709 ipsum,
2885 642 2970 696 cui
2997 640 3132 696 liber
3171 642 3401 712 scriptus
3437 650 3542 707 est,
3567 642 3889 715 Carthaginis

620 740 927 810 episcopum
956 739 1174 795 Photius
1201 738 1420 805 ibidem,
1453 746 1503 791 ct
1531 746 1655 792 ante
1701 737 1849 791 illum
1897 735 2129 804 ProSper
2150 734 2202 789 in
2243 732 2378 787 libro
2399 744 2582 788 contra
2611 730 2957 801 Collaturem,
3001 748 3121 805 cap.
3150 733 3241 800 43,
3293 734 3598 804 appellavit.
3630 734 3685 789 ld
3712 735 3757 790 si
3793 751 3890 791 non

619 834 846 888 docebat
871 833 995 888 olim
1027 832 1229 897 titulus,
1252 832 1411 886 ambo
1431 846 1499 885 ex
1521 829 1639 884 libri
1666 829 1913 896 lectione,
1941 844 1996 882 ιι.
2020 826 2110 891 25,
2140 826 2287 881 nullo
2316 827 2528 896 negotio
2548 834 2942 896 compererunt.

683 926 756 988 (α)
789 924 906 974 Vide
929 923 1070 985 infra,
1094 923 1307 987 Appeud.
1331 930 1469 987 parte
1491 921 1538 971 2.
1787 928 1847 970 at.

1710 1032 1998 1039 —.___——

930 1036 1061 1043 *Δ

1074 1036 1345 1045 ...μ--ορ
1362 1036 1413 1040 -.

1614 1070 1959 1079 ---νσ--ς-ν

1426 1073 1607 1080 .__._.___..

1016 1074 1195 1081 ..τ-...-

1208 1074 1423 1081 .—————

2572 1068 2826 1075 *βῆς-Η
2864 1070 3011 1075 ..α-..-
3032 1070 3127 1076 -μγ-ο
3152 1070 3277 1076 ..σς‹.--,
3302 1074 3313 1075 γ
3348 1071 3381 1076 συ

702 1138 785 1197 In
811 1136 1041 1199 librum
1063 1135 1139 1197 de
1176 1135 1384 1196 Gestis
1415 1133 1677 1213 Pelagii,
1707 1130 1847 1213 cide
1872 1129 1979 1192 lib.
2012 1130 2074 1201 2,
2109 1148 2247 1209 cap.
2278 1126 2357 1213 {t7
2377 1173 2393 1201 ,
2422 1128 3007 1213 Retractationum,
3058 1129 3219 1213 t._§,
3252 1128 3370 1190 col.
3423 1128 3580 1204 6&9,
3611 1148 3651 1189 a
3676 1128 3891 1198 verbis.

621 1217 742 1277 Per
766 1216 933 1277 idem
963 1220 1238 1293 tempus,
1272 1232 1462 1294 usque
1483 1208 1803 1279 ad'verbo,
1830 1208 2258 1287 Posteaquam
2285 1208 2352 1268 in
2379 1224 2610 1268 manus
2641 1212 2917 1269 nostras.
3121 1208 3186 1269 Μ

1154 1378 1315 1526 S.
1392 1376 2217 1522 AURELII
2290 1373 3390 1521 AUGUSTINI

1623 1570 2384 1655 HIPPONENSIS
2418 1569 2950 1654 EPISCOPI

631 1735 1045 1993 DE
1189 1725 2368 1955 GESTIS
2538 1725 3897 1985 PELAGII

1376 2094 1594 2233 an
1652 2084 2324 2233 aurelium
2406 2084 3155 2270 episcopum.
3222 2242 3249 2283 __

1670 2322 2154 2433 LIBER
2225 2321 2632 2433 UNUS
2665 2325 2692 2381 ¹
2744 2324 2856 2436 (⁸).

2035 2489 2507 2546 εθῗὲἒῤοῦἓθϐ)

683 2595 876 2660 singula
891 2595 1276 2657 errorumcapita
1291 2590 1484 2660 Pelagio
1505 2590 1631 2660 apud
1645 2589 1942 2660 Palaestinam
1955 2586 2193 2660 synodum
2215 2587 2409 2650 objecta
2425 2622 2447 2660 ,_
2464 2602 2582 2660 cum;
2600 2590 2821 2660 ejusdem
2843 2592 2901 2643 ad
2924 2592 3006 2644 illa
3028 2598 3445 2660 responsionibus,
3469 2601 3741 2653 minuaris;
3763 2616 3898 2655 exc“.

623 2648 826 2711 tutntur.
849 2666 1125 2720 Quanquam
1147 2648 1313 2724 autem
1336 2648 1689 2724 absolutionem
1710 2666 1739 2724 ξι
1758 2651 1942 2724 synodo
1964 2648 2188 2724 lielagius
2222 2648 2513 2724 consecutus
2528 2653 2609 2709 sit,
2626 2648 2770 2724 in_eo
2783 2662 2957 2724 _tamen
2977 2648 3206 2724 residere
3224 2648 3385 2724 adhuc
3403 2648 3740 2724 έίιέρίξὶδῖξειῆ
3750 2648 3898 2716 lia-3;;

622 2735 769 2792 suos,
793 2712 1027 2792 monstrat
1042 2718 1335 2792 Augustinus
1356 2730 1369 2792 ς
1391 2712 1959 2792 νες-ᾲςῃξειξιςμιξρξξιὶηεω
1979 2712 2149 2777 Synodi
2165 2713 2414 2762 sententia
2435 2714 2506 2763 sic
2529 2726 2642 2764 esse
2665 2715 2938 2767 absolutum
2959 2752 2975 2779 ,
3000 2726 3053 2768 ut
3074 2719 3175 2781 ipsa
3194 2720 3398 2773 haeresis
3412 2761 3427 2785 ,
3462 2712 3839 2792 piam;
3851 2712 3896 2777 in

619 2776 855 2847 judicium
876 2782 1042 2841 venit,
1068 2776 1400 2830 incunctanter
1421 2776 1644 2827 damnata
1662 2776 1825 2826 fuerit.

695 2870 749 2925 1.
805 2867 1155 2937 Posteaquam
1200 2866 1256 2920 in
1298 2877 1489 2919 manus
1527 2872 1738 2918 nostras
1764 2862 1820 2928 ⁸,
1848 2868 2034 2916 sancte
2076 2873 2214 2930 papa

623 2959 841 3024 Aureli,
874 2958 1234 3015 ecclesiastica
1258 2966 1408 3028 gesta
1429 2963 1725 3022 venerunt,
1755 2954 1843 3011 ubi
1873 2953 2121 3023 Pelagius
2146 2952 2214 3008 ab

622 3052 891 3123 episcopis
912 3050 1312 3122 quatuordecim
1343 3048 1632 3120 provinciae
1658 3048 1962 3104 Palaestinas
1987 3046 2217 3103 catholi-

622 3162 720 3202 cus
748 3154 831 3200 est
869 3145 1237 3215 pronuntiatus
1257 3185 1272 3211 ,
1305 3142 1573 3198 cunctatio
1596 3156 1715 3197 mea
1745 3140 2030 3196 terminum
2054 3154 2214 3195 acce-

623 3237 733 3307 pit,
761 3252 864 3307 qua
898 3235 1169 3291 disserere
1201 3233 1402 3305 aliquid
1440 3233 1651 3304 plenius
1677 3239 1837 3303 atque
1865 3230 2116 3287 fidentius
2146 3229 2214 3285 de

624 3328 739 3399 ipsa
768 3329 883 3399 ejus
908 3327 1221 3401 defensigne
1255 3326 1584 3382 dubitabam.
1630 3324 1781 3380 lianc
1820 3323 1967 3385 enim
2004 3323 2115 3393 jam
2157 3324 2212 3377 in

624 3417 850 3489 quadam
868 3417 1134 3485 chartula,
1152 3433 1310 3488 quam
1329 3417 1457 3472 mihi
1475 3417 1589 3487 ipse
1606 3416 1845 3480 miserat,
1863 3414 2095 3485 legeram
2114 3412 2213 3486 (ὁ).

623 3508 728 3564 Sed
741 3508 861 3579 quia
880 3508 996 3580 ejus
1017 3524 1137 3563 cum
1168 3508 1254 3562 illa
1271 3508 1440 3563 nullas
1458 3522 1487 3562 a
1507 3523 1566 3563 se
1592 3506 1664 3580 (c)
1681 3505 2048 3561 dataslitteras
2068 3519 2216 3561 sum-

622 3616 834 3671 pseram
855 3642 871 3668 ,
901 3602 1124 3656 verebar
1168 3616 1236 3655 ne
1274 3598 1472 3670 aliquid
1496 3598 1652 3654 aliter
1680 3598 1732 3652 in
1763 3597 1898 3653 meis
1929 3597 2104 3652 verbis
2132 3596 2215 3651 in-

624 3692 916 3758 veniretur,
946 3706 1105 3762 quam
1129 3691 1395 3761 legeretur
1416 3675 1808 3760 episcopalibus
1831 3687 1995 3757 gestis
2020 3699 2212 3756 :atque

625 3783 697 3836 ita
748 3783 968 3837 forsitan
1020 3790 1247 3851 negante
1293 3782 1507 3852 Pelagio
1545 3780 1687 3851 quod
1736 3780 1851 3849 ipse
1895 3778 2023 3833 milii
2068 3778 2212 3833 illam

622 3872 918 3929 chartulam
950 3874 1174 3941 miserit,
1207 3874 1456 3943 quoniam
1487 3872 1641 3928 facile
1666 3870 1909 3926 convinci
1939 3884 2047 3925 uno
2077 3878 2211 3924 teste

625 3980 735 4020 non
764 3973 964 4035 posset,
996 3982 1095 4036 ego
1123 3966 1300 4036 potius
1323 3965 1390 4019 ab
1415 3965 1481 4020 iis
1510 3964 1598 4035 qui
1629 3962 1679 4017 ci
1710 3963 1921 4034 neganti
1953 3962 2213 4023 faverent.

625 4064 717 4110 aut
744 4058 1031 4128 supposita
1062 4058 1340 4122 falsitatis,
1370 4064 1498 4123 aut,
1528 4065 1585 4109 ut
1612 4054 1795 4110 mitius
1819 4054 2012 4120 dicam,
2043 4061 2215 4110 teme-

626 4149 781 4202 rariae
826 4149 1160 4205 credulitatis
1198 4163 1474 4219 arguerer.
1523 4147 1675 4203 Nunc
1699 4162 1832 4218 ergo
1855 4162 1975 4201 cum
2004 4163 2063 4202 ea
2094 4164 2217 4218 per-

630 4248 799 4293 tracto
825 4255 944 4310 qua:
984 4250 1130 4311 gesta
1165 4250 1426 4293 testantur
1449 4237 1505 4305 ³,
1534 4238 1645 4305 jam
1685 4234 2103 4308 quantum'mihi
2132 4238 2214 4292 vi-

625 4328 781 4383 detur
806 4329 848 4396 ⁸,
879 4340 1055 4385 utrum
1084 4345 1180 4401 pro
1201 4346 1261 4385 se
1290 4329 1380 4384 ille
1410 4330 1488 4383 sic
1513 4328 1705 4399 (gerit,
1733 4327 2065 4384 dubitatione
2086 4329 2215 4384 sub-

2319 2857 2444 2922 lata,
2474 2859 2711 2929 profectu
2731 2872 2786 2916 et
2804 2862 2869 2918 de
2890 2863 3055 2933 ipsius
3081 2864 3414 2933 defensione,
3447 2879 3502 2923 et
3520 2869 3590 2925 de
3618 2870 3721 2927 hoc
3743 2886 3896 2942 opere

2319 2962 2506 3007 nostro
2530 2953 2796 3010 Sanctitas
2827 2963 2937 3024 tua,
2963 2966 3123 3029 atque
3148 2960 3325 3016 omnis
3350 2961 3440 3032 qui
3466 2961 3677 3032 legerit,
3704 2962 3896 3020 facilius

2319 3054 2375 3101 et
2402 3047 2600 3101 certius
2620 3047 2901 3115 judicabit.

2391 3138 2617 3195 CAPUT
2654 3140 2941 3197 PRIMUM.
2972 3172 3046 3183 —
3072 3143 3127 3198 2.
3171 3144 3411 3199 Primum
3456 3146 3640 3216 itaque
3681 3148 3897 3203 Domino

2320 3229 2453 3295 Deo,
2473 3231 2667 3286 rectori
2690 3232 3005 3313 custodique
3029 3250 3150 3290 meo
3179 3235 3222 3301 ί,
3245 3235 3540 3292 ineffabiles
3560 3253 3665 3308 ago
3688 3239 3895 3309 gratias,

2319 3322 2462 3393 quod
2502 3338 2589 3378 me
2629 3322 2698 3378 de
2735 3325 2935 3379 sanctis
2962 3325 3217 3381 fratribus
3240 3334 3296 3381 et
3320 3328 3659 3398 coepiscopis
3686 3330 3893 3395 nostris,

2319 3415 2410 3485 qui
2440 3415 2492 3469 in
2522 3430 2587 3469 ea
2613 3430 2772 3470 causa
2809 3416 3018 3485 judices
3052 3418 3447 3485 consederunt,
3473 3420 3660 3489 opinio
3688 3436 3791 3476 non
3820 3420 3897 3476 fe‘

2320 3505 2473 3562 fellit.
2498 3506 2894 3575 Responsiones
2917 3509 3058 3564 enim
3079 3509 3194 3580 ejus
3217 3524 3321 3565 non
3349 3510 3621 3565 immerito
3650 3512 3898 3582 approba-

2318 3607 2533 3662 verunt,
2566 3612 2672 3652 non
2697 3607 2947 3653 curantes
2972 3599 3241 3668 quomodo
3268 3615 3330 3656 ea
3355 3616 3476 3670 qua:
3495 3601 3895 3669 objiciebantur,

2321 3688 2378 3742 in
2402 3689 2671 3758 opusculis
2699 3690 2808 3743 suis
2833 3691 3093 3759 posuerit,
3112 3690 3208 3746 sed
3231 3690 3357 3760 quid
3377 3690 3446 3746 de
3469 3692 3551 3745 liis
3570 3692 3623 3746 in
3659 3691 3896 3763 praesenti

2320 3782 2712 3835 examinatione
2754 3782 3110 3851 reSponderit.
3148 3783 3268 3837 Alia
3298 3792 3379 3839 est
3405 3783 3548 3839 enim
3578 3801 3740 3839 causa
3783 3785 3896 3839 ﬁdei

2322 3885 2429 3925 non
2451 3886 2614 3936 sanae,
2634 3870 2738 3926 alia
2766 3872 3048 3927 locutionis
3069 3873 3314 3929 incautae.
3341 3875 3579 3944 Denique
3605 3877 3660 3929 in
3682 3876 3765 3930 bis
3787 3890 3900 3945 qua!

2322 3963 2391 4017 de
2421 3964 2629 4030 libello,
2656 3979 2813 4033 quem
2839 3964 3100 4019 dederunt
3130 3963 3206 4037 (ιι)
3237 3968 3404 4019 sancti
3432 3965 3625 4021 fratres
3649 3976 3700 4022 et
3726 3967 3893 4037 coepio

2322 4056 2469 4123 sc0pi
2501 4056 2667 4109 nostri
2688 4054 2844 4121 Galli,
2874 4056 3044 4111 lleros
3064 4065 3114 4110 et
3142 4057 3397 4124 Lazarus,
3423 4057 3512 4127 qui
3542 4067 3763 4127 propter
3785 4071 3900 4128 gra-

2321 4161 2439 4201 vem
2495 4146 2664 4219 (sicut
2711 4156 2895 4218 postea
2941 4147 3269 4216 probabilius
3314 4146 3710 4221 comperimus)
3751 4148 3898 4203 unius

2321 4253 2506 4293 eorum
2550 4238 2958 4309 mgritudincm,
2993 4250 3286 4308 prrcseutes
3328 4255 3449 4294 esse
3487 4240 3707 4295 minime
3751 4249 3896 4310 potu-

2320 4341 2500 4397 erunt,
2523 4332 2743 4386 recitata
2767 4340 2889 4387 sunt
2908 4332 3113 4402 objecta
3136 4331 3373 4402 Pelagio,
3394 4331 3522 4387 illud
3543 4342 3629 4388 est
3654 4334 3898 4403 primum,

1794 4435 1989 4474 ADMONI
2002 4438 2013 4471 Ι
2027 4436 2077 4475 ΙΟ
2114 4437 2195 4475 PP.
2238 4438 2335 4478 BEN
2344 4439 2716 4479 EDICTINOIIUII.

680 4514 819 4581 Liber
839 4513 904 4563 de
925 4514 1082 4581 Gestis
1120 4511 1298 4581 Pelagii
1333 4513 1400 4581 ab_
1420 4512 1688 4561 innumeris
1731 4510 1924 4581 mendis
1947 4521 2179 4581 purgatus
2224 4522 2318 4581 est-
2336 4514 2519 4581 auxilio
2556 4523 2783 4581 veterum
2812 4515 3184 4581 exemplarium,
3207 4515 3428 4581 Gallicani
3452 4520 3653 4581 quidem
3675 4520 3818 4568 unius
3840 4532 3897 4567 ex

620 4576 909 4644 bibliotheca
932 4574 1221 4644 colbertina,
1240 4574 1543 4644 'et_ttalorum
1561 4574 2010 4644 quatuorht‘tpmani
2024 4574 2225 4644 scilicet,
2243 4578 2383 4644 cujus
2401 4578 2645 4644 variantes
2668 4576 2904 4627 lectiones
2925 4574 2985 4626 ad
3009 4591 3142 4644 orant
3157 4574 3231 4628 sui
3256 4580 3364 4628 libri
3389 4574 3617 4629 Vols-erus
3639 4582 3899 4644 adscripsit,

620 4647 673 4691 et
693 4637 895 4704 aliorum
920 4639 1064 4687 trium
1085 4636 1518 4704 manuscriptorum
1541 4633 1650 4704 quae
1670 4635 1722 4704 in,
1735 4633 2041 4685 bibliothecis
2063 4640 2215 4704 Magni
2241 4633 2380 4687 Du'cis
2400 4639 3002 4704 Florentizeasservantur.
3022 4640 3268 4704 Editiones
3287 4654 3432 4703 porro
3450 4644 3674 4702 ejusdem
3688 4633 3897 4703 opusculi

619 4709 824 4765 quatuor
847 4701 977 4748 inter
999 4712 1055 4747 se
1076 4698 1390 4765 contulimus:
1412 4696 1561 4753 Vels.,
1586 4696 1631 4743 id
1657 4702 1748 4756 est,
1773 4710 1885 4765 quze
1908 4706 2057 4765 marco
2075 4700 2275 4749 \‘elsero
2299 4706 2350 4749 et
2373 4702 2574 4765 Antonio
2592 4701 2792 4765 velsero
2810 4703 3191 4765 procurantilius,
3215 4696 3339 4751 anno
3353 4696 3521 4752 Christi
3544 4704 3655 4752 16H
3681 4696 3899 4765 Augusta:

619 4761 972 4812 Vindelimrum
994 4761 1213 4809 confecta
1236 4766 1342 4819 est;
1363 4766 1413 4808 et
1432 4767 1584 4816 Suam,
1607 4770 1718 4820 quae
1742 4771 1831 4820 per
1855 4761 2153 4809 Franciscum
2175 4769 2349 4809 Suarez
2369 4762 2431 4810 ab
2464 4762 2751 4824 exemplari,
2810 4761 2905 4813 iiod
2925 4763 3016 4825 ipsi
3039 4764 3109 4812 vir
3134 4764 3371 4822 eruditus,
3400 4771 3451 4813 et
3473 4767 3620 4823 omni,
3642 4772 3696 4814 ut
3714 4761 3794 4821 ait,
3812 4764 3899 4813 fide
3950 4798 3955 4803 .

619 4826 797 4874 dianus
818 4823 970 4874 dedit.
988 4834 1225 4874 expressa
1250 4827 1344 4874 est.
1368 4826 1516 4874 atque
1540 4827 1646 4874 post
1687 4820 1838 4874 ipsius
1855 4820 2040 4870 obitum
2062 4823 2109 4870 in
2137 4822 2486 4874 nroleaomeno
2508 4833 2654 4874 sexto
2675 4826 2734 4874 ad
2760 4777 2907 4874 libros
2948 4826 3014 4874 de
3056 4828 3227 4874 Gratia.
3265 4828 3424 4874 canite
3448 4828 3657 4874 sertimo
3681 4826 3897 4874 vulcani:

2778 4841 2791 4874 ι

618 4826 797 4892 dignus
816 4823 970 4892 dedit,
988 4834 1225 4892 expressa
1250 4827 1344 4879 est,
1368 4826 1516 4892 atque
1540 4827 1646 4881 post
1687 4820 1838 4892 ipsius
1855 4820 2040 4892 obitum
2062 4823 2109 4892 in
2137 4822 2486 4892 prolegomene
2508 4820 2654 4874 sexto
2675 4826 2734 4892 ad
2760 4825 2773 4873 l

2850 4838 2907 4874 os
2948 4826 3014 4874 de
3056 4828 3227 4884 Gratia,
3265 4828 3424 4888 capite
3448 4828 3657 4888 septimo
3681 4826 3897 4887 vulgata;

622 4882 741 4936 item
766 4885 1031 4952 editionem
1054 4882 1182 4952 tuas,
1206 4896 1334 4952 qua}.
1354 4883 1579 4952 nimirum
1605 4895 1681 4952 ex_
1714 4882 1939 4952 bernardi
1973 4885 2098 4952 atasii
2123 4882 2310 4952 cilicina
2334 4886 2509 4952 prodiit
2529 4888 2735 4947 Lovanii,
2768 4901 2895 4939 anno
2920 4887 3066 4949 1647;
3091 4899 3149 4939 ac
3178 4882 3394 4951 denique
3417 4882 3574 4952 \‘ign.,
3599 4889 3646 4937 id
3671 4882 3789 4949 est,“
3800 4899 3900 4937 eam

622 4962 763 5009 quam
787 4947 1103 5009 Hieronymus
1129 4954 1147 4991 \
1160 4944 1399 5007 iguierius
1422 4945 1469 4991 in
1488 4944 1830 5006 augustiniano
1849 4946 2195 5007 supplemento
2219 4948 2298 4996 edi
2321 4944 2523 4998 curavit.

701 5035 1208 5115 Comparavimus
1230 5044 1533 5114 prcctcrea
1561 5052 1658 5094 eas
1690 5052 1894 5094 omnes
1923 5032 2225 5096 editiones
2259 5036 2449 5101 initio
2473 5039 2644 5100 Retr.
2669 5046 2725 5098 et
2745 5036 3056 5113 Confess.,
3087 5048 3133 5099 t.
3164 5039 3222 5111 1,
3256 5044 3642 5100 memoratas.
3740 5036 3801 5101 Μ

686 5136 702 5166 ι
724 5135 910 5199 Titulus
930 5136 979 5199 in
1003 5135 1299 5199 editionibus
1320 5142 1457 5185 erat:
1486 5132 1594 5184 Divi
1628 5132 1793 5199 iurelu'
1818 5134 2064 5199 augustiui
2084 5134 2203 5199 Hip-

620 5196 840 5260 poneusis
862 5195 1074 5260 episcopi
1095 5197 1213 5247 liber
1236 5198 1301 5260 ad
1331 5204 1550 5248 sam-tum
1571 5198 1847 5260 episcopum
1874 5195 2112 5260 {arcuum
2147 5195 2209 5246 de

620 5256 770 5366 uisu.-
791 5256 994 5329 .Pelagii,
1019 5256 1186 5308 contra
1202 5259 1503 5311 adversarios
1524 5256 1699 5323 gratia:
1721 5256 1911 5309 Βοηηηὶ
1932 5260 2079 5309 nostri
2097 5268 2211 5309 Jcsu

620 5329 657 5366 (Ἰ
675 5330 814 5366 υἰδιι.

620 5329 814 5370 (Ἰηίδιι.

682 5383 704 5413 ⁸
728 5382 879 5431 Rditio
901 5380 1086 5431 Velseri
1114 5390 1165 5433 et
1184 5382 1488 5433 Culliertinus
1524 5378 1849 5442 Ms.,"restras.
1878 5387 1929 5430 At
1953 5381 2001 5429 in
2040 5382 2212 5432 editio-

622 5443 766 5493 nibus
778 5442 887 5493 aliis
905 5446 1213 5494 emendatum
1237 5454 1330 5503 est,
1354 5454 1538 5495 nastras
1567 5458 1585 5495 :
1610 5447 1788 5494 merito
1810 5444 2009 5503 quidem
2035 5452 2087 5493 et
2108 5444 2211 5492 suf-

622 5505 842 5565 fragante
867 5505 991 5555 libro
1007 5507 1221 5557 secundo
1246 5510 1665 5565 nenactationum,
1690 5519 1794 5563 cap.
1821 5505 1900 5553 47.

686 5564 801 5617 "sic
822 5577 1023 5617 veteres
1044 5569 1253 5628 codices,
1279 5570 1529 5618 Vatiramts
1555 5578 1604 5619 et
1641 5564 1960 5617 (Jolbertinus.
1985 5564 2103 5615 Editi
2129 5579 2213 5616 ve-

622 5640 678 5677 ro
690 5641 712 5695 _:
734 5638 865 5695 Nunc
883 5636 1125 5695 pertracto
1141 5643 1255 5695 ergo
1275 5643 1385 5694 qua:
1405 5639 1536 5695 gestu
1559 5636 1808 5681 testantur.

685 5688 1092 5757 ξιξιιῖιξοξιέιδειιί
1129 5688 1342 5743 omnium
1382 5688 1550 5756 prima.
1580 5702 1631 5743 et
1670 5700 1793 5753 uss,
1831 5688 1941 5753 jam
1984 5695 2214 5754 quartum

624 5751 747 5801 mihi
770 5752 985 5801 videbar.

684 5821 756 5929 ἔα)
791 5818 997 5876 Str-inus
1019 5817 1111 5864 sub
1134 5816 1319 5867 initium
1342 5819 1453 5867 anni
1486 5817 1560 5872 ll.

705 5876 754 5929 bi
793 5877 904 5924 κὶείυ
930 5878 1067 5929 infra.
1095 5893 1142 5927 η.
1168 5880 1245 5928 57.

705 5876 754 5929 bi
793 5877 904 5924 κὶείυ
930 5878 1067 5936 infra,
1095 5893 1142 5927 η.
1168 5880 1245 5928 57.

684 5938 754 6000 (ί)
788 5946 940 6000 torte,
969 5942 1031 5990 ad
1057 5954 1150 5992 me.

2384 5142 2399 5171 ι
2426 5138 2730 5188 Colbertinus
2760 5147 2859 5199 Ms,
2879 5146 3055 5189 nostra.

2381 5202 2455 5263 (α)
2488 5201 2685 5264 Eulogio
2707 5202 2970 5265 episcopo:
3016 5201 3156 5266 infra,
3184 5215 3233 5253 n.
3257 5202 3306 5253 9.
