4202 6522
310 332 408 392 δυ
1756 329 1961 387 LIBER
2001 330 2202 388 usus.

312 449 458 523 quod
484 450 542 510 in
570 449 711 506 libro
733 463 832 506 suo
855 445 1086 519 quodam
1111 446 1329 514 scribit,
1371 465 1390 500 ι
1438 445 1554 503 Non
1598 463 1756 518 posse
1783 463 1904 504 esse

315 546 436 599 sine
461 549 707 613 peccato,
733 538 836 596 nisi
865 539 955 611 qui
981 537 1116 610 legis
1139 537 1418 594 scientiam
1450 536 1714 594 habuerit.
1747 557 1765 591 ι
1791 537 1910 606 Quo

319 635 546 692 recitato
583 633 834 709 Synodus
864 631 1038 688 dixit:
1067 651 1088 686 ι
1118 631 1198 688 Tu
1225 632 1326 688 hoc
1349 631 1597 700 edidisti,
1626 633 1846 704 Pelagi?
1886 653 1905 686 ι

316 729 386 782 At
414 726 505 783 ille
533 725 809 798 respondit
834 742 869 803 τ’
891 743 910 778 ι
940 726 1053 796 Ego
1079 725 1294 797 quidem
1333 725 1442 780 dixi
1465 765 1480 791 ,
1512 725 1608 780 sed
1637 741 1742 780 non
1775 727 1913 784 sicut

317 819 392 874 illi
424 818 733 890 iutelliguut
757 835 769 871 :
796 833 900 872 non
925 817 1056 884 dixi,
1076 831 1180 872 non
1203 832 1360 887 posse
1379 832 1601 888 peccare
1625 817 1713 888 qui
1736 819 1912 874 scien-

319 912 446 965 tiam
477 909 608 980 legis
633 906 912 974 habuerit;
941 909 1058 972 sed,
1082 907 1324 978 adjuvari
1351 924 1446 977 per
1470 909 1600 979 legis
1631 909 1908 964 scientiam

319 1004 384 1060 :nl
413 1021 520 1058 non
547 1001 896 1074 peccandum,
930 1002 1070 1056 sicut
1092 1002 1348 1071 scriptum
1379 1011 1482 1063 est,
1514 1000 1701 1072 Legem
1729 1002 1782 1056 in
1811 1001 1910 1056 ad-

322 1100 565 1164 iutorium
594 1097 730 1152 dedit
758 1097 863 1152 illis
887 1117 906 1150 ›
928 1095 1080 1169 (Isai.
1105 1111 1219 1163 th,
1235 1095 1328 1165 20,
1351 1113 1449 1150 sec.
1474 1095 1662 1160 LXX).
1684 1095 1796 1152 Hoc
1811 1113 1910 1152 au-

319 1191 454 1252 dito,
483 1189 734 1261 Synodus
759 1189 928 1244 dixit:
963 1207 982 1242 ι
1018 1187 1134 1244 Non
1169 1197 1294 1243 sunt
1321 1189 1494 1244 aliena
1532 1190 1601 1245 ab
1640 1189 1910 1258 Ecclesia,

319 1299 438 1351 «pne
480 1281 619 1336 dicta
657 1289 783 1336 sunt
824 1295 854 1334 a
895 1280 1131 1351 Pelagio.
1167 1300 1186 1334 ι
1224 1281 1388 1336 Plane
1415 1281 1590 1336 aliena
1617 1297 1723 1337 non
1751 1291 1910 1350 sunt,

319 1390 441 1441 qua:
483 1370 794 1442 respotultt:
821 1369 949 1426 illud
977 1387 1104 1426 vero
1129 1372 1269 1442 quod
1310 1371 1379 1428 de
1418 1372 1557 1428 libro
1584 1373 1703 1443 ejus
1735 1373 1914 1443 prola-

321 1475 432 1518 tum
463 1472 564 1529 est,
597 1461 742 1516 aliud
771 1471 943 1518 sonat.
975 1459 1081 1518 Sed
1112 1467 1212 1518 hoc
1239 1463 1497 1534 episcopi,
1527 1462 1701 1520 Graeci
1735 1463 1911 1519 homi-

322 1570 436 1618 nes,
467 1565 520 1609 et
547 1565 608 1606 ea
639 1554 796 1608 verba
825 1569 920 1622 per
950 1554 1292 1624 interpretem
1323 1555 1619 1622 audientes,
1644 1555 1914 1612 discutere

322 1663 430 1701 non
462 1656 742 1712 curarunt;
777 1649 880 1702 hoc
908 1655 1110 1702 tantum
1141 1648 1430 1714 intuentes,
1453 1650 1578 1719 quid
1608 1651 1697 1706 ille
1721 1639 1917 1722 quiin-

322 1740 727 1810 terrogabatur,
765 1741 1000 1796 sensisse
1028 1755 1086 1796 se
1113 1741 1343 1807 diceret,
1374 1759 1480 1797 non
1511 1743 1704 1814 quibus
1735 1745 1916 1800 verbis

319 1831 511 1886 eadem
541 1833 803 1888 sententia
837 1833 888 1886 in
920 1833 1036 1904 ejus
1067 1833 1204 1889 libro
1231 1836 1430 1906 scripta
1458 1837 1748 1893 diceretur.

395 1926 452 1976 5.
488 1925 644 1979 Aliud
675 1933 758 1980 est
783 1933 960 1980 autem
985 1966 1002 1993 ,
1032 1924 1306 1982 hominem
1346 1944 1441 1998 per
1465 1929 1741 1985 scientiam
1783 1930 1916 2002 legis

321 2016 390 2069 ad
422 2031 526 2069 non
557 2015 882 2084 peccandum
911 2017 1180 2087 adjuvari;
1209 2029 1263 2074 et
1288 2019 1429 2076 aliud
1460 2029 1572 2088 est,
1599 2037 1705 2077 non
1749 2037 1909 2094 posse

323 2123 446 2162 esse
485 2108 600 2162 sine
638 2116 894 2178 peccato,
926 2109 1027 2163 nisi
1055 2110 1145 2179 qui
1175 2111 1452 2167 scientiam
1485 2112 1619 2184 legis
1650 2113 1912 2171 habuerit.

325 2199 459 2254 Cum
481 2199 624 2254 enim
648 2201 664 2230 ¹
687 2198 996 2269 videamus,
1009 2204 1238 2273 exempli
1264 2204 1456 2275 gratia,
1486 2213 1542 2259 et
1565 2206 1681 2261 sine
1707 2207 1918 2263 tribulis

325 2305 480 2344 areas
519 2290 752 2344 triturari
775 2331 789 2348 .
820 2291 1063 2361 quamvis
1091 2292 1350 2362 adjuvent
1387 2295 1432 2350 si
1474 2295 1682 2363 adsint;
1714 2305 1769 2352 et
1801 2298 1918 2353 sine

327 2382 628 2452 prcdagogis
653 2398 810 2452 posse
834 2398 1027 2452 pueros
1055 2401 1278 2456 pergere
1309 2388 1362 2442 in
1389 2387 1649 2456 scholam,
1675 2393 1918 2461 quamvis

327 2474 394 2527 ad
422 2472 524 2528 hoc
551 2488 657 2528 non
684 2474 792 2528 sint
817 2474 1022 2529 inutilia
1052 2475 1461 2548 paedagogorum
1487 2479 1829 2546 adiumenta;
1865 2493 1920 2540 et

328 2565 528 2620 multos
576 2565 694 2621 sine
741 2565 964 2622 medicis
1011 2566 1079 2623 ab
1131 2569 1450 2640 aegritudine
1499 2573 1914 2640 convalescere,

328 2655 572 2726 quamvis
601 2655 878 2711 manifesta
903 2657 1014 2712 sint
1037 2657 1301 2729 adjutoria
1329 2660 1690 2725 medicorum;
1721 2673 1776 2719 et
1799 2662 1920 2720 aliis

327 2747 464 2804 cibis
479 2747 595 2804 sine
620 2763 755 2818 pane
774 2747 1020 2806 homines
1039 2750 1244 2820 vivere,
1267 2753 1508 2824 quamvis
1532 2754 1684 2826 panis
1709 2754 1920 2826 adjuto-

329 2840 468 2896 rium
496 2843 672 2898 valere
716 2843 1005 2913 plurimum
1041 2860 1148 2900 non
1187 2857 1440 2917 negetur;
1491 2858 1546 2905 et
1583 2849 1684 2904 alia
1715 2851 1918 2918 multa,

331 2948 451 3002 qua:
479 2933 634 2988 nobis
664 2934 961 2990 tacentibus
985 2937 1239 3008 cogitanti
1267 2937 1424 2995 facile
1457 2950 1778 2996 occurrunt:
1799 2958 1922 3014 pro-

331 3025 467 3080 fecto
491 3025 842 3084 admonemur
865 3028 1252 3099 adjutoriorum
1279 3047 1477 3102 genera
1504 3048 1626 3088 esse
1651 3033 1778 3090 duo.
1800 3034 1919 3090 Alia

331 3118 526 3188 quippe
551 3129 696 3185 sunt,
729 3119 850 3176 sine
875 3121 1070 3191 quibus
1095 3120 1225 3178 illud
1255 3123 1321 3178 ad
1350 3123 1491 3194 quod
1516 3124 1802 3196 adjuvant,
1834 3125 1920 3181 ef-

333 3208 417 3263 fici
461 3224 564 3263 non
609 3219 813 3281 potest;
841 3211 982 3267 sicut
1004 3212 1121 3270 sine
1145 3214 1272 3269 navi
1299 3216 1514 3286 navigat
1533 3232 1724 3282 nemo,
1760 3232 1922 3273 nemo

331 3303 448 3357 sine
472 3317 603 3358 voce
628 3303 880 3374 loquitur,
908 3320 1067 3360 nemo
1089 3305 1206 3362 sine
1232 3306 1456 3378 pedibus
1481 3309 1738 3380 graditur,
1764 3325 1923 3366 nemo

331 3395 450 3449 sine
493 3395 612 3450 lucc
659 3396 926 3464 intuetur,
973 3407 1028 3454 et
1069 3399 1232 3454 multa
1278 3401 1620 3473 hujusmodi:
1659 3403 1799 3459 unde
1840 3413 1924 3460 est

332 3485 492 3539 etiam
537 3485 664 3559 illud
688 3529 704 3554 ,
737 3488 876 3558 quod
905 3505 1063 3543 nemo
1092 3491 1210 3546 sine
1252 3492 1346 3549 Dei
1389 3493 1556 3564 gratia
1596 3505 1747 3550 recte
1774 3496 1920 3550 vivit.

334 3577 451 3631 Alia
479 3592 610 3632 vero
645 3587 770 3633 sunt
803 3579 1065 3650 adjutoria
1088 3624 1104 3650 ,
1135 3583 1330 3654 quibus
1374 3585 1452 3640 sic
1497 3585 1832 3656 adjuvamnr,
1862 3594 1924 3642 ut

333 3669 494 3726 etiam
531 3671 578 3726 si
613 3670 824 3737 desint,
856 3674 1024 3743 possit
1061 3677 1166 3731 alio
1200 3679 1360 3732 modo
1393 3681 1505 3734 fieri
1535 3690 1751 3751 propter
1779 3681 1920 3752 quod

333 3777 397 3816 ea
437 3762 759 3833 requirimus
793 3781 806 3818 :
843 3766 980 3822 sicut
1015 3766 1103 3821 illa
1147 3779 1272 3823 sunt
1309 3786 1428 3840 qua:
1473 3775 1918 3840 commemoravi;

334 3854 524 3910 tribula
553 3854 620 3910 ad
646 3855 824 3926 fruges
847 3851 1458 3935 te’rendasfpardagogus
1478 3865 1543 3920 ad
1581 3883 1798 3936 puerum
1822 3869 1922 3924 du-

332 3947 584 4015 cendum,
614 3949 1058 4007 medicamentum
1087 3952 1317 4010 humana
1345 3966 1461 4013 arte
1486 3959 1785 4016 confectum
1809 3964 1829 3995 ³
1855 3963 1921 4020 ad

333 4039 693 4108 recipiendam
723 4041 968 4117 salutem,
995 4054 1049 4099 et
1073 4056 1269 4101 caetera
1293 4047 1436 4102 talia.
1456 4049 1813 4116 Quaerendum
1841 4064 1924 4111 est

334 4130 528 4201 igitur,
572 4148 637 4186 ex
679 4149 787 4204 quo
832 4134 1058 4190 duorum
1103 4137 1323 4193 istorum
1375 4156 1630 4210 generum
1676 4145 1745 4198 sit
1791 4147 1922 4218 legis

336 4223 558 4278 scicntia
576 4223 620 4290 ³,
641 4224 690 4278 id
718 4235 822 4290 est,
842 4228 1109 4297 quomodo
1125 4229 1340 4300 adjuvet
1354 4235 1418 4288 ad
1441 4252 1545 4292 nou
1571 4241 1919 4309 peccandum.

334 4313 395 4370 Si
437 4330 504 4370 eo
552 4315 742 4381 modo,
777 4326 834 4371 ιιι
873 4319 988 4373 sine
1033 4320 1120 4375 illa
1161 4321 1263 4378 hoc
1287 4322 1309 4354 ⁸
1335 4340 1439 4380 neu
1473 4331 1641 4398 possit
1673 4332 1920 4404 impleri;

334 4422 442 4460 non
469 4409 638 4462 solum
669 4408 914 4481 Pelagius
944 4427 1126 4467 verum
1163 4418 1438 4486 respondit
1477 4421 1529 4476 in
1565 4422 1796 4493 judicio,
1829 4427 1922 4482 sed

334 4499 496 4552 etiam
526 4515 710 4554 verum
752 4502 968 4572 scripsit
1012 4505 1064 4560 in
1101 4507 1241 4563 libro
1269 4527 1282 4564 :
1310 4511 1354 4566 si
1382 4528 1512 4568 vero
1541 4531 1606 4570 eo
1633 4519 1826 4588 modo,
1868 4530 1924 4576 ut

335 4591 554 4662 adjuvet
575 4593 786 4662 quidem
810 4597 852 4650 si
874 4597 1125 4664 adfuerit,
1152 4606 1318 4670 possit
1342 4616 1517 4662 tamen
1542 4609 1670 4665 illud
1691 4612 1758 4667 ad
1781 4616 1921 4684 quod

331 4685 515 4755 juvat,
541 4686 649 4740 alio
674 4687 834 4742 modo
861 4691 1243 4756 lieri,‘etiantsi
1287 4696 1384 4751 ista
1429 4698 1692 4769 defuerit;
1735 4721 1924 4764 verum

335 4778 552 4849 quidem
591 4780 867 4849 respondit
907 4784 958 4838 in
995 4784 1232 4854 judicio,
1263 4791 1405 4858 quod
1437 4795 1628 4849 merito
1657 4797 1924 4870 epise0pis

338 4871 552 4940 placuit,
583 4890 603 4924 ε
636 4871 874 4942 adjuvari
901 4874 1172 4934 hominem
1203 4881 1270 4936 ad
1298 4897 1403 4938 neu
1434 4891 1760 4954 peccandum
1792 4893 1924 4963 legis

335 4963 587 5032 scientia;
625 4984 644 5018 ι
677 4967 770 5022 sed
818 4984 922 5024 non
967 4986 1152 5026 verum
1199 4974 1414 5046 scripsit
1461 4979 1513 5034 in
1563 4981 1730 5050 libro,
1765 5003 1783 5037 ι
1819 5003 1922 5042 non

335 5070 458 5113 esse
486 5057 754 5114 hominem
785 5061 900 5116 sine
931 5074 1182 5132 peccato,
1213 5069 1315 5123 nisi
1357 5072 1445 5138 qui
1487 5073 1762 5130 scientiam
1793 5079 1925 5150 legis

335 5147 604 5212 habuerit,
636 5169 656 5203 ι
683 5151 821 5222 quod
848 5153 1203 5212 iudiscnssum
1230 5159 1438 5228 leiiCCS
1469 5164 1814 5236 reliquerunt,
1847 5147 1927 5226 la-

336 5241 431 5295 tini
456 5243 722 5296 sermonis
750 5245 939 5314 ignari,
967 5257 1020 5304 et
1045 5248 1162 5320 ejus
1181 5251 1270 5322 qni
1296 5268 1510 5310 causam
1538 5257 1771 5327 dicebat,
1798 5278 1928 5318 cou-

333 5331 566 5388 fessione
594 5337 863 5402 contenti;
903 5341 1197 5408 prmsertim
1245 5345 1333 5400 ubi
1373 5362 1440 5401 ex
1479 5349 1704 5406 adverso
1749 5354 1926 5410 nullus

333 5426 562 5494 astabat,
593 5429 682 5498 qui
709 5429 872 5484 verba
898 5430 1016 5487 libri
1046 5433 1166 5504 ejus
1185 5439 1504 5505 exponendo
1525 5442 1736 5511 aperire
1761 5445 1927 5501 inter-

400 5560 420 5641 :
443 5562 529 5641 illa
546 5561 847 5641 partiiulam,
864 5567 1016 5641 enim,
1043 5582 1108 5641 es
1131 5577 1383 5639 manuscri;
1405 5578 1466 5626 tis
1489 5578 1768 5641 adjecimus.

399 5622 421 5691 ξ
443 5622 646 5691 l.r_\'_ss..
674 5625 970 5680 luuttanimte
992 5622 1258 5691 confertum

404 5684 422 5714 ³
448 5692 458 5730 t
479 5688 598 5734 .litio
615 5700 770 5746 >uar.,
792 5698 852 5738 ut
874 5691 984 5742 (alia
1005 5684 1218 5745 scientia.

333 5751 421 5857 bc;
451 5751 564 5798 tittiti
594 5757 646 5798 et
674 5757 797 5809 vss,
824 5751 946 5803 har.
974 5759 1250 5818 Legendmn
1275 5761 1482 5825 videtur,
1507 5764 1626 5825 lex;
1649 5765 1729 5816 vel
1749 5772 1926 5832 potius,

3507 344 3655 402 39.2.

2025 456 2226 519 pretem
2251 457 2487 520 cogeret,
2510 460 2670 522 atque
2688 452 2831 510 unde
2856 453 3046 511 fratres
3071 471 3176 511 non
3208 457 3400 515 frustra
3423 476 3612 518 move-

2019 551 2223 608 rentur,
2245 541 2550 598 ostendere.
2572 542 2884 600 Paucissimi
2903 547 3098 618 quippe
3117 557 3243 604 sunt
3268 551 3398 621 legis
3421 555 3574 621 periti
3590 573 3607 608 :

2019 631 2412 688 multitudinem
2433 641 2610 689 autem
2635 635 2997 691 membrorum
3015 639 3208 692 Christi
3227 625 3610 714 usquequaque

2017 721 2287 792 diffusam,
2316 733 2373 781 et
2397 723 2531 797 legis
2562 733 2669 780 tam
2702 727 2980 796 profundae
3007 743 3073 785 ac
3101 730 3410 803 multiplicis
3441 733 3612 804 impe-

2018 815 2196 878 ritam,
2225 815 2483 886 simplicis
2509 815 2629 873 fidei
2657 818 2828 888 pietas
2855 829 2910 874 et
2935 835 3060 891 spes
3085 819 3391 878 firmissima
3415 825 3466 879 in
3500 825 3611 881 Deo

2019 915 2073 961 ct
2097 905 2330 962 charitas
2370 908 2577 964 sincera
2611 912 2988 982 commendat,
3021 930 3142 985 quae
3171 914 3258 973 his
3285 916 3441 972 donis
3469 935 3612 990 pra:-

2017 997 2127 1054 dita
2151 1041 2166 1065 ,
2199 1001 2365 1071 gratia
2394 1001 2489 1056 Dei
2517 1015 2577 1058 se
2605 1004 2828 1060 confidit
2855 1020 2884 1059 a
2916 1009 3148 1076 peccatis
3181 1025 3336 1080 posse
3362 1011 3611 1078 mandari

2018 1105 2118 1160 per
2139 1090 2318 1146 Jesum
2347 1091 2618 1149 Christum
2649 1095 2934 1151 Dominum
2962 1111 3226 1156 nostrum.

2087 1182 2317 1240 CAPUT
2356 1183 2420 1239 ll.
2449 1215 2522 1225 --
2547 1185 2602 1240 ὁ.
2634 1186 2716 1241 Ad
2749 1187 2848 1243 hoc
2871 1189 2914 1244 si
2945 1189 3085 1244 forte
3112 1191 3356 1262 Pelagius
3382 1208 3611 1264 reSpon-

2017 1272 2190 1342 deret,
2220 1273 2358 1330 hanc
2385 1276 2555 1346 ipsam
2575 1292 2635 1333 se
2655 1276 2854 1334 dixisse
2880 1280 3158 1336 scientiam
3189 1283 3345 1353 legis,
3364 1284 3482 1338 sine
3507 1301 3610 1354 qua

2019 1382 2126 1422 non
2167 1377 2343 1438 potest
2379 1367 2542 1424 homo
2581 1369 2718 1426 liber
2743 1385 2864 1427 esse
2889 1386 2921 1426 a
2951 1374 3217 1443 peccatis,
3241 1390 3360 1444 qua:
3389 1392 3486 1445 per
3510 1376 3612 1431 do-

2019 1459 2248 1514 ctrinam
2279 1459 2398 1516 fidei
2423 1459 2710 1534 neophytis
2735 1471 2896 1534 atque
2925 1463 2976 1518 in
3007 1463 3224 1521 Christo
3249 1468 3481 1536 parvulis
3504 1477 3614 1522 tra-

2019 1551 2180 1616 ditur,
2207 1567 2310 1623 qua
2337 1552 2828 1624 etiam‘baptizandi
2857 1556 3274 1625 catechizantur,
3307 1569 3363 1615 ut
3393 1560 3614 1632 Symbo-

2020 1642 2127 1698 lum
2153 1643 2432 1708 noverint;
2463 1659 2570 1699 uon
2595 1643 2808 1715 quidem
2837 1645 2936 1700 ista
2963 1647 3184 1718 intelligi
3212 1649 3368 1716 solet,
3397 1651 3612 1720 quando

2020 1732 2220 1788 habere
2248 1733 2530 1804 quisquam
2557 1735 2837 1790 scientiam
2867 1737 2998 1808 legis
3023 1737 3251 1806 dicitur;
3282 1740 3374 1795 sed
3408 1741 3490 1796 illa
3523 1757 3616 1797 se-

2020 1827 2254 1883 cundum
2279 1842 2438 1898 quam
2467 1827 2600 1898 legis
2633 1829 2789 1899 periti
2817 1831 3196 1900 appellantur:
3220 1844 3611 1900 verumtamen,

2021 1917 2064 1972 si
2109 1916 2226 1973 htec
2265 1917 2462 1986 verba,
2495 1935 2613 1988 qua:
2640 1935 2805 1989 pauca
2837 1935 3094 1989 numero,
3125 1923 3220 1978 sed
3263 1941 3451 1996 magna
3491 1935 3616 1981 sunt

2023 2009 2291 2078 pondere,
2319 2017 2374 2064 et
2410 2023 2560 2064 more
2584 2009 2824 2066 omnium
2855 2012 3219 2068 Ecclesiarum
3252 2015 3479 2071 fideliter
3516 2017 3616 2072 ba-

2021 2101 2284 2174 ptizandis
2303 2101 2636 2169 intimantur,
2657 2105 2936 2158 scientiam
2955 2104 3086 2175 legis
3100 2116 3448 2178 nuncuparet,
3468 2123 3619 2164 asse-

2022 2212 2149 2252 rens
2172 2197 2240 2253 de
2269 2196 2370 2254 hac
2393 2213 2454 2254 se
2481 2198 2499 2230 ⁸
2525 2197 2747 2263 dixisse,
2777 2217 2796 2249 ι
2826 2213 2934 2254 non
2957 2216 3078 2256 esse
3097 2200 3214 2256 sine
3244 2211 3484 2271 peccato,
3513 2203 3618 2260 nisi

2022 2287 2112 2358 qui
2141 2289 2418 2344 scientiam
2443 2289 2574 2362 legis
2601 2287 2872 2356 habuerit,
2903 2309 2922 2342 ι
2945 2307 3066 2361 qua:
3087 2303 3306 2348 necesse
3333 2303 3414 2348 est
3441 2293 3618 2350 trada-

2025 2388 2110 2436 tur
2149 2379 2524 2450 credentibus,
2568 2391 2858 2452 antequam
2905 2383 2974 2438 ad
3023 2384 3192 2453 ipsam
3243 2385 3614 2441 remissionem

2021 2470 2238 2526 veniant
2267 2481 2642 2542 peccatorum;
2673 2473 2834 2528 etiam
2859 2474 2938 2528 sic
2964 2474 3321 2530 circumdaret
3345 2491 3488 2542 eum,
3511 2493 3618 2532 non

2021 2561 2428 2632 disputantium,
2449 2563 2545 2620 sed
2564 2566 2892 2636 vagientium
2921 2567 3310 2638 baptizatorum
3333 2569 3620 2626 multitudo

2025 2652 2432 2710 innumerabilis
2463 2657 2806 2726 parvulorum
2828 2699 2844 2724 ,
2873 2657 2965 2728 qui
2994 2674 3102 2712 non
3129 2659 3307 2714 verbis
3327 2703 3342 2729 ,
3379 2661 3472 2716 sed
3506 2662 3619 2734 ipsa

2025 2745 2344 2802 innocentiae
2392 2747 2620 2804 veritate
2665 2749 2994 2818 clamarent,
3037 2749 3176 2816 Quid
3210 2759 3330 2820 est,
3367 2752 3494 2824 quid
3537 2762 3623 2808 est

2024 2835 2167 2909 quod
2212 2839 2508 2908 scripsisti,
2544 2857 2564 2892 ι
2597 2855 2702 2896 non
2735 2855 2892 2912 posse
2921 2857 3042 2897 esse
3069 2843 3187 2898 sine
3226 2853 3480 2915 peccato,
3517 2847 3622 2902 nisi

2025 2929 2116 3000 qui
2143 2930 2419 2985 scientiam
2449 2931 2580 3002 legis
2601 2931 2880 2988 habuerit?
2908 2952 2928 2986 ι
2959 2935 3098 2990 Ecce
3122 2949 3223 2992 nos
3245 2951 3374 3007 grex
3397 2951 3623 3008 magnus

2025 3033 2284 3090 agnorum
2305 3023 2422 3077 sine
2442 3031 2660 3092 peccato
2681 3037 2886 3092 sumus,
2911 3033 2964 3080 et
2984 3024 3115 3096 legis
3137 3034 3314 3082 tamen
3339 3028 3620 3086 scientiam

2025 3126 2132 3166 non
2159 3110 2438 3169 habemus.
2462 3113 2666 3185 Nempe
2693 3115 2778 3172 isti
2805 3133 2928 3172 eum
2959 3118 3168 3183 saltem,
3189 3119 3363 3193 lingua
3385 3130 3620 3192 tacente,

2027 3211 2206 3258 tacere
2232 3204 2654 3275 compellerent,
2698 3214 2792 3262 aut
2835 3207 2974 3264 forte
3013 3211 3174 3284 etiam
3218 3212 3499 3281 confiteri,
3535 3215 3622 3272 vel

2025 3311 2170 3352 nunc
2188 3311 2247 3352 se
2267 3295 2334 3352 ab
2351 3297 2438 3352 illa
2457 3299 2805 3368 perversitate
2815 3311 3120 3371 correptum
3143 3302 3239 3375 (α),
3255 3305 3336 3360 vel
3356 3314 3504 3362 certe
3521 3307 3625 3362 hoc

2026 3405 2098 3446 se
2114 3389 2328 3461 quidem
2356 3399 2412 3447 et
2435 3399 2562 3447 ante
2589 3393 2861 3461 sensisse,
2894 3394 3040 3466 quod
3077 3412 3219 3452 nunc
3264 3399 3315 3452 in
3360 3399 3622 3455 ecclesia-

2027 3481 2164 3538 stico
2191 3481 2325 3538 dixit
2353 3483 2628 3549 examine;
2665 3471 2759 3540 Sed
2789 3483 2908 3556 ejus
2947 3487 3229 3543 sententia:
3263 3473 3368 3544 non
3413 3505 3472 3545 se
3509 3491 3618 3546 cir-

2027 3582 2333 3642 cumspecta
2359 3573 2519 3630 verba
2548 3575 2822 3652 posuisse,
2849 3585 2906 3632 et
2940 3577 3060 3632 ideo
3101 3577 3258 3634 fidem
3297 3596 3450 3636 suam
3497 3597 3618 3638 esse

2027 3662 2461 3733 approbandam,
2512 3664 2705 3720 librum
2755 3667 3171 3725 emendandum.
3227 3671 3508 3739 Estenitn,
3557 3684 3618 3729 ut

2028 3757 2286 3826 scriptum
2321 3765 2437 3824 est,
2479 3759 2568 3829 qui
2606 3758 2794 3814 labitur
2830 3759 2886 3814 in
2929 3759 3132 3832 lingua,
3162 3771 3210 3816 et
3247 3779 3350 3818 non
3388 3764 3442 3819 in
3468 3766 3622 3820 corde

2030 3847 2219 3920 (Eccli.
2239 3866 2351 3915 χιχ,
2375 3851 2488 3922 l6).
2519 3848 2670 3920 Quod
2697 3852 2741 3906 si
2768 3853 2994 3918 diceret,
3017 3854 3101 3910 vel
3129 3855 3174 3910 si
3194 3854 3354 3922 dicat,
3380 3858 3500 3928 quis
3521 3859 3624 3916 eis-

2029 3939 2151 3996 dem
2179 3941 2362 3996 verhis
2389 3942 2654 3998 incautius
2684 3944 3141 4016 negligentiusque
3165 3949 3482 4020 conscriptis
3511 3966 3621 4008 non

2029 4030 2280 4088 facillime
2305 4033 2582 4104 ignoscat,
2611 4049 2732 4090 cum
2759 4036 3080 4091 sententiam
3101 4078 3116 4102 ,
3149 4053 3308 4108 quam
3337 4041 3498 4096 verba
3528 4043 3617 4097 illa

2028 4124 2336 4192 continent,
2365 4140 2471 4180 non
2501 4124 2773 4194 defendat,
2803 4127 2898 4183 sed
2929 4143 3050 4184 eam
3075 4128 3219 4184 dicat
3241 4146 3390 4186 suam
3412 4171 3428 4197 ,
3458 4148 3618 4203 quam

2029 4217 2225 4272 veritas
2257 4217 2480 4288 prohat?
2511 4218 2622 4274 Hoc
2647 4219 2808 4274 etiam
2837 4221 2952 4291 pios
2970 4221 3178 4292 judices
3204 4225 3467 4296 cogitasse
3496 4243 3624 4284 creo

2029 4307 2260 4363 (lendum
2291 4317 2373 4364 est
2411 4326 2424 4364 :
2465 4311 2510 4365 si
2542 4319 2723 4366 tamen
2753 4309 2858 4368 hoc
2885 4313 3026 4384 quod
3055 4313 3108 4368 in
3140 4315 3278 4370 libro
3307 4317 3424 4388 ejus
3454 4319 3620 4376 latino

2030 4410 2112 4456 est
2151 4401 2434 4471 diligenter
2461 4401 2895 4472 interpretatum,
2952 4406 3084 4461 satis
3109 4407 3406 4480 intelligere
3434 4421 3627 4482 ιροιιίρ-

2031 4503 2174 4559 rnnt,
2193 4494 2328 4547 sicut
2350 4493 2466 4564 ejus
2485 4495 2892 4564 responsionem
2909 4512 3087 4568 graeco
3103 4499 3316 4572 eloquio
3338 4505 3618 4574 prolatam,

2029 4594 2084 4642 et
2113 4586 2182 4641 ob
2209 4585 2312 4642 hoc
2335 4585 2490 4643 facile
2515 4587 2864 4657 intellectam,
2893 4591 3120 4648 alienam
3150 4609 3254 4650 non
3282 4611 3402 4652 esse
3429 4599 3495 4653 ah
3518 4600 3623 4656 Ec-

2029 4679 2190 4734 clesia
2211 4678 2608 4747 judicaverunt.
2638 4680 2743 4736 Sed
2767 4681 2878 4750 jam
2905 4694 3098 4738 caetera
3127 4685 3418 4742 videamus.

2103 4769 2328 4826 CAPUT
2368 4769 2456 4826 lll.
2501 4802 2573 4814 —-
2598 4772 2652 4828 5.
2694 4771 2902 4842 Adjecit
2949 4775 3092 4829 enim
3131 4776 3446 4858 episcopalis
3483 4779 3624 4850 Syn-

2031 4862 2168 4918 odus
2189 4905 2202 4926 ,
2238 4872 2292 4919 et
2319 4865 2392 4918 ait
2425 4883 2439 4920 :
2479 4883 2498 4918 ‹
2531 4863 2763 4936 Legatur
2799 4874 2854 4921 et
2881 4866 3022 4921 aliud
3049 4869 3359 4938 capitulum.
3395 4891 3414 4923 ι
3449 4872 3516 4927 Ει
3546 4873 3626 4927 le-

2031 4965 2174 5012 ctum
2220 4965 2303 5012 est
2349 4956 2402 5011 in
2447 4957 2638 5013 eodem
2689 4957 2830 5014 libro
2872 4973 2970 5014 suo
3022 4961 3264 5030 posuisse
3316 4955 3621 5034 Pelagium,

2039 5068 2058 5102 ε
2095 5049 2294 5104 Omnes
2321 5037 2600 5104 voluntate
2643 5049 2858 5120 propria
2885 5053 3018 5122 regi.
3057 5071 3077 5103 ι
3121 5051 3240 5121 Quo
3287 5054 3428 5110 lecto
3470 5056 3625 5112 Pela-

2033 5143 2150 5213 gius
2179 5140 2456 5212 reSpondit
2488 5159 2502 5196 :
2541 5159 2562 5195 ι
2600 5142 2668 5198 Et
2698 5142 2798 5198 hoc
2837 5142 2946 5198 dixi
2989 5153 3211 5214 propter
3235 5146 3456 5202 liberum
3486 5149 3630 5204 arbi-

2037 5234 2218 5299 tritnn,
2251 5233 2337 5288 cui
2370 5233 2507 5288 Deus
2527 5233 2740 5302 adjutor
2753 5243 2836 5290 est
2859 5234 3074 5307 eligenti
3103 5237 3238 5292 bona
3270 5255 3286 5293 :
3315 5239 3476 5294 homo
3504 5257 3632 5296 vero

2036 5340 2286 5396 peccans,
2313 5325 2427 5394 ipse
2453 5325 2504 5380 in
2535 5326 2687 5396 culpa
2718 5336 2820 5394 est,
2849 5328 2998 5399 quasi
3029 5328 3181 5386 liberi
3208 5331 3436 5388 arbitrii.
3467 5352 3484 5384 ι
3511 5332 3630 5402 Quo

2034 5418 2217 5472 audito
2258 5419 2491 5488 episcopi
2537 5418 2792 5476 dixerunt
2821 5438 2838 5476 :
2871 5439 2892 5474 ‹
2925 5421 3108 5494 Neque
3138 5422 3241 5480 hoc
3285 5425 3514 5480 alienum
3547 5436 3631 5480 est

2036 5509 2104 5563 ab
2134 5510 2496 5565 ecclesiastica
2524 5511 2788 5569 doctrina.
2825 5533 2846 5568 ι
2894 5512 3024 5582 Quis
3063 5515 3204 5570 enim
3247 5515 3632 5571 condemnaret

2037 5599 2258 5654 libet-inn
2289 5601 2570 5656 arbitrium
2595 5645 2612 5669 ,
2661 5605 2748 5660 vel
2779 5614 3033 5676 negaret,
3061 5619 3183 5661 cum
3211 5621 3318 5676 quo
3350 5605 3440 5659 Dei
3471 5604 3626 5673 adju-

2102 5713 2116 5780 ξ
2140 5719 2219 5780 _Ita
2242 5709 2546 5780 Coihertinus
2567 5713 2763 5780 codex._
2786 5723 2842 5768 At
2881 5715 3052 5780 plures
3074 5714 3332 5773 editiones,
3359 5709 3420 5762 de
3441 5709 3534 5760 hac
3555 5721 3630 5763 η.

2036 5773 2183 5822 ωἰιὶο
2207 5775 2421 5831 vasiana,
2449 5777 2509 5824 de
2525 5774 2616 5826 Imc
2638 5777 2868 5832 oratione.

2102 5836 2174 5897 (α)
2209 5841 2365 5897 l-‘orte,
2393 5847 2678 5889 correctum.
