4202 6544
598 317 709 373 323

603 431 798 487 torium
845 424 1199 499 prmdicatur?
1240 424 1574 495 Quapropter
1601 429 1656 477 et
1678 418 1935 476 sententia
1964 430 2185 486 respon-

602 521 780 578 dentis
809 519 1002 575 merito
1033 517 1298 588 episcOpis
1336 514 1532 586 placuit
1559 530 1572 566 :
1596 522 1651 567 et
1675 518 1851 566 tamen
1880 508 2008 563 illud
2045 503 2185 578 quod

603 614 658 668 in
687 612 825 667 libro
852 610 968 680 ejus
994 608 1225 680 positum
1249 616 1351 673 est,
1386 625 1405 659 ι
1436 604 1638 660 Omnes
1672 604 1945 660 voluntate
1970 599 2186 672 propria

601 704 712 775 regi
734 744 749 770 ,
786 722 805 755 ι
842 701 1033 757 fratres
1055 700 1162 771 .qui
1201 704 1462 753 noverant
1491 695 1618 768 quid
1647 694 1903 759 adversus
1932 692 2023 748 Dei
2067 706 2188 762 gra-

603 796 731 848 tiam
763 793 846 847 isti
872 792 1081 846 soleant
1104 790 1376 860 disputare
1396 829 1412 856 ,
1463 787 1647 857 procul
1675 784 1837 840 dubio
1863 783 2047 839 debuit
2067 798 2189 851 per-

603 900 841 940 movere.
893 882 980 938 Sic
1026 881 1167 937 enim
1216 879 1414 934 dictum
1458 886 1573 945 est,
1620 895 1639 930 ι
1675 877 1874 932 Omnes
1917 875 2188 929 voluntate

604 974 819 1043 propria
848 973 980 1042 regi,
1020 989 1040 1023 ι
1075 979 1324 1040 tanquam
1355 969 1496 1023 Deus
1515 967 1780 1023 neminem
1811 973 1980 1035 regat,
2007 972 2060 1019 et
2088 963 2188 1019 fru-

603 1076 711 1119 stra
747 1065 999 1133 scriptum
1031 1063 1129 1129 sit,
1157 1051 1369 1117 Salvum
1390 1060 1474 1129 {ac
1500 1058 1744 1129 populum
1764 1066 1903 1110 tuum
1923 1097 1940 1123 ,
1974 1062 2020 1110 et
2044 1054 2189 1110 bene-

605 1158 687 1209 dic
705 1158 1047 1211 htereditatem
1077 1164 1252 1216 tuam;
1280 1161 1326 1206 et
1351 1168 1466 1222 rege
1485 1167 1587 1217 eos,
1618 1159 1662 1203 et
1683 1148 1865 1203 extolle
1898 1147 2015 1202 illos
2036 1161 2192 1216 usque

603 1248 659 1301 in
702 1248 943 1301 swculum
973 1245 1141 1318 (Psal.
1178 1260 1359 1308 xxvii,
1393 1241 1447 1314 9)
1483 1261 1496 1297 :
1527 1258 1592 1296 ne
1637 1248 1950 1311 remaneant
1983 1239 2187 1308 utique,

605 1339 648 1391 si
679 1339 949 1392 voluntate
994 1336 1204 1407 propria
1247 1335 1361 1389 sine
1394 1335 1503 1389 Deo
1542 1341 1796 1402 reguntur
1822 1371 1837 1397 ,
1881 1329 2026 1384 velut
2063 1341 2224 1389 oves.

606 1444 713 1483 non
742 1429 998 1484 habentes
1027 1434 1292 1497 pastorem
1323 1424 1515 1497 (Marc.
1551 1438 1633 1488 vi,
1665 1421 1785 1493 54);
1827 1420 1968 1491 quod
1994 1419 2133 1474 absit
2158 1433 2191 1473 a

609 1519 784 1573 nobis.
836 1519 966 1572 Nam
1006 1517 1189 1588 procul
1233 1516 1394 1570 dubio
1440 1514 1559 1584 plus
1582 1522 1666 1569 est
1691 1513 1774 1583 agi
1799 1554 1813 1579 ,
1852 1527 2009 1583 quam
2042 1512 2188 1580 regi:

607 1612 697 1682 qui
726 1611 868 1666 enim
895 1610 1116 1680 regitur,
1141 1606 1335 1678 aliquid
1365 1606 1508 1677 agit;
1540 1616 1595 1661 et
1620 1620 1649 1658 a
1681 1605 1789 1659 Dco
1818 1605 2017 1675 regitur
2046 1604 2063 1634 ί
2089 1643 2103 1667 ,
2136 1611 2194 1656 ut

608 1710 754 1756 recte
778 1710 897 1770 agat
922 1716 936 1766 ;
981 1700 1070 1769 qui
1099 1708 1276 1753 autem
1304 1697 1506 1768 agitur,
1548 1712 1707 1767 agere
1735 1694 1932 1765 aliquid
1960 1695 2074 1765 ipse
2106 1694 2191 1748 vix

606 1791 1040 1861 intelligiturzet
1089 1798 1265 1844 tamen
1322 1796 1526 1842 tantum
1578 1795 1790 1857 praestat
1833 1784 2193 1839 voluntatibus

607 1884 802 1936 nostris
832 1881 994 1951 gratia
1043 1880 1331 1936 Salvatoris
1355 1921 1370 1947 ,
1421 1889 1478 1933 ut
1515 1894 1621 1933 non
1662 1877 1867 1932 dubitet
1907 1875 2192 1945 Apostolus

607 1974 817 2039 dicere,
851 1973 1106 2043 Quotquot
1132 1972 1312 2043 spiritu
1345 1970 1440 2024 Dei
1465 1978 1716 2042 aguntur,
1756 1969 1807 2021 lii
1833 1968 1927 2037 ﬁlii
1954 1977 2070 2023 sunt
2094 1966 2194 2022 Dei

612 2068 786 2138 (Rom.
818 2083 909 2122 vni
930 2110 943 2130 ,
973 2069 1085 2137 14).
1118 2066 1226 2121 Nec
1249 2063 1449 2136 aliquid
1488 2064 1538 2117 in
1574 2063 1728 2117 nobis
1759 2064 1920 2117 libera
1948 2062 2193 2115 voluntas

609 2161 799 2214 melius
817 2174 974 2230 agere
994 2168 1191 2228 potest,
1208 2172 1367 2228 quam
1395 2156 1539 2211 utilli
1556 2170 1615 2210 se
1642 2154 1897 2224 agendam
1921 2167 2196 2207 commen-

607 2252 696 2306 det
722 2254 764 2316 ',
795 2252 886 2322 qui
917 2253 1054 2305 male
1082 2266 1238 2320 agere
1262 2265 1367 2305 non
1395 2256 1602 2318 potest;
1630 2255 1685 2302 et
1713 2248 1813 2301 hoc
1837 2261 1957 2300 cum
1988 2244 2189 2309 fecerit,

605 2343 674 2396 ab
704 2344 792 2397 illo
817 2358 875 2397 se
906 2351 962 2396 ut
1001 2341 1237 2406 faceret,
1284 2339 1522 2407 adjutam
1546 2352 1665 2392 esse
1706 2352 1810 2389 non
1840 2334 2078 2401 dubitet,
2107 2335 2192 2389 cui

605 2436 801 2491 dicitur
828 2438 878 2489 in
909 2434 1148 2497 Psalmo,
1186 2431 1325 2487 Deus
1352 2447 1523 2497 meus,
1550 2427 1895 2483 misericordia
1919 2428 2029 2498 ejus
2056 2441 2192 2497 pra:—

606 2531 764 2585 veniet
787 2547 864 2586 me
890 2528 1061 2603 (Psal.
1089 2545 1212 2584 Lvut
1233 2570 1247 2594 ,
1280 2527 1393 2600 ll).

679 2624 734 2677 6.
770 2624 1004 2693 Denique
1032 2621 1085 2677 in
1110 2621 1202 2676 illo
1228 2620 1366 2676 libro
1392 2662 1406 2686 ,
1437 2620 1524 2676 ubi
1571 2619 1657 2673 illa
1685 2618 1918 2689 capitula
1953 2618 2194 2689 Pelagius

608 2714 841 2785 scripsit,
874 2713 997 2768 huic
1024 2712 1273 2784 positioni
1301 2711 1322 2742 ⁸
1344 2752 1358 2778 ,
1387 2726 1490 2782 qua
1516 2709 1669 2775 dixit,
1727 2727 1747 2762 ‹
1783 2707 1981 2765 Omnes
2008 2710 2195 2765 volun-

612 2816 720 2863 tate
766 2806 978 2876 propria
1028 2805 1174 2875 regi,
1225 2812 1281 2858 et
1322 2816 1420 2858 suo
1462 2800 1729 2856 desiderio
1768 2813 2194 2871 unumquemque

611 2898 842 2963 dimitti,
874 2916 893 2949 ι
940 2895 1163 2966 subjecit
1205 2892 1401 2965 aliquid
1432 2892 1499 2948 de
1544 2892 1848 2948 testimonio
1889 2890 2191 2961 Scriptura-

610 3004 728 3044 rum
754 3030 770 3055 ,
800 3004 905 3057 quo
935 2987 1064 3042 satis
1089 2992 1340 3055 appareat
1364 2999 1467 3038 non
1497 2998 1555 3039 se
1574 2982 1677 3037 sibi
1699 2982 1969 3037 hominem
2000 2998 2195 3052 regen-

611 3082 737 3137 dum
761 3081 957 3138 debere
981 3080 1333 3136 committere.
1362 3077 1450 3132 Ait
1470 3077 1613 3132 enim
1634 3075 1702 3132 de
1723 3076 1823 3130 hoc
1848 3076 1962 3145 ipso
1984 3076 2195 3145 Sapien-

611 3177 686 3230 tia
712 3174 734 3206 ⁸
764 3173 1062 3230 Salomonis
1092 3190 1104 3226 :
1134 3171 1264 3227 Sum
1301 3170 1503 3241 quidem
1536 3179 1584 3223 et
1622 3185 1713 3240 ego
1755 3169 1982 3223 mortalis
2022 3170 2192 3234 homo,

610 3266 792 3322 similis
813 3266 1060 3329 omnium,
1094 3280 1155 3318 ex
1174 3278 1353 3334 genere
1372 3271 1565 3316 terreno
1591 3260 1728 3313 illius
1747 3260 1834 3330 qui
1856 3263 1994 3328 prior
2013 3260 2196 3328 ﬂuctus

610 3370 681 3414 est
711 3361 765 3425 5;
812 3367 867 3414 et
910 3367 1101 3412 caetera
1146 3370 1312 3425 usque
1348 3353 1415 3408 ad
1456 3369 1576 3408 eum
1607 3352 1821 3421 capituli
1868 3352 2060 3417 finem,
2105 3350 2195 3406 ubi

609 3452 822 3523 legitur,
860 3447 1005 3505 Unus
1027 3464 1144 3518 ergo
1175 3444 1404 3500 ommbus
1423 3444 1658 3498 introitus
1680 3443 1750 3496 ad
1778 3444 1951 3505 vitam,
1983 3453 2029 3496 et
2050 3442 2194 3496 simi-

612 3546 674 3598 lis
703 3544 867 3598 exitus
894 3557 914 3595 :
937 3548 1141 3609 propter
1172 3538 1267 3591 hoc
1297 3537 1488 3608 optavi,
1522 3545 1566 3590 et
1594 3535 1743 3589 datus
1767 3544 1838 3589 est
1862 3534 1985 3587 milii
2001 3550 2193 3600 sensus,

611 3646 657 3690 et
685 3632 933 3696 invocavi,
969 3643 1016 3685 et
1044 3631 1177 3685 venit
1211 3630 1264 3682 in
1294 3645 1372 3682 me
1395 3627 1602 3698 spiritus
1623 3626 1884 3697 sapientia:
1914 3624 2067 3696 (Sup.
2096 3639 2194 3692 vn,

612 3725 748 3794 1-7).
803 3723 992 3778 Nonne
1037 3721 1156 3775 luce
1202 3718 1396 3773 clarius
1443 3725 1696 3788 apparet,
1749 3714 2197 3786 quemadmodum

611 3816 713 3870 iste
738 3812 1070 3870 considerata
1104 3809 1317 3865 miseria
1344 3807 1637 3877 fragilitatis
1662 3807 1938 3874 humanae,
1977 3823 2084 3861 non
2117 3814 2201 3862 est

611 3920 774 3962 ausus
798 3920 856 3959 se
886 3902 1176 3973 regendum
1220 3900 1320 3955 sibi
1351 3900 1720 3964 committere;
1752 3897 1845 3952 sed
1874 3897 2076 3969 optavit
2101 3937 2117 3962 ,
2144 3906 2201 3952 et

612 3997 766 4055 datus
789 4006 872 4052 est
898 3997 944 4049 ei
980 4010 1168 4050 sensus
1188 4034 1204 4061 ,
1232 3993 1298 4048 de
1324 4007 1429 4062 quo
1459 3991 1588 4046 dicit
1618 3991 1903 4061 Apostolus
1921 4032 1935 4056 ,
1970 3989 2083 4045 Nos
2107 4007 2202 4044 au-

614 4099 713 4143 tem
753 4104 954 4142 sensum
997 4085 1198 4139 Domini
1238 4084 1474 4139 habemus
1513 4082 1555 4152 (1
1584 4080 1703 4137 Cor.
1734 4098 1769 4136 ιι
1796 4124 1810 4144 ,
1843 4081 1966 4153 16);
2021 4091 2076 4137 et
2115 4082 2201 4137 in-

613 4181 861 4243 vocavit,
909 4187 965 4233 et
1014 4180 1161 4232 venit
1209 4178 1260 4230 in
1308 4192 1428 4231 eum
1475 4174 1692 4244 Spiritus
1730 4173 2042 4245 sapientiae?
2090 4175 2203 4230 lloc

615 4271 758 4324 enim
790 4271 978 4339 spiritu
999 4311 1012 4333 ,
1041 4285 1145 4323 non
1177 4267 1375 4322 viribus
1404 4266 1636 4339 propriae
1662 4265 1978 4347 voluntatis,
2006 4282 2204 4338 regun-

615 4372 702 4418 tur
730 4373 783 4417 et
804 4371 1030 4433 aguntur
1059 4363 1148 4431 qui
1180 4360 1275 4415 ﬁlii
1296 4370 1419 4415 sunt
1440 4359 1559 4414 Dei.

687 4456 739 4510 7.
781 4453 912 4510 Nam
940 4465 993 4510 et
1036 4453 1165 4509 illud
1202 4452 1344 4524 quod
1388 4453 1567 4523 posuit
1589 4450 1657 4506 de
1696 4451 1911 4507 Psalmo
1934 4452 1988 4507 in
2012 4450 2201 4507 eodem

614 4546 979 4617 Capitulorum
1021 4545 1158 4600 libro
1182 4586 1197 4611 ,
1248 4552 1308 4599 ut
1333 4544 1486 4613 quasi
1512 4543 1794 4613 probaret,
1833 4562 1852 4596 ι
1881 4544 2078 4599 Omnes
2105 4562 2202 4600 vo-

613 4635 816 4693 luntate
833 4637 1045 4706 propria
1073 4635 1207 4705 regi,
1238 4653 1257 4687 ι
1279 4634 1471 4689 Dilexit
1492 4634 1843 4702 maledictum,
1871 4645 1918 4690 et
1942 4637 2100 4690 veniet
2121 4637 2203 4702 ei;

617 4740 664 4786 et
705 4731 869 4785 noluit
910 4729 1299 4785 benedictionem
1326 4770 1341 4793 ,
1384 4736 1432 4782 et
1470 4726 1786 4799 elongabitur
1827 4729 1890 4783 ab
1927 4745 1985 4783 eo
2030 4727 2198 4802 (Psal.

617 4838 757 4889 cvm,
790 4821 879 4893 18)
909 4841 922 4875 :
953 4822 1073 4894 quis
1104 4821 1307 4878 nesciat
1328 4822 1428 4876 hoc
1451 4820 1637 4875 vitium
1662 4835 1780 4876 esse
1799 4863 1812 4884 ,
1844 4838 1949 4877 non
1976 4833 2201 4889 naturae,

618 4916 757 4970 sicut
799 4929 918 4969 eam
967 4913 1204 4970 condidit
1242 4914 1424 4980 Deus,
1473 4911 1566 4968 sed
1605 4913 1889 4969 voluntatis
1932 4913 2201 4981 humanm,

619 5020 738 5074 qua:
784 5004 1008 5059 recessit
1034 5019 1066 5060 a
1092 5005 1245 5060 Deo?
1291 5003 1673 5059 Verumtamen
1703 5004 1748 5058 si
1789 5020 1892 5060 non
1929 5004 2205 5060 dilexisset

620 5095 1051 5151 maledictionem
1076 5136 1092 5163 ,
1136 5105 1190 5152 et
1229 5096 1486 5154 voluisset
1511 5095 1533 5129 °
1561 5096 2021 5165 benedictionem,
2059 5107 2113 5152 et
2150 5096 2202 5150 in

681 5272 697 5337 ξ
733 5269 910 5337 Eadem
932 5270 1083 5337 editio
1104 5275 1322 5337 Masiana,
1346 5278 1393 5323 et
1409 5272 1519 5324 ideo
1542 5273 1743 5337 regitur.

678 5335 700 5366 θ
717 5332 887 5400 _Fditio
909 5333 1153 5400 viguierii,
1169 5340 1222 5384 ut
1238 5333 1313 5385 illi
1334 5347 1385 5400 se
1403 5347 1420 5400 ς
1440 5332 1689 5400 augenda
1710 5333 2021 5386 commendet.
2040 5332 2204 5385 Melior

614 5392 781 5462 lectio.
817 5392 985 5462 ιιιιξιιιίι⁷
1000 5392 1270 5462 sequimur,
1304 5392 1552 5448 editionis"
1565 5399 1797 5459 stasiante,
1820 5410 1931 5462 quae
1967 5408 1997 5447 a
2030 5403 2204 5446 vetere

613 5457 784 5507 codice
807 5454 1423 5507 Cblbertino'conﬁrinatur.

681 5519 704 5583 ἒ
734 5523 787 5565 tu
808 5516 1082 5583 Colbertino
1104 5527 1205 5583 M_s.,
1227 5517 1553 5583 propositioni.

678 5580 703 5643 ἒ
734 5577 954 5643 Nonnulli
981 5587 1106 5638 Mss.,
1129 5577 1457 5643 sesumam.

678 5642 699 5673 ⁸
734 5649 886 5707 suae,
912 5640 1066 5702 factus
1086 5649 1172 5692 est.
1201 5638 1329 5705 alas,
1355 5638 1495 5707 ﬁctus
1527 5650 1614 5696 est.
1663 5644 1830 5694 Prima)
1869 5642 2111 5695 editiones
2150 5650 2203 5694 et

616 5710 748 5759 atas“
771 5699 944 5764 ﬂuctus
958 5710 1045 5751 est.

680 5765 700 5794 ⁸
733 5762 1036 5813 (‘oltiertiuus
1055 5770 1160 5826 11s.,
1179 5770 1225 5817 et
1244 5763 1484 5817 noluisset.

1624 305 1713 361 DE
1750 298 1992 360 GESTIS
2030 292 2324 360 PELAGll,
2363 292 2419 349 S.
2463 291 2824 350 AUGUSTINI

1726 382 1935 475 intentia
1964 430 2185 486 respon-
2258 414 2263 419 ’
2298 410 2399 464 hoc
2423 410 2539 481 ipso
2559 412 2885 467 voluntatem
2914 425 3066 468 suam
3087 411 3265 469 divina
3287 414 3451 483 gratia
3480 424 3696 487 negaret
3722 416 3870 489 adju-

3761 302 3863 359 59.1

2296 510 2400 556 tam
2428 519 2443 570 ;
2476 503 2713 572 ingratus
2747 512 2907 574 atque
2937 503 3128 572 impius
3158 504 3257 560 sibi
3289 505 3551 576 regendus
3574 506 3869 564 dimittere-

2296 602 2406 658 tur,
2457 602 2517 648 ut
2554 594 2670 648 sine
2696 603 2906 650 rectore
2945 595 3054 650 Deo
3098 596 3456 666 prmcipitatus
3479 638 3494 661 ,
3537 613 3641 652 non
3670 613 3730 655 se
3758 614 3786 652 a
3815 615 3872 655 se

2293 686 2409 756 ipso
2449 686 2557 757 regi
2598 688 2870 758 potuisse,
2916 687 3089 758 pmnis
3127 689 3473 759 experiretur.
3523 690 3613 746 Sic
3638 691 3796 747 etiam
3823 693 3868 748 in

2294 779 2387 834 illo
2427 780 2766 844 testimonio,
2818 780 2958 851 quod
3003 780 3054 835 in
3094 781 3284 836 eodem
3333 781 3467 837 libro
3502 782 3675 838 cidem
3723 785 3870 838 titulo

2293 870 2563 935 subdidit,
2609 870 2856 942 Apposuit
2884 872 2973 926 tibi
2999 889 3182 942 aquam
3206 883 3251 926 et
3280 874 3486 945 ignem;
3531 875 3601 929 ad
3636 878 3771 946 quod
3803 881 3871 934 vis

2296 962 2497 1031 porrige
2533 977 2735 1015 manum
2755 971 2892 1016 tuam
2919 977 2939 1017 :
2964 972 3080 1018 ante
3106 965 3356 1018 hominem
3384 965 3567 1020 bonum
3591 977 3637 1020 et
3662 969 3872 1035 malum,

2294 1055 2396 1106 vita
2424 1063 2473 1107 et
2500 1069 2666 1133 mors;
2706 1054 2843 1126 quod
2868 1055 3113 1138 placue‘it
3133 1057 3200 1123 ei,
3229 1058 3428 1111 dabitur
3450 1059 3528 1112 illi
3564 1057 3753 1128 (Eccli.
3785 1077 3870 1122 xv.

2298 1146 2363 1201 17
2415 1156 2460 1200 et
2490 1147 2578 1218 l8)
2604 1164 2618 1201 :
2645 1146 2983 1203 manifestum
3009 1158 3111 1216 est,
3135 1149 3276 1219 quod
3296 1150 3341 1204 si
3370 1149 3436 1204 ad
3467 1151 3639 1221 ignem
3660 1167 3873 1208 manum

2295 1237 2486 1305 mittit,
2526 1249 2580 1294 et
2610 1238 2807 1294 malum
2834 1253 2898 1294 ac
2926 1253 3073 1295 mors
3101 1240 3152 1294 ei
3188 1239 3396 1310 placet,
3426 1241 3477 1296 id
3501 1242 3747 1297 voluntas
3777 1243 3874 1299 bo-

2296 1329 2455 1383 minis
2480 1337 2764 1399 operatur;
2790 1330 2835 1384 si
2856 1338 3033 1386 autem
3063 1330 3260 1385 bonum
3291 1340 3346 1386 et
3364 1330 3524 1387 vitam
3552 1332 3742 1403 diligit,
3771 1349 3872 1388 non

2295 1418 2465 1472 Solum
2493 1418 2736 1475 voluntas
2762 1419 2815 1475 id
2855 1420 2995 1490 agit,
3028 1420 3122 1475 sed
3150 1419 3403 1475 divinitus
3426 1422 3724 1491 adjuvatur.
3757 1423 3877 1479 Suf-

2296 1509 2407 1563 ﬁcit
2432 1510 2573 1564 enim
2604 1510 2701 1565 sibi
2732 1511 2921 1566 oculus
2947 1511 3011 1566 ad
3039 1526 3144 1566 non
3181 1510 3466 1567 videndum
3492 1554 3507 1581 ,
3535 1513 3637 1570 hoc
3662 1524 3776 1581 est,
3810 1516 3875 1571 ad

2298 1600 2547 1655 tenebras
2578 1619 2591 1655 :
2620 1601 2688 1656 ad
2737 1602 3021 1657 videndum
3068 1618 3200 1658 vero
3243 1603 3444 1659 lumine
3488 1622 3584 1660 suo
3625 1623 3731 1661 non
3777 1608 3875 1664 sibi

2295 1690 2491 1746 sufﬁcit
2511 1733 2525 1755 ,
2569 1693 2669 1748 nisi
2709 1693 2780 1747 illi
2811 1694 3141 1750 extrinsecus
3166 1695 3486 1766 adjutorium
3510 1698 3636 1754 clari
3663 1686 3876 1757 luminis

2296 1783 2615 1852 praebeatur.
2664 1786 2819 1841 Absit
2858 1796 3037 1842 autem
3079 1797 3136 1843 ut
3165 1788 3199 1843 ii
3226 1789 3315 1858 qui
3355 1791 3646 1847 secundum
3676 1808 3874 1865 propo-

2295 1874 2453 1929 situm
2492 1876 2662 1930 vocati
2692 1885 2847 1940 sunt,
2893 1893 3026 1948 quos
3064 1880 3367 1949 przescivit,
3398 1891 3453 1936 et
3480 1882 3876 1952 praedestinavit

2296 1966 2597 2022 conformes
2627 1968 2871 2038 imaginis
2902 1968 3018 2025 Filii
3044 1972 3127 2026 sui
3156 1971 3330 2044 (Rom.
3362 1989 3473 2040 Vlll,
3506 1974 3637 2048 29),
3668 1991 3788 2045 suo,
3821 1989 3877 2035 ut

2297 2067 2550 2127 pereant,
2578 2059 2845 2116 desiderio
2870 2061 3203 2118 dimittantur
3229 2064 3269 2116 ί.
3300 2065 3411 2120 Hoc
3434 2067 3577 2122 enim
3607 2070 3877 2137 patiuntur

2297 2164 2422 2204 vasa
2444 2150 2536 2205 ine
2555 2192 2569 2216 ,
2602 2166 2720 2223 qua:
2740 2153 2971 2222 perfecta
2999 2154 3216 2232 suntiad
3245 2156 3593 2225 perditionem
3627 2177 3642 2213 :
3675 2160 3727 2214 in
3756 2176 3879 2232 quo-

2296 2257 2413 2296 rum
2458 2244 2617 2298 etiam
2654 2244 2765 2315 ipsa
2808 2245 3104 2315 perditione
3120 2231 3286 2303 °notas
3328 2248 3453 2304 facit
3482 2251 3623 2306 Deus
3665 2231 3879 2311 divitias

2296 2334 2477 2405 glorite
2506 2351 2615 2391 sua:
2658 2337 2713 2392 in
2755 2353 2879 2393 vasa
2927 2339 3308 2396 misericordia:
3356 2357 3466 2398 sua:
3512 2343 3627 2413 (Id.
3667 2362 3758 2411 ix,
3787 2346 3876 2416 22,

2296 2423 2409 2495 25).
2458 2427 2681 2499 Propter
2724 2428 2826 2484 hoc
2868 2429 3047 2498 enim,
3089 2447 3211 2486 cum
3246 2432 3501 2501 dixisset,
3549 2435 3691 2492 Deus
3720 2455 3876 2507 meus,

2298 2516 2645 2573 misericordia
2689 2521 2799 2592 ejus
2848 2523 3115 2592 prteveniet
3154 2540 3268 2589 me;
3316 2526 3570 2582 continuo
3617 2528 3877 2599 subjecit,

2298 2607 2435 2664 Deus
2478 2627 2616 2665 meus
2659 2611 3019 2675 demonstravit
3055 2614 3182 2668 mihi
3213 2615 3267 2669 in
3303 2616 3521 2671 inimicis
3555 2619 3680 2674 meis
3707 2618 3877 2690 (Psal.

2298 2714 2457 2765 LVIII,
2490 2702 2550 2755 ll
2571 2744 2587 2769 ,
2619 2701 2733 2773 l2).
2781 2702 2889 2759 Illis
2915 2719 3042 2775 ergo
3069 2704 3121 2760 ﬁt
3153 2706 3295 2776 quod
3320 2708 3574 2780 scriptum
3603 2721 3722 2780 est,
3757 2713 3881 2767 Tra-

2299 2791 2426 2846 didit
2455 2793 2572 2847 illos
2596 2793 2736 2849 Deus
2760 2795 2813 2850 in
2837 2795 3088 2851 desideria
3107 2799 3274 2853 cordis
3297 2816 3470 2855 eorum
3491 2800 3668 2873 (Rom.
3701 2821 3740 2869 ι,
3763 2804 3877 2872 24).

2298 2885 2414 2941 Non
2441 2895 2618 2942 autem
2645 2887 2705 2942 ﬁt
2729 2887 3146 2958 praedestinatis,
3176 2907 3313 2962 quos
3340 2895 3476 2964 regit
3498 2894 3729 2966 Spiritus
3756 2898 3879 2964 Dei;

2299 2982 2549 3051 quoniam
2597 2996 2705 3037 non
2738 2983 2913 3038 inanis
2946 2992 3029 3039 est
3060 3000 3165 3041 vox
3201 3000 3384 3041 eorum
3416 3005 3432 3041 :
3465 2985 3549 3042 Ne
3581 2990 3758 3044 tradas
3784 3008 3879 3057 me,

2302 3070 2547 3138 Domine,
2590 3090 2622 3126 a
2645 3074 2892 3129 desiderio
2933 3092 3044 3131 meo
3068 3078 3314 3148 peccatori
3341 3078 3513 3148 (I’sal.
3546 3095 3774 3146 cxxxrx,
3805 3082 3879 3152 9).

2298 3164 2742 3236 Quandoquidem
2787 3178 2842 3223 et
2883 3179 3070 3226 contra
3107 3170 3218 3240 ipsa
3258 3171 3521 3227 desideria
3553 3175 3629 3229 sic
3676 3185 3881 3231 oratum

2299 3267 2409 3324 est,
2450 3268 2507 3313 ut
2532 3258 2802 3315 diceretur
2819 3302 2835 3329 ,
2865 3260 3025 3331 Aufer
3050 3279 3083 3316 α
3108 3278 3186 3317 me
3214 3264 3642 3335 concupiscentias
3680 3268 3880 3332 ventris,

2299 3360 2345 3406 et
2395 3352 2696 3406 desiderium
2741 3354 3035 3408 concubitus
3073 3370 3137 3408 ne
3179 3356 3528 3424 apprehendat
3569 3375 3650 3412 me
3701 3359 3880 3430 (Eecli.

2299 3459 2448 3510 χχιιι,
2480 3442 2555 3517 6).
2587 3444 2810 3509 Praestat
2853 3444 2955 3500 hoc
2987 3446 3124 3500 Deus
3153 3446 3255 3500 illis
3282 3461 3416 3516 quos
3440 3447 3687 3503 subditos
3713 3450 3879 3519 regit:

2300 3549 2407 3589 non
2433 3545 2613 3591 autem
2646 3535 2749 3590 illis
2777 3536 2866 3607 qui
2911 3552 2969 3590 se
3000 3536 3221 3592 idoneos
3249 3538 3314 3592 ad
3348 3553 3407 3593 se
3454 3538 3597 3608 ipsos
3622 3541 3885 3610 regendos

2301 3634 2508 3695 putant,
2539 3635 2595 3681 et
2620 3626 2914 3697 prteﬁdenti
2936 3627 3144 3683 cervice
3163 3629 3389 3698 propria:
3413 3628 3707 3686 voluntatis
3735 3631 3883 3686 illum

2302 3708 2658 3790 dedignantur
2677 3719 2875 3775 habere
2896 3729 3181 3775 rectorem.

2373 3832 2429 3888 8.
2453 3832 2580 3901 Qua:
2600 3848 2720 3887 cum
2750 3834 2824 3889 ita
2850 3834 2955 3889 sint
2978 3876 2993 3900 ,
3026 3833 3117 3890 ﬁlii
3146 3834 3237 3889 Dei
3264 3836 3352 3905 qui
3378 3836 3482 3892 hoc
3500 3846 3803 3901 noverunt,
3830 3848 3886 3894 et

2304 3941 2362 3981 se
2391 3926 2483 3981 Dei
2511 3927 2708 3996 Spiritu
2736 3927 2846 3997 regi
2877 3935 2932 3982 et
2954 3929 3035 3998 agi
3061 3928 3395 3997 gratulantur
3413 3969 3429 3994 ,
3477 3930 3749 3999 quomodo
3776 3945 3888 3985 mo-

2303 4021 2415 4075 veri
2445 4028 2764 4091 potuerunt,
2810 4035 2930 4074 cum
2957 4020 3203 4075 audirent
3238 4021 3319 4075 vel
3348 4020 3587 4091 legerent
3614 4036 3644 4075 a
3672 4021 3887 4093 Pelagio

2306 4112 2598 4181 scriptum,
2646 4129 2665 4163 ι
2697 4109 2895 4167 Omnes
2923 4111 3195 4167 voluntate
3240 4113 3448 4183 propria
3496 4112 3648 4183 regi,
3692 4124 3750 4169 et
3791 4128 3889 4169 suo

2306 4202 2574 4257 desiderio
2625 4218 3054 4274 unumquemque
3090 4202 3326 4258 dimitti?
3363 4222 3382 4255 ι
3438 4205 3503 4259 Et
3544 4214 3723 4260 tamen
3768 4206 3887 4275 quia

2306 4295 2663 4365 interrogatus
2709 4294 2777 4349 ab
2823 4294 3123 4364 episcopis,
3171 4282 3299 4365 quid
3348 4295 3469 4349 mali
3512 4304 3771 4350 sonarent
3800 4296 3889 4352 illa

2312 4386 2472 4441 verba
2504 4385 2788 4455 persensit,
2814 4385 3191 4455 responditque
3224 4403 3240 4440 :
3276 4403 3297 4437 (
3334 4386 3437 4440 hoc
3460 4401 3519 4441 se
3543 4386 3745 4442 dixisse
3768 4403 3889 4457 pro-

2308 4487 2428 4549 pter
2450 4479 2675 4534 liberum
2704 4478 3018 4544 arbitrium;
3055 4496 3075 4525 ε
3126 4479 3379 4535 continuo
3408 4480 3719 4551 subjiciens,
3752 4500 3772 4534 ι
3804 4482 3891 4538 cui

2308 4573 2451 4628 Deus
2495 4571 2706 4640 adjutor
2734 4581 2815 4626 est
2839 4571 3051 4643 eligenti
3080 4571 3216 4627 bona
3242 4590 3256 4634 ;
3301 4572 3463 4627 homo
3487 4589 3614 4628 vero
3640 4589 3887 4644 peccans,

2309 4664 2423 4734 ipse
2460 4664 2511 4717 in
2537 4663 2689 4732 culpa
2719 4671 2834 4727 est,
2875 4663 3025 4734 quasi
3068 4664 3219 4718 liberi
3254 4664 3461 4719 arbitrii
3493 4683 3505 4718 :
3543 4685 3562 4718 ι
3591 4667 3729 4721 hanc
3755 4681 3892 4735 quo-

2309 4770 2412 4825 que
2437 4755 2753 4809 sententiam
2774 4754 2844 4824 pii
2866 4754 3075 4822 judices
3097 4754 3475 4824 approbantes,
3498 4772 3659 4826 quam
3681 4759 3891 4812 incaute

2307 4845 2392 4900 vel
2418 4860 2525 4914 quo
2546 4860 2704 4898 sensu
2728 4844 2815 4899 illa
2847 4843 2903 4917 in
2928 4843 3064 4899 libro
3091 4843 3391 4919 eiusverba
3414 4846 3522 4919 sint
3542 4847 3733 4914 posita.
3764 4862 3892 4902 eon-

2310 4936 2548 4993 siderare
2575 4937 2662 4992 vel
2684 4916 2924 5007 quzerere
2948 4936 3271 5002 noluerunt;
3308 4910 3558 4993 sufficere
3583 4939 3892 4995 existiman-

2310 5039 2391 5085 tes
2433 5029 2504 5083 ita
2546 5044 2667 5085 eum
2708 5027 3013 5084 confessum
3044 5044 3164 5085 esse
3206 5027 3432 5084 liberum
3472 5030 3790 5099 arbitrium,
3835 5042 3892 5086 ut

2224 5178 2228 5183 ,
2308 5120 2526 5191 eligenti
2552 5120 2691 5176 bona
2722 5120 2861 5174 Deus
2889 5126 3035 5175 esset
3060 5119 3273 5189 adjutor
3292 5159 3307 5185 ,
3338 5134 3568 5189 peccans
3597 5136 3725 5177 vero
3748 5130 3893 5178 esset

2310 5213 2361 5267 in
2382 5212 2558 5281 culpa,
2590 5211 2780 5267 adhoc
2802 5210 2902 5266 sibi
2932 5211 3227 5268 sufﬁciente
3250 5213 3461 5281 propria
3492 5212 3785 5283 voluntate.
3815 5214 3894 5269 Ac

2309 5323 2405 5376 per
2439 5305 2541 5361 hoc
2581 5306 2724 5362 Deus
2761 5306 2928 5376 regit,
2969 5298 3160 5375 quibus
3199 5305 3412 5375 adjutor
3452 5316 3537 5361 est
3572 5307 3894 5379 eligentibus

2307 5398 2467 5454 bona.
2508 5398 2575 5452 Et
2605 5397 2723 5453 ideo
2750 5397 2885 5453 bene
2906 5405 3096 5468 regunt
3114 5395 3369 5469 quidquid
3394 5405 3618 5467 regunt,
3641 5398 3888 5466 quoniam

2309 5491 2409 5561 ipsi
2436 5498 2693 5560 reguntur
2718 5504 2748 5542 a
2775 5489 2936 5543 bono.

2379 5584 2432 5642 9.
2463 5584 2592 5639 ltem
2638 5583 2916 5638 recitatum
2955 5581 3198 5653 estquod
3235 5581 3288 5637 in
3328 5581 3464 5638 libro
3502 5595 3601 5635 suo
3642 5577 3885 5649 Pelagius

2377 5764 2392 5796 ⁸
2427 5768 2580 5821 Suar.,
2619 5758 2961 5821 permittmttnr.
