4202 6520
326 326 431 386 3⁵35

330 440 542 515 posuit,
578 455 596 490 ι
634 435 687 491 In
726 434 811 490 die
833 429 1017 505 judicii
1061 429 1258 502 iniquis
1300 438 1355 484 ct
1396 426 1765 500 peccatoribus
1810 440 1916 481 non

329 513 446 585 esse
474 526 815 599 parcendum,
839 522 933 579 sed
952 523 1166 577 mternis
1179 535 1273 577 eos
1296 520 1506 591 ignibus
1532 517 1859 575 exurendos.
1894 513 1947 571 ι’

330 622 480 692 Quod
509 620 626 676 ideo
656 616 847 673 fratres
871 623 1130 681 moverat,
1157 623 1213 668 ut
1234 611 1591 683 objiciendum
1617 615 1915 682 putaretur,

331 713 476 787 quod
531 713 601 768 ita
647 710 849 766 dictum
898 716 1015 770 est,
1071 713 1319 774 tanquam
1373 717 1561 758 omnes
1608 711 1918 772 peccatores

331 817 532 864 a-terno
572 810 753 860 essent
792 799 1056 871 supplicio
1101 793 1391 867 puniendi,
1437 811 1544 850 non
1573 795 1652 851 eis
1680 794 1918 866 exceptis

330 902 422 973 qui
447 898 847 955 fundamentum
889 893 1087 949 habent
1115 890 1423 956 Christum,
1456 890 1700 959 quamvis
1727 905 1920 959 super-
1952 920 1959 927 -

333 993 596 1049 :cdilicent
625 990 785 1061 ligna,
809 987 1012 1053 fenum,
1036 983 1307 1054 stipulam,
1330 983 1397 1038 de
1419 982 1610 1054 quibus
1635 982 1767 1038 dicit
1787 984 1923 1052 Apo-

332 1084 505 1140 stolus
530 1101 543 1138 :
573 1082 634 1137 Si
652 1081 798 1151 cujus
823 1095 951 1149 opus
981 1085 1213 1131 exustum
1239 1074 1426 1145 fuerit,
1449 1073 1803 1128 detrimentum
1829 1089 1923 1144 pa-

336 1178 484 1232 tietur
507 1191 526 1240 ;
550 1176 659 1246 ipse
677 1182 843 1227 autent
865 1170 1040 1227 salvus
1061 1168 1177 1234 erit,
1202 1169 1276 1222 sic
1295 1175 1461 1222 tamen
1483 1165 1628 1237 quasi
1648 1182 1737 1236 per
1754 1164 1923 1236 ignem

337 1268 381 1341 (l
406 1267 525 1323 Cor.
557 1281 633 1331 ill,
667 1264 776 1331 15).
816 1261 924 1319 Sed
944 1275 1064 1316 cum
1086 1256 1451 1330 respondisset
1474 1257 1736 1327 Pelagius,
1774 1274 1794 1310 ι
1820 1256 1924 1314 hoc

336 1357 629 1414 secundum
659 1354 1004 1424 Evangelium
1029 1367 1088 1408 se
1111 1350 1312 1407 dixisse
1329 1391 1344 1415 ,
1371 1349 1459 1405 ubi
1481 1349 1675 1404 dicitur
1710 1349 1779 1405 de
1810 1363 1924 1419 pec-

337 1448 643 1511 catoribus,
697 1444 789 1500 Illi
837 1445 980 1500 ibunt
1018 1444 1072 1497 in
1122 1440 1427 1512 supplicium
1466 1450 1748 1507 (sternunt;
1791 1440 1924 1509 justi

336 1552 534 1607 autem,
577 1542 630 1595 in
672 1540 828 1594 vitam
864 1545 1103 1593 tetanum
1138 1553 1159 1589 ι
1191 1533 1408 1608 (Matth.
1430 1549 1536 1589 xxv
1558 1575 1574 1600 ,
1602 1531 1698 1603 46)
1730 1549 1743 1586 :
1775 1532 1926 1588 nullo

340 1633 500 1689 modo
542 1632 714 1702 potuit
753 1629 1059 1686 christiauis
1095 1626 1365 1698 judicibus
1401 1626 1703 1695 evangelica
1743 1634 1797 1681 et
1826 1626 1924 1681 do-

339 1726 530 1781 minica
579 1724 864 1793 displicere
915 1721 1220 1787 sententia,
1281 1717 1642 1775 nescientibus
1693 1718 1818 1788 quid
1867 1718 1920 1773 in

339 1816 517 1873 verbis
540 1815 608 1870 de
642 1814 779 1870 libro
806 1812 1004 1883 Pelagii
1040 1811 1266 1883 prolatis
1299 1812 1526 1867 moverit
1568 1811 1791 1878 fratres,
1832 1810 1922 1880 qui

339 1907 730 1978 disputationes
756 1904 875 1974 ejus
911 1903 994 1959 vel
1021 1901 1404 1973 discipulorum
1440 1902 1556 1972 ejus
1580 1901 1764 1956 audire
1791 1917 1923 1956 con-

337 2006 657 2063 sueverunt;
700 1995 913 2067 quando
939 1996 1025 2050 his
1048 1994 1360 2051 absentibus
1403 1995 1493 2064 qui
1538 1994 1770 2050 libellum
1797 2008 1924 2049 con-

340 2101 422 2146 tra
448 2090 717 2159 Pelagium
746 2097 932 2144 sancto
951 2087 1203 2157 episcopo
1233 2086 1458 2157 Eulogio
1487 2086 1766 2150 dederunt,
1800 2086 1924 2141 nub-

338 2183 421 2238 lus
463 2180 717 2251 urgebat,
761 2189 820 2235 ut
857 2185 1166 2249 peccatores
1207 2192 1306 2249 per
1342 2177 1519 2249 ignem
1566 2175 1850 2232 salvandos
1892 2191 1924 2231 a

338 2274 705 2346 peccatoribus
747 2282 950 2329 (veterno
985 2271 1247 2343 supplicio
1288 2269 1570 2341 puniendis
1612 2269 1788 2340 aliqua
1833 2283 1929 2325 ex-

338 2367 585 2436 ceptione
609 2362 995 2434 distingueret,
1036 2370 1092 2418 et
1122 2376 1191 2418 eo
1213 2359 1374 2418 modo
1400 2360 1816 2431 intelligentibus
1835 2359 1926 2431 ju-

327 2442 544 2512 dicibus
572 2470 667 2511 cur
690 2454 848 2509 fuerit
873 2452 997 2510 illud
1008 2452 1296 2523 objectum,
1328 2452 1374 2507 si
1394 2451 1560 2508 nollet
1578 2451 1925 2523 diStinguere,

339 2548 532 2603 merito
560 2546 881 2615 culparetur.

416 2637 502 2693 l0.
530 2637 681 2705 Quod
702 2647 883 2693 autem
907 2634 1114 2691 addidit
1142 2634 1390 2706 Pelagius
1410 2677 1423 2701 ,
1459 2653 1479 2687 ι
1512 2635 1578 2689 Ει
1602 2635 1650 2690 si
1680 2634 1800 2704 quis
1827 2633 1928 2688 ali-

341 2738 424 2783 ter
449 2728 652 2795 credit,
683 2727 981 2797 Origenista
1007 2734 1091 2782 est
1120 2743 1134 2780 :
1169 2744 1190 2778 ι
1225 2725 1330 2781 hoc
1354 2733 1676 2796 acceperunt
1693 2725 1925 2796 judices,

338 2819 483 2890 quod
508 2834 690 2875 revera
728 2818 781 2873 in
807 2818 1036 2888 Origene
1072 2817 1381 2889 dignissime
1423 2816 1721 2872 detestatur
1742 2816 1933 2874 Eccle-

340 2913 444 2979 sia,
473 2911 526 2966 id
547 2920 653 2980 est,
675 2911 815 2981 quod
842 2911 1001 2966 etiam
1029 2910 1102 2966 illi
1127 2925 1264 2982 quos
1290 2908 1553 2965 Dominus
1572 2908 1703 2966 dicit
1728 2918 1930 2965 aeterno

345 3006 609 3077 supplicio
652 3006 984 3076 puniendos,
1027 3013 1082 3061 et
1124 3007 1238 3076 ipse
1273 3005 1516 3062 diabolus
1552 3014 1713 3077 atqhe
1752 3006 1928 3078 angeli

341 3098 477 3168 ejus,
507 3108 623 3167 post
652 3108 860 3167 tempus
891 3098 1012 3154 licet
1033 3100 1297 3168 prolixum
1320 3099 1527 3172 purgati
1555 3098 1927 3157 liberabuntur

342 3206 371 3245 a
405 3191 612 3261 ptenis,
659 3201 712 3246 et
738 3191 937 3246 sanctis
973 3206 1095 3245 cum
1137 3191 1249 3246 Deo
1293 3192 1635 3262 regnantibus
1677 3192 1932 3249 societate

344 3281 689 3341 beatitudinis
724 3282 1100 3339 adh-“erebum.
1147 3282 1262 3337 Hoc
1308 3296 1439 3353 ergo
1484 3282 1733 3355 Synodus
1773 3282 1929 3351 dixit,

349 3394 369 3427 ι
405 3376 635 3431 alienum
682 3390 787 3429 non
830 3374 1059 3443 esseab
1102 3373 1379 3443 Ecclesia,
1418 3392 1439 3428 ι
1484 3388 1591 3430 non
1636 3374 1932 3430 secundum

346 3469 615 3539 Pelagium
639 3509 655 3536 ,
694 3468 787 3523 sed
826 3467 1005 3538 potius
1046 3468 1340 3524 secundum
1373 3468 1714 3539 Evangelium
1740 3508 1756 3537 ,
1786 3468 1929 3539 quod

344 3562 476 3616 tales
501 3560 664 3631 iniqui
686 3567 762 3616 .et
784 3569 1096 3631 peccatores
1120 3561 1335 3617 aeternis
1360 3561 1572 3632 ignibus
1613 3570 1926 3632 exurentur,

344 3654 528 3725 quales
563 3653 653 3707 tali
694 3654 954 3723 supplicio
996 3653 1188 3725 dignos
1224 3653 1831 3726 judicatEvangelium;
1875 3663 1931 3710 et

343 3743 486 3814 quod
531 3743 917 3801 detestabiliter
964 3759 1087 3799 cum
1130 3744 1365 3816 Origene
1410 3746 1643 3813 sentiat,
1689 3747 1931 3819 quisquis

344 3837 539 3893 dixerit
558 3836 843 3907 aliquando
864 3852 1048 3892 eorum
1074 3836 1214 3893 finiri
1236 3852 1393 3909 posse
1420 3838 1761 3910 supplicium,
1786 3839 1928 3911 quod

347 3929 602 3984 Dominus
627 3928 762 3985 dixit
798 3938 1084 3985 aeternum.
1129 3930 1207 3984 De
1248 3929 1355 3986 illis
1381 3945 1508 3986 vero
1536 3932 1926 4002 peccatoribus,

344 4035 477 4089 quos
502 4019 630 4075 dicit
658 4020 943 4090 Apostolus
960 4061 976 4088 ,
1015 4029 1208 4077 exusto
1232 4034 1419 4078 eorum
1444 4037 1607 4093 opere
1627 4065 1642 4089 ,
1680 4033 1933 4096 tanquam

342 4129 444 4183 per
483 4113 659 4184 ignem
687 4114 864 4169 salvos
892 4112 1098 4170 futuros
1118 4156 1134 4183 ,
1176 4116 1428 4186 quoniam
1470 4116 1599 4172 nihil
1625 4117 1839 4189 Pelagio
1864 4118 1934 4176 de

347 4208 416 4264 iis
441 4207 718 4264 evidenter
738 4207 1006 4277 objectum
1036 4216 1152 4273 est,
1190 4208 1320 4265 nihil
1346 4208 1738 4279 iudicaverunt.
1785 4210 1931 4278 Qua-

347 4310 587 4375 propter,
618 4302 708 4372 qui
737 4301 866 4358 dicit
894 4302 1104 4371 iniqnos
1130 4310 1186 4356 et
1215 4311 1542 4371 peccatores,
1568 4318 1703 4373 quos
1727 4313 1933 4361 aeterno

346 4394 609 4465 supplicio
631 4395 828 4452 veritas
848 4394 1104 4461 damnat,
1135 4395 1421 4466 aliquando
1444 4395 1582 4478 inde
1612 4411 1769 4466 posse
1796 4398 1931 4455 libe-

349 4490 455 4545 rari
479 4530 496 4555 ,
543 4504 649 4545 non
696 4488 1135 4549 inccnvenienter
1159 4503 1281 4545 eum
1304 4488 1553 4559 Pelagius
1577 4488 1932 4561 Origenistam

350 4590 550 4637 vocat:
581 4579 675 4637 sed
719 4594 944 4645 rursus,
988 4580 1079 4650 qui
1124 4580 1325 4635 nullum
1375 4588 1707 4650 peccatorem
1745 4581 1799 4637 in
1840 4581 1937 4639 Dei

346 4670 548 4742 judicio
591 4669 953 4727 miseriam-dia
987 4670 1206 4741 dignum
1243 4669 1541 4737 existimat,
1585 4671 1728 4743 quod
1752 4672 1865 4728 vult
1885 4672 1936 4729 ei

352 4779 551 4820 nomen
578 4764 850 4834 imponat,
898 4762 1022 4818 dum
1050 4773 1225 4818 tamen
1255 4770 1310 4819 et
1335 4762 1478 4819 hunc
1501 4779 1738 4821 errorem
1766 4764 1940 4821 eccle-

352 4857 565 4914 siastica
587 4856 812 4912 veritate
849 4871 957 4911 non
994 4855 1162 4925 recipi
1193 4854 1472 4925 intelligat.
1500 4854 1765 4913 Iudicium
1792 4857 1935 4913 enim

351 4952 470 5007 sine
496 4947 860 5005 misericordia
884 4947 975 5004 lict
994 4947 1092 5013 illi,
1119 4946 1210 5019 qui
1234 4962 1342 5003 non
1368 4945 1491 5003 fecit
1515 4947 1937 5005 misericordiam

354 5042 557 5114 (Jacobi
579 5058 639 5107 ιι,
671 5042 786 5113 15).
1075 5098 1083 5105 _

426 5135 515 5190 11.
545 5132 826 5201 Quomodo
851 5140 1026 5193 autem
1070 5131 1161 5188 (iet
1187 5131 1291 5188 hoc
1319 5130 1578 5203 judicium
1598 5174 1614 5200 ,
1643 5131 1862 5191 difficile
1885 5134 1937 5189 in

352 5226 644 5297 Scripturis
679 5226 880 5281 sanctis
920 5223 1302 5297 comprehendi
1348 5232 1524 5294 potest
1556 5241 1570 5279 :
1601 5225 1772 5301 modis
1795 5227 1938 5282 enim

355 5318 537 5376 multis
558 5317 905 5388 significatur,
934 5316 1077 5387 quod
1092 5332 1199 5373 uno
1219 5316 1379 5372 modo
1398 5315 1629 5373 futurum
1651 5328 1752 5373 est.
1775 5318 1939 5374 Nam-

356 5427 460 5483 que
503 5409 791 5482 aliquando
829 5409 962 5466 dicit
1005 5409 1264 5466 Dominus
1305 5408 1564 5465 adversus
1588 5425 1683 5465 eos
1721 5426 1858 5481 quos
1888 5411 1940 5467 in

354 5520 508 5562 suum
524 5520 749 5576 regnum
776 5519 884 5560 non
905 5502 1113 5574 recipit,
1142 5503 1337 5559 ostium
1356 5517 1415 5558 se
1436 5504 1738 5559 clausurum
1763 5504 1803 5571 ¹,
1826 5505 1942 5560 cla-

354 5599 732 5669 mantibusque
772 5596 876 5652 illis
914 5606 968 5653 et
1010 5597 1337 5660 dicentibus,
1382 5595 1536 5667 Aperi
1565 5597 1743 5664 nobis;
1769 5599 1821 5652 in
1851 5615 1944 5652 no-

357 5693 490 5746 mine
537 5700 620 5745 tuo
664 5689 1076 5743 manducavimus
1105 5698 1150 5743 et
1191 5687 1443 5755 bibimus,
1493 5696 1547 5743 et
1585 5698 1776 5741 cretera
1821 5704 1940 5759 quae

425 5824 439 5853 ¹
476 5828 521 5872 ω
546 5823 897 5886 posterioribus
925 5829 1111 5875 tantum
1134 5820 1439 5874 editiouihns.
1468 5819 1764 5873 clausurum,

594 5899 616 5924 1

1752 308 1949 368 LIBER
1994 311 2188 370 UNUS.

3517 336 3620 391 55.0

2032 424 2150 482 illos
2173 427 2352 486 dicere
2378 433 2630 503 scriptum
2653 445 2755 503 est,
2781 451 2840 493 se
2861 452 3262 509 responsurum,
3296 443 3482 499 Nescio
3508 463 3612 513 vos,

2028 516 2114 590 qui
2154 524 2432 594 operamini
2471 525 2782 598 iniquitatem
2819 527 2969 602 (Luc.
3009 546 3140 599 xut,
3182 532 3252 587 26
3276 573 3291 599 ,
3339 534 3454 605 27).
3501 538 3615 591 Ali-

2029 618 2244 684 quando
2281 615 2554 687 iussurum
2594 634 2655 676 se
2694 631 3111 692 commemorat,
3139 635 3198 681 ut
3230 624 3285 680 hi
3311 627 3401 696 qui
3430 628 3591 682 nolne

2031 712 2156 759 runt
2182 720 2303 761 eum
2332 723 2584 778 regnare,
2615 710 2716 765 sibi
2742 711 3108 782 adducantur,
3150 724 3205 771 et
3231 716 3617 775 interficiantur

2030 811 2209 852 coram
2242 798 2333 854 illo
2357 798 2467 871 (Id.
2498 817 2618 870 xix,
2644 803 2762 873 27).
2804 806 3105 877 Aliquando
3132 819 3414 865 venturum
3442 826 3501 868 se
3529 812 3616 866 di-

2030 890 2103 945 cit
2124 905 2245 946 cum
2275 893 2494 964 Angelis
2516 895 2626 950 suis
2652 896 2704 950 in
2735 897 3011 967 majestate
3037 916 3161 966 sua,
3196 910 3257 958 ut
3284 918 3614 973 congregen-

2032 989 2119 1035 tur
2140 991 2266 1037 ante
2305 999 2426 1038 eum
2466 999 2654 1042 omnes
2680 997 2868 1057 gentes
2889 1030 2913 1059 ,ρ
2951 999 3008 1046 et
3030 992 3228 1047 dividat
3245 1008 3340 1049 eas
3357 1035 3373 1062 ,
3404 1003 3459 1049 et
3482 994 3617 1049 alios

2030 1084 2194 1145 ponat
2216 1074 2281 1130 ad
2308 1076 2578 1133 dexteram
2605 1121 2620 1146 ,
2662 1095 2888 1151 quorum
2933 1082 3069 1138 bona
3096 1099 3257 1154 opera
3284 1100 3616 1142 commemo-

2030 1180 2192 1232 rans,
2244 1177 2482 1236 rcportet
2509 1171 2525 1203 ι
2553 1170 2606 1225 in
2656 1171 2819 1226 vitam
2847 1183 3141 1242 aeternam;
3190 1178 3325 1232 alios
3370 1177 3440 1233 ad
3483 1179 3611 1233 sini-

2030 1264 2227 1327 stram,
2271 1259 2467 1329 quibus
2505 1261 2765 1318 honorum
2810 1266 3141 1322 sterilitatem
3190 1270 3491 1339 imputans,
3521 1286 3619 1327 eos

2030 1356 2234 1405 aaterno
2276 1351 2399 1422 igne
2439 1352 2761 1411 condemnet
2804 1356 3014 1431 (Matth.
3054 1376 3194 1425 xxv,
3235 1360 3452 1436 51-46).
3507 1364 3621 1418 Διὶ-

2030 1441 2242 1512 quando
2284 1459 2497 1501 servum
2546 1462 2771 1517 nequam
2820 1456 2876 1504 et
2918 1449 3161 1521 pigrum,
3207 1453 3299 1522 qui
3338 1455 3619 1523 pecuniam

2030 1534 2145 1601 ejus
2176 1534 2406 1603 neglexit
2432 1536 2741 1607 impendere
2767 1536 2915 1612 (Luc.
2948 1557 3067 1607 xix,
3097 1541 3285 1613 22-24)
3305 1585 3321 1610 ,
3353 1544 3436 1599 vel
3458 1545 3619 1601 etiam

2034 1624 2299 1679 hominem
2351 1626 2622 1683 inventum
2669 1630 2723 1684 in
2766 1631 3011 1686 convivio
3057 1647 3162 1686 non
3202 1632 3482 1690 habentem
3527 1650 3622 1691 ve-

2031 1725 2165 1771 stem
2208 1717 2545 1787 nuptialem,
2591 1719 2745 1792 jubet
2789 1722 2965 1794 ligatis
3007 1725 3254 1781 manibus
3292 1734 3349 1781 et
3395 1727 3621 1796 pedibus

2029 1809 2168 1863 mitti
2222 1809 2275 1863 in
2333 1811 2581 1883 tenebras
2636 1815 2950 1872 exteriores.
3007 1818 3309 1888 Aliquando
3357 1821 3620 1889 susceptis

2030 1902 2268 1972 quinque
2317 1903 2707 1973 prudentibus,
2760 1909 2956 1963 ostium
3012 1919 3199 1965 contra
3248 1911 3439 1966 stultas
3485 1912 3620 1968 alias

2033 1993 2271 2063 quinque
2303 1996 2534 2065 virgines
2570 1997 2765 2053 claudit
2792 1998 3005 2073 (Matth.
3034 2018 3136 2057 xxv
3161 2044 3176 2068 ,
3207 2002 3417 2075 10-12).
3472 2004 3619 2071 llaec,

2032 2084 2158 2139 etsi
2197 2086 2322 2156 quid
2355 2096 2438 2141 est
2469 2088 2611 2143 aliud
2638 2089 2781 2160 quod
2817 2090 2869 2145 in
2908 2093 3193 2161 praesentia
3231 2108 3335 2147 non
3363 2095 3615 2160 occurrit,

2025 2175 2102 2231 'de
2144 2175 2345 2247 judicio
2385 2179 2635 2236 dicuntur
2672 2180 2849 2237 futuro
2873 2224 2888 2247 ,
2940 2183 3123 2255 utique
3164 2199 3273 2240 non
3308 2186 3359 2240 in
3404 2201 3510 2241 uno
3533 2188 3622 2243 vel

2032 2271 2286 2342 quinque,
2325 2272 2421 2328 sed
2447 2273 2500 2328 in
2532 2274 2713 2330 multis
2735 2276 3057 2331 exercendo.
3085 2276 3217 2332 Nam
3246 2279 3292 2333 si
3322 2292 3459 2334 unus
3480 2288 3624 2335 esset

2036 2362 2125 2432 qui
2147 2362 2217 2418 de
2245 2364 2510 2431 convivio,
2540 2365 2682 2436 quod
2704 2380 2814 2422 non
2834 2366 3064 2424 habebat
3083 2378 3285 2424 vestem
3308 2369 3622 2440 nuptialem,

2035 2451 2088 2506 in
2121 2453 2368 2509 tenebras
2404 2454 2588 2524 jussus
2611 2466 2693 2512 est
2732 2457 2911 2525 mitti;
2954 2473 3061 2513 non
3086 2460 3342 2515 continuo
3365 2476 3622 2532 sequere-

2038 2552 2139 2612 tur,
2171 2556 2223 2601 et
2248 2545 2453 2603 diceret
2485 2547 2642 2604 Multi
2664 2550 2796 2605 enim
2822 2560 2940 2605 sunt
2963 2554 3143 2618 uocati,
3168 2554 3318 2624 pauci
3343 2569 3458 2609 vero
3484 2555 3627 2610 electi

2038 2632 2149 2707 (Id.
2192 2652 2332 2705 χιιι,
2381 2636 2567 2711 11-14)
2600 2655 2614 2694 :
2646 2654 2769 2694 cum
2813 2641 2991 2712 potius
3031 2658 3136 2697 uno
3185 2643 3424 2713 projecto
3466 2653 3627 2716 atque

2038 2723 2293 2782 damnato
2319 2768 2334 2793 ,
2383 2728 2535 2784 multi
2564 2729 2618 2785 in
2643 2729 2804 2784 domo
2826 2732 3151 2788 remansisse
3179 2733 3479 2791 videantur.
3518 2736 3627 2793 Sed

2038 2814 2108 2872 de
2126 2816 2209 2871 his
2231 2818 2479 2875 omnibus
2502 2835 2643 2876 nunc
2666 2830 2919 2891 quantum
2945 2823 3074 2876 satis
3097 2832 3180 2878 est
3211 2824 3482 2893 disputare
3508 2843 3630 2897 per-

2048 2906 2263 2978 longum
2284 2918 2385 2965 est.
2415 2909 2529 2966 Hoc
2556 2921 2733 2967 tamen
2754 2911 2989 2968 breviter
3017 2929 3231 2983 possum
3259 2915 3438 2971 dicere
3456 2957 3471 2981 ,
3511 2917 3630 2973 sine

2046 2998 2353 3069 przejudicio
2377 2999 2538 3072 (quod
2567 3001 2620 3057 in
2648 3003 2970 3072 pecuniariis
3000 3004 3292 3060 rationibus
3312 3006 3427 3071 dici,
3443 3006 3627 3078 solet),

2043 3089 2283 3146 melioris
2310 3091 2686 3161 discussionis,
2719 3109 2881 3149 unum
2908 3094 3139 3165 aliquem
3174 3096 3358 3165 judicii
3384 3097 3627 3166 modum,

2041 3181 2132 3253 qui
2160 3191 2245 3239 est
2281 3184 2642 3241 inscrutabilis
2668 3187 2825 3242 nobis
2843 3227 2860 3254 ,
2889 3198 3099 3242 servata
3130 3187 3385 3244 duntaxat
3413 3191 3463 3245 in
3493 3207 3632 3260 prte-

2042 3275 2167 3332 miis
2186 3285 2241 3332 et
2266 3277 2439 3346 poenis
2463 3277 2771 3334 diversitate
2794 3280 3104 3334 meritorum
3125 3320 3140 3346 ,
3173 3281 3353 3337 multis
3373 3298 3468 3353 per
3486 3283 3631 3339 Scri-

2042 3376 2225 3437 pturas
2262 3377 2475 3425 sanctas
2515 3368 2803 3439 significari
2839 3369 3035 3424 modis.
3084 3370 3238 3437 Quod
3278 3383 3457 3427 autem
3504 3373 3629 3430 huic

2038 3473 2214 3515 cause
2238 3500 2254 3526 ,
2304 3459 2373 3516 de
2413 3475 2516 3532 qua
2560 3474 2704 3516 nunc
2738 3462 2945 3532 agitur,
2994 3462 3124 3516 satis
3161 3470 3290 3519 est:
3317 3463 3362 3517 si
3406 3463 3630 3520 dixisset

2040 3550 2307 3622 Pelagius,
2351 3567 2540 3607 omnes
2587 3552 2806 3607 omnino
2848 3562 3158 3623 peccatores
3182 3564 3384 3609 aeterno
3410 3555 3534 3626 igne
3571 3565 3628 3613 et

2039 3652 2240 3698 aeterno
2260 3644 2521 3713 supplicio
2548 3643 2844 3713 puniendos
2866 3659 2882 3710 ;
2903 3644 3143 3715 quisquis
3171 3644 3221 3700 id
3251 3645 3508 3715 judicium
3540 3648 3625 3717 (τι)

2039 3735 2427 3804 approbasset,
2467 3735 2518 3789 in
2544 3750 2604 3791 se
2637 3735 2810 3804 ipsum
2853 3736 3103 3804 primitus
3139 3737 3460 3791 sententiam
3501 3753 3631 3808 pro-

2042 3825 2267 3880 tulisset.
2313 3823 2438 3890 Quis
2461 3824 2606 3881 enim
2639 3825 2939 3896 gloriabitur
2961 3841 3016 3879 se
3040 3828 3285 3880 mundum
3311 3843 3417 3881 esse
3444 3845 3476 3881 a
3503 3845 3627 3900 pec-

2045 3917 2168 3972 catis
2194 3914 2374 3990 (Prov.
2403 3932 2494 3984 xx,
2524 3916 2579 3980 9,
2605 3932 2709 3973 sec.
2736 3914 2941 3990 LXX)?
2987 3916 3119 3986 Quia
3144 3932 3271 3973 vero
3300 3933 3400 3974 nec
3440 3934 3630 3977 omnes

2046 4008 2218 4077 dixit,
2249 4024 2351 4066 nec
2374 4010 2654 4081 quosdam,
2698 4007 2793 4064 sed
2833 4008 3105 4064 indelinite
3145 4010 3398 4079 posuit',
3440 4019 3495 4066 et
3531 4010 3634 4068 hoc

2049 4103 2341 4160 secundum
2394 4103 2739 4174 Evangelium
2785 4116 2844 4157 se
2885 4101 3084 4157 dixisse
3129 4101 3405 4172 respondit
3443 4121 3457 4157 :
3503 4119 3631 4160 vera

2040 4194 2258 4265 quidem
2299 4193 2565 4249 sententia
2605 4191 2895 4263 episcopali
2925 4200 3008 4247 est
3049 4190 3363 4247 conﬁrmata
3392 4192 3626 4264 judicio;

2041 4286 2136 4341 sed
2181 4286 2356 4341 adhuc
2398 4285 2526 4356 quid
2570 4284 3075 4351 sentiat‘Pelagius
3116 4300 3221 4339 non
3264 4296 3527 4356 apparet,
3577 4297 3634 4344 et

2042 4389 2165 4449 post
2192 4378 2294 4432 hoc
2320 4378 2479 4431 etiam
2504 4376 2808 4447 episcopale
2837 4375 3096 4447 judicium
3120 4392 3225 4431 non
3250 4378 3586 4448 impudenter
3606 4378 3629 4411 ⁸

2041 4472 2345 4543 inquiritur.
2724 4492 2737 4505 -

2112 4561 2341 4619 CAPUT
2379 4559 2468 4617 Ν.
2492 4590 2569 4602 -
2592 4558 2681 4615 12.
2711 4558 2989 4629 Objectum
3020 4570 3103 4616 est
3133 4570 3188 4615 et
3223 4558 3351 4620 illud
3391 4563 3630 4636 Pelagio,

2042 4663 2293 4725 tanquam
2325 4655 2376 4709 in
2404 4668 2504 4711 suo
2519 4654 2657 4710 libro
2676 4653 2969 4722 scripserit,
3007 4671 3027 4703 ε
3052 4654 3244 4708 Malum
3278 4671 3375 4710 nec
3402 4657 3451 4710 in
3480 4659 3629 4727 cogi-

2044 4749 2299 4804 tationem
2340 4747 2542 4803 venire.
2570 4766 2590 4800 ι
2637 4746 2933 4817 Respondit
2976 4754 3176 4808 autem,
3223 4767 3241 4798 ι
3268 4748 3380 4803 lloc
3414 4767 3518 4804 non
3560 4754 3631 4806 ita

2045 4840 2353 4911 posuimus;
2383 4838 2475 4894 sed
2495 4837 2747 4902 diximus,
2774 4837 2972 4893 debere
3001 4837 3216 4893 studere
3245 4838 3630 4907 Christianum,
3733 4870 3740 4875 -

2047 4946 2116 4987 ne
2140 4930 2277 4986 male
2302 4929 2496 5000 cogitet
2520 4947 2534 4984 :
2564 4947 2583 4982 ι
2605 4928 2770 4999 quod,
2802 4928 2942 4983 sicut
2966 4927 3160 4989 decuit,
3189 4929 3424 4999 episcopi
3444 4947 3632 5003 appro-

2046 5022 2259 5078 barunt.
2290 5020 2422 5088 Quis
2444 5020 2585 5075 enim
2616 5019 2840 5085 dubitat,
2869 5018 3065 5072 malum
3095 5019 3314 5089 cogitari
3339 5038 3442 5076 non
3470 5038 3634 5093 opor-

2048 5112 2199 5170 tere?
2239 5110 2306 5167 Et
2342 5125 2527 5166 revera
2567 5112 2621 5165 in
2658 5110 2794 5164 libro
2821 5124 2920 5164 suo
2953 5109 3093 5180 quod
3130 5112 3224 5178 ait,
3261 5130 3279 5163 ι
3305 5114 3501 5168 malum
3535 5132 3636 5173 nec

2048 5202 2291 5277 cogitari,
2320 5220 2341 5255 ι
2376 5202 2516 5257 si‘ita
2547 5201 2751 5273 legitur,
2790 5219 2809 5254 ι
2832 5216 2932 5257 nec
2968 5201 3305 5273 cogitandum
3344 5205 3581 5276 quidem,
3609 5229 3633 5263 ι

2112 5342 2186 5407 (α)
2218 5348 2379 5395 Forte.
2393 5336 2644 5403 iudicum.

2116 5448 2134 5481 ι
2173 5446 2328 5509 \‘igu.,
2354 5449 2570 5509 reponat.
2593 5449 2732 5509 Forte
2754 5441 3146 5509 legendum,_eos
3166 5452 3337 5509 portet.

2058 5570 2072 5583 .
2172 5504 2366 5583 tuituss.
2414 5512 2476 5583 et.
2509 5507 2559 5555 lu
2604 5505 2732 5556 Vels.
2770 5504 2831 5556 et
2871 5514 3004 5555 Suar.
3049 5504 3346 5570 legebatur,
3400 5507 3491 5559 sed
3544 5522 3638 5560 nec

2051 5570 2300 5631 indeﬁnite
2321 5570 2493 5632 posuit.

2118 5634 2140 5665 ³
2165 5632 2320 5699 tidem
2366 5638 2469 5699 Mss.
2518 5634 2570 5678 et
2608 5627 2733 5699 vels.
2778 5636 2829 5699 et
2861 5636 2992 5699 suar.
3018 5662 3048 5699 ,ο
3072 5628 3165 5699 sed
3196 5627 3417 5699 adnuens
3446 5628 3635 5688 aliquid

2053 5693 2243 5761 seruiat.
2280 5698 2428 5761 Forte
2456 5692 2718 5761 pro,_sed
2752 5689 3165 5761 aliudne‘aliqm'd
3206 5689 3391 5761 sentiat.

2058 5816 2091 5866 ά
2119 5759 2141 5785 δ
2171 5756 2244 5804 Sic
2261 5752 2388 5803 vels.
2406 5747 2540 5802 Suar.
2568 5759 2619 5801 et
2635 5759 2741 5803 Mss.
2777 5761 2831 5802 At
2867 5747 3161 5811 posteriures
3184 5750 3437 5809 editiones,
3462 5747 3643 5811 impru-

2092 5823 2240 5867 mter.
