4170 6518
549 325 653 382 32⁸1

546 440 650 495 Ιιοε
692 436 913 510 intelligi
954 435 1148 503 solet',
1181 435 1378 491 malum
1409 449 1507 489 nec
1535 434 1754 504 cogitari
1785 432 1981 487 debere
2020 432 2141 500 qui-

546 533 690 586 dem.
718 530 830 587 Hoc
854 538 1034 586 autem
1064 529 1154 601 qui
1184 537 1358 599 negat,
1379 527 1505 597 quid
1530 526 1672 581 aliud
1694 526 1840 591 dicit,
1860 539 2018 594 quam
2043 523 2142 578 de-

546 623 676 678 bere
700 623 922 695 cogitari
951 622 1189 677 malum?
1213 619 1363 687 Quod
1386 620 1431 673 si
1459 634 1641 674 verum
1673 628 1835 681 esset,
1866 633 1971 670 non
1994 615 2141 670 dice-

547 724 699 769 retur
730 715 783 768 in
824 713 979 768 laude
1016 713 1310 775 charitatis,
1349 711 1471 765 Non
1510 712 1694 781 cogitat
1727 708 1918 761 malum
1948 708 1989 775 (Ι
2018 706 2139 762 Cor.

551 819 686 871 xm,
728 804 799 875 5)
850 822 870 856 ι
893 803 1047 858 Νοιι¹Ι
1096 802 1279 857 venire
1303 822 1321 854 ι
1369 810 1545 855 tamen
1590 819 1609 852 ι
1635 801 1687 854 in
1719 798 2091 868 cogitationem
2117 817 2136 850 ι

549 895 817 964 justorum
848 904 1007 964 atque
1028 900 1356 957 sanctorum,
1390 892 1508 945 ideo
1536 906 1638 945 non
1672 901 1775 942 tam
1810 889 1973 958 probe
1993 903 2142 942 asse-

549 987 705 1052 ritur,
733 986 856 1057 quia
876 985 1127 1055 cogitatio
1156 984 1333 1038 vocari
1363 984 1500 1037 solet
1519 982 1678 1037 etiam
1709 996 1831 1035 cum
1862 979 2056 1050 aliquid
2088 980 2141 1033 in

502 1118 513 1123 -
551 1086 786 1132 mentem
810 1077 977 1142 venit,
1005 1076 1108 1131 etsi
1135 1073 1420 1130 consensio
1442 1090 1549 1127 non
1575 1082 1848 1142 sequatur.
1882 1069 2142 1138 Cogitatio

551 1185 680 1225 vero
715 1186 832 1240 quae
872 1170 1080 1239 culpam
1126 1169 1425 1234 contrahit,
1466 1176 1523 1224 et
1564 1168 1753 1221 merito
1797 1166 2137 1236 prohibetur,

550 1264 904 1319 consensione
925 1278 1030 1318 non
1052 1271 1219 1319 caret.
1248 1262 1426 1317 Potuit
1445 1276 1573 1331 ergo
1601 1261 1715 1315 ﬁeri
1747 1267 1806 1314 ut
1825 1257 2140 1313 mendosum

550 1352 791 1408 codicem
832 1354 1085 1424 legerent,
1119 1353 1207 1423 qui
1251 1354 1351 1407 hoc
1395 1353 1463 1406 ita
1503 1349 1857 1420 objiciendum
1898 1347 2141 1403 arbitrati

550 1452 697 1510 sunt,
723 1453 973 1514 tanquam
1003 1443 1247 1514 Pelagius
1270 1442 1485 1503 dixerit,
1527 1460 1545 1493 ι
1570 1441 1763 1495 Malum
1791 1454 1891 1495 nec
1920 1441 1971 1493 in
1998 1439 2145 1510 cogi-

552 1534 807 1589 tationem
841 1534 1023 1590 venire
1042 1577 1057 1600 ,
1086 1554 1104 1588 ι
1136 1534 1187 1588 id
1212 1543 1312 1599 est,
1336 1533 1492 1603 justis
1520 1543 1573 1588 et
1599 1532 1797 1587 sanctis
1823 1533 1877 1587 in
1902 1541 2137 1586 mentem

551 1642 657 1681 non
690 1628 872 1683 venire
902 1628 1043 1699 quod
1071 1628 1265 1682 malum
1301 1637 1402 1682 est.
1449 1627 1579 1695 Qua:
1608 1626 1870 1681 sententia
1902 1622 2143 1695 profecto

549 1716 929 1773 absurdissima
969 1727 1080 1782 est;
1132 1733 1253 1773 cum
1299 1718 1442 1772 enim
1487 1717 1623 1770 mala
1665 1714 2139 1787 reprehendimus,

549 1807 651 1862 nisi
675 1809 901 1877 cogitata
924 1808 1102 1863 verbis
1126 1809 1406 1863 enuntiare
1433 1822 1538 1862 non
1570 1821 1852 1877 possumus
1875 1824 1890 1861 :
1913 1806 2006 1861 sed
2030 1806 2139 1871 illa,

550 1907 609 1952 ut
636 1899 885 1964 diximus,
918 1900 1195 1972 culpabilis
1224 1900 1526 1971 appellatur
1559 1900 1813 1970 cogitatio
1846 1900 1992 1966 mali,
2022 1914 2142 1971 quae

549 1991 957 2046 consensionem
988 1991 1168 2046 trahit.

619 2080 845 2136 CAPUT
883 2080 949 2136 V.
974 2082 1148 2135 -15.
1193 2079 1326 2137 Cum
1371 2095 1502 2151 ergo
1543 2088 1598 2136 et
1636 2080 1774 2135 hanc
1811 2080 2011 2151 Pelagii
2055 2095 2143 2137 re-

549 2172 893 2243 sponsionem
914 2171 1122 2241 judicans
1140 2170 1547 2240 approbassent,
1570 2170 1847 2225 recitatum
1872 2179 1956 2226 est
1973 2170 2139 2238 aliud,

548 2262 689 2332 quod
716 2262 768 2315 in
796 2276 895 2316 suo
921 2261 1100 2316 libello
1121 2261 1354 2330 scripsit,
1389 2279 1410 2313 ι
1438 2261 1675 2331 Regnum
1701 2261 1957 2316 oculorum
1980 2261 2141 2317 etiam

551 2354 603 2407 in
631 2353 809 2408 Veteri
828 2352 1169 2407 Testamento
1187 2353 1558 2422 promissum.»
1591 2352 1670 2406 Ad
1695 2352 1835 2422 quod
1862 2352 2139 2423 Pelagius:

557 2465 575 2497 ι
597 2445 707 2500 lloc
733 2456 786 2500 et
813 2462 907 2515 per
934 2444 1233 2515 Scripturas
1257 2444 1466 2515 probari
1492 2444 1740 2515 possibile
1764 2454 1847 2500 est
1870 2462 1883 2499 :
1905 2444 2140 2501 hazretici

556 2548 733 2593 autem
780 2540 830 2592 in
858 2538 1105 2608 injuriatn
1147 2538 1351 2593 Veteris
1388 2536 1715 2592 Testamenti
1736 2575 1752 2603 ,
1785 2536 1888 2591 hoc
1922 2542 2138 2608 negant.

556 2631 666 2699 ligo
704 2645 831 2684 vero
878 2630 1270 2699 Scripturarum
1323 2629 1693 2683 auctoritatem
1744 2635 1959 2683 secutus
2006 2628 2139 2696 dixi,

552 2723 801 2794 quoniam
832 2724 881 2777 in
915 2722 1171 2792 propheta
1215 2722 1432 2777 Daniele
1473 2722 1729 2791 scriptum
1764 2729 1867 2785 est,
1897 2717 1963 2772 Et
2002 2719 2141 2772 acci-

553 2822 687 2881 ptcut
716 2814 875 2867 sancti
897 2829 1105 2883 regnum
1131 2812 1404 2883 Altissintis
1435 2810 1596 2883 (Dan.
1628 2826 1719 2875 vn,
1743 2810 1857 2881 18).
1883 2810 1996 2877 Qua
2024 2810 2142 2880 ejus

552 2911 768 2973 accepta
791 2902 1160 2971 responsione,
1188 2900 1437 2973 Synodus
1464 2901 1615 2968 dixit,
1645 2919 1663 2953 ι
1689 2900 1872 2972 Neque
1893 2899 1997 2956 hoc
2013 2900 2141 2957 alie-

555 3009 679 3047 num
708 3002 791 3046 est
816 3007 845 3044 a
878 2993 978 3047 lide
1007 2993 1386 3047 ecclesiastica.
1410 3010 1430 3044 ι

633 3083 717 3138 ll.
746 3082 1134 3152 Numquidnam
1159 3098 1285 3153 ergo
1307 3082 1497 3138 fratres
1521 3091 1754 3149 nostros,
1773 3091 1831 3138 ut
1856 3083 2016 3139 etiam
2037 3082 2143 3140 hoc

554 3184 693 3229 mter
723 3183 914 3228 ca-tera
948 3174 1241 3243 objicerent
1261 3216 1276 3240 ,
1311 3177 1426 3229 sine
1451 3190 1611 3229 causa
1635 3174 1796 3230 verba
1825 3175 1925 3230 ista
1956 3172 2140 3231 move—

553 3262 714 3318 runt?
766 3262 882 3317 Non
938 3266 1120 3333 utique
1152 3284 1162 3319 ι
1192 3264 1289 3319 sed
1335 3264 1543 3320 Veteris
1571 3262 1900 3320 Testamenti
1942 3281 2138 3323 nomen

556 3354 728 3409 modis
748 3356 954 3409 duobus
980 3354 1084 3410 dici
1110 3355 1266 3422 solet,
1298 3371 1403 3411 uno
1429 3356 1590 3411 modo
1616 3356 1909 3411 secundum
1934 3356 2140 3412 divina-

553 3458 670 3498 rum
707 3447 1097 3517 Scripturarum
1138 3449 1540 3518 auctoritatem,
1583 3450 1689 3505 alio
1722 3449 2014 3505 secundum
2053 3450 2140 3506 lo-

550 3538 743 3607 quendi
768 3539 1180 3609 vulgatissimam
1199 3540 1660 3597 consuetudinem.
1692 3541 1887 3597 Paulus
1907 3558 2140 3614 namque

548 3640 820 3694 apostonts
862 3631 990 3687 dicit
1027 3632 1095 3687 ad
1135 3631 1349 3688 Galatas
1380 3651 1394 3686 :
1422 3632 1601 3687 Dicite.
1628 3634 1773 3701 milii,
1817 3634 2009 3705 inquit,
2047 3635 2138 3690 sub

550 3731 655 3794 tege
694 3723 911 3778 volentes
948 3740 1084 3791 esse,
1134 3725 1293 3795 legem
1334 3741 1436 3779 non
1473 3726 1725 3780 audistis?
1764 3725 2024 3797 Scriptum
2066 3739 2140 3782 est

549 3816 681 3868 enim
700 3814 835 3883 quod
849 3815 1105 3868 Abraham
1123 3816 1249 3869 ducs
1274 3816 1410 3884 ﬁlios
1434 3816 1626 3881 habuit,
1653 3833 1810 3870 unum
1838 3820 1900 3871 de
1925 3818 2134 3886 ancilla,

550 3907 766 3961 alterum
804 3908 867 3961 de
905 3908 1060 3962 libera
1092 3924 1111 3962 :
1133 3923 1246 3977 quae
1279 3918 1395 3962 sunt
1434 3908 1487 3962 iu
1514 3907 1758 3979 allegoria
1776 3909 1817 3963 ⁸.
1854 3908 1979 3964 Hcce
2007 3912 2139 3964 enim

551 4010 668 4053 sunt
693 4000 796 4053 duo
820 3998 1177 4066 Testamenta;
1217 4016 1374 4054 unum
1413 4000 1613 4070 quidem
1642 4001 1694 4053 in
1722 4000 2009 4055 servitutem
2047 4017 2139 4071 ge-

549 4110 751 4158 nerans,
778 4093 913 4162 quod
950 4102 1021 4147 est
1060 4091 1217 4163 Agar.
1257 4093 1387 4147 Sina
1412 4109 1553 4147 mons
1592 4102 1663 4147 est
1702 4093 1754 4147 in
1790 4092 1996 4157 Arabia,
2026 4108 2141 4163 qua:

550 4185 822 4255 conjuncta
859 4193 931 4238 est
969 4185 1013 4237 ei
1047 4200 1159 4254 qua:
1194 4200 1327 4237 nunc
1359 4192 1432 4237 est
1468 4182 1785 4247 Jerusalem;
1819 4185 1967 4237 servit
2004 4184 2139 4237 enim

548 4292 663 4330 cum
690 4276 811 4340 ﬁliis
837 4276 944 4330 suis
968 4290 987 4329 :
1012 4291 1126 4347 qua:
1152 4284 1318 4329 autent
1346 4291 1545 4329 sursum
1568 4284 1639 4327 est
1656 4274 1960 4338 Jerusalem,
1982 4275 2137 4328 libera

552 4372 649 4426 est,
674 4378 791 4430 qum
805 4370 882 4416 est
902 4374 1073 4416 mater
1091 4372 1268 4417 nostra
1288 4361 1495 4434 (Galat.
1512 4379 1587 4430 tv,
1613 4362 1824 4434 21-26.)
1851 4362 1989 4418 Cum
2004 4374 2136 4431 ergo

555 4455 723 4510 Vetus
750 4453 1164 4510 Testamentum
1198 4456 1264 4510 ad
1298 4457 1620 4511 servitutem
1663 4455 1958 4525 pertineat,
1990 4452 2137 4507 unde

552 4548 716 4604 etiam
729 4548 932 4604 dictum
946 4550 1048 4605 est:
1061 4549 1206 4615 lfjice
1221 4548 1471 4604 ancillam
1486 4559 1532 4602 et
1548 4549 1716 4618 ﬁlium
1732 4550 1865 4618 ejus,
1880 4562 1982 4600 non
1999 4546 2137 4600 enim

554 4645 718 4697 lm'res
731 4645 829 4697 erit
847 4644 990 4715 ﬁlius
1013 4643 1221 4696 ancilla:
1240 4661 1361 4696 cum
1391 4644 1506 4712 ﬁlio
1534 4661 1644 4697 meo
1667 4642 1825 4696 Isaac
1842 4641 1997 4713 (Gen.
2018 4657 2134 4707 XXI,

551 4736 672 4804 10);
695 4753 920 4807 regnum
936 4746 1118 4792 autem
1135 4738 1396 4791 caelorum
1410 4738 1475 4792 ad
1499 4738 1804 4792 libertatem
1825 4755 1839 4790 :
1857 4737 2138 4807 quomodo

548 4832 713 4885 etiam
730 4846 957 4901 regnum
982 4830 1248 4899 cmlorum
1267 4832 1333 4885 ad
1352 4832 1517 4887 Vetus
1552 4832 1788 4901 pertinet
1812 4830 2137 4885 Testamen-

549 4921 696 4975 tum?
716 4922 824 4976 Sed
845 4924 1199 4990 quoniam,ut
1214 4924 1516 4991 dixi,etiam
1533 4925 1610 4979 sic
1629 4924 1867 4980 solemus
1886 4923 2059 4995 loqui,
2078 4933 2139 4981 ut

549 5012 637 5067 Sci
654 5011 862 5081 ipturas
879 5029 1071 5069 omnes
1090 5006 1321 5087 Legis'et
1336 5020 1749 5088 prophetarum,
1774 5038 1802 5088 q
1815 5037 1891 5072 me
1907 5029 2036 5073 ante
2060 5019 2139 5072 in-

603 5127 619 5157 ¹
657 5132 804 5175 Locus
826 5127 920 5173 iste
942 5137 1306 5173 amanuensmm
1328 5127 1445 5185 vitio
1466 5124 1591 5172 "or-de
1612 5131 1869 5185 corruptus
1893 5124 1941 5171 in
1963 5134 2132 5172 manu-

536 5189 730 5247 scriptis
751 5189 821 5236 sic
843 5186 1081 5247 habet-at:
1108 5192 1346 5247 Iitrevera
1368 5183 1419 5233 in
1438 5185 1560 5235 libro
1580 5198 1666 5247 suo
1686 5176 1957 5247 ad'malum
1991 5185 2132 5247 cujus

536 5248 605 5298 ita
626 5245 818 5312 legitur,
845 5245 1278 5312 neccogitandum,
1296 5249 1420 5310 quod
1444 5247 1500 5312 in
1518 5247 1608 5301 hac
1632 5245 1835 5309 i.tclligi
1856 5246 1989 5312 solet.
2010 5245 2131 5312 nihil

536 5306 769 5360 mutatum
792 5312 842 5358 in
864 5306 1139 5371 \‘elseriana
1160 5306 1393 5371 editione,
1417 5309 1501 5357 seJ
1528 5316 1713 5357 tantum
1739 5306 1841 5371 pro,
1869 5310 1935 5356 ad
1949 5306 2129 5371 malum

535 5373 706 5434 cujus;
730 5386 771 5432 a.
794 5373 943 5432 posita
970 5370 1128 5434 fuerat
1150 5372 1206 5418 ad
1229 5384 1360 5434 oram
1386 5370 1493 5418 libri
1517 5370 1813 5434 conjectura,
1856 5386 1878 5414 ι
1907 5371 1964 5418 ad
1988 5370 2129 5418 Mela-

537 5452 558 5478 (ι
589 5430 723 5481 niam
746 5430 803 5481 εἰ
844 5443 990 5494 quam
1015 5430 1146 5494 nullo
1178 5431 1475 5492 suifragantc
1502 5433 1659 5480 veteri
1682 5434 1850 5480 codice
1890 5434 2129 5491 posterio-

528 5508 617 5545 res
639 5496 832 5557 quitlam
856 5492 1000 5555 hujus
1024 5492 1133 5541 libri
1163 5494 1379 5542 editores
1412 5501 1602 5543 temere
1627 5494 1675 5541 in
1700 5502 1892 5542 textum
1924 5494 2130 5543 induxe-

533 5566 662 5609 l'lllll.

595 5622 615 5650 ³
652 5620 732 5666 llic
752 5618 942 5672 deerat,
968 5627 1077 5664 non.
1123 5621 1175 5665 Et
1199 5615 1318 5664 intra
1344 5628 1448 5679 [:ro,
1472 5614 1583 5667 ideo
1604 5628 1693 5665 non
1717 5620 1841 5672 tam,
1867 5614 2129 5679 legebatur

534 5692 683 5742 prius,
722 5689 821 5742 pro
844 5686 1005 5728 notum
1034 5690 1050 5726 :
1076 5678 1654 5742 mauit'esto__librariorum
1680 5679 1831 5742 lapsu.

536 5737 617 5851 ἔπι
652 5739 777 5789 Veis.
801 5750 852 5791 et
870 5750 1023 5802 scan,
1035 5752 1144 5803 qua:
1161 5748 1269 5790 sunt
1291 5737 1544 5803 allegoria;
1562 5737 1753 5800 omisso,
1770 5739 1837 5791 in.
1861 5746 2000 5791 Forte
2019 5752 2124 5803 pro,

589 5813 809 5851 ιειιυγιεα.

589 5813 809 5865 tegortca.

1590 319 1678 375 DE
1718 316 1956 375 GESTIS
1994 315 2285 382 PELACII,
2324 316 2383 373 S.
2425 314 2801 377 AUGUSTINI

3725 321 3832 378 5'28

2243 433 2618 488 carnationem
2636 431 2850 489 Domini
2866 432 3206 498 ministrata,
3222 435 3549 491 auctoritate
3567 437 3830 491 canonica

2243 526 2617 591 continentur,
2652 526 2875 582 nomine
2916 525 3255 583 Testamenti
3296 526 3513 585 Veteris
3546 546 3832 601 nuncupe-

2250 630 2396 680 mus;
2437 617 2556 685 quis
2594 615 2966 670 ecclesiasticis
3007 616 3198 671 litteris
3227 618 3308 671 vel
3347 617 3685 671 mediocriter
3707 633 3831 671 cru-

2248 704 2391 759 ditus
2417 707 2658 776 ignorat,
2686 708 2753 761 ita
2779 707 3069 776 Scripturis
3095 707 3200 761 illis
3229 709 3462 778 promitti
3489 708 3722 777 potuisse
3746 724 3839 763 re—

2250 813 2411 867 gnum
2437 799 2717 863 cmlornm,
2760 798 2897 851 sicut
2937 798 3095 851 etiam
3141 797 3273 851 illud
3302 798 3703 853 Testamentum
3726 798 3837 853 Nn-
3906 808 3913 819 '

2251 905 2395 950 vum,
2424 889 2490 944 ad
2514 890 2657 959 quod
2686 890 2913 958 pertinet
2943 905 3164 959 regnum
3190 891 3480 945 cmlorum?
3508 890 3667 946 Certe
3693 892 3838 945 enim

2250 979 2301 1033 in
2344 978 2448 1032 illis
2485 978 2697 1035 Litteris
2739 980 3075 1048 apertissime
3112 980 3367 1051 scriptum
3406 990 3489 1036 est
3521 999 3535 1035 :
3565 980 3699 1036 Ecce
3732 983 3842 1037 diu

2248 1072 2468 1135 veniunt,
2496 1072 2616 1125 dicit
2644 1070 2920 1139 Dominus,
2948 1081 2995 1125 et
3023 1072 3380 1127 consummabo
3397 1074 3571 1127 domui
3599 1071 3766 1127 Israel
3789 1082 3840 1127 et

2248 1160 2421 1214 domui
2443 1159 2603 1214 Jacob
2642 1160 3012 1214 Testamentum
3042 1160 3266 1228 Novum,
3298 1178 3398 1216 non
3432 1164 3712 1217 secundum
3737 1161 3842 1217 Te--

2247 1260 2547 1306 stamentum
2569 1252 2704 1321 quod
2730 1251 2959 1322 disposui
2983 1253 3210 1322 patribus
3234 1268 3430 1317 eorum,
3451 1254 3506 1307 in
3525 1253 3607 1307 die
3626 1270 3725 1325 qua
3743 1270 3842 1323 ap-
3902 1294 3916 1325 ε

2248 1343 2489 1415 pre/tendi
2516 1360 2720 1397 manum
2747 1360 2940 1409 eorum,
2966 1352 3022 1397 ut
3048 1343 3307 1399 educerent
3330 1360 3414 1399 eos
3432 1345 3496 1399 de
3511 1354 3647 1399 terra
3664 1344 3841 1417 Αἲσῃ-
3934 1348 3939 1353 ’

2248 1435 2321 1504 pti
2367 1433 2594 1503 (Jerem.
2621 1450 2765 1500 xxxi,
2796 1435 2885 1499 3i,
2914 1434 3038 1504 32).
3082 1434 3194 1490 lloc
3234 1435 3379 1489 enim
3421 1434 3619 1491 laetum
3665 1446 3751 1503 est
3785 1438 3840 1492 in

2247 1533 2429 1580 monte
2471 1525 2619 1580 Sina.
2669 1525 2817 1582 Tunc
2854 1536 3035 1581 autem
3077 1525 3259 1581 Daniel
3299 1527 3561 1597 propheta
3599 1527 3841 1583 nondum

2245 1628 2364 1673 erat
2396 1619 2484 1689 qui
2524 1618 2783 1683 dixerat‘,
2822 1618 3078 1690 Accipient
3111 1619 3278 1673 sancti
3316 1634 3527 1690 regnum
3570 1618 3841 1675 Altissimi.

2249 1711 2343 1767 llis
2362 1712 2504 1767 enim
2542 1712 2720 1767 verbis
2742 1693 3040 1782 praemium,
3065 1728 3172 1767 non
3198 1712 3427 1781 Veteris,
3459 1713 3553 1769 sed
3579 1713 3710 1770 Novi
3731 1713 3844 1769 Te-

2247 1804 2493 1858 stamenti
2534 1802 2885 1874 prophetabat
2913 1821 2927 1858 :
2960 1806 3096 1858 sicut
3128 1803 3301 1874 ipsum
3340 1804 3612 1859 Christum
3652 1813 3845 1860 ventu-

2248 1910 2369 1949 rum
2403 1894 2564 1949 iidem
2601 1894 2883 1965 Pr0phetaa
2920 1896 3362 1965 przenuntiarunt,
3394 1896 3548 1967 cujus
3579 1898 3844 1969 sanguine

2246 1985 2545 2042 dedicatum
2563 1993 2645 2041 est
2663 1986 3059 2043 Testamentum
3075 1986 3283 2043 Novum
3309 2007 3324 2043 :
3341 1987 3497 2058 cujus
3508 1987 3845 2044 Testamenti

2246 2079 2473 2134 ministri
2504 2080 2743 2149 Apostoli
2767 2079 2891 2133 laeti
2910 2089 3056 2147 sunt,
3075 2079 3287 2135 dicente
3313 2079 3623 2135 beatissimo
3651 2080 3841 2146 Paulo,

2250 2169 2352 2238 Qui
2384 2179 2430 2224 et
2453 2169 2659 2224 idoneos
2684 2186 2775 2224 nos
2801 2170 2918 2241 fecit
2943 2169 3198 2225 ministros
3222 2167 3359 2224 Novi
3383 2168 3704 2236 Testamenti,
3737 2188 3844 2225 non

2248 2263 2434 2329 littera,
2460 2262 2549 2316 sed
2576 2262 2779 2331 spiritu.
2818 2260 3015 2316 Littera
3038 2261 3174 2317 enim
3198 2262 3407 2326 occidit,
3438 2262 3648 2332 spiritus
3672 2272 3845 2318 autem

2247 2355 2465 2424 viviﬁcat
2494 2353 2561 2423 (ll
2588 2354 2707 2410 Cor.
2731 2370 2807 2418 Ill,
2831 2354 2911 2426 6).
2957 2353 3016 2409 In
3046 2354 3140 2410 illo
3165 2370 3294 2410 vero
3321 2354 3667 2411 Testamento
3690 2356 3839 2427 quod

2248 2447 2461 2517 proprie
2486 2456 2638 2501 vetus
2679 2446 2896 2512 dicitur,
2924 2453 2980 2501 et
3025 2445 3207 2501 datum
3247 2455 3329 2502 est
3375 2446 3428 2501 in
3465 2456 3648 2503 monte
3686 2442 3843 2516 Sina,

2247 2554 2353 2593 non
2396 2537 2665 2594 invenitur
2702 2538 2938 2609 promitti
2972 2538 3329 2609 apertissime,
3352 2539 3453 2594 nisi
3482 2548 3693 2594 terrena
3718 2539 3848 2596 l'eli-

2246 2632 2399 2687 citas.
2432 2631 2581 2688 Unde
2607 2630 2692 2686 illa
2717 2641 2878 2695 terra,
2901 2646 3007 2701 quo
3036 2639 3120 2686 est
3146 2631 3757 2705 populusintroductus,
3788 2644 3844 2689 et

2248 2737 2344 2793 per
2384 2736 2624 2776 eremum
2663 2720 2874 2786 ductus,
2920 2731 3058 2776 terra
3097 2706 3469 2792 promissionis
3495 2733 3745 2792 vocatur;
3788 2725 3846 2781 in

2245 2829 2348 2884 qua
2378 2827 2479 2883 pax
2504 2822 2560 2867 et
2586 2828 2828 2883 regnum,
2851 2821 2905 2868 et
2932 2812 2998 2867 ab
3028 2812 3256 2867 inimicis
3281 2813 3624 2868 victoriarum
3655 2829 3847 2886 repor-

2246 2904 2398 2970 tatio,
2417 2913 2471 2959 et
2492 2903 2812 2958 abundantia
2840 2903 3068 2959 ﬁliorum
3092 2919 3157 2959 ac
3182 2903 3449 2962 fructuum
3480 2915 3844 2972 terrenorum,

2243 3004 2299 3051 et
2317 2996 2362 3050 si
2383 3009 2485 3067 qua
2509 2994 2831 3065 huiusmodi,
2851 2993 2966 3050 haec
2996 3004 3120 3050 sunt
3143 2996 3401 3066 promissa
3421 2996 3633 3052 Veteris
3654 2997 3848 3053 Testa-

2247 3089 2450 3144 menti:
2481 3087 2676 3159 quibus
2710 3088 2811 3144 etsi
2848 3087 3145 3159 ﬁgurantur
3179 3088 3247 3143 ad
3290 3088 3498 3144 Novum
3527 3090 3849 3146 Testamen-

2247 3189 2357 3235 tum
2376 3180 2697 3253 pertinentia
2718 3181 3031 3251 spiritualia,
3053 3191 3227 3237 tamen
3253 3183 3342 3253 qui
3369 3192 3589 3253 propter
3614 3183 3702 3237 illa
3733 3192 3848 3239 ter-

2246 3286 2375 3328 rena
2411 3272 2636 3343 suscipit
2674 3272 2845 3343 legem
2873 3272 3000 3338 Dei,
3032 3273 3146 3343 ipse
3173 3282 3257 3329 est
3280 3273 3454 3329 hzeres
3478 3273 3691 3330 Veteris
3728 3273 3846 3330 Te-

2245 3366 2516 3423 stamenti.
2560 3365 2636 3420 Ea
2674 3366 2871 3436 quippe
2912 3365 3208 3422 secundum
3232 3365 3396 3421 Vetus
3433 3366 3842 3423 Testamentum

2246 3459 2627 3530 promittuntur
2649 3466 2810 3528 atque
2839 3458 3160 3523 tribuuntur,
3188 3473 3309 3530 qua:
3333 3459 3630 3515 secundum
3658 3459 3841 3514 homi-

2244 3565 2366 3605 nem
2390 3558 2626 3605 vetcrem
2652 3550 3120 3619 concupiscuntur.
3155 3549 3285 3618 Quae
3310 3558 3491 3606 autem
3512 3550 3622 3606 illic
3643 3550 3710 3606 ad
3732 3549 3847 3607 No-

2242 3656 2367 3696 vum
2400 3640 2799 3695 TeSIamentum
2836 3640 3154 3711 pertinentia
3190 3640 3506 3711 ﬁgurantur,
3536 3657 3705 3697 novos
3736 3642 3845 3697 ho-

2244 3734 2418 3789 mines
2436 3742 2703 3805 quaarunt.
2725 3732 2908 3803 Neque
2933 3732 3206 3789 nesciebat
3219 3734 3364 3788 enim
3384 3734 3509 3803 quid
3533 3734 3847 3804 loqueretur

2246 3835 2427 3882 tantus
2463 3826 2770 3897 Apostolus,
2800 3829 2890 3897 qui
2925 3825 3032 3880 duo
3073 3825 3417 3882 Testamenta
3456 3825 3513 3881 in
3551 3826 3743 3882 ancilla
3784 3836 3847 3882 et

2243 3919 2436 3985 libera,
2467 3918 2751 3991 allegorica
2780 3917 3165 3989 signiﬁcatione
3186 3917 3436 3972 distincta
3458 3932 3581 3973 esse
3603 3917 3842 3984 dicebat,

2238 4012 2411 4070 Veteri
2457 4010 2598 4066 ﬁlios
2637 4014 2842 4076 carnis,
2879 4006 3030 4067 Novo
3074 4010 3215 4067 ﬁlios
3256 4011 3629 4083 promissionis
3678 4013 3843 4066 attri-

2241 4102 2412 4156 buens
2443 4118 2457 4154 :
2492 4099 2616 4155 Non
2656 4102 2757 4172 qui-
2780 4100 2877 4170 ﬁlii
2916 4106 3103 4165 carnis,
3137 4101 3326 4175 inquit,
3357 4101 3412 4155 lii
3451 4101 3548 4171 ﬁlii
3590 4100 3719 4166 Dei;
3750 4103 3846 4156 sed

2242 4193 2339 4261 ﬁlii
2379 4192 2728 4263 promissionis
2766 4192 3075 4262 deputantur
3110 4193 3164 4246 in
3207 4209 3376 4247 semen
3403 4190 3596 4265 (Rom.
3633 4209 3708 4256 Ix,
3741 4192 3841 4263 8).
3880 4232 3883 4235 »

2240 4284 2362 4340 Filii
2407 4300 2535 4356 ergo
2571 4284 2749 4340 carnis
2788 4285 3058 4353 pertinent
3089 4284 3156 4339 ad
3198 4294 3464 4342 terrenam
3502 4287 3841 4352 Jerusalem,

2240 4392 2360 4447 qua:
2380 4375 2550 4431 servit
2571 4390 2694 4430 cum
2716 4374 2838 4430 ﬁliis
2866 4376 2978 4430 suis
3011 4393 3024 4429 :
3055 4375 3144 4430 ﬁlii
3169 4384 3347 4431 autem
3375 4377 3749 4447 promissionis
3768 4378 3840 4433 ad

2240 4485 2359 4526 eam
2403 4484 2524 4542 qua:
2568 4484 2780 4525 sursum
2824 4477 2927 4536 est,
2966 4468 3188 4524 liberam
3225 4477 3452 4524 matrem
3497 4478 3739 4525 nostram
3782 4471 3840 4527 in

2240 4563 2393 4619 caelis
2415 4572 2690 4618 tcternam.
2741 4561 2888 4617 Unde
2913 4562 3229 4631 perspicitur
3256 4562 3346 4633 qui
3370 4562 3437 4615 ad
3465 4576 3688 4632 regnum
3721 4571 3840 4618 ter-

2239 4671 2449 4721 renum,
2481 4665 2535 4711 et
2560 4654 2649 4725 qui
2678 4655 2979 4725 pertineant
3004 4653 3069 4708 ad
3101 4667 3323 4722 regnum
3351 4654 3634 4709 ccelorum.
3673 4654 3839 4709 Istam

2238 4747 2632 4803 distinctionem
2664 4746 2751 4815 qui
2777 4745 2938 4800 etiam
2966 4745 3056 4799 illo
3083 4752 3323 4813 tempore
3353 4758 3448 4814 per
3479 4745 3574 4799 Dei
3608 4746 3838 4814 gratiam

2239 4839 2625 4909 intelligentes,
2651 4836 2744 4890 ﬁlii
2775 4836 3145 4907 promissionis
3175 4835 3349 4890 ell'ecti
3379 4844 3541 4902 sunt,
3570 4835 3705 4891 Novi
3731 4835 3839 4891 Te-

2238 4930 2487 4985 stamcnti
2537 4927 2782 4982 hznredes
2830 4927 2882 4982 in
2927 4927 3138 4981 occulto
3189 4926 3284 4981 Dei
3329 4926 3556 4981 consilio
3594 4925 3840 4997 deputati

2237 5031 2391 5089 sunt,
2418 5020 2628 5077 etiamsi
2658 5019 2820 5075 Vetus
2840 5019 3241 5074 Testamentum
3270 5033 3365 5088 per
3391 5027 3691 5088 temporum
3717 5017 3836 5073 dis-

2237 5114 2613 5170 tributionem’
2643 5111 2895 5166 divinitus
2921 5109 3103 5165 datum
3127 5108 3324 5180 populo
3341 5109 3507 5163 veteri
3532 5123 3840 5180 congruen-

2238 5219 2318 5262 ter
2342 5206 2791 5260 ministravcrunt.

2309 5299 2395 5354 15.
2428 5295 2707 5364 Quomodo
2733 5308 2861 5362 ergo
2890 5308 2997 5348 non
3024 5293 3217 5348 merito
3246 5298 3717 5347 commoverentur
3739 5289 3837 5347 ﬁlii

2236 5388 2625 5461 promissionis,
2660 5385 2752 5439 ﬁlii
2780 5384 2960 5439 libera:
2983 5382 3281 5439 Jerusalem
3316 5381 3369 5436 in
3400 5381 3554 5436 ctelis
3587 5392 3832 5448 attente,

2235 5498 2356 5537 cum
2399 5483 2495 5537 ista
2530 5480 2782 5535 discretio
2820 5478 3111 5549 apostolica
3145 5486 3306 5547 atque
3334 5475 3601 5531 catholica
3626 5475 3832 5546 Pelagii

2235 5576 2412 5630 verbis
2442 5574 2711 5628 videretur
2735 5570 2954 5635 auferri,
2981 5578 3036 5625 et
3064 5570 3205 5641 Agar
3229 5567 3459 5639 quodam
3492 5566 3656 5624 modo
3680 5566 3835 5624 Sara:

2301 5735 2317 5767 ι
2351 5740 2509 5788 Forte,
2529 5730 2728 5782 diceret.
3064 5730 3071 5734 ’

2298 5798 2319 5828 ι
2351 5796 2501 5846 Editio
2523 5802 2679 5855 Suam,
2702 5804 2791 5857 pro
2806 5797 3072 5853 temporum
3092 5789 3442 5841 distributione.
