4202 6524
375 404 473 485 sas

379 526 683 609 crederetur
709 528 938 609 usquari?
964 522 1059 593 ille
1084 517 1237 608 igitur
1260 537 1503 591 lucretica
1528 528 1800 607 impietate
1823 534 1955 588 scri-

378 646 541 703 ptnra:
567 629 777 687 Veteris
805 631 1127 686 Tcstamcnti
1166 628 1287 686 facit
1324 629 1589 701 injuriam,
1622 629 1711 698 qui
1743 642 1861 682 eam
1890 642 1954 682 ex

1790 408 1997 477 Lmen
2045 405 2244 479 UNllS.

3547 421 3647 488 3.30

2062 535 2183 605 gius
2207 530 2467 591 incertum
2491 538 2893 607 stultitmniium,
2920 549 3063 596 recte
3085 537 3436 611 respondens,
3471 547 3640 600 lumn-

2064 642 2186 682 nem
2212 643 2331 682 cum
2361 627 2626 697 adiutorio
2660 630 2749 684 Dei
2776 640 2829 687 et
2851 631 3018 701 gratia
3047 646 3201 701 posse
3221 649 3342 690 esse
3370 637 3488 691 sine
3513 653 3641 707 pce-

377 727 484 780 lleo
504 726 665 790 bono,
691 722 900 779 summo
928 733 981 779 et
1005 738 1151 785 vero,
1183 722 1354 777 l'routc
1378 723 1649 793 sacrilega:
1670 720 1957 791 impietatis
2061 730 2202 787 cato,
2230 721 2549 791 respondeat
2576 734 2629 779 ct
2653 722 2718 778 ad
2749 723 2850 778 alia
2871 725 3120 793 capitula.
3154 742 3175 776 ι

375 826 530 887 negat
554 834 566 868 :
592 816 728 871 sicut
755 814 1010 880 Marcion,
1040 815 1177 869 sicut
1204 813 1547 880 Mauicitarus,
1568 823 1623 870 et
1648 813 1693 873 si
1714 827 1833 883 quas
1854 812 1955 866 alia

376 906 541 974 pestis
566 904 669 960 hoc
694 906 856 961 sentit
895 902 1255 977 Quapropter,
1285 913 1343 958 ut
1367 904 1433 960 de
1460 905 1560 959 bac
1586 919 1645 963 re
1666 903 1805 973 quod
1830 918 1957 961 sen-

379 998 471 1069 tio,
507 1014 608 1068 qua
650 1002 865 1067 posSnm
911 999 1171 1055 brevitate
1209 998 1534 1068 complectar
1567 1017 1579 1053 :
1612 998 1752 1053 sicut
1779 997 1956 1053 Veteri

376 1089 737 1155 Testamento,
769 1091 811 1145 si
844 1106 962 1147 esse
996 1108 1058 1148 cx
1097 1092 1203 1146 Dco
1229 1092 1370 1146 bono
1394 1099 1446 1147 ct
1466 1101 1677 1149 summa
1700 1098 1955 1162 negetur;

379 1187 446 1237 ita
475 1193 528 1237 ct
551 1182 698 1239 Novo
724 1182 780 1237 lit
802 1182 1067 1254 injuriafsi
1093 1184 1259 1242 Veteri
1286 1193 1544 1254 arquctur.
1575 1182 1679 1238 Sed
1710 1198 1829 1238 cum
1861 1181 1960 1236 Pe-

374 1274 543 1344 lagius
564 1274 946 1343 respondisset,
964 1289 1064 1330 cur
1082 1274 1239 1330 etiam
1264 1274 1457 1329 dixerit
1480 1274 1533 1329 iu
1563 1274 1751 1328 Vetere
1771 1273 1957 1328 Testa-

377 1376 556 1421 mento
584 1366 820 1436 promitti
850 1381 1069 1437 regnum
1094 1366 1350 1421 eceteram
1373 1406 1389 1431 ,
1424 1353 1654 1421 Danielis
1686 1364 1959 1434 propheta:

377 1473 803 1513 commemorans
841 1458 1224 1522 testimonium,
1259 1458 1346 1527 qui
1389 1466 1605 1513 sanctos
1641 1468 1959 1526 accepturos

317 1591 324 1597 .
377 1562 597 1617 regnum
634 1547 911 1615 Altissixui,
939 1548 1274 1617 apertissime
1312 1547 1666 1618 pmpbetavit,
1700 1562 1805 1603 non
1841 1562 1962 1603 esse

379 1638 480 1693 hoc
518 1638 749 1693 alienum
778 1653 805 1692 a
840 1638 941 1693 lide
973 1638 1253 1704 catholica,
1287 1638 1477 1693 merito
1504 1637 1798 1709 judicalum
1833 1649 1910 1692 est
1944 1655 1958 1691 :

386 1744 492 1784 non
542 1728 832 1785 secundum
875 1726 1017 1785 illam
1059 1728 1496 1796 distinctionem,
1535 1743 1636 1798 qua
1684 1728 1736 1783 in
1780 1737 1961 1785 mento

378 1822 505 1877 Sina
532 1822 790 1892 promissa
814 1829 1021 1878 terrena
1048 1821 1115 1877 ad
1141 1821 1304 1877 Vetus
1324 1820 1725 1877 Testamentum
1746 1821 1962 1892 proprie

381 1915 646 1983 pertinere
682 1923 1078 1980 monstrantur;
1123 1930 1224 1970 nec
1257 1922 1433 1970 tamen
1474 1914 1734 1984 improbe,
1765 1929 1963 1971 secun-

380 2008 505 2061 dum
560 2010 693 2061 lianc
745 2006 992 2077 loquendi
1036 1992 1498 2073 consuetudinem,
1544 2022 1647 2077 qua
1700 2006 1964 2063 universa:

376 2098 667 2166 Scriptura)
693 2097 965 2153 canonica:
1002 2106 1126 2153 ante
1162 2097 1581 2153 incarnationem
1622 2098 1829 2153 Domini
1861 2097 1962 2151 mi-

384 2190 620 2243 nistrata:
663 2187 866 2243 ναίει-ἰῇ
905 2188 1228 2243 Tcstamenti
1258 2188 1616 2259 appellatione
1656 2198 1961 2244 censentur.

385 2280 498 2335 Non
526 2280 667 2335 enim
696 2280 837 2335 aliud
864 2289 946 2336 est
970 2296 1198 2360 regnum
1220 2280 1477 2337 Altissimi
1496 2322 1513 2348 ,
1545 2295 1704 2352 quam
1747 2278 1838 2335 Dei
1876 2294 1964 2336 re-

378 2387 571 2438 guntn;
597 2381 688 2427 aut
714 2371 992 2443 quisquam
1022 2370 1349 2428 contendere
1382 2371 1632 2439 audebit,
1671 2371 1816 2429 aliud
1847 2386 1966 2429 esse

387 2466 475 2519 ι·ρὶ
506 2479 747 2536 regnum.
774 2464 917 2521 aliud
945 2480 1168 2537 regnum
1189 2466 1468 2521 caelorum.

451 2556 675 2612 canor
702 2556 882 2613 VL—
908 2556 995 2612 ιδ.
1029 2557 1156 2613 Post
1195 2555 1621 2627 hiecobjectum
1662 2565 1774 2621 est,
1821 2540 1967 2629 quod

380 2647 622 2720 Pelagius
653 2648 705 2703 in
730 2646 919 2706 eodem
944 2647 1078 2703 libro
1098 2648 1371 2718 scripserit
1394 2662 1514 2714 suo,
1549 2664 1569 2700 ι
1601 2648 1764 2702 Posse
1787 2645 1966 2704 homi-

384 2752 534 2804 nem,
561 2737 610 2795 si
642 2738 803 2804 velit,
834 2750 955 2794 esse
982 2738 1099 2793 sine
1124 2746 1381 2809 peccato:
1414 2757 1434 2790 ι
1466 2745 1521 2793 et
1551 2737 1691 2809 quod
1720 2738 1967 2797 scribens

380 2830 447 2883 ad
479 2829 689 2886 viduam
719 2829 1014 2887 adulatorie
1041 2829 1256 2897 dixerit,
1289 2849 1308 2884 ι
1341 2831 1583 2888 Inveniat
1610 2832 1750 2901 apud
1774 2840 1827 2888 te
1854 2830 1967 2903 pie-

383 2932 495 2986 tas,
526 2936 645 2991 qua:
676 2937 932 2991 nusquam
973 2922 1208 2983 invenit,
1241 2922 1416 2977 locum
1443 2940 1457 2978 :
1487 2922 1724 2977 inveniat
1768 2923 1966 2996 ubique

380 3014 658 3085 peregrina
681 3015 733 3069 in
764 3023 814 3070 te
838 3013 1242 3085 scdcmjustitia
1272 3031 1284 3067 :
1315 3014 1515 3071 veritas
1544 3030 1704 3083 quam
1726 3014 1838 3083 jam
1870 3030 1967 3075 ne-

382 3118 469 3158 mo
488 3105 779 3177 cognoscit,
808 3105 1100 3161 domestica
1127 3105 1219 3160 tibi
1246 3113 1303 3161 et
1326 3106 1497 3160 amica
1523 3104 1614 3161 ﬁat
1640 3124 1656 3160 :
1685 3115 1741 3161 et
1765 3106 1852 3164 lex
1871 3106 1968 3163 Dei

382 3210 499 3263 qua:
533 3196 600 3251 ab
640 3196 887 3252 omnibus
917 3211 1081 3271 prope
1110 3195 1415 3251 hominibus
1440 3199 1819 3258 contemnitur.
1852 3212 1881 3253 a
1916 3208 1969 3256 te

380 3288 499 3343 sola
522 3286 830 3344 bonoretur.
867 3307 887 3342 ι
921 3288 986 3344 Et
1012 3288 1201 3345 iterum
1227 3287 1293 3343 ad
1324 3287 1491 3355 ipsam
1516 3304 1531 3343 :
1559 3306 1578 3340 ι
1607 3286 1652 3344 0
1683 3296 1733 3344 te
1756 3288 1968 3347 felicem

376 3386 439 3432 et
477 3377 687 3433 beatam
706 3418 722 3445 ,
751 3378 796 3433 si
820 3378 1048 3448 justitia,
1076 3394 1195 3449 qua:
1223 3379 1276 3433 in
1306 3379 1444 3435 cmlo
1472 3387 1674 3443 tantum
1700 3394 1823 3437 esse
1848 3395 1969 3437 cre-

376 3468 552 3525 denda
576 3480 680 3539 est,
702 3470 844 3542 apud
872 3480 922 3527 te
945 3470 1117 3526 solam
1146 3470 1526 3535 inveniaturin
1557 3472 1744 3528 terris!
1776 3491 1797 3527 ι
1825 3472 1891 3528 Ει
1914 3473 1968 3531 in

376 3563 485 3619 alio
508 3562 574 3618 ad
596 3562 763 3633 ipsam
788 3563 950 3631 libro,
974 3573 1100 3636 post
1126 3564 1423 3621 orationem
1454 3565 1661 3620 Demini
1694 3575 1751 3623 et
1778 3564 1965 3623 Salva-

377 3654 512 3708 toris
558 3654 757 3720 nostri,
802 3653 1003 3711 docens
1042 3654 1492 3726 quemadmodbm
1532 3654 1761 3715 debeant
1799 3658 1966 3715 sancti

381 3759 565 3806 orare.
592 3745 666 3800 ait
692 3762 707 3799 :
742 3763 761 3798 ι
793 3744 890 3801 llle
918 3745 985 3801 ad
1017 3746 1182 3802 Deum
1222 3745 1385 3816 digne
1414 3746 1588 3802 elevat
1617 3762 1845 3815 manus,
1876 3748 1968 3805 ille

376 3836 676 3893 orationem
696 3836 834 3893 bona
851 3837 1174 3893 conscientia
1191 3837 1434 3905 ell‘undit,
1457 3837 1547 3909 qui
1571 3845 1747 3907 potest
1763 3839 1965 3906 dicere,

383 3926 463 3981 'l‘u
490 3928 664 3993 nosti,
689 3928 942 3994 Domine,
975 3943 1134 3999 quam
1172 3937 1401 3996 sancta,
1440 3940 1497 3986 et
1540 3927 1878 3995 innocentes,
1914 3938 1970 3984 et

380 4017 594 4075 mundae
620 4027 745 4074 sunt
771 4020 838 4075 ab
863 4020 1012 4075 omni
1042 4019 1287 4077 molestia
1312 4020 1329 4052 ¹
1357 4028 1411 4075 et
1441 4019 1722 4092 iniquitate
1745 4029 1802 4076 et
1821 4021 1966 4091 rapi-

384 4123 471 4174 ua,
499 4124 631 4181 quas
657 4109 723 4163 ad
754 4118 806 4165 te
833 4110 1064 4166 extendo
1102 4125 1323 4175 manus;
1350 4110 1796 4181 quemadmodum
1820 4111 1966 4183 justa

380 4212 435 4253 et
460 4201 654 4255 munda
684 4199 843 4264 labia,
872 4210 929 4257 et
954 4201 1023 4257 ab
1048 4202 1193 4257 omni
1224 4201 1509 4257 mendacio
1539 4201 1706 4257 libera
1725 4243 1742 4270 ,
1773 4203 1969 4274 quibus

382 4290 550 4347 oll‘ero
594 4291 688 4348 tibi
727 4291 1156 4363 deprecationem
1178 4334 1196 4359 ,
1228 4303 1285 4349 ut
1313 4294 1443 4349 mihi
1471 4294 1793 4355 miserearis.
1830 4312 1850 4347 ι
1884 4296 1966 4355 Ad

385 4384 488 4439 hoc
512 4393 687 4439 autem
709 4384 952 4455 Pelagius
974 4383 1303 4455 respondens
1322 4385 1396 4440 ait
1417 4402 1433 4441 :
1455 4385 1621 4442 Posse
1638 4386 1854 4456 quidem
1874 4386 1970 4442 ho-

382 4475 581 4531 minem
609 4474 724 4531 sine
750 4486 971 4547 peccato
997 4491 1118 4532 esse
1136 4518 1154 4545 ,
1184 4485 1239 4532 et
1264 4477 1359 4533 Dei
1389 4478 1637 4535 mandata
1663 4478 1965 4544 custodire,

384 4568 428 4621 si
458 4567 583 4623 velit
602 4609 615 4633 ,
647 4566 914 4622 diximus:
947 4566 1084 4622 hanc
1111 4566 1255 4623 enim
1289 4567 1697 4639 possibilitatem
1728 4568 1866 4625 Deus
1887 4568 1963 4625 illi

384 4656 547 4713 dedit.
581 4655 694 4715 Non
718 4666 894 4715 autem
921 4657 1156 4715 diximus
1179 4656 1322 4728 Quod
1348 4656 1645 4713 inveniatur
1664 4657 1876 4729 aliquis,
1900 4659 1969 4713 ab

388 4746 604 4802 infantia
629 4761 797 4819 usque
815 4746 883 4804 ad
904 4758 1199 4815 senectam,
1221 4748 1311 4817 qui
1336 4763 1606 4818 nunquam
1632 4750 1965 4819 peccaverit:

388 4840 481 4894 Sed
511 4840 761 4910 quoniam
787 4856 817 4895 a
851 4841 1081 4910 peccatis
1108 4854 1433 4907 conversus,
1462 4839 1679 4911 proprio
1704 4840 1887 4897 labore
1911 4850 1967 4897 et

390 4933 481 4988 υθί
510 4932 676 5002 gratia
706 4932 872 5002 possit
896 4947 1015 4988 esse
1044 4933 1160 4991 sine
1189 4941 1435 5002 peccato;
1468 4948 1570 4989 nec
1609 4944 1703 5005 per
1744 4932 1847 4989 hoc
1891 4943 1968 4989 ta-

389 5038 510 5076 men
558 5022 608 5078 in
659 5033 929 5092 posterum
972 5022 1417 5080 inconversibilis.
1443 5022 1663 5093 Reliqua
1695 5037 1824 5078 vero
1849 5040 1969 5092 qua:

388 5114 755 5182 subject-runt,
784 5128 957 5184 neque
986 5114 1038 5171 in
1069 5114 1217 5168 libris
1240 5114 1436 5168 nostris
1460 5122 1613 5178 sunt,
1641 5127 1816 5184 neque
1844 5116 1967 5169 talia

389 5219 618 5272 unquam
644 5204 894 5260 diximus.
922 5224 943 5256 ι
978 5207 1068 5264 llis
1092 5204 1285 5263 auditis
1306 5204 1555 5279 Synodos
1574 5205 1706 5260 dixit
1730 5222 1743 5261 :
1777 5223 1797 5263 ί
1825 5205 1970 5279 Quo-

387 5295 529 5349 niam
569 5308 728 5366 negas
768 5304 820 5351 te
870 5295 995 5351 talia
1038 5297 1349 5365 scripsisse,
1393 5295 1809 5353 anathematizas
1848 5296 1969 5351 illos

384 5388 474 5456 qui
502 5387 579 5444 sic
605 5388 820 5444 tenent?
852 5406 872 5443 ι
900 5388 1137 5458 Pelagius
1173 5388 1481 5465 respondit:
1516 5404 1535 5440 t
1565 5386 1969 5447 Anatbematizo

389 5481 537 5551 quasi
566 5479 780 5547 stultos,
809 5494 916 5535 non
944 5480 1091 5551 quasi
1122 5479 1436 5537 hereticos:
1462 5479 1722 5552 siquidem
1754 5493 1857 5533 non
1885 5487 1968 5539 est

386 5572 600 5637 dogma.
647 5592 667 5626 ι
712 5572 915 5628 Deinde
964 5572 1340 5642 iudicaverunt
1392 5570 1625 5642 episcopi
1679 5569 1963 5625 dicentes:

392 5679 412 5713 ι
449 5662 595 5718 Nune
622 5663 872 5734 quoniam
917 5663 1128 5734 propria
1158 5677 1290 5719 voce
1316 5656 1781 5718 anathematizavit
1810 5660 1965 5716 Pela-

451 5799 466 5828 ¹
505 5799 802 5852 Posteriores
832 5799 1070 5853 editiones
1094 5812 1157 5851 ex
1195 5797 1379 5851 Antonii
1405 5794 1607 5857 \‘elscri,
1631 5802 1682 5844 ut
1723 5802 1961 5857 putamus,

387 5861 679 5922 cornicinum.
702 5861 762 5912 ab
781 5862 909 5912 armti
929 5865 1129 5913 malitia.

715 5954 989 6012 Pars-un
1032 5953 1250 6014 XLIV.

2140 813 2225 868 l7.
2256 813 2519 884 Numquid
2552 814 2638 869 hic
2667 824 2911 885 poterant
2934 816 3174 887 iudices,
3217 818 3303 874 vel
3342 818 3609 876 debebant
3629 864 3643 880 .

2064 904 2328 975 incognita
2366 916 2419 961 et
2463 906 2661 960 incerta
2699 904 2981 972 damnare,
3021 906 3235 977 quando
3266 922 3422 965 nemo
3459 920 3643 971 contra

2064 996 2268 1063 aderat,
2298 998 2386 1068 qui
2413 1008 2473 1052 ea
2499 1011 2617 1067 quze
2642 997 2710 1053 ad
2742 996 2951 1053 viduam
2980 998 3415 1069 reprcbensibilia
3443 1004 3643 1073 scripta

2064 1088 2399 1156 dicebantur,
2424 1091 2693 1162 Pelagium
2712 1091 2992 1162 scripsisse
3009 1083 3498 1152 conviocﬂetlllbi
3517 1111 3614 1167 pro
3628 1125 3643 1139 -

2064 1178 2205 1239 lecto
2237 1197 2420 1251 parum
2450 1193 2592 1238 esset
2633 1182 2871 1241 codicem
2915 1181 3088 1250 ferre,
3119 1194 3173 1242 et
3197 1185 3266 1241 de
3288 1187 3501 1256 scriptis
3530 1188 3648 1257 i-jos

2064 1272 2100 1327 ιι
2120 1288 2183 1327 t-c
2206 1272 2405 1343 legere,
2433 1274 2533 1328 nisi
2564 1282 2620 1329 et
2646 1282 2811 1335 lcetes
2835 1274 3236 1343 adhiberentur,
3261 1276 3308 1332 si
3339 1278 3426 1333 illa
3447 1279 3644 1350 scripta

2065 1379 2161 1419 sua
2197 1379 2351 1430 esse,
2383 1365 2543 1421 etiam
2579 1381 2703 1423 cum
2734 1366 3106 1433 recitarentur,
3148 1378 3387 1438 negaret.
3415 1368 3645 1426 Versiu-

2067 1465 2242 1511 tamen
2270 1457 2321 1511 in
2349 1455 2432 1511 bis
2454 1471 2664 1528 quoque
2682 1455 2921 1517 fecerunt
2935 1457 3164 1527 iudices,
3186 1460 3326 1530 quod
3344 1459 3526 1525 facere
3550 1477 3648 1531 po-

2069 1558 2302 1615 tuerunt,
2333 1550 2723 1620 interrogantes
2751 1549 2842 1607 Pcl
2863 1550 3022 1619 'giuin
3040 1586 3059 1615 .
3088 1560 3262 1607 utrum
3288 1551 3645 1609 anathemati.

2067 1633 2215 1696 caret
2270 1634 2391 1697 illos
2438 1642 2527 1711 qui
2577 1641 2701 1703 talia
2756 1641 3031 1701 sentiunt.
3094 1642 3271 1712 qualia
3322 1658 3383 1701 se
3437 1646 3653 1715 negavit

2067 1731 2379 1801 Scripsisse,
2406 1733 2524 1791 sive
2553 1732 2754 1791 dixisse
2783 1750 2796 1787 :
2827 1744 2961 1804 quos
2990 1733 3078 1791 nbi
3103 1734 3119 1766 ⁸
3147 1742 3207 1791 se
3238 1742 3486 1805 tanquam
3513 1737 3650 1790 stul-

2071 1834 2155 1879 tos
2177 1823 2627 1881 anathematiza‘re
2655 1826 2947 1896 respondit,
2974 1825 3101 1898 quid
3127 1826 3352 1897 amplius
3376 1826 3447 1882 de
3467 1829 3567 1882 hac
3590 1843 3650 1883 re

2065 1915 2304 1986 iudices,
2337 1918 2659 1972 adversariis
2683 1917 3021 1984 absentibus,
3049 1924 3289 1989 quzc'rcrc
3312 1918 3652 1976 debuerunt?

2143 2007 2228 2063 £8.
2270 2010 2351 2061 An
2395 2012 2451 2062 c‘t
2493 2008 2620 2063 illud
2668 2008 2896 2067 fortasse
2937 2009 3267 2067 tractandum
3312 2019 3430 2077 est,
3469 2022 3649 2066 utrum

2069 2107 2217 2155 recte
2246 2098 2445 2159 dictum
2473 2099 2543 2155 sit
2570 2117 2589 2152 ι
2620 2116 2725 2157 non
2764 2110 3015 2170 tanquam
3057 2100 3368 2169 haereticos,
3400 2102 3495 2157 sed
3528 2112 3649 2157 tan-

2069 2201 2229 2257 quam
2274 2188 2468 2245 stultOs
2515 2188 3043 2244 anatbctuatizandos
3089 2190 3179 2259 qui
3227 2190 3303 2251 ita
3347 2192 3648 2255 sentirent,

2070 2281 2319 2351 quoniam
2359 2279 2549 2352 dogma
2593 2296 2698 2336 non
2742 2281 2923 2338 esset?
2955 2300 2975 2333 ι
3009 2281 3113 2337 Sed
3141 2282 3208 2337 ab
3237 2280 3336 2337 hac
3358 2282 3653 2352 qua-suone

2072 2387 2178 2428 non
2204 2371 2329 2439 levi,
2362 2371 2450 2426 ubi
2479 2371 2754 2442 quaeritur,
2787 2378 3050 2441 quatenus
3078 2372 3146 2427 sit
3175 2369 3508 2429 definiendus
3540 2373 3649 2427 luc-

2072 2465 2296 2529 reticns,
2322 2473 2470 2521 recte
2496 2479 2556 2519 se
2582 2463 2633 2518 in
2664 2463 2945 2533 praesentia
2980 2463 3190 2533 judiccs
3215 2462 3588 2519 abstinuerunt
3607 2467 3649 2517 ².

2072 2556 2186 2612 Non
2216 2557 2392 2623 enim»,
2414 2555 2458 2612 si
2488 2555 2798 2627 quisquam,
2828 2556 2970 2611 verbi
2995 2556 3164 2631 gratia
3187 2596 3204 2622 ,
3236 2555 3427 2613 dixerit
3449 2556 3657 2627 aquila-

2070 2664 2189 2704 rum
2216 2649 2393 2719 pullbs
2433 2658 2654 2718 paterno
2694 2662 2867 2718 ungue
2902 2659 3192 2717 suspensos
3229 2655 3284 2702 ct
3321 2645 3485 2702 radiis
3522 2647 3655 2702 solis

2072 2740 2279 2796 oblatos
2298 2782 2312 2807 ,
2343 2740 2388 2797 si
2416 2739 2587 2799 oculis
2613 2738 3017 2811 palpitaverint,
3040 2745 3295 2807 tanquam
3326 2737 3654 2795 adulterinos

2073 2833 2127 2893 iu
2153 2842 2371 2900 terram,
2398 2833 2513 2889 luce
2536 2832 2765 2904 quodam
2787 2832 2945 2887 modo
2969 2832 3337 2897 comiinccnte,
3366 2830 3581 2896 dimitti,
3610 2832 3654 2885 si

2074 2926 2210 2987 tbrte
2239 2926 2339 2981 hoc
2369 2924 2561 2983 falsum
2597 2933 2715 2992 est,
2761 2926 3046 2985 haereticus
3086 2923 3403 2995 iudicandus
3443 2931 3547 2980 est.
3589 2923 3656 2979 Et

2074 3020 2206 3087 hoc,
2245 3018 2366 3090 quia
2408 3018 2459 3079 in
2490 3016 2768 3075 hominum
2806 3016 3085 3073 doctorum
3131 3015 3326 3071 litteris
3370 3014 3655 3080 invenitur,

2073 3110 2315 3181 famaque
2339 3109 2608 3181 vulgatum
2632 3118 2715 3165 est
2734 3150 2748 3173 .
2776 3124 2876 3165 nec
2899 3108 3060 3164 stulte
3083 3106 3188 3165 dici
3216 3105 3507 3178 putandum
3536 3116 3617 3163 est
3636 3147 3652 3170 ,

2073 3199 2233 3257 etiam
2260 3200 2305 3259 si
2333 3214 2517 3256 verum
2543 3214 2647 3255 non
2674 3207 2788 3265 est;
2822 3212 2920 3254 nec
2948 3196 3102 3253 [idem
3132 3204 3367 3252 nostram
3391 3237 3406 3262 ,
3434 3203 3656 3267 prapter

2072 3305 2230 3363 quam
2260 3291 2444 3348 ﬁdeles
2472 3301 2748 3359 vacamur,
2777 3298 2869 3349 aut
2892 3288 3150 3345 creditum
3172 3286 3194 3319 ⁸
3217 3287 3394 3356 lmdit,
3421 3295 3512 3341 aut
3536 3300 3656 3343 cre-

2072 3384 2239 3440 ditum
2256 3383 2426 3453 juvat.
2454 3383 2641 3448 Porro,
2663 3382 2708 3439 si
2726 3398 2789 3438 ex
2814 3382 2914 3438 hoc
2938 3395 3099 3437 sensu
3123 3378 3277 3453 quis‘
3292 3379 3653 3444 contenderit,

2072 3476 2281 3532 animas
2309 3476 2652 3533 rationabiles
2677 3474 2856 3533 inesse
2882 3474 3217 3540 volucribus,
3244 3469 3311 3529 ex
3338 3484 3404 3527 eo
3428 3472 3569 3543 quod
3600 3472 3654 3532 in

2072 3582 2165 3624 eas
2192 3567 2529 3624 revolvantur
2552 3565 2840 3621 humanm:
2867 3572 2974 3625 tum
3004 3577 3131 3618 vero
3160 3570 3410 3633 tanquam
3442 3562 3657 3617 birreti-

2073 3669 2133 3714 ca
2163 3657 2325 3729 pestis
2343 3698 2361 3724 ,
2389 3657 2457 3715 ab
2483 3655 2701 3713 auribus
2731 3655 3020 3724 animoque
3064 3652 3303 3724 pellenda
3340 3664 3456 3720 est;
3492 3668 3651 3723 agen-

2073 3749 2305 3820 dumqoe
2332 3756 2386 3805 et
2413 3746 2884 3803 demonstrandam
2909 3785 2926 3812 ,
2957 3746 3117 3800 etiam
3155 3745 3202 3802 si
3244 3745 3345 3800 hoc
3368 3743 3436 3801 de
3462 3744 3654 3815 aquilis

2052 3856 2256 3922 .vernm
2284 3849 2367 3895 est
2387 3878 2405 3906 ,
2436 3838 2572 3894 sicut
2599 3838 2766 3892 multa
2798 3837 2929 3892 mira
2966 3844 3090 3891 ante
3126 3834 3310 3891 oculos
3339 3843 3553 3890 nostros
3586 3833 3655 3888 do

2073 3932 2260 4001 apibus
2285 3944 2410 3985 vera
2441 3937 2601 3997 sunt,
2627 3928 2784 4000 longe
2814 3935 2992 3983 tamen
3019 3928 3086 3983 ab
3111 3924 3415 3997 hujusmodi
3446 3925 3655 3982 irratio-

2066 4022 2326 4079 ‘nabilium
2348 4020 2714 4084 animantium,
2738 4018 2979 4091 quamvis
3004 4016 3231 4072 mirabili
3254 4031 3434 4080 sensu,
3457 4015 3652 4071 distare

2072 4112 2356 4177 rationem,
2379 4125 2497 4181 qua:
2522 4126 2628 4165 non
2654 4107 2958 4165 hominibus
2969 4115 3031 4164 let
3050 4106 3347 4177 pecoribus,
3369 4105 3463 4162 sed
3486 4106 3651 4161 homi-

2074 4206 2229 4260 nibus
2274 4202 2592 4273 Aogelisque
2633 4199 2931 4256 communis
2973 4207 3076 4255 cst.
3116 4197 3277 4254 Multa
3319 4213 3449 4253 vero
3493 4197 3653 4254 etiam

2073 4296 2231 4351 stulta
2262 4293 2508 4349 dicuntur
2531 4291 2598 4347 ab
2625 4289 2885 4361 imperitis
2910 4297 2964 4344 et
2992 4289 3145 4345 vanis
3168 4329 3182 4353 .
3207 4302 3311 4345 nec
3336 4296 3513 4344 tamen
3544 4286 3653 4342 ba:-

2072 4386 2285 4451 reticis;
2332 4383 2506 4457 qualia
2552 4389 2675 4437 sunt
2720 4395 2903 4437 eorum
2948 4379 3034 4451 qui
3081 4379 3148 4435 de
3192 4379 3379 4437 alienis
3420 4379 3653 4445 artibus,

2074 4492 2207 4550 quas
2234 4495 2337 4533 non
2365 4476 2697 4536 didicerunt,
2731 4481 2928 4528 temere
2949 4470 3225 4542 judicant,
3268 4479 3361 4525 aut
3397 4469 3656 4525 immode.

2074 4584 2194 4631 rato
2221 4583 2275 4633 et
2301 4585 2446 4628 ca-co
2484 4568 2674 4625 allecto
2716 4566 2796 4623 vel
2845 4564 3063 4622 laudant
3105 4577 3238 4635 quos
3276 4563 3535 4634 diligunt,
3563 4563 3647 4617 vel

2073 4667 2373 4735 vituperant
2394 4674 2529 4732 quos
2547 4657 2809 4723 oderunt;
2833 4666 2887 4711 et
2910 4652 3162 4727 quidquid
3187 4654 3328 4709 aliud
3354 4654 3405 4711 in
3426 4667 3654 4709 consue—

2072 4760 2257 4819 tudine
2285 4754 2550 4811 sermonis
2575 4750 2828 4816 luunani,
2863 4762 2967 4804 non
3007 4755 3204 4802 statuto
3243 4745 3528 4819 dogmate,
3554 4744 3646 4800 scit

2070 4849 2293 4921 passim.
2322 4855 2380 4903 ut
2405 4845 2470 4909 ad
2502 4853 2711 4915 tempus
2736 4838 3046 4903 occurrerit,
3080 4851 3179 4908 per
3200 4835 3436 4890 stultitim
3457 4835 3645 4891 levita-

2072 4953 2204 5005 tcoi,
2226 4939 2308 4994 vel
2337 4951 2429 4994 ore
2452 4932 2733 5005 profertur,
2758 4930 2839 4983 vel
2863 4928 2988 4986 stilo
3003 4926 3162 4984 etiam
3188 4925 3481 4994 litterisque
3497 4939 3646 4982 Cotu-

2075 5032 2317 5087 mittitur.
2345 5026 2535 5083 Multos
2563 5023 2792 5091 denique
2817 5018 2887 5075 de
2917 5017 2999 5075 bis
3029 5015 3295 5086 paululum
3326 5016 3647 5078 admonitos,

2076 5126 2200 5182 talia
2227 5123 2425 5179 dixisse
2445 5132 2568 5177 mox
2594 5114 2816 5185 pamitet
2840 5130 2853 5167 :
2878 5112 2948 5173 ita
2977 5125 3039 5168 ea
3071 5125 3176 5169 non
3208 5108 3399 5179 placito
3423 5107 3651 5180 quodam

2078 5219 2178 5276 lixa
2201 5212 2521 5276 retinebant,
2552 5208 2645 5265 sed
2672 5205 2825 5279 quasi
2852 5203 3222 5275 undecumque
3247 5210 3393 5272 rapta
3414 5242 3429 5265 ,
3461 5210 3515 5257 et
3543 5215 3647 5255 non

2075 5307 2407 5367 considerata
2427 5344 2442 5368 ,
2471 5299 2836 5377 profuderant.
2865 5295 2965 5353 Vix
3006 5304 3089 5351 est
3116 5306 3292 5350 autem
3318 5307 3503 5349 carere
3533 5293 3650 5348 isus

2136 5482 2315 5558 tam,
2338 5493 2454 5545 quos
2471 5474 2546 5531 ibi
2568 5492 2584 5539 ;
2606 5474 2705 5539 vel,
2731 5488 2849 5541 meo;
2868 5474 2968 5531 ille.
3003 5472 3310 5524 οοιὴατῑὶηω
3338 5468 3514 5529 θοάων
3539 5479 3657 5530 συοε

2074 5546 2234 5656 “orto
2267 5614 2370 5655 Mss.
2391 5611 2444 5668 e_t
2463 5603 2614 5665 prima
2638 5600 2848 5650 editione
2870 5594 2999 5668 Veis.
3019 5609 3077 5646 ac
3095 5604 3249 5655 suar.,
3272 5586 3587 5642 abstulerant.

2137 5670 2159 5703 ³
2190 5668 2340 5717 Blitio
2360 5657 2608 5719 sola-alas“
2631 5669 2713 5711 aut
2728 5672 2821 5711 non
2842 5657 3100 5709 creditum.
3171 5718 3181 5722 _
3478 5718 3495 5722 Α
3538 5713 3578 5722 η
3608 5705 3618 5722 ,

2136 5730 2158 5761 ⁸
2189 5711 2336 5778 iidéii’s’
2360 5711 2719 5786 exconjectura
2742 5727 3005 5786 correctus.
3041 5725 3089 5786 In
3112 5718 3270 5786 prima
3287 5711 3506 5786 editione
3516 5711 3656 5786 etin

2073 5767 2928 5851 ιιπιεἓὶὶῖὶξίλᾷέίἀὲὲὶξΐὲἰζῙὲξὲὒξιὶιὶὲζ
2957 5767 3020 5831 ἀ
3057 5767 3143 5829 to;
3170 5775 3295 5829 senis
3329 5767 3453 5833 (tu.
3485 5769 3653 5822 εςηιιιι

2074 5853 2218 5912 «ξω.
3100 5912 3368 5990 (θῆκε.)
