4202 6544
565 425 670 484 εει

578 542 729 597 malis
759 553 849 599 :et
875 558 993 614 quis
1022 554 1103 600 est
1128 547 1214 616 qui
1248 526 1352 600 non
1382 546 1573 600 labitur
1611 548 1821 616 lingua,
1851 552 1904 602 et
1933 547 2152 602 ollendit

575 635 624 686 in
657 634 822 690 verbo
850 633 1158 707 (Eccli.xrx,
1191 637 1277 703 lli,
1307 646 1353 691 et
1382 636 1558 692 Jacobi
1588 655 1666 702 Ill,
1689 640 1781 710 2)?
1807 640 1910 694 Sed
1935 640 2155 694 interest

574 732 850 789 quantum,
874 723 1096 780 interest
1124 725 1285 794 unde,
1315 727 1528 782 interest
1563 738 1831 798 postremo
1859 739 2030 783 utrum
2056 728 2154 783 ad-

574 816 803 870 monitus
847 816 1104 888 corrigat,
1144 832 1211 871 an
1256 819 1594 889 pertinaciter
1623 820 1956 875 defendendo
1991 822 2152 875 etiam

571 905 759 975 dogma
777 906 953 973 faciat,
973 906 1111 977 quod
1127 908 1358 978 levitate,
1380 926 1483 964 non
1504 911 1748 982 dogmate
1771 913 1995 967 dixerat.
2017 914 2152 968 Cum

573 998 732 1068 igitur
748 1000 921 1055 omnis
939 998 1222 1057 btcretieus
1240 1013 1627 1074 consequenter
1645 1014 1697 1059 et
1722 1006 1913 1060 stultus
1934 1005 2020 1071 sit,
2046 1021 2149 1059 non

568 1101 746 1147 autem
770 1093 945 1148 omnis
966 1094 1159 1149 stultus
1185 1096 1438 1151 continuo
1466 1097 1536 1152 sit
1559 1097 1905 1166 aprellttntltls
1934 1096 2149 1152 haereti-

568 1200 692 1250 cus;
722 1195 867 1243 recte
882 1186 1087 1257 iudices
1104 1187 1364 1244 incertum
1385 1190 1767 1261 stultiloquium
1791 1190 2002 1259 propria
2021 1205 2151 1245 voce

571 1276 838 1348 Pelagium
867 1277 1340 1336 anntbematizasse
1365 1280 1654 1336 dixerunt:
1676 1281 1797 1351 quia
1828 1289 1881 1335 et
1905 1282 1948 1335 si
1975 1281 2147 1335 hatre-

567 1367 641 1421 sis
675 1376 849 1435 esset,
896 1368 1080 1439 procul
1117 1369 1282 1425 dubio
1316 1370 1699 1441 stultiloquium
1726 1381 1888 1426 esset.
1920 1370 2150 1426 Proinde

565 1459 819 1531 quidquid
857 1460 987 1516 illud
1023 1461 1130 1530 sit,
1158 1462 1421 1534 generalis
1446 1462 1558 1517 vitii
1590 1462 1812 1517 nomine
1839 1461 2148 1532 appellave-

568 1561 708 1606 runt.
742 1552 927 1609 Utrum
950 1563 1128 1610 autem
1156 1570 1223 1611 ex
1247 1555 1425 1626 aliquo
1451 1555 1700 1625 dogmate
1724 1555 1823 1610 ista
1850 1556 1957 1610 sint
1982 1555 2143 1623 dicta,

567 1660 638 1698 an
665 1660 791 1700 vero
807 1659 913 1700 non
931 1646 1032 1701 fixa
1056 1646 1349 1717 placitaque
1365 1646 1649 1712 sententia,
1673 1645 1768 1701 sed
1786 1645 1939 1701 facile
1959 1661 2144 1701 emen-

569 1731 731 1788 dabili
763 1735 991 1790 vanitate
1011 1775 1026 1799 ,
1054 1736 1303 1806 quoniam
1332 1736 1428 1791 ille
1453 1736 1539 1806 qui
1569 1735 1903 1801 audiebatur,
1933 1750 2146 1806 quoquo

565 1827 725 1881 modo
749 1828 885 1883 dicta
912 1838 1111 1895 essent,
1142 1845 1237 1885 sua
1266 1845 1386 1886 esse
1416 1837 1718 1901 negaverat,
1750 1828 2143 1884 discutiendum

564 1918 615 1971 in
646 1919 925 1986 praesentia
957 1935 1061 1974 non
1092 1929 1366 1991 putarunt.

636 2011 720 2067 l9.
745 2010 853 2065 Nos
874 2028 1003 2068 sane
1022 2029 1143 2068 eum
1167 2015 1303 2069 hanc
1317 2013 1513 2085 Pelagii
1530 2012 1895 2070 defensionem
1917 2015 1932 2047 ί
1957 2014 2008 2069 in
2030 2012 2138 2080 illa,

559 2120 715 2173 quam
750 2105 894 2173 prius
921 2106 1259 2176 accepimus,
1302 2106 1543 2161 chartula
1586 2107 1882 2176 legeremus
1912 2105 2010 2177 (a),
2044 2104 2141 2160 ad-

559 2204 709 2248 erant
734 2196 947 2266 quidam
974 2197 1141 2251 sancti
1176 2196 1366 2252 fratres
1386 2239 1400 2261 ,
1429 2198 1516 2268 qui
1545 2212 1604 2253 se
1631 2197 1825 2268 Pelagii
1856 2196 2021 2253 libros
2049 2212 2142 2252 ex-

560 2285 882 2343 hortatorias
929 2287 1009 2342 vel
1049 2288 1437 2343 consolatorios
1473 2288 1549 2343 'ad
1594 2288 1879 2359 quamdam
1929 2288 2141 2342 viduam

558 2376 920 2444 ronsrriptos,
952 2377 1104 2447 cujus
1148 2392 1340 2432 nomen
1371 2393 1472 2432 non
1502 2389 1583 2433 est
1612 2393 1920 2448 expressum
1944 2376 2050 2451 ‘(b),
2083 2394 2142 2434 se

561 2467 759 2522 habere
776 2468 1016 2523 dixerunt
1038 2486 1052 2534 ;
1073 2480 1125 2522 et
1141 2469 1531 2524 admonuerunt
1548 2468 1945 2540 requirendum,
1960 2478 2138 2523 utrum

561 2560 671 2616 illic
701 2560 799 2614 ista
839 2576 957 2631 quae
1000 2575 1093 2614 sua
1125 2562 1369 2630 negavit,
1412 2570 1593 2617 essent
1633 2561 1769 2617 forte
1811 2562 2138 2632 conscripta;

558 2652 806 2719 quoniam
831 2653 931 2708 hac
956 2662 1008 2706 et
1034 2653 1131 2722 ipsi
1152 2668 1211 2708 se
1230 2652 1475 2723 ignorare
1498 2654 1826 2709 asserebant.
1854 2654 1989 2710 Tum
2012 2671 2140 2709 vero

558 2758 680 2795 tum
706 2742 864 2797 iidem
894 2744 1012 2797 libri
1028 2744 1105 2798 ab
1127 2743 1348 2798 exordio
1375 2744 1693 2814 legerentur,
1724 2745 1943 2815 qumsita
1973 2752 2026 2800 et
2055 2744 2137 2799 in-

558 2846 712 2890 veuta
759 2845 901 2890 sunt.
951 2835 1304 2891 Affirmabant
1348 2846 1523 2893 autem
1566 2837 1641 2893 illi
1684 2837 1773 2905 qui
1806 2837 2136 2907 protulerant

555 2927 813 2993 codicem,
844 2938 969 2983 ante
994 2936 1222 2998 quatuor
1252 2926 1417 2983 ferme
1444 2943 1613 2983 annos
1640 2943 1698 2984 se
1728 2929 1858 2983 istos
1884 2936 2134 2999 tanquam

557 3018 752 3088 Pelagii
772 3018 937 3073 libros
955 3019 1151 3074 habere
1168 3019 1423 3089 coepisse,
1448 3034 1546 3075 nec
1568 3036 1798 3089 unquam
1823 3027 1998 3074 utrum
2022 3018 2139 3089 ejus

555 3118 735 3163 essent
753 3149 769 3176 ,
811 3109 880 3164 ab
918 3110 1097 3181 aliquo
1125 3125 1184 3166 se
1214 3111 1427 3166 audisse
1453 3111 1702 3167 dubitari.
1724 3110 2137 3167 Considerantes

557 3203 732 3273 itaque
758 3204 955 3273 optime
984 3205 1133 3261 nobis
1160 3216 1437 3262 servorum
1466 3207 1559 3262 Dei
1585 3207 1850 3277 cognitam
1883 3205 2040 3261 fidem
2067 3205 2135 3262 de

556 3294 657 3350 hac
683 3311 740 3350 re
768 3312 872 3351 non
899 3312 1055 3367 posse
1084 3299 1314 3366 mentiri,
1343 3311 1543 3357 restare
1567 3300 1864 3367 videbatur,
1887 3309 1948 3356 ut
1975 3300 2132 3355 Pela-

555 3388 695 3453 gium
740 3388 912 3456 potius
957 3388 1008 3443 in
1040 3391 1324 3460 episcopali
1351 3390 1551 3460 judicio
1590 3391 1932 3448 crederemus
1974 3391 2137 3446 fuisse

556 3478 853 3544 mentitum,
880 3480 976 3534 nisi
1010 3481 1118 3536 fieri
1155 3482 1387 3551 potuisse
1412 3483 1793 3554 cogitaremus,
1824 3484 1980 3538 etiam
2011 3491 2136 3538 ante

554 3585 721 3626 annos
744 3579 848 3625 tam
872 3573 1063 3627 multos
1085 3574 1280 3645 aliquid
1307 3575 1404 3629 sub
1425 3576 1539 3645 ejus
1566 3576 1799 3642 nomine,
1829 3591 1931 3631 non
1955 3584 2132 3630 tamen

553 3661 620 3714 al)
649 3660 739 3715 illa
781 3661 939 3717 fuisse
972 3667 1328 3734 conscriptum
1356 3682 1366 3717 :
1397 3681 1569 3735 neque
1598 3668 1739 3721 enim
1786 3666 1875 3721 isti
1914 3666 2132 3722 eosdem

556 3752 717 3806 lihros
742 3753 809 3807 ab
832 3753 943 3824 ipso
972 3769 1028 3810 se
1049 3758 1337 3827 accepisse,
1367 3758 1447 3812 vel
1475 3758 1615 3827 quod
1645 3758 1810 3827 ipsius
1843 3762 2044 3821 essent;
2067 3758 2135 3813 ab

552 3842 741 3897 eodem
772 3844 980 3900 audisse
1010 3846 1274 3902 dicebant.
1300 3847 1429 3902 Nam
1460 3857 1514 3901 et
1541 3847 1668 3902 mihi
1694 3848 1907 3918 quidam
1940 3847 2135 3904 fratres

555 3935 719 3988 nostri
749 3938 998 3992 nonnulla
1026 3939 1282 4008 opuscula
1327 3939 1427 3994 sub
1471 3954 1590 3993 meo
1620 3939 1832 3993 nomine
1868 3941 1919 3994 in
1949 3939 2136 4010 llispa-

556 4026 693 4080 niam
726 4029 932 4085 venisse
971 4030 1259 4096 dixerunt,
1303 4047 1421 4101 qua:
1458 4030 1671 4102 quidem
1711 4030 1778 4085 ab
1808 4031 1872 4085 iis
1913 4031 2001 4102 qui
2031 4032 2133 4087 alia

555 4133 731 4175 nostra
763 4122 1044 4193 legis~cnt.
1079 4139 1183 4180 non
1212 4133 1665 4195 agnoscerentur;
1697 4123 1764 4180 ab
1792 4124 1912 4181 aliis
1955 4133 2132 4180 tamen

557 4224 732 4268 nostra
764 4228 881 4270 esse
907 4217 1277 4273 crederentur.

623 4305 713 4361 20.
742 4307 872 4362 lllud
911 4324 1039 4364 sane
1067 4310 1206 4380 quod
1248 4309 1493 4385 Pelagius
1520 4325 1673 4365 suum
1712 4324 1832 4365 esse
1859 4309 2135 4366 confeSsus

553 4408 654 4467 est,
681 4400 854 4455 adhuc
881 4400 1201 4456 latebrosum
1239 4410 1320 4456 est
1345 4418 1359 4455 :
1388 4400 1481 4456 scd
1514 4412 1640 4471 puto
1664 4402 1803 4473 quod
1830 4402 1882 4457 in
1913 4403 2132 4457 istorum

553 4500 819 4559 gestorum
841 4491 1289 4562 consequentibus
1316 4491 1552 4561 partibus
1578 4492 1824 4548 elucebit.
1844 4491 1933 4548 Ait
1956 4492 2131 4549 enim:

561 4602 576 4632 ι
611 4583 773 4638 Posse
809 4582 1022 4652 quidem
1060 4578 1332 4638 hominem
1359 4598 1479 4638 esse
1517 4583 1634 4639 sine
1674 4593 1927 4653 peccato,
1959 4592 2015 4640 et
2042 4585 2133 4640 Dei

558 4672 799 4726 mandata
826 4671 1113 4737 custodire,
1138 4672 1181 4726 si
1213 4672 1357 4738 velit,
1387 4671 1617 4727 diximus
1642 4690 1654 4726 :
1681 4671 1817 4729 hanc
1844 4674 1984 4729 enim
2012 4690 2135 4745 pos-

555 4762 855 4818 sibilitatem
890 4763 1028 4818 Deus
1061 4763 1131 4816 illi
1159 4762 1327 4818 dedit.
1358 4760 1472 4817 Non
1510 4769 1686 4817 autem
1728 4762 1958 4819 diximus
1993 4762 2133 4835 quod

510 4910 518 4917 ,
560 4854 854 4909 inveniatur
881 4854 1104 4925 aliquis,
1145 4853 1213 4908 ab
1256 4852 1474 4907 infantia
1518 4867 1685 4924 usque
1723 4852 1790 4909 ad
1833 4863 2132 4924 senectam,

557 4945 644 5013 qui
676 4960 940 5014 nunquam
966 4943 1263 5014 peccaverit
1287 4960 1301 4998 :
1325 4941 1419 4998 sed
1444 4943 1694 5012 quoniam
1716 4958 1745 4997 a
1767 4946 1995 5014 peccatis
2010 4959 2140 5001 con-

558 5025 780 5103 versus,
811 5035 1025 5104 pmprio
1055 5033 1234 5089 labore
1259 5041 1314 5088 et
1348 5034 1436 5087 ltei
1466 5034 1637 5103 gratia
1680 5035 1846 5104 possit
1871 5051 1990 5091 esse
2020 5036 2137 5091 sine

562 5138 806 5194 peccato;
837 5141 935 5181 nec
962 5141 1057 5197 per
1086 5125 1189 5181 hoc
1216 5134 1391 5180 tamen
1419 5125 1470 5180 iu
1499 5134 1768 5195 posterum
1807 5127 2137 5183 ineonversi-

561 5221 698 5275 Lilis.
730 5236 750 5272 ι
777 5218 833 5274 ln
862 5217 944 5273 his
964 5219 1158 5284 verbis,
1183 5232 1340 5288 quam
1367 5217 1507 5272 dicat
1535 5216 1626 5273 Dei
1647 5219 1891 5288 gratiam,
1916 5233 2138 5289 prorsus

561 5312 682 5365 latet
707 5328 722 5366 :
750 5318 804 5364 et
827 5309 1035 5380 judices
1054 5308 1265 5380 quidem
1290 5308 1538 5363 catholici
1568 5310 1768 5364 nullam
1795 5310 1955 5365 aliam
1985 5310 2136 5366 intel-

561 5402 723 5471 ligere
755 5410 1068 5474 potuerunt,
1097 5401 1198 5455 nisi
1227 5415 1384 5471 quam
1414 5401 1566 5456 nobis
1592 5402 1879 5473 plurimum
1917 5414 2135 5475 aposto-

562 5491 660 5547 lica
688 5491 930 5548 doctrina
975 5491 1332 5548 commendat.
1378 5490 1503 5547 Haec
1547 5500 1630 5548 est
1674 5494 1850 5561 enim,
1894 5510 2000 5567 qua
2040 5511 2139 5553 nos

623 5671 640 5701 ³
676 5677 830 5729 Suam,
855 5666 1193 5777 depttitioncm.

623 5730 697 5777 (ai
730 5732 845 5777 \ide
868 5732 918 5777 in
935 5732 1010 5777 'ra.
1035 5744 1083 5777 n.
1107 5731 1185 5777 57.

623 5730 697 5806 (ςιὶ
726 5730 1193 5806 λίιιεεξξιῖιῖθξρςρηο,
1222 5801 1256 5806 ,,
1378 5803 1385 5806 ,
1475 5796 1484 5806 .
1549 5802 1572 5806 ,
1771 5796 1798 5806 ._
1865 5796 1875 5806 .

571 5852 587 5902 ι
622 5792 712 5903 (32,
726 5792 966 5842 Liv-aulam
989 5793 1200 5844 nominat
1222 5801 1447 5845 Mercator
1473 5796 1520 5843 in
1543 5796 1907 5846 conuuonitorio
1940 5796 2005 5847 de
2034 5804 2137 5850 Coe-

589 5865 645 5903 es
713 5888 727 5904 .

1601 433 1687 489 DE
1724 432 1965 490 GESTIS
2005 424 2300 497 PELAGII,
2344 430 2400 484 S.
2444 433 2809 492 AUGUSTIN]
2900 514 2904 519 .

3725 437 3840 505 ἐἰἶῆ

2270 544 2478 601 liberari
2506 563 2659 618 posse
2696 567 2973 623 speramus
2998 554 3065 611 de
3095 572 3318 627 corpore
3350 552 3536 616 mortis
3564 560 3720 633 lmjus
3746 579 3831 635 por

2261 636 2440 693 lesum
2460 641 2730 698 Christum
2761 645 3040 702 Dominum
3074 660 3345 709 nostrum.

2329 728 2557 786 CAPUT
2586 732 2691 789 VII.
2718 764 2789 775 —-
2816 736 2915 791 Et'
2956 752 3053 808 pro
3092 755 3192 807 qua
3235 741 3562 811 impetranda
3592 759 3832 811 oramus,

2258 833 2327 874 ne
2371 821 2625 880 intremus
2671 825 2724 880 in
2777 829 3120 884 tentationem
3167 832 3393 899 (Matth.
3439 838 3667 907 v1.13).
3715 837 3832 891 lla-c

2256 911 2423 979 gratia
2454 926 2558 967 non
2586 924 2667 969 est
2692 926 2876 972 natura
2903 937 2916 973 :
2946 919 3039 974 sed
3078 937 3182 990 qua
3214 922 3526 979 subvenitur
3551 924 3721 996 fragili
3752 929 3827 980 vi-

2258 999 2502 1071 tiataaque
2537 1013 2756 1060 naturae.
2788 1007 2912 1063 "me
2935 1010 3103 1079 gratia
3135 1027 3239 1066 non
3281 1021 3363 1068 est
3404 1015 3536 1085 legis
3565 1017 3783 1071 scientia
3817 1039 3827 1070 :

2255 1090 2348 1145 sed
2376 1107 2439 1148 ea
2464 1091 2565 1160 est',
2595 1095 2662 1151 de
2681 1113 2782 1168 qua
2804 1099 2930 1154 tlicit
2959 1104 2994 1154 .-\
3006 1103 3263 1171 pnslolus,
3293 1104 3412 1159 Non
3434 1107 3629 1160 irritant
3650 1109 3831 1174 faciunt

2252 1184 2467 1253 gratiam
2501 1186 2597 1239 Dei
2616 1204 2773 1243 :nam
2808 1191 2852 1245 si
2890 1209 2977 1262 per
3012 1192 3170 1264 legem
3190 1196 3424 1267 jastilia,
3455 1213 3575 1269 ergo
3610 1199 3832 1253 Christus

2251 1274 2411 1351 gratis
2434 1286 2661 1331 mortuus
2684 1288 2755 1333 cst
2781 1279 2987 1353 (Colat.
3019 1299 3076 1349 Il,
3099 1283 3161 1338 ’21
3185 1284 3208 1357 )
3233 1302 3245 1338 :
3271 1294 3326 1341 et
3350 1286 3473 1341 ideo
3501 1301 3607 1343 non
3635 1301 3716 1343 est
3737 1290 3830 1345 iit-

2255 1370 2365 1416 tera
2390 1363 2657 1434 occidens,
2687 1369 2779 1423 sed
2807 1370 3023 1441 spiritus
3049 1373 3341 1430 vivificaris.
3372 1359 3600 1431 scientia
3633 1380 3827 1449 quippe

2253 1454 2383 1526 legis
2401 1457 2519 1513 sine
2542 1461 2708 1529 gratia
2735 1462 2951 1532 spiritus
2969 1505 2983 1529 ,
3013 1475 3266 1535 operatur
3295 1467 3348 1522 in
3376 1468 3589 1523 homine
3608 1485 3829 1526 uuinetu

2249 1547 2753 1618 concupiscentiam.
2783 1551 3071 1620 Peccatum,
3104 1556 3269 1624 enim,
3302 1557 3491 1629 inquit,
3518 1572 3620 1613 non
3636 1575 3831 1631 cogno-

2250 1639 2317 1704 vi,
2342 1641 2440 1694 nisi
2463 1659 2552 1712 per
2572 1642 2730 1713 legem
2751 1660 2771 1701 :
2791 1662 2909 1699 nam
2935 1649 3387 1719 concupiscentiam
3416 1652 3719 1719 nesciebam,
3737 1652 3833 1707 nisi

2251 1726 2334 1784 lea:
2350 1732 2552 1801 diceret,
2579 1732 2699 1788 Non
2723 1739 3062 1807 concupisces.
3094 1738 3373 1794 Occasione
3397 1741 3564 1796 autem
3586 1753 3794 1814 accepta
3811 1785 3827 1807 ,

2250 1830 2507 1890 peccatum
2551 1840 2639 1892 per
2667 1826 2958 1880 mandatum
2998 1840 3259 1900 operatum
3303 1838 3376 1884 est
3417 1830 3471 1885 in
3517 1847 3597 1886 me
3634 1848 3830 1886 omnem

2247 1913 2717 1983 concupiscentiam.
2756 1917 2864 1972 Nec
2904 1919 3002 1973 ista
3049 1920 3279 1976 dicendo
3320 1921 3490 1993 legem
3517 1924 3788 1995 vituperat
3812 1966 3828 1989 ,

2247 2001 2357 2059 imo
2401 2006 2559 2060 etiam
2608 2007 2820 2074 laudat,
2865 2026 2985 2064 cum
3025 2012 3188 2066 dicit:
3217 2011 3326 2066 Lex
3365 2014 3565 2083 quidem
3618 2025 3827 2083 sancta,

2246 2105 2296 2150 et
2331 2098 2623 2153 mandatum
2660 2112 2922 2169 sanctum,
2965 2112 3009 2156 et
3040 2105 3271 2175 justum,
3324 2113 3371 2159 ct
3416 2105 3628 2173 bonum,
3683 2107 3827 2174 Quoa

2246 2204 2365 2260 ergo
2424 2189 2608 2245 bonum
2671 2201 2777 2259 est,
2834 2194 3038 2264 inquit,
3094 2196 3220 2250 mihi
3273 2200 3463 2268 factum
3524 2207 3596 2251 est
3652 2200 3832 2252 mars?

2246 2281 2386 2338 Absit
2413 2297 2432 2337 :
2457 2282 2547 2337 sed
2571 2294 2848 2354 peccatum,
2877 2295 2931 2339 ut
2956 2296 3201 2356 appareat
3224 2297 3500 2359 peccatum,
3526 2300 3620 2355 per
3642 2288 3829 2342 bonum

2244 2374 2369 2427 mihi
2404 2384 2664 2445 operatum
2692 2385 2765 2430 est
2793 2386 3022 2430 mortem.
3054 2377 3121 2432 Et
3164 2379 3352 2433 iterum
3392 2377 3564 2450 legem
3610 2379 3825 2445 laudat,

2243 2464 2505 2521 dicendo:
2532 2464 2734 2521 Scimus
2755 2468 2893 2521 enim
2919 2469 3057 2535 quod
3076 2469 3158 2524 lex
3183 2470 3462 2539 spiritualis
3484 2481 3594 2537 est;
3616 2487 3713 2542 ego
3733 2487 3825 2526 an-

2245 2565 2342 2610 tem
2361 2558 2582 2612 carnalis
2603 2574 2751 2625 sum,
2779 2560 3114 2616 venumdatus
3139 2563 3230 2616 sub
3258 2572 3481 2634 peccato.
3514 2563 3664 2631 Quod
3690 2565 3827 2619 enim

2242 2663 2425 2717 operor
2448 2649 2643 2720 ignoro.
2672 2649 2790 2705 Non
2814 2653 2951 2706 enim
2978 2653 3115 2723 quod
3134 2652 3263 2720 volo,
3294 2655 3389 2709 hoc
3409 2671 3507 2726 ago
3532 2670 3550 2709 :
3573 2656 3663 2710 sed
3686 2658 3826 2722 quod

2242 2738 2348 2810 odi,
2376 2738 2509 2794 illud
2537 2741 2691 2813 facio.
2726 2741 2788 2797 Si
2812 2752 2981 2797 autem
3020 2745 3155 2814 quod
3182 2745 3331 2810 nolo,
3364 2746 3457 2801 hoc
3486 2747 3658 2817 facio;
3691 2762 3829 2803 con»

2241 2831 2403 2909 sentio
2430 2830 2529 2903 legi
2548 2873 2563 2897 ,
2599 2833 2839 2903 quoniam
2867 2834 3002 2889 bona
3029 2846 3117 2889 est.
3148 2836 3286 2892 Ecce
3306 2837 3417 2908 jam
3446 2838 3614 2910 legem
3640 2840 3821 2903 novit,

2243 2919 2441 2988 laudat,
2464 2921 2618 2992 eique
2637 2923 2920 2992 consentit,
2947 2925 3046 2980 hoc
3065 2934 3166 2991 est,
3185 2941 3304 2981 eam
3333 2928 3524 2983 bonam
3543 2943 3664 2985 esse
3689 2943 3822 2985 con-

2240 3009 2404 3065 seatit
2433 3028 2446 3065 :
2475 3013 2724 3082 quoniam
2752 3015 2892 3085 quod
2922 3016 3009 3070 illa
3038 3016 3218 3085 jubet,
3251 3017 3353 3074 hoc
3380 3028 3430 3073 et
3460 3019 3575 3089 ipse
3598 3021 3742 3085 vult;
3765 3031 3823 3075 ὀι

2239 3101 2379 3172 quod
2411 3103 2494 3158 illa
2526 3112 2668 3160 vetat
2692 3115 2745 3160 et
2767 3106 3004 3177 damnat,
3034 3107 3134 3163 hoc
3161 3118 3213 3163 et
3240 3108 3353 3176 ipse
3380 3109 3496 3164 odit
3520 3128 3533 3165 :
3560 3123 3613 3166 et
3644 3121 3823 3166 tamen

2239 3191 2379 3261 quod
2404 3193 2536 3261 odit,
2571 3195 2671 3250 hoc
2696 3194 2840 3251 facit.
2871 3197 3012 3254 Inest
3037 3214 3163 3270 ergo
3188 3198 3320 3270 legis
3349 3210 3549 3256 sanctae
3569 3202 3816 3267 scientia,

2239 3297 2340 3339 nec
2367 3293 2543 3339 tamen
2580 3295 2804 3342 sanatur
2828 3288 3016 3343 vitiosa
3057 3290 3482 3360 concupiscentia
3509 3307 3523 3345 :
3553 3289 3695 3346 inest
3718 3307 3815 3348 vo-

2239 3372 2413 3428 luntas
2460 3374 2629 3441 bona,
2666 3385 2721 3432 et
2760 3378 2901 3432 valet
2935 3380 3175 3449 Operatio
3203 3380 3362 3435 mala.
3394 3380 3530 3436 Hinc
3560 3390 3650 3437 est
3679 3383 3821 3452 quod

2238 3462 2442 3519 duabus
2468 3464 2669 3535 legibus
2695 3465 2832 3521 inter
2859 3483 2918 3523 se
2945 3469 3369 3537 collucrantihus,
3396 3469 3522 3525 dum
3546 3471 3648 3543 legi
3669 3486 3823 3528 men-

2240 3555 2308 3610 tis
2332 3555 2414 3610 lex
2445 3567 2702 3627 repugnat
2723 3559 2774 3612 in
2796 3559 3068 3625 membris;
3097 3569 3151 3615 et
3175 3561 3405 3630 eaptivat
3429 3561 3528 3617 sub
3552 3561 3671 3633 lege
3695 3576 3824 3633 pec-

2241 3647 2365 3711 cati,
2397 3661 2426 3700 a
2457 3647 2743 3704 conﬁtente
2771 3651 3114 3718 exclamatur,
3138 3663 3191 3707 et
3219 3652 3413 3708 dicitur
3441 3671 3454 3707 :
3491 3652 3686 3723 Infelix
3729 3669 3822 3727 ego

2238 3738 2407 3805 homo,
2436 3740 2547 3808 quis
2574 3756 2654 3795 me
2680 3741 2908 3796 liberabit
2933 3743 2997 3797 de
3021 3759 3232 3815 corpore
3255 3745 3431 3800 mortis
3461 3746 3660 3814 hujus?
3678 3744 3815 3801 Cra-

2239 3830 2309 3882 tia
2333 3829 2429 3882 Dei
2449 3847 2539 3900 per
2559 3830 2736 3887 Iesum
2757 3833 3013 3889 Christum
3037 3834 3313 3891 Dominum
3337 3847 3587 3893 nostrum.

2306 3922 2534 3979 CAPUT
2563 3923 2697 3979 Vill.
2728 3956 2801 3967 —
2839 3927 2929 3983 21.
2958 3928 3073 3983 Non
3125 3943 3253 4000 ergo
3299 3938 3485 3985 natura
3511 3972 3526 3995 ,
3561 3945 3682 4002 qua:
3716 3933 3823 3988 suh

2239 4024 2458 4083 peccato
2498 4015 2813 4071 venumdata
2865 4028 2919 4073 et
2966 4020 3093 4073 vitio
3139 4020 3373 4075 sauciata
3422 4020 3820 4093 redemptorem

2237 4105 2661 4178 salvatoremque
2686 4108 2975 4176 desiderat,
3006 4126 3107 4166 nec
3131 4111 3261 4182 legis
3287 4112 3506 4167 scientia
3525 4129 3620 4185 per
3647 4130 3814 4185 quam

2239 4195 2299 4250 ﬁt
2335 4199 2781 4270 concupiscentia:
2832 4201 3086 4271 cognitio,
3141 4218 3245 4255 non
3276 4202 3466 4258 cvictio
3489 4203 3533 4268 ³,
3571 4203 3816 4260 liberata

2237 4300 2463 4360 corpore
2493 4290 2677 4344 mortis
2708 4291 2864 4361 hujus
2891 4307 2907 4344 :
2940 4291 3038 4347 sed
3055 4293 3219 4364 gratia
3254 4292 3462 4348 Domini
3517 4312 3609 4365 per
3640 4295 3819 4351 Iesum

2239 4379 2491 4434 Christum
2511 4379 2782 4435 Dominum
2807 4392 3051 4437 nostrum.

2316 4468 2543 4525 CAPUT
2572 4469 2661 4524 lx.
2694 4500 2766 4512 —
2816 4472 2918 4526 ista
2938 4481 3021 4528 est
3048 4488 3153 4528 non
3178 4484 3365 4531 natura
3405 4476 3673 4542 moriens,
3718 4492 3819 4533 nec

2247 4559 2421 4615 littera
2449 4560 2719 4629 occidens,
2752 4561 2843 4616 sed
2862 4562 3079 4631 spiritus
3095 4564 3387 4621 vivificans.
3416 4565 3533 4622 Jam
3557 4569 3702 4623 enim
3718 4567 3816 4623 ba-

2237 4652 2397 4708 bebat
2443 4652 2544 4708 iste
2585 4662 2827 4708 naturam
2879 4669 3000 4709 cum
3052 4655 3338 4712 voluntatis
3384 4656 3639 4725 arbitrio;
3694 4674 3817 4714 nam

2238 4745 2448 4800 dicebat
2480 4787 2495 4812 ,
2558 4743 2697 4799 Velle
2760 4746 2957 4816 adjuvet
3017 4747 3141 4801 mihi
3191 4763 3212 4802 :
3264 4747 3357 4804 sed
3419 4764 3523 4804 non
3589 4749 3819 4806 habebat

2242 4848 2481 4894 naturam
2530 4854 2649 4893 cum
2698 4840 2944 4904 sanitate,
3001 4841 3116 4894 sine
3166 4841 3333 4907 vitio;
3389 4856 3511 4896 nam
3556 4842 3770 4899 dicebat
3799 4885 3814 4906 ,

2243 4932 2363 4987 Scio
2416 4931 2551 5003 quod
2596 4948 2697 4985 non
2743 4931 2932 4984 habitat
2980 4948 3033 4984 tn
3075 4947 3154 4985 me
3181 4973 3196 4995 ,
3252 4932 3346 4986 Itoc
3397 4945 3472 4988 cst
3499 4974 3515 5000 ,
3563 4934 3617 4988 in
3668 4950 3823 4989 carne

2242 5040 2373 5090 mea,
2397 5024 2598 5077 bonum.
2621 5022 2736 5078 Jam
2769 5021 2994 5077 habebat
3021 5022 3375 5091 cognitionem
3411 5024 3540 5094 legis
3579 5034 3821 5088 sanctae;

2243 5131 2364 5171 nam
2390 5114 2618 5177 dicebat,
2662 5113 2931 5168 Peccatum
2973 5131 3074 5168 non
3103 5115 3335 5186 cognovi,
3372 5117 3471 5170 nisi
3494 5133 3582 5185 per
3610 5117 3769 5187 legem
3802 5131 3841 5177 ε,

2242 5207 2335 5264 sed
2353 5222 2457 5262 non
2486 5205 2712 5262 habebat
2742 5205 2880 5260 vires
2922 5205 3140 5277 agenda:
3170 5208 3612 5280 perﬁciendarque
3660 5210 3818 5279 justi-

2246 5300 2366 5366 tiaa;
2396 5314 2515 5354 nam
2543 5297 2770 5360 dicebat,
2790 5295 2909 5352 Non
2937 5298 3073 5369 quod
3097 5298 3234 5365 volo,
3263 5300 3356 5353 hoc
3381 5317 3510 5372 ago;
3548 5301 3639 5354 sed
3684 5300 3823 5369 quod

2244 5389 2349 5456 odi,
2378 5389 2473 5443 hoc
2497 5388 2659 5459 facio;
2685 5398 2759 5451 et,
2788 5386 3041 5456 Perﬁcerc
3069 5388 3253 5443 bonum
3279 5407 3378 5444 non
3409 5392 3641 5457 iut~cnio(
3667 5391 3814 5444 fiam.

2245 5496 2317 5536 vtt
2337 5524 2352 5547 ,
2380 5480 2562 5548 7-25).
2589 5478 2711 5533 Ideo
2754 5493 2852 5534 nec
2878 5479 3163 5533 voluntatis
3190 5480 3468 5535 arbitrium
3494 5523 3507 5543 ,
3542 5497 3641 5537 nec
3692 5485 3822 5548 legis

2247 5582 2587 5643 prarccptum,
2621 5571 2761 5626 unde
2788 5571 3107 5626 liberaretur
3133 5571 3199 5627 de
3232 5587 3458 5641 corpore
3504 5575 3691 5628 mortis
3717 5577 3821 5625 hn—

2242 5663 2358 5731 jus;
2387 5660 2506 5728 quia
2535 5670 2816 5730 utrumque
2840 5659 2948 5730 jam
2974 5660 3233 5728 habebat,
3287 5661 3427 5715 aliud
3478 5663 3529 5716 in
3582 5676 3765 5716 natura
3799 5702 3822 5728 ,

2309 5799 2323 5828 ί
2363 5803 2427 5844 tta
2448 5793 2749 5843 Callicrtinus
2764 5802 2842 5843 Ms.
2871 5795 2985 5844 Editi
3012 5809 3145 5856 vero,
3169 5797 3273 5847 sed.

2306 5861 2325 5899 β
2362 5865 2468 5905 Stas.
2500 5859 2632 5918 \igtt.
2661 5867 2710 5906 et
2733 5857 2882 5906 codex
2912 5865 3142 5907 humanus
3164 5894 3179 5917 ,
3212 5871 3239 5910 e
3262 5860 3387 5912 vim.
