4202 6518
384 364 483 430 51's

382 489 520 546 aliud
553 489 603 541 iu
632 484 875 540 doctrina
909 478 1033 534 :scd
1064 478 1245 548 gratia:
1278 474 1368 528 Dei
1402 473 1651 543 pos-iebat
1688 472 1967 535 auxilium,

383 598 478 654 per
501 582 684 636 Jcsum
709 576 980 633 Christum
1013 570 1297 625 Dominum
1332 575 1594 622 nustrmn.

451 670 680 728 CAPUT
714 668 778 723 Χ.
806 697 879 707 ——
902 664 994 719 22.
1026 662 1173 717 lianc
1201 662 1377 729 itaque
1419 658 1641 730 gratiam
1665 699 1678 719 ,
1706 670 1867 727 quam
1921 655 1974 709 in

383 763 644 819 catholica
668 759 907 816 Ecclesia
933 755 1264 811 notissimam
1286 758 1569 814 noverant,
1600 736 1835 817 episcopi
1857 761 1977 801 cre-

381 857 631 912 diderunt
658 853 930 923 Pelagium
956 847 1221 913 cantiteri,
1248 859 1371 900 cum
1398 841 1647 899 audirent
1670 855 1797 896 eum
1828 839 1977 894 dice-

385 965 475 1014 re,
510 965 527 1000 ι
557 946 829 1001 hominem
853 958 881 996 a
905 940 1134 1013 peccatis
1160 941 1479 993 conversum
1502 975 1517 997 ,
1546 931 1766 1005 preprio
1794 930 1980 985 labore

387 1036 744 1108 etDcigratia
792 1047 953 1103 posse
1003 1044 1123 1084 esse
1176 1014 1294 1083 sine
1333 1034 1565 1096 peccato.
1606 1042 1625 1076 ι
1658 1022 1772 1094 Ego
1800 1029 1978 1075 autem

387 1125 1010 1201 proptcrillmnlibrum.
1052 1110 1211 1191 quem
1258 1118 1388 1173 mihi
1440 1112 1791 1172 refellendum
1837 1110 1980 1167 servi

390 1223 480 1278 Dei
511 1220 774 1276 dederunt
803 1214 900 1287 (α),
922 1215 1011 1286 qui
1038 1212 1285 1282 discipuli
1336 1210 1453 1280 ejus
1482 1206 1725 1273 fuerunt,
1757 1215 1811 1262 et
1855 1221 1981 1261 cum

388 1312 635 1368 eumdem
664 1309 935 1380 Pelagium
965 1296 1121 1361 valde
1144 1296 1429 1375 diligerent
1454 1343 1469 1367 ,
1501 1288 1619 1383 ejus
1667 1314 1801 1383 esse.
1828 1289 1982 1351 dixe-

390 1411 534 1469 runt,
561 1401 648 1456 ubi
675 1390 779 1455 hac
800 1379 1114 1469 iqumstione
1161 1394 1263 1450 sibi
1308 1379 1576 1464 proposita
1599 1433 1613 1454 ,
1643 1391 1765 1462 quia
1794 1379 1899 1444 hoc
1930 1388 1983 1442 in

392 1509 458 1547 eo
485 1492 597 1562 jam
616 1482 873 1562 plurimos
901 1482 1220 1553 oll'enderat,
1248 1474 1391 1556 quod
1420 1483 1679 1539 adversus
1716 1474 1807 1537 Dei
1862 1496 1986 1552 gra-

393 1584 519 1638 tiam
545 1582 874 1653 loqueretur,
903 1570 1237 1649 apertissime
1260 1568 1560 1646 expressit,
1594 1596 1613 1627 ι
1650 1562 1789 1628 hanc
1818 1588 1879 1628 se
1907 1564 1989 1627 di-

393 1692 519 1730 cere
543 1674 633 1730 Dei
666 1674 912 1746 gratiam,
941 1670 1084 1743 quod
1113 1660 1520 1741 possibilitatem
1576 1682 1680 1722 non
1726 1655 1987 1737 peccandi

396 1776 583 1820 natura
616 1772 796 1820 nostra
818 1777 940 1817 cum
970 1754 1315 1825 conderetur,
1343 1748 1570 1829 accepit,
1599 1757 1851 1828 quoniam
1868 1758 1992 1810 eon-

393 1857 503 1911 dita
534 1866 614 1911 est
642 1870 760 1909 cum
789 1854 960 1909 libero
990 1848 1212 1906 arbitrio
1243 1868 1259 1905 :
1301 1870 1320 1903 ι
1346 1860 1569 1922 propter
1599 1850 1740 1903 hunc
1768 1863 1897 1918 ergo
1926 1844 1990 1901 li-

397 1948 551 2002 brum
572 1961 692 2016 ego,
722 1942 935 2015 plurimi
964 1950 1141 1997 autem
1166 1940 1357 1995 fratres
1380 1946 1597 2011 propter
1618 1936 1736 2010 ejus
1752 1937 1994 2008 disputa-

398 2038 595 2102 tiones,
623 2050 759 2107 quas
788 2033 971 2089 dicunt
1023 2032 1124 2087 sibi
1164 2045 1286 2087 esse
1328 2028 1669 2093 notissimas,
1705 2023 1880 2083 adhuc
1903 2041 1994 2082 su-

399 2144 519 2182 mus
549 2127 613 2182 de
630 2127 855 2181 istorum
886 2124 1176 2180 verborum
1204 2122 1324 2194 ejus
1366 2121 1709 2193 ambiguitate
1732 2118 1947 2175 solliciti
1974 2160 1991 2187 ,

402 2230 470 2274 ne
495 2216 638 2272 forte
662 2213 791 2287 quid
818 2216 871 2270 in
902 2229 963 2270 ea
987 2213 1171 2295 lateat,
1199 2221 1361 2283 atque
1411 2227 1471 2268 se
1520 2210 1624 2267 hoc
1651 2209 1851 2265 dixisse
1878 2208 1996 2264 sine

403 2309 712 2380 praejudicio
771 2306 854 2362 sui
907 2306 1173 2376 dogmatis
1216 2312 1450 2374 exponat
1496 2312 1682 2373 postea
1723 2300 1997 2371 discipulis

403 2398 538 2470 suis,
568 2402 637 2455 ita
659 2399 931 2456 disserens
957 2417 970 2453 :
1003 2417 1019 2450 ι
1051 2398 1171 2451 Dixi
1203 2397 1445 2468 quidem,
1474 2397 1690 2467 proprio
1734 2394 1921 2451 labore
1944 2402 2000 2450 et

408 2493 500 2548 Dei
537 2492 707 2563 gratia
752 2505 908 2561 posse
960 2488 1235 2546 hominem
1263 2503 1384 2544 esse
1434 2488 1551 2543 sine
1591 2496 1846 2559 peccato;
1903 2485 1999 2542 sed

407 2600 566 2653 quam
584 2582 757 2637 dicam
785 2582 1010 2653 gratiam
1041 2581 1243 2651 Optime
1271 2579 1463 2643 nostis,
1492 2590 1547 2635 et
1572 2578 1801 2650 legendo
1845 2592 2000 2633 reco-

410 2676 517 2730 lere
543 2675 783 2744 potestis,
813 2672 956 2745 quod
986 2690 1048 2729 ea
1075 2673 1165 2735 sit,
1190 2673 1243 2727 in
1267 2687 1371 2744 qua
1400 2672 1567 2728 creati
1614 2685 1800 2727 sumus
1831 2687 1859 2725 a
1891 2671 2002 2726 Deo

410 2767 720 2822 cumlibero
749 2766 993 2822 arbitrio.
1039 2784 1059 2818 ι
1092 2768 1267 2836 Atque
1314 2766 1383 2820 ita
1430 2764 1555 2820 dum
1606 2780 1727 2819 cum
1778 2765 2005 2820 credunt

413 2859 648 2930 episcopi
710 2873 828 2912 eam
881 2857 1081 2912 dixisse
1124 2858 1381 2928 gratiam,
1438 2873 1543 2911 non
1600 2872 1701 2928 qua
1760 2856 2005 2926 hotnijtes

414 2949 579 3004 creati
609 2964 814 3016 sumus,
856 2948 948 3003 sed
979 2964 1082 3019 qua
1127 2949 1181 3003 in
1230 2963 1419 3002 novam
1443 2958 1742 3003 creaturam
1769 2946 2005 3017 adeptati

416 3040 580 3112 (hanc
633 3041 775 3095 enim
831 3040 1169 3109 apertissime
1221 3040 1445 3110 gratiam
1498 3038 1674 3093 divina
1732 3038 2006 3109 Scriptura

417 3131 798 3203 commendat),
831 3132 1139 3202 ignarantes
1164 3130 1509 3197 hatreticum,
1532 3133 1786 3200 tanquam
1818 3126 2008 3184 autho-

422 3228 578 3282 Iicum
596 3226 959 3282 absolverunt.
994 3226 1314 3295 Suspectum
1342 3224 1484 3279 enim
1537 3234 1624 3279 me
1680 3221 1802 3277 facit
1848 3222 2009 3278 etiam

422 3320 570 3386 illud,
600 3317 739 3389 quod
768 3333 891 3374 cum
913 3318 965 3371 iu
993 3318 1181 3372 eodem
1207 3316 1367 3383 libro,
1395 3315 1484 3371 cui
1534 3312 1809 3385 reSpondi,
1850 3329 2010 3384 aper-

423 3407 624 3465 tissime
651 3410 865 3474 dixerit,
894 3429 913 3462 ι
940 3408 1291 3478 Abcljustum
1314 3406 1587 3478 nunquam
1616 3406 1838 3463 omnino
1881 3422 2010 3477 pce-

421 3498 608 3567 rasse;
644 3521 664 3554 ι
699 3500 857 3555 modo
884 3501 977 3565 ait,
1015 3520 1033 3551 ι
1070 3499 1185 3554 Non
1215 3510 1391 3555 autem
1421 3497 1656 3553 diximus
1692 3497 1832 3568 quod
1858 3498 2012 3553 inve-

426 3595 599 3648 uiatur
624 3590 836 3664 aliquis,
864 3593 931 3647 ab
961 3592 1180 3647 infamia
1236 3606 1403 3661 usque
1432 3590 1498 3645 ad
1551 3598 1823 3645 senectam
1847 3629 1866 3656 ,
1923 3588 2015 3660 qui

425 3704 688 3759 nunquam
708 3689 1030 3758 peccaverit;
1062 3688 1155 3742 sed
1182 3687 1436 3758 quoniam
1465 3701 1494 3740 a
1524 3686 1760 3756 peccatis
1782 3701 2014 3740 conver-

425 3793 537 3841 sus,
567 3779 782 3849 proprio
815 3778 995 3833 labore
1011 3786 1067 3833 et
1094 3778 1189 3833 Dei
1219 3777 1389 3849 gratia
1417 3777 1587 3848 possit
1615 3792 1736 3832 esse
1762 3777 1876 3832 sine
1896 3792 2017 3846 pec-

427 3880 563 3925 cato.
602 3891 619 3923 ι
657 3871 788 3926 Abel
815 3869 1009 3942 quippe
1031 3868 1258 3941 justum,
1291 3886 1395 3925 non
1438 3886 1468 3924 a
1511 3870 1743 3940 peccatis
1787 3886 2016 3924 conver-

426 3978 542 4016 smn
574 3961 627 4016 in
654 3972 846 4017 extera
881 3962 986 4016 vita
1011 3961 1146 4017 dixit
1189 3960 1388 4017 factum
1426 3976 1545 4016 esse
1588 3960 1707 4016 sine
1758 3969 1975 4031 peccato
1997 4002 2014 4026 ,

426 4055 519 4109 sed
556 4075 575 4107 ι
608 4056 748 4125 quod
779 4063 1051 4125 peccatum
1089 4054 1289 4109 nullum
1320 4070 1549 4124 unquam
1576 4052 1783 4109 fecerit.
1815 4072 1832 4101 ι
1867 4051 2019 4109 Unde

368 4135 376 4142 ’
429 4146 472 4199 si
505 4145 939 4215 illeipsiusliber
987 4154 1089 4213 est,
1122 4143 1362 4215 profecto
1409 4160 1475 4200 ex
1509 4143 1622 4214 ipsa
1668 4146 2019 4214 responsione

428 4237 789 4292 emendandus
817 4248 918 4293 cst.
943 4238 1075 4292 Nolo
1099 4238 1240 4292 enim
1264 4237 1583 4293 eumdicere
1636 4236 1796 4292 modo
1850 4235 2019 4294 fuisse

438 4331 741 4396 mentitum,
776 4348 841 4385 ne
880 4332 1015 4387 forte
1047 4332 1188 4402 quod
1212 4332 1227 4362 ¹
1260 4331 1311 4385 in
1341 4330 1477 4385 libro
1505 4331 1596 4385 illo
1633 4331 1928 4400 scripserit,
1959 4347 2019 4388 se

428 4422 569 4477 dicat
599 4423 856 4478 oblitum:
884 4422 1107 4494 proinde
1149 4433 1344 4478 cmtera
1391 4422 1687 4479 videamus.
1723 4423 1797 4478 Ea
1826 4424 2021 4494 quippe

428 4524 826 4585 consequuntur
867 4515 920 4571 in
951 4514 1333 4572 ecclesiasticis
1380 4516 1567 4586 gestis,
1622 4516 1835 4586 quibus,
1864 4516 2019 4585 adju-

430 4619 585 4665 vante
609 4602 851 4676 Domino,
879 4624 1164 4680 possumus
1203 4607 1511 4675 ostendere,
1560 4608 1721 4664 etiam
1769 4609 2017 4680 Pelagio,

431 4702 564 4756 sicut
583 4703 846 4755 nonnullis
866 4703 1095 4767 videtur,
1117 4702 1167 4755 in
1187 4702 1274 4756 illa
1288 4701 1679 4757 examinatione
1701 4712 1943 4774 purgato,
1968 4712 2023 4758 et

430 4802 574 4847 certe
603 4793 741 4862 apud
767 4792 973 4861 judices
999 4792 1256 4847 duntaxat
1296 4791 1544 4847 homines
1570 4792 1815 4848 absoluto
1838 4836 1853 4857 ,
1885 4794 2024 4851 hanc

435 4886 590 4937 talem
619 4884 887 4945 ha-resim,
920 4900 1075 4955 quam
1102 4894 1156 4940 et
1186 4882 1411 4940 ulterius
1459 4885 1708 4955 progredi
1752 4895 1807 4941 et
1846 4886 1898 4941 iu
1927 4902 2020 4957 pe-

427 4978 515 5046 jus
543 4977 800 5047 proficcre
826 4977 1078 5042 nolimus,
1110 4977 1227 5034 sine
1244 4977 1406 5031 dubio
1425 4989 1544 5031 eSse
1570 4977 1897 5034 damnatam.

503 5068 727 5124 CAPUT
752 5067 1003 5125 XL—QS.
1028 5069 1152 5125 lla‘c
1177 5069 1319 5124 enim
1334 5077 1627 5138 sequuntur
1646 5066 1850 5140 objecta
1865 5066 2022 5126 Pela-

432 5160 537 5225 gio,
570 5176 687 5230 qum
714 5160 763 5214 in
793 5161 1033 5215 doctrina
1057 5159 1291 5216 Ctelestii
1323 5146 1568 5231 discipuli
1618 5161 1735 5230 ejus
1781 5162 2024 5217 referun-

435 5261 518 5303 tnr
546 5253 777 5306 inventa.
812 5271 830 5303 ι
868 5252 1033 5307 Adam
1068 5253 1347 5307 mortalem
1381 5251 1599 5317 factum,
1630 5255 1719 5324 qui
1747 5254 1861 5309 sive
1898 5272 2023 5325 pec-

432 5352 596 5404 t'ut't'l,
620 5344 731 5398 sive
756 5360 860 5397 non
906 5354 1170 5413 peccaret,
1226 5345 1515 5399 moriturus
1555 5354 1718 5399 esset.
1762 5345 2023 5413 Quoniam

434 5449 588 5500 pccca
618 5450 704 5487 um
737 5432 861 5489 Adm
887 5435 1059 5504 ipsum
1091 5435 1267 5489 solum
1318 5435 1549 5498 latserit,
1596 5445 1650 5490 et
1705 5454 1809 5491 nou
1857 5453 2024 5507 genus

433 5528 738 5579 humanum.
768 5526 1029 5592 Quoniam
1059 5526 1167 5582 Lex
1195 5527 1272 5582 sic
1302 5528 1458 5583 mittit
1480 5528 1546 5583 ad
1568 5545 1811 5600 regnum,
1833 5544 2024 5601 quem-

431 5618 713 5671 admodum
787 5618 1151 5690 l'lvangclium.
1215 5619 1478 5693 Quoniam
1541 5632 1664 5679 ante
1737 5622 2022 5678 adventum

498 5785 513 5811 ’
547 5775 848 5831 Colhertinus
868 5785 971 5838 313.,
998 5780 1132 5843 quid.

497 5847 510 5897 (
521 5850 570 5900 τε)
603 5844 836 5892 'nmasius
861 5852 911 5891 et
934 5842 1153 5892 tactibus.

1811 355 2011 412 LIBER
2055 354 2252 409 UNUS.

3566 344 3673 401 33!

2079 468 2277 523 Christi
2300 469 2513 524 fuerunt
2543 462 2787 524 homines
2827 465 2942 521 sine
2989 472 3223 535 peccato.
3282 463 3545 532 Quon‘ant
3589 466 3669 518 iu-

2083 561 2254 615 fantes
2282 576 2452 631 nuper
2484 558 2595 615 nati
2619 560 2670 613 in
2702 557 2791 613 illo
2815 566 2958 614 statu
2988 565 3130 623 sunt,
3163 556 3215 611 in
3248 572 3356 627 quo
3387 555 3553 610 Adam
3575 555 3671 610 fuit

2080 664 2203 710 ante
2225 655 2735 725 praevaricationem.
2770 651 3031 718 Quoniam
3079 664 3251 721 neque
3306 663 3401 719 per
3444 659 3669 705 mortem

2082 749 2165 803 vel
2183 746 2675 818 praevaricationem
2707 744 2836 800 Adte
2860 759 3022 800 omne
3043 759 3214 815 genus
3242 742 3517 798 hominum
3550 760 3665 796 mo-

2082 841 2273 908 riatur,
2304 856 2476 912 neque
2505 857 2601 912 per
2629 840 3077 896 resurrectionem
3126 837 3325 895 Christi
3372 853 3533 895 omne
3582 852 3677 910 ge.

2086 950 2186 990 nus
2215 924 2489 988 hominum
2517 939 2779 1003 resurgat.
2819 949 2839 983 ι
2885 930 3010 986 Haec
3061 929 3132 985 ita
3175 928 3386 1001 objecta
3416 938 3573 995 sunt,
3624 940 3679 983 ut

2084 1028 2247 1082 etiam
2272 1026 2410 1098 apud
2435 1025 2812 1097 Carthaginem
2833 1040 2863 1080 a
2892 1023 3186 1081 Sanctitate
3213 1032 3301 1079 tua
3350 1032 3404 1080 et
3454 1023 3521 1079 ab
3549 1022 3671 1076 aliis

2088 1127 2261 1174 tecum
2301 1116 2570 1188 episcopis
2597 1115 2902 1172 dicerentur
2955 1114 3134 1170 audita
3190 1123 3348 1183 atque
3404 1107 3676 1171 damnata.

2088 1210 2188 1266 Ubi
2216 1210 2454 1281 quidem,
2475 1218 2531 1264 ut
2560 1202 2776 1273 recolis,
2805 1207 2921 1277 ipse
2947 1223 3053 1261 non
3082 1205 3176 1272 fui,
3198 1200 3294 1261 sed
3337 1213 3520 1276 postea
3557 1218 3677 1259 cum

2088 1302 2353 1356 venissem
2374 1298 2771 1370 Carthaginem,
2804 1292 2990 1353 eadem
3016 1306 3165 1368 gesta
3180 1296 3447 1364 recensui,
3473 1311 3539 1351 ex
3562 1295 3677 1367 qui-

2091 1392 2189 1448 bus
2211 1392 2384 1464 aliqua
2408 1389 2627 1447 memini
2651 1409 2666 1445 :
2692 1389 2791 1446 sed
2820 1389 3003 1445 nescio
3031 1397 3209 1445 utrum
3250 1389 3365 1446 eis‘
3396 1388 3511 1445 htec
3561 1403 3682 1444 om-

2093 1484 2178 1539 nia
2202 1491 2501 1539 teneantur.
2525 1482 2662 1551 Quid
2688 1490 2868 1537 autem
2888 1481 3131 1546 interest,
3157 1489 3336 1536 utrum
3354 1474 3536 1551 aliqua
3555 1479 3685 1535 inibi

2093 1589 2199 1628 non
2229 1574 2339 1628 sint
2364 1572 2505 1630 forte
2526 1580 2947 1629 commemorata
2967 1613 2983 1636 ,
3010 1581 3065 1628 et
3093 1572 3215 1627 ideo
3264 1586 3367 1628 nec
3393 1571 3641 1628 damnata
3668 1613 3685 1635 ,

2092 1680 2214 1720 cum
2255 1673 2465 1721 constet
2509 1679 2629 1721 esse
2670 1659 3013 1720 damnanda?
3059 1664 3262 1720 Deinde
3306 1664 3519 1735 objecta
3565 1675 3689 1720 sunt

2092 1765 2145 1812 ct
2167 1756 2271 1811 alia
2299 1756 2542 1827 qumdam
2564 1755 2815 1827 capitula,
2834 1756 3348 1812 commemoratione
3375 1755 3480 1811 mei
3512 1755 3686 1812 nomi-

2096 1846 2178 1905 nis
2208 1846 2542 1917 interposita,
2570 1862 2691 1918 qua:
2718 1847 2847 1902 mihi
2878 1844 2946 1903 de
2990 1847 3168 1904 Sicilia
3218 1848 3385 1902 missa
3435 1846 3648 1903 fuerant
3669 1886 3689 1913 .

2095 1955 2216 1994 cum
2244 1930 2317 1995 ibi
2340 1939 2528 1995 fratres
2556 1939 2805 1995 catholici
2841 1939 3147 2012 hujusmodi
3175 1940 3562 2012 quaastionibus
3580 1950 3690 1996 tur-

2099 2030 2371 2097 barentur,
2400 2030 2594 2102 quibus
2614 2046 2714 2102 per
2752 2030 2947 2087 librum
2984 2031 3051 2087 ad
3081 2031 3338 2087 llilarium
3379 2031 3637 2102 scriptum
3672 2073 3689 2095 ,

2097 2123 2186 2192 qui
2212 2138 2276 2178 ea
2299 2122 2432 2178 mihi
2472 2124 2528 2178 in
2557 2123 2781 2194 epistola
2806 2139 2902 2179 sua
2930 2124 3220 2179 consulens
3271 2125 3489 2180 miserat
3514 2166 3529 2192 ,
3562 2124 3694 2179 satis

2098 2212 2446 2280 sufficienter,
2481 2223 2540 2269 ut
2559 2214 2689 2270 mihi
2723 2215 2951 2281 videtur,
2980 2217 3231 2295 respondi
3276 2215 3538 2289 (Epistola
3568 2216 3690 2279 157.

2099 2306 2169 2359 ad
2199 2305 2456 2361 Hilarium
2480 2305 2722 2381 scripta).
2756 2307 2856 2362 Ista
2904 2316 3029 2362 sunt
3070 2315 3249 2363 autent
3284 2326 3297 2360 :
3332 2326 3351 2360 ι
3393 2308 3557 2364 Posse
3600 2307 3697 2363 ho-

2103 2398 2301 2454 minem
2330 2399 2446 2454 sine
2460 2407 2700 2470 peccato,
2732 2398 2779 2453 si
2808 2399 2958 2467 velit,
2991 2414 3130 2455 esse.
3154 2398 3414 2473 Infantes,
3440 2398 3541 2454 etsi
3589 2414 3694 2454 non

2104 2486 2458 2561 baptizentur,
2492 2490 2691 2547 habere
2716 2491 2877 2545 vitam
2899 2500 3179 2547 azteruam.
3211 2490 3415 2546 Divites
3458 2490 3695 2560 baptiza-

2107 2592 2215 2648 tos,
2238 2582 2339 2637 nisi
2368 2581 2619 2636 omnibus
2643 2581 3041 2647 abrenuntient,
3078 2581 3123 2636 si
3143 2574 3268 2651 quid
3301 2580 3426 2636 boni
3452 2579 3551 2635 visi
3570 2578 3696 2635 fue-

2106 2670 2432 2738 rintfacere,
2481 2687 2589 2727 non
2643 2673 2880 2743 reputari
2936 2672 3076 2739 illis,
3123 2687 3295 2744 neque
3346 2687 3568 2743 regnum
3600 2672 3696 2728 Dei

2110 2779 2267 2835 posse
2290 2780 2384 2820 eos
2406 2764 2623 2821 habere.
2657 2784 2677 2818 ι

2179 2857 2273 2913 24.
2298 2858 2377 2912 Ad
2406 2858 2522 2912 haec
2557 2857 2659 2913 sibi
2689 2857 2919 2929 objecta,
2945 2855 3083 2913 sicut
3109 2866 3257 2929 gesta
3284 2864 3567 2914 testantur.
3605 2854 3702 2911 Pe-

2112 2951 2281 3023 lagius
2330 2952 2400 3006 ita
2438 2950 2758 3022 respondit:
2789 2969 2808 3003 ι
2848 2951 2922 3006 De
2977 2965 3137 3020 pesse
3175 2949 3390 3020 quidem
3430 2948 3702 3003 hominem

2112 3045 2231 3101 sine
2258 3055 2480 3116 peccato
2510 3059 2659 3110 esse,
2684 3045 2885 3100 dictum
2912 3053 3029 3109 est,
3071 3062 3094 3096 ι
3126 3042 3322 3113 inquit,
3356 3060 3376 3095 ι
3414 3042 3663 3112 superius
3688 3060 3701 3094 :

2112 3136 2180 3192 de
2206 3151 2275 3193 eo
2293 3145 2470 3191 autem
2496 3136 2639 3208 quod
2671 3136 2866 3191 fuerint
2885 3144 3010 3190 ante
3043 3135 3333 3189 adventum
3373 3134 3582 3228 Domini
3611 3135 3704 3189 bo-

2116 3231 2285 3287 mines
2309 3230 2428 3288 sine
2448 3238 2686 3302 peccato,
2718 3229 2947 3285 dicimus
2971 3236 3027 3284 et
3070 3243 3167 3284 nos
3186 3226 3441 3298 quoniam
3460 3226 3588 3283 ante
3608 3227 3707 3281 ad-

2115 3331 2333 3379 ventum
2357 3319 2554 3377 Christi
2584 3322 2831 3377 riserunt
2855 3321 3072 3391 quidam
3113 3328 3298 3375 sancte
3323 3328 3378 3376 et
3401 3319 3544 3390 juste
3563 3361 3580 3384 ,
3616 3334 3705 3395 se:

2117 3414 2756 3484 cunduntScripturarnm
2769 3422 3076 3469 sanctarum
3104 3413 3465 3481 traditionem.
3486 3412 3707 3482 Reliqua

2118 3525 2249 3564 vero
2298 3519 2353 3565 et
2407 3509 2701 3566 secundum
2728 3510 2968 3580 ipsorum
2997 3508 3360 3564 testimonium
3385 3525 3419 3562 a
3450 3524 3541 3563 me
3568 3509 3710 3565 dicta

2119 3616 2226 3657 non
2251 3611 2394 3667 sunt,
2424 3618 2520 3672 pro
2543 3601 2738 3672 quibus
2763 3617 2864 3673 ego
2891 3601 3200 3656 satisfacere
3240 3617 3346 3656 non
3373 3600 3579 3657 debeo:
3611 3602 3708 3657 sed

2121 3706 2297 3752 tamen
2328 3696 2396 3752 ad
2424 3696 2842 3751 satisfactionem
2873 3705 3073 3751 sancta:
3097 3694 3299 3765 Synodi
3319 3735 3336 3761 ,
3390 3693 3708 3750 anathema-

2121 3793 2226 3847 tizo
2247 3793 2369 3847 illos
2396 3791 2487 3863 qui
2517 3791 2596 3848 sic
2627 3800 2830 3856 tenent,
2861 3799 2954 3847 aut
3003 3790 3294 3862 aliquando
3349 3798 3654 3846 tenuerunt.
3685 3811 3705 3843 ι

2121 3885 2251 3940 Post
2297 3883 2435 3939 hanc
2463 3884 2582 3953 ejus
2624 3884 3028 3951 responsionem
3068 3882 3318 3954 Synodus
3365 3882 3536 3937 dixit:
3575 3899 3595 3935 ι
3629 3882 3709 3937 Ad

2122 3976 2240 4033 ha-c
2263 3976 2511 4047 praedicta
2538 3975 2767 4045 capitula
2793 3973 3124 4030 sufficienter
3159 3984 3214 4030 et
3266 3983 3411 4029 recte
3453 3972 3713 4029 satisfecit

2121 4085 2360 4143 przx‘sens
2387 4067 3131 4140 Pelagius.anathematiuns
3169 4081 3234 4123 ea
3260 4082 3379 4137 qua:
3419 4083 3524 4121 non
3558 4076 3714 4121 erant

2122 4164 2257 4233 ejus.
2295 4182 2315 4216 ι
2349 4161 2605 4219 Videmus
2634 4161 2795 4233 igitur
2814 4170 2868 4216 et
2896 4170 3164 4229 tenemus,
3183 4175 3292 4216 non
3311 4159 3487 4216 solum
3507 4173 3535 4212 a
3568 4158 3715 4215 Pela-

2121 4254 2231 4325 gio,
2265 4269 2449 4309 verum
2476 4253 2639 4309 etiam
2660 4268 2691 4307 a
2720 4252 2923 4308 sanctis
2958 4251 3224 4322 episcopis
3252 4251 3342 4321 qui
3390 4249 3464 4305 illi
3513 4249 3717 4319 judicio

2126 4346 2503 4416 pmidehant,
2533 4344 2671 4400 mala
2701 4343 3154 4415 perniciosissima
3181 4342 3484 4413 hujusmodi
3537 4341 3714 4398 luere-

2124 4439 2198 4494 sis
2222 4453 2344 4494 esse
2367 4438 2614 4492 damnata
2642 4452 2657 4492 :
2696 4454 2716 4489 ι
2754 4434 2924 4490 Adam
2953 4434 3233 4491 mortalem
3258 4432 3474 4496 factum.
3511 4452 3531 4487 ι
3560 4434 3707 4505 quod

2124 4544 2183 4589 ut
2209 4531 2418 4603 plenius
2441 4539 2797 4601 exponeretur
2820 4527 3090 4600 quomodo
3123 4527 3326 4583 dictum
3366 4527 3457 4596 sit,
3475 4526 3714 4583 additum

2124 4636 2228 4691 est,
2253 4643 2275 4677 ι
2301 4625 2392 4695 qui
2417 4624 2529 4679 sive
2554 4628 2822 4693 peccaret,
2851 4622 2966 4678 sive
2987 4637 3096 4676 non
3120 4629 3395 4690 peccaret,
3426 4618 3719 4675 moriturus

2124 4726 2286 4774 esset.
2313 4717 2467 4785 Quod
2496 4726 2770 4787 peccatum
2813 4716 2932 4785 ejus
2969 4715 3142 4785 ipsum
3184 4714 3360 4768 solum
3399 4713 3640 4779 laeserit,
3663 4727 3719 4768 et

2128 4826 2232 4864 non
2253 4824 2424 4880 genus
2449 4809 2760 4863 humanum.
2777 4806 2929 4874 Quod
2959 4806 3066 4862 Lex
3086 4806 3163 4860 sic
3186 4806 3360 4859 mittat
3379 4804 3445 4859 ad
3471 4820 3715 4876 regnum.

2126 4900 2580 4974 quemadmodum
2612 4908 2671 4955 et
2697 4898 3066 4969 Evangelium.
3107 4896 3260 4965 Quod
3295 4896 3523 4952 infantes
3547 4912 3723 4967 nuper

2129 4992 2237 5047 nati
2281 4992 2335 5047 in
2358 4992 2450 5046 illo
2478 4999 2620 5046 statu
2649 4989 2776 5051 sint,
2807 4989 2860 5043 in
2881 5003 2990 5059 quo
3017 4987 3189 5044 Adam
3215 4987 3312 5043 fuit
3338 4997 3463 5046 ante
3513 5004 3715 5060 pmo-

2128 5080 2631 5150 rieationem.Quod
2655 5095 2829 5151 neque
2848 5095 2944 5150 per
2957 5088 3181 5136 mortem
3213 5080 3294 5135 vel
3325 5082 3722 5149 praevaricatio-

2130 5192 2250 5230 nem
2283 5174 2411 5229 Αίιω
2436 5188 2596 5228 omne
2610 5187 2780 5242 genus
2805 5170 3078 5225 hominum
3119 5171 3397 5236 moriatur,
3427 5187 3599 5241 neque
3628 5187 3724 5242 per

2130 5268 2576 5324 resurrectionem
2590 5264 2788 5322 Christi
2801 5279 2962 5320 omne
2981 5278 3149 5336 genus
3163 5264 3435 5319 hcmiaum
3457 5273 3721 5333 resurgat.

2127 5360 2279 5429 Quod
2328 5358 2554 5414 infantes
2578 5400 2592 5422 ,
2622 5358 2724 5413 etsi
2753 5372 2860 5412 non
2897 5356 3253 5426 baptizcntur,
3287 5354 3518 5409 habeant
3559 5354 3721 5409 vitam

2128 5462 2403 5508 reternam.
2434 5449 2586 5518 Quod
2608 5449 2802 5505 divites
2826 5448 3107 5517 baptizati,
3160 5448 3259 5502 nisi
3289 5446 3537 5501 omnibus
3566 5445 3723 5499 abre-

2130 5545 2393 5608 nuntient,
2422 5543 2467 5597 si
2496 5541 2623 5612 quid
2650 5542 2773 5595 boni
2796 5540 2893 5595 visi
2924 5538 3119 5594 fuerint
3151 5538 3348 5599 facere,
3375 5551 3481 5589 non
3509 5533 3620 5590 illis
3643 5552 3725 5589 reo

2131 5644 2364 5707 putetur,
2398 5649 2569 5704 neque
2620 5648 2841 5704 regnum
2886 5631 2978 5687 Dei
3024 5629 3230 5701 possint
3279 5627 3494 5681 habere.
3543 5644 3561 5677 ι
3595 5626 3719 5681 "me

2206 5840 2222 5873 ³
2249 5839 2382 5897 tLiitt,
2406 5843 2525 5898 ejus.
2545 5835 2673 5885 f‘ulh.
2707 5842 2806 5895 \ts.,
2834 5833 2902 5884 ris
2932 5844 2948 5881 :
2974 5828 3196 5891 subaudi,
3222 5827 3379 5891 gestis.
