4170 6566
387 416 487 432 ουν

396 439 415 449 σς
460 434 487 449 Νι

388 416 489 471 535
1116 476 1125 481 _
1416 409 1500 464 DE
1541 406 1779 462 CESTIS
1819 404 2109 475 PELAGII,
2150 406 2209 462 S.
2252 402 2618 467 AUGUSTI.“
2656 459 2660 464 .

389 537 534 586 certe
570 531 760 584 omnia
808 527 1011 597 judicio
1059 522 1147 581 ilio
1200 523 1574 581 ecclesiastico
1619 520 1979 576 anathemati—

391 629 542 676 zante
559 619 796 691 Pelagio,
829 630 882 676 et
907 619 1173 690 episcopis
1228 613 1707 685 intcrloqucntibus
1728 653 1742 680 ,
1773 620 1982 667 constat

390 727 509 768 esse
536 711 807 767 damnata.

458 804 551 860 25.
586 803 678 858 llis
696 814 873 858 autem
902 799 1305 875 quaestionibus.
1334 806 1388 853 et
1425 798 1647 851 istarum
1684 792 1980 851 sententia-

393 913 509 953 rum
540 893 1038 953 contentiOsissimis
1080 889 1469 947 assertionibus
1517 887 1629 958 jam
1680 898 1982 955 usquequa-

390 1004 492 1059 que
510 988 865 1051 ferventibus,
892 985 1179 1039 multorum
1210 981 1437 1037 fratrum
1458 979 1865 1051 perturbabatur
1896 978 1980 1031 in-

394 1081 635 1136 tirmitas.
664 1078 815 1135 Unde
845 1078 1016 1131 coacti
1058 1092 1244 1130 sumus
1280 1073 1641 1129 sollicitudine
1664 1070 1938 1127 charitatis
1960 1110 1977 1135 ,

391 1189 548 1243 quam
575 1186 701 1244 erga
733 1171 1026 1227 Ecclesiam
1055 1167 1255 1225 Christi
1285 1183 1380 1238 per
1414 1167 1637 1239 gratiam
1660 1164 1858 1222 Christi
1884 1177 1982 1218 nos

394 1268 589 1322 habere
609 1263 878 1327 convenit,
912 1264 1073 1318 etiam
1095 1261 1159 1314 ad
1188 1260 1357 1315 beat-.e
1406 1258 1678 1314 memoria:
1721 1255 1982 1312 Marcelli-

399 1372 559 1424 num,
590 1357 679 1427 qui
730 1369 824 1410 eos
877 1352 1114 1423 quotidie
1159 1351 1521 1420 disputatores
1575 1344 1981 1403 molestissimos

397 1448 714 1515 patiebatur,
737 1456 901 1503 etme
930 1461 1023 1515 per
1048 1445 1249 1499 litteras
1284 1440 1616 1505 consulebat,
1657 1438 1725 1494 de
1764 1437 1983 1509 quibus-

390 1542 511 1594 dam
551 1540 773 1595 istarum
809 1535 1194 1607 quaestionibus
1240 1533 1511 1599 scribere,
1543 1539 1599 1588 et
1636 1527 1866 1585 maxime
1913 1528 1983 1583 de

394 1631 667 1700 Baptismo
690 1629 1067 1699 parvulorum:
1087 1626 1153 1681 de
1171 1640 1279 1696 quo
1300 1622 1460 1680 etiam
1490 1632 1698 1695 postea,
1717 1628 1771 1676 te
1792 1620 1983 1691 juben-

391 1738 462 1787 te,
494 1722 546 1776 in
578 1721 795 1776 basilica
814 1718 1073 1789 Majorum
1101 1718 1141 1785 ί,
1171 1724 1389 1785 gestans
1415 1729 1628 1785 quoque
1655 1712 1708 1767 in
1733 1711 1981 1767 manibus

389 1811 666 1883 epistolam
693 1808 1062 1882 gloriosissimi
1091 1806 1345 1878 martyris
1370 1802 1651 1877 Cypriani,
1698 1810 1753 1858 et
1782 1800 1852 1857 de
1880 1800 1983 1855 hac

392 1920 447 1957 re
467 1903 631 1959 verba
652 1903 767 1971 ejus
797 1902 1033 1957 recitans
1058 1908 1218 1968 atque
1240 1905 1595 1968 pertractans,
1625 1904 1685 1950 ut
1704 1908 1857 1950 error
1881 1893 1984 1948 iste

392 1992 623 2048 nefarius
650 1992 717 2047 de
736 1990 1091 2063 quorumdam
1120 1989 1374 2045 cordibus
1400 1988 1700 2043 auferretur
1722 2026 1738 2053 ,
1791 1986 1984 2055 quibus

394 2098 648 2153 persuasa
672 2082 879 2139 fuerant
913 2096 1033 2152 qua:
1064 2080 1118 2137 in
1147 2081 1231 2135 his
1259 2081 1424 2151 gestis
1445 2078 1691 2133 videmus
1708 2078 1980 2141 damnata,

389 2174 600 2246 adjutus
648 2174 982 2231 orationibus
1022 2173 1146 2235 tuis,
1195 2179 1452 2242 quantum
1508 2169 1687 2239 potui,
1724 2167 1980 2222 laboravi.

393 2265 515 2321 llarc
535 2274 680 2329 sunt,
711 2280 831 2335 quae
855 2263 1124 2319 no:-.nullis
1145 2262 1426 2329 fratribus,
1469 2259 1688 2332 quidam
1710 2257 1831 2313 talia
1857 2272 1985 2313 sen-

395 2360 607 2425 tientes,
639 2356 711 2412 ita
736 2356 1063 2427 persuadere
1089 2356 1439 2419 conabantur,
1501 2361 1557 2407 ut
1606 2351 1674 2408 de
1712 2350 1987 2407 orientali-

395 2452 492 2503 bus
518 2449 980 2503 eomminarentnr
1004 2446 1279 2510 Ecclesiis,
1298 2444 1439 2516 quod
1460 2444 1559 2498 nisi
1582 2444 1698 2499 haec
1723 2451 1984 2509 tenerent,

394 2553 579 2594 earum
599 2545 817 2607 possent
841 2536 1043 2607 judicio
1064 2533 1433 2590 condemnari.
1480 2534 1617 2588 Ecce
1664 2531 1990 2603 quatuorde-

394 2629 497 2682 cim
529 2626 796 2681 antistites
819 2624 1097 2681 orientalis
1124 2623 1383 2679 Ecclesia:
1410 2620 1486 2695 (α)
1506 2666 1521 2687 ,
1548 2622 1601 2677 in
1629 2637 1691 2678 ea
1719 2630 1860 2677 terra
1902 2621 1987 2677 cui

398 2719 654 2773 Dominus
673 2718 1011 2787 praesentiam
1039 2732 1153 2772 sua:
1177 2716 1354 2771 carnis
1375 2717 1397 2747 ¹
1424 2714 1686 2779 exhibuit,
1717 2714 1988 2786 Pelagium

402 2825 508 2865 non
534 2809 894 2875 absolverent,
920 2810 1020 2863 nisi
1047 2824 1109 2863 ea
1134 2819 1383 2879 tanquam
1435 2807 1554 2863 fidei
1579 2807 1857 2863 catholicae
1895 2805 1993 2862 ad-

398 2917 550 2958 versa
582 2900 879 2957 damnaret.
912 2898 1086 2963 Unde,
1115 2901 1159 2956 si
1191 2908 1471 2970 propterea
1502 2908 1587 2954 est
1624 2899 1726 2954 iste
1770 2898 1990 2953 absolu-

400 3003 506 3056 tus.
536 2992 677 3062 quod
700 2990 1232 3046 anathematizarerit
1257 2991 1412 3055 talia;
1464 2989 1650 3059 procul
1691 2988 1855 3044 dubio
1900 2988 1990 3043 illa

401 3083 652 3138 damnata
668 3081 989 3152 sunt:quod
1018 3080 1188 3135 multo
1234 3080 1558 3136 cumulatius
1586 3089 1745 3150 atque
1797 3078 1992 3135 clarius

403 3178 456 3232 in
484 3175 936 3246 consequentibus
964 3172 1263 3245 apparebit.

466 3267 559 3323 26.
581 3266 733 3323 Unde
763 3282 903 3321 nunc
927 3265 1034 3320 duo
1062 3266 1149 3320 illa
1178 3263 1453 3319 videamus
1471 3304 1485 3328 ,
1518 3278 1636 3334 qua:
1663 3262 1835 3319 noluit
1865 3279 1994 3319 ana-

399 3358 747 3413 thematizare
774 3357 1040 3427 Pelagius,
1065 3356 1155 3426 qui
1185 3355 1206 3387 ³
1231 3356 1392 3410 etiam
1416 3369 1512 3410 sua
1534 3369 1655 3410 esse
1700 3354 1988 3425 cognovit;

401 3449 495 3503 sed
522 3457 581 3503 ut
610 3447 759 3513 illud,
787 3446 929 3517 quod
960 3447 1012 3500 in
1059 3446 1139 3501 eis
1186 3443 1527 3510 offendebat,
1569 3446 1835 3511 auferret,
1862 3460 2000 3515 quo-

400 3538 559 3595 modo
582 3554 643 3594 ea
671 3539 895 3594 sentiret
916 3537 1183 3607 exposuit.
1222 3555 1242 3590 1
1279 3537 1442 3591 Posse
1466 3535 1703 3606 quidem,
1744 3554 1764 3589 ι
1799 3537 1989 3608 inquit,

406 3650 426 3682 ι
464 3630 734 3685 hominem
755 3629 875 3684 sine
906 3637 1131 3699 peccato
1153 3642 1295 3693 esse,
1322 3627 1526 3682 dictmn
1556 3638 1639 3681 est
1665 3628 1934 3698 superius.
1967 3647 1989 3680 ι

405 3725 612 3780 Dictum
636 3738 791 3783 sane,
837 3728 896 3776 et
945 3735 1044 3776 nos
1086 3721 1465 3775 meminimus:
1498 3719 1597 3775 sed
1622 3720 1745 3775 ideo
1785 3721 1995 3792 mitiga-

403 3824 538 3881 tum,
565 3824 620 3869 et
647 3829 676 3866 a
696 3813 965 3883 judicibus
995 3812 1375 3882 approbatum,
1417 3810 1557 3880 quod
1586 3810 1764 3865 addita
1789 3820 1874 3865 est
1903 3811 1997 3866 Dei

402 3908 595 3978 gratia,
620 3922 739 3976 quae
759 3905 812 3960 in
846 3904 954 3959 illis
969 3905 1216 3974 capitulis
1246 3904 1545 3958 taeebatur.
1577 3904 1657 3959 De
1686 3904 1790 3958 hoc
1816 3912 1993 3959 autem

404 4002 573 4057 altero
593 3997 1046 4070 quemadmodum
1076 3994 1434 4067 responderit,
1463 3994 1998 4066 diligentiusintuen-

401 4097 529 4152 dum
573 4104 679 4151 est.
713 4111 734 4146 ρ
767 4094 841 4148 De
889 4092 980 4147 illo
1009 4101 1226 4159 autem,
1263 4109 1286 4147 ι
1318 4091 1518 4162 inquit,
1556 4108 1576 4144 ι
1613 4089 1757 4162 quod
1804 4091 2000 4145 fuerint

404 4197 528 4246 ante
547 4188 835 4245 adventum
864 4186 1074 4241 Domini
1096 4185 1343 4241 homines
1358 4185 1475 4244 sine
1500 4194 1744 4257 peccato,
1769 4184 1998 4240 dicimus

406 4291 459 4336 et
483 4294 585 4335 nos
611 4278 863 4349 quoniam
900 4285 1024 4333 ante
1046 4276 1333 4332 adventum
1365 4277 1563 4333 Christi
1610 4277 1856 4332 vixerunt
1880 4275 2000 4348 qui.

405 4374 524 4426 dam
554 4380 741 4425 sancte
766 4379 819 4424 et
842 4369 1004 4439 juste,
1027 4368 1323 4425 secundum
1361 4377 1667 4424 sanctarum
1695 4367 2002 4438 Scriptura-

409 4480 525 4520 tum
556 4463 916 4519 traditionem.
954 4480 977 4514 ι
1003 4461 1116 4516 Non
1148 4470 1232 4517 est
1256 4476 1417 4515 ausus
1448 4461 1649 4523 dicere,
1675 4460 1914 4515 Dicimus
1944 4470 1999 4515 et

407 4572 505 4612 nos
524 4555 777 4627 quoniam
798 4561 923 4609 ante
944 4553 1239 4607 adventum
1254 4551 1454 4608 Christi
1498 4552 1710 4607 fuerunt
1752 4550 2000 4607 homines

406 4653 521 4705 sine
549 4656 797 4719 peccato;
826 4662 949 4701 cum
981 4646 1082 4701 hoc
1125 4646 1200 4700 illi
1230 4645 1300 4700 de
1320 4644 1560 4701 leestii
1599 4644 1758 4699 dictis
1810 4642 2001 4699 fuisset

404 4742 694 4812 objectum;
728 4740 896 4795 sensit
913 4737 1057 4792 enim
1078 4751 1237 4806 quam
1263 4745 1406 4791 esset
1431 4736 1786 4806 periculosum
1813 4744 1870 4790 et
1893 4750 2003 4789 mo-

409 4838 598 4888 lestum
626 4832 757 4888 :sed
784 4832 878 4897 ait,
917 4849 936 4882 ι
978 4831 1213 4886 Dicimus
1243 4836 1297 4883 et
1321 4843 1420 4883 nos
1440 4828 1691 4898 quoniam
1728 4837 1860 4882 ante
1900 4827 1998 4882 ad-

411 4935 625 4979 ventum
660 4923 857 4978 Christi
904 4921 1154 4977 vixerunt
1195 4919 1413 4989 quidam
1449 4927 1633 4973 sancte
1677 4928 1730 4971 et
1778 4917 1940 4985 jus‘te.
1973 4934 2003 4966 ι

410 5018 542 5083 Quis
557 5016 660 5069 hoc
686 5013 996 5083 negaverit?
1024 5012 1128 5066 Sed
1156 5010 1301 5065 aliud
1331 5022 1414 5065 est
1442 5009 1564 5077 hoc,
1595 5020 1650 5065 et
1667 5008 1808 5062 aliud
1838 5007 2002 5063 fuisse

413 5107 529 5161 sine
552 5113 777 5177 peccato
804 5117 821 5156 :
854 5104 975 5172 quia
1003 5113 1057 5157 et
1092 5103 1166 5156 illi
1217 5111 1400 5158 sancte
1424 5101 1671 5171 justeque
1704 5098 1951 5154 vivebant
1982 5140 1998 5163 ,

411 5199 496 5266 qui
526 5195 789 5250 veraciter
818 5202 992 5247 tamen
1019 5193 1288 5255 dicebant.
1312 5192 1374 5248 Si
1417 5193 1694 5248 dixerimus
1721 5192 1840 5261 quia
1886 5207 2002 5261 pec-

413 5303 578 5341 mmm
601 5304 699 5340 non
722 5286 980 5345 habemus,
1008 5286 1105 5354 ipsi
1128 5301 1221 5337 nos
1256 5285 1541 5340 seducimns
1565 5326 1581 5351 ,
1632 5295 1680 5339 ct
1723 5286 1907 5338 veritas
1949 5284 2002 5336 in

415 5384 554 5437 nobis
581 5397 682 5434 non
704 5387 776 5432 cst
806 5378 824 5450 (
848 5376 861 5430 l
888 5376 1042 5430 Joan.
1082 5393 1118 5438 t.
1152 5379 1228 5447 ὃ).
1262 5377 1324 5430 Et
1353 5377 1511 5432 hodie
1539 5376 1689 5430 multi
1714 5376 1860 5445 justo
1882 5390 2004 5429 san-

478 5495 490 5524 ι
530 5487 831 5541 Posteriores
855 5487 1110 5541 editiones,
1140 5483 1376 5545 .ttttiorini.
1421 5492 1475 5534 At
1513 5486 1661 5548 prima
1702 5484 1849 5533 editio
1874 5483 2000 5531 \‘els.

414 5564 463 5605 et
488 5563 621 5603 snar.
648 5565 757 5600 cum
778 5558 902 5610 uss,
932 5549 1185 5610 majorum.
1208 5550 1457 5597 (:ousentit
1480 5549 1725 5610 inscriptio
1750 5548 1877 5596 citati
1898 5560 2008 5595 ser-

414 5619 570 5666 monis
601 5615 709 5665 29$.
957 5670 986 5679 __
1074 5668 1087 5679 ,
1278 5669 1306 5679 ,.
1374 5669 1384 5679 .

481 5682 500 5711 ³
532 5686 637 5727 Mss.
663 5684 791 5725 nom.
822 5679 873 5723 et
894 5670 1045 5730 Colla,
1067 5670 1425 5720 atrurn-tionis.

483 5742 504 5771 ³
536 5740 679 5788 tidem
699 5737 799 5787 duo
827 5742 935 5783 Mss.
962 5742 1013 5783 et
1035 5742 1186 5789 suae,
1213 5732 1323 5794 quia
1343 5730 1501 5779 etiam.

481 5804 553 5857 {ni
586 5808 758 5848 lterum
786 5800 974 5847 nomina
1017 5790 1248 5844 recenset
1273 5794 1569 5856 Augustinus
1600 5794 1649 5842 in
1695 5790 1815 5842 libro
1838 5799 2007 5841 contra

418 5861 659 5913 Jubauttm
684 5862 854 5923 primo,
881 5874 930 5910 tt.
962 5858 1035 5909 i9.

2091 534 2283 593 cteque
2317 524 2518 591 vivunt,
2552 536 2651 576 nec
2696 532 2872 577 tamen
2930 522 2980 576 in
3026 521 3269 577 aratione
3317 512 3668 590 mentiuntur,

2089 629 2208 671 cum
2237 614 2443 678 dicunt,
2478 615 2685 669 Dimitte
2729 614 2869 669 nobis
2926 613 3090 669 debita
3119 623 3311 679 nostra,
3343 615 3472 669 sicut
3500 625 3547 669 et
3577 630 3669 669 nos

2089 709 2387 763 dimittimus
2412 706 2716 762 debitoribus
2736 707 2920 761 nostris
2942 705 2962 779 (
2982 705 3165 760 Matth.
3192 722 3267 772 vt,
3301 705 3416 778 1‘2).
3448 707 3561 762 lloc
3588 722 3674 762 er-

2086 815 2155 871 go
2171 800 2439 871 judicihus
2462 800 2673 870 placuit.
2704 798 3151 870 quemadmodum
3184 813 3241 855 se
3283 798 3467 855 dicere
3520 814 3673 853 asse-

2087 891 2290 947 veravit
2332 890 2605 961 Pelagius;
2663 906 2768 945 non
2820 889 3268 960 quemadmodum
3323 890 3677 960 objiciebatur

2086 983 2286 1039 dixisse
2312 983 2613 1039 Caelestius.
2648 983 2800 1040 Nunc
2846 999 2907 1039 ea
2951 999 3069 1054 quc
3119 993 3323 1039 restant
3378 993 3674 1055 pertracte-

2087 1090 2228 1141 mus,
2257 1083 2315 1128 ut
2346 1089 2648 1143 possumus.

2158 1164 2382 1223 CAPUT
2408 1166 2523 1223 ΧΠ.
2552 1198 2622 1207 -
2645 1166 2735 1221 27.
2766 1164 3045 1236 Objectum
3071 1178 3152 1223 est
3181 1167 3412 1239 Pelagio,
3439 1169 3577 1240 quod
3598 1168 3677 1224 di-

2085 1269 2253 1325 Ceret,
2287 1278 2306 1312 ι
2343 1259 2639 1315 Ecclesiam
2685 1261 2769 1315 hic
2807 1275 2927 1316 esse
2974 1260 3091 1316 sine
3138 1262 3344 1316 macula
3374 1271 3427 1316 et
3466 1277 3615 1333 ruga.
3652 1281 3673 1314 ι

2087 1350 2239 1407 Unde
2280 1352 2441 1407 etiam
2487 1351 2775 1406 Donatistae
2815 1351 3125 1407 diuturnum
3165 1352 3440 1407 nobiscum
3473 1352 3678 1408 habue-

2086 1453 2212 1499 runt
2238 1444 2292 1499 in
2313 1453 2490 1500 nostra
2507 1443 2801 1500 Collatione
2824 1445 3160 1510 conflictum;
3191 1444 3287 1499 sed
3311 1445 3431 1500 illos
3451 1444 3519 1499 de
3558 1460 3680 1516 per-

2087 1538 2343 1593 mixtione
2391 1535 2653 1601 malarum
2715 1536 2989 1592 hominum
3047 1544 3295 1607 tanquam
3344 1537 3512 1607 palea:
3554 1552 3684 1593 cum

2086 1628 2389 1696 frumentis,
2413 1638 2629 1699 propter
2656 1643 2793 1685 area:
2820 1628 3222 1683 similitudinem
3244 1628 3420 1700 potius
3449 1628 3677 1698 urgeba-

2087 1737 2370 1793 mus:qua
2396 1720 2741 1776 similitudine
2766 1721 2925 1777 etiam
2970 1719 3084 1775 istis
3127 1718 3455 1790 respondere
3491 1733 3679 1789 possu-

2087 1830 2227 1880 mus,
2269 1815 2367 1869 nisi
2409 1813 2705 1869 Ecclesiam
2755 1812 2807 1867 in
2852 1813 2981 1868 solis
3018 1813 3171 1868 bonis
3211 1813 3409 1868 vellent
3451 1810 3681 1867 fortasse

2087 1907 2330 1978 intelligi,
2356 1921 2489 1976 quos
2516 1906 2721 1961 nullum
2758 1906 2979 1961 omnino
3023 1913 3275 1961 asserunt
3318 1904 3516 1960 habere
3552 1920 3679 1975 pec-

2086 2011 2285 2068 catum,
2311 2009 2368 2056 ut
2395 2000 2564 2071 possit
2592 2000 2829 2056 Ecclesia
2857 1998 2945 2055 hic
2958 2015 3077 2054 esse
3097 1999 3213 2059 sine
3240 1999 3445 2054 macula
3461 2007 3514 2053 et
3527 2013 3678 2070 ruga.

2088 2094 2239 2162 Quod
2265 2094 2308 2147 si
2340 2093 2409 2148 ita
2438 2104 2540 2158 est,
2572 2092 2758 2147 eadem
2789 2101 2975 2161 repeto
2995 2107 3115 2163 qua:
3144 2089 3303 2162 paulo
3330 2099 3453 2147 ante
3477 2104 3680 2147 memo~

2091 2186 2240 2240 ravi:
2273 2183 2551 2250 Quomodo
2600 2191 2725 2238 sunt
2771 2182 3009 2237 membra
3047 2180 3325 2248 Ecclesia},
3374 2180 3442 2239 de
3488 2179 3689 2252 quibus

2089 2290 2249 2330 verax
2280 2275 2473 2331 clamat
2502 2273 2798 2341 humilitas,
2843 2272 2904 2331 Si
2948 2272 3225 2329 dixerimus
3267 2271 3386 2343 quia
3422 2279 3682 2343 peccatum

2091 2383 2191 2425 non
2216 2365 2471 2431 habemus,
2496 2366 2596 2437 ipsi
2622 2381 2713 2419 nos
2737 2362 3044 2430 seducimus,
3071 2373 3116 2418 et
3137 2363 3318 2418 veritas
3342 2364 3395 2417 iu
3420 2361 3562 2416 nobis
3582 2376 3686 2415 non

2090 2465 2197 2522 est;
2225 2455 2306 2510 vel
2333 2453 2600 2525 quomodo
2627 2453 2677 2508 id
2704 2451 2843 2524 quod
2867 2468 2983 2507 eam
3014 2451 3268 2507 Dominus
3285 2449 3485 2516 docuit,
3507 2451 3685 2505 orabit

2092 2546 2353 2614 Ecclesia,
2383 2545 2589 2600 Dimitte
2608 2545 2750 2601 nobis
2779 2545 2942 2599 debila
2965 2554 3138 2599 nostra
3165 2560 3185 2599 :
3210 2545 3253 2599 si
3286 2545 3337 2599 in
3367 2543 3471 2600 hoc
3487 2543 3687 2600 smcnio

2092 2648 2175 2694 est
2202 2639 2435 2694 Ecclesia
2466 2638 2581 2694 sine
2609 2637 2811 2693 macula
2834 2645 2888 2693 et
2912 2637 3073 2708 ruga?
3102 2637 3381 2692 Postremo
3406 2635 3504 2707 ipsi
3538 2634 3606 2692 de
3626 2652 3687 2691 se

2093 2730 2224 2800 ipsis
2247 2728 2606 2801 interrogandi
2647 2737 2787 2795 sunt,
2819 2738 2996 2784 utrum
3023 2743 3195 2783 necne
3221 2726 3486 2782 fateantur
3510 2727 3689 2798 aliqua

2094 2836 2154 2877 se
2180 2820 2376 2875 habere
2408 2829 2641 2889 peccata.
2680 2819 2833 2888 Quod
2875 2819 2922 2874 si
2959 2819 3244 2889 negabunt,
3278 2817 3562 2874 dicendum
3601 2825 3686 2872 est

2094 2914 2192 2978 eis,
2218 2912 2359 2984 quod
2384 2929 2442 2967 se
2468 2912 2611 2983 ipsos
2639 2911 2923 2982 decipiant,
2954 2919 3006 2968 et
3048 2907 3245 2967 veritas
3272 2910 3329 2965 in
3351 2910 3430 2967 eis
3459 2924 3566 2965 non
3593 2909 3685 2963 sit.

2094 3003 2156 3058 Si
2180 3012 2356 3058 autem
2388 3012 2663 3074 peccatum
2695 3019 2753 3058 se
2782 3000 2981 3057 habere
3024 3001 3348 3067 fatebuntur,
3378 2998 3505 3071 quid
3542 2998 3692 3054 aliud

2093 3109 2252 3163 quam
2281 3091 2348 3148 de
2373 3108 2504 3165 ruga
2539 3108 2634 3149 sua
2672 3091 2757 3149 vel
2787 3091 2991 3148 macula
3038 3089 3376 3147 fatebuntur?
3409 3089 3526 3145 Non
3562 3099 3693 3145 sunt

2095 3202 2223 3258 ergo
2245 3185 2330 3241 isti
2356 3184 2610 3240 Ecclesia:
2637 3183 2909 3252 membra;
2936 3183 3060 3255 quia
3099 3183 3188 3238 illa
3221 3192 3305 3239 est
3336 3181 3453 3238 sine
3478 3181 3694 3237 macula

2095 3287 2150 3333 et
2174 3293 2325 3348 ruga,
2352 3275 2408 3331 lii
2432 3286 2607 3332 autem
2634 3292 2753 3332 cum
2782 3275 2987 3331 macula
3009 3282 3065 3330 et
3090 3289 3240 3345 ruga.

2165 3369 2254 3424 28.
2286 3369 2391 3425 Sed
2415 3368 2482 3423 ad
2525 3368 2627 3424 hoc
2655 3367 2922 3439 objectum
2946 3365 3182 3436 vigilanti
3210 3364 3695 3437 circumspectione

2096 3460 2390 3532 respondit,
2421 3474 2579 3530 quam
2608 3459 2724 3514 sine
2749 3458 2913 3514 dubio
2938 3456 3180 3513 catholici
3202 3456 3410 3527 judices
3427 3455 3695 3527 approba-

2096 3562 2308 3609 verunt.
2344 3571 2367 3604 ε
2388 3552 2595 3607 Dictum
2617 3559 2717 3616 est,
2745 3569 2764 3603 ι
2796 3550 2984 3620 inquit,
3016 3567 3037 3601 ι
3065 3564 3093 3602 a
3124 3547 3298 3615 nobis,
3326 3547 3422 3604 sed
3444 3548 3534 3612 ita,
3555 3562 3691 3618 quo-

2098 3646 2239 3700 niam
2265 3645 2476 3700 lavacro
2496 3644 2563 3699 ab
2587 3645 2731 3699 omni
2758 3644 2965 3699 macula
2992 3652 3046 3698 et
3073 3658 3199 3714 ruga
3230 3648 3485 3713 purgatur
3505 3641 3691 3696 Eccleo

2098 3739 2197 3801 sia,
2234 3752 2392 3807 quam
2422 3736 2551 3791 velit
2583 3736 2655 3791 ita
2698 3735 2955 3790 Dominus
2994 3749 3327 3805 permanere.
3354 3751 3375 3785 ι
3421 3732 3503 3787 Ad
3545 3733 3693 3803 quod

2098 3828 2345 3899 Synodus
2364 3826 2533 3883 dixit:
2564 3847 2583 3881 ι
2615 3827 2726 3882 lloc
2750 3837 2802 3883 et
2834 3827 2987 3883 nobis
3011 3828 3201 3896 placet.
3235 3844 3252 3877 ι
3279 3825 3410 3895 Quis
3435 3826 3575 3882 enim
3595 3841 3695 3879 uno

2100 3931 2266 3975 strum
2300 3929 2475 3989 negat,
2507 3920 2743 3975 omnium
2771 3920 2821 3973 in
2854 3918 3123 3990 Baptismo
3149 3928 3362 3989 peccata
3395 3918 3606 3985 dimitti,
3637 3927 3693 3972 et

2100 4029 2287 4069 munes
2319 4014 2502 4068 fideles
2526 4012 2641 4067 sine
2662 4011 2867 4067 macuh
2895 4019 2948 4065 et
2975 4026 3101 4080 ruga
3130 4010 3197 4066 de
3226 4010 3435 4064 lavacro
3463 4025 3687 4080 regene-

2042 4144 2049 4153 .
2104 4106 2319 4159 rationis
2353 4102 2678 4159 ascendere?
2711 4103 2816 4157 Aut
2842 4102 2925 4157 eui
2951 4100 3244 4157 christiano
3288 4099 3550 4155 catholico
3585 4114 3699 4153 non

2102 4198 2293 4267 placet,
2321 4195 2460 4266 quod
2492 4204 2544 4250 et
2578 4194 2801 4249 Domino
2830 4193 3021 4264 placet,
3054 4191 3211 4263 idque
3245 4190 3475 4246 futurum
3502 4200 3602 4254 est,
3631 4200 3693 4243 ut

2103 4286 2340 4343 Ecclesia
2373 4293 2681 4356 permaneat
2704 4284 2820 4340 sine
2847 4284 3053 4338 macula
3079 4293 3133 4339 et
3152 4282 3317 4355 ruga?
3341 4281 3689 4350 QualidOtjlli‘

2103 4379 2223 4434 dem
2254 4378 2301 4432 id
2335 4394 2473 4432 nunc
2502 4378 2672 4449 agitur
2694 4377 2786 4432 Dei
2808 4375 3172 4432 misericordia
3201 4385 3255 4431 et
3280 4376 3522 4442 veritate,
3551 4384 3601 4429 ιιι
3624 4374 3697 4427 ad

2105 4471 2246 4525 illam
2278 4469 2677 4540 perfectionem,
2709 4468 2798 4523 ubi
2820 4469 2935 4524 sine
2959 4467 3164 4522 macula
3192 4477 3246 4522 et
3273 4483 3398 4538 ruga
3445 4467 3496 4521 in
3535 4478 3691 4519 mter-

2105 4579 2230 4617 num
2255 4577 2500 4615 mansura
2521 4570 2622 4622 est.
2646 4568 2827 4615 sancta
2853 4549 3090 4614 Ecclesia
3112 4557 3450 4628 perducatur.
3480 4556 3584 4612 Sed
3612 4557 3696 4609 in-

2107 4665 2186 4710 ter
2214 4656 2479 4709 lavacrum
2498 4696 2512 4713 .
2545 4652 2633 4708 ubi
2661 4667 2847 4707 omnes
2871 4652 3154 4724 prtelerita:
3181 4651 3400 4705 ntacnla-
3441 4665 3694 4721 rngarque

2108 4749 2382 4809 tolluntur,
2411 4756 2465 4801 et
2494 4760 2739 4817 regnum,
2771 4745 2857 4801 ubi
2889 4745 3003 4799 sine
3026 4744 3229 4799 macula
3268 4753 3321 4800 et
3347 4760 3473 4813 ruga
3502 4759 3693 4813 perpe-

2107 4850 2199 4895 tuo
2224 4840 2459 4895 manebit
2486 4839 2743 4904 Ecclesia,
2777 4846 2987 4907 tempus
3014 4838 3113 4893 hoc
3134 4836 3365 4891 medium
3388 4846 3469 4890 est
3497 4836 3694 4891 oratio-

2107 4932 2210 4998 nis,
2242 4930 2327 4985 Iibi
2356 4944 2575 4986 necossc
2606 4939 2685 4983 est
2711 4929 2874 4995 dicat,
2905 4926 3111 4984 Dimitte
3133 4926 3275 4981 nobis
3304 4928 3468 4980 debita
3497 4937 3690 4979 nostra.

2107 5023 2331 5092 Propter
2354 5019 2458 5075 hoc
2477 5020 2741 5089 objectum
2764 5028 2845 5073 est
2868 5033 2962 5073 eos
2981 5018 3181 5081 dicere,
3210 5036 3231 5069 ι
3260 5016 3344 5070 hic
3371 5031 3491 5072 esse
3519 5017 3695 5070 Eccle-

2108 5113 2240 5167 siam
2267 5113 2381 5166 sine
2401 5110 2604 5165 macula
2624 5118 2675 5164 et
2692 5124 2841 5179 ruga,
2868 5126 2891 5161 ι
2922 5118 3099 5162 utrum
3122 5105 3199 5181 (η)
3217 5122 3309 5177 per
3327 5107 3460 5161 hanc
3477 5115 3695 5161 Senten-

2110 5204 2234 5257 tiam
2277 5201 2536 5257 auderent
2565 5200 2847 5271 prohibere
2890 5199 3219 5264 orationem,
3276 5213 3379 5267 qua
3418 5198 3603 5252 diebus
3641 5208 3695 5250 et

2113 5293 2354 5348 noctibus
2382 5293 2586 5346 veniam
2620 5301 2956 5362 peccatorum
2973 5290 3084 5360 jam
3112 5290 3372 5359 baptizata
3400 5289 3496 5343 sibi
3524 5289 3695 5356 poscit

2114 5386 2368 5442 Ecclesia.
2406 5386 2482 5440 De
2517 5401 2621 5457 quo
2671 5384 2847 5439 medio
2880 5392 3123 5453 tempore
3159 5382 3296 5435 inter
3326 5380 3694 5435 remissionem

2113 5487 2446 5549 peccatortnn
2471 5494 2588 5546 qua:
2623 5478 2679 5530 fit
2708 5476 2759 5530 in
2788 5476 3019 5541 lavacro,
3049 5482 3104 5531 et
3127 5472 3548 5543 permansioncm
3581 5470 3699 5524 sine

2113 5571 2343 5642 peccatis
2366 5586 2483 5639 qua:
2522 5568 2692 5622 futura
2721 5575 2802 5622 est
2838 5570 2893 5620 in
2923 5581 3109 5635 regno,
3154 5579 3274 5617 cum
3314 5561 3525 5632 Pelagio
3567 5560 3698 5614 nihil

2112 5674 2194 5718 est
2218 5672 2415 5727 actum,
2448 5659 2575 5714 nihil
2602 5660 2668 5713 ab
2694 5658 2958 5728 episc0pis
2987 5655 3378 5726 pronuatiatum
3410 5672 3423 5708 :
3452 5651 3546 5708 sed
3578 5663 3695 5705 tan-

2115 5754 2350 5849 tum.ltoc
2368 5752 2507 5820 quod
2540 5752 2768 5805 breviter
2798 5748 3197 5819 signiﬁcandum
3241 5745 3472 5815 putavit,
3506 5758 3612 5797 non
3637 5760 3693 5796 se

2177 5859 2248 5907 ut:
2288 5855 2437 5893 Vorte.
2466 5849 2512 5891 rt
2536 5856 2645 5891 non.
