  <div class='ocr_page' id='page_1' title='image "/cluster/home/n/w/nwhite01/storage/ocr_20150623/44-45/uc1.31175026792435/176.png"; bbox 0 0 4170 6514; ppageno 0'>
   <div class='ocr_carea' id='block_1_1' title="bbox 347 381 2195 455">
    <p class='ocr_par' dir='ltr' id='par_1_1' title="bbox 347 381 2195 455">
     <span class='ocr_line' id='line_1_1' title="bbox 347 381 2195 455; baseline -0.008 -1"><span class='ocrx_word' id='word_1_1' title='bbox 347 400 437 455; x_wconf 70' lang='lat' dir='ltr'><strong>ss:</strong></span> <span class='ocrx_word' id='word_1_2' title='bbox 1752 382 1949 437; x_wconf 76' lang='lat' dir='ltr'><strong>thtElt</strong></span> <span class='ocrx_word' id='word_1_3' title='bbox 1996 381 2195 439; x_wconf 66' lang='lat' dir='ltr'><strong>unus.</strong></span> 
     </span>
    </p>
   </div>
   <div class='ocr_carea' id='block_1_2' title="bbox 346 497 1928 575">
    <p class='ocr_par' dir='ltr' id='par_1_2' title="bbox 346 497 1928 575">
     <span class='ocr_line' id='line_1_2' title="bbox 346 497 1928 575; baseline -0.012 -5"><span class='ocrx_word' id='word_1_4' title='bbox 346 520 409 572; x_wconf 77' lang='lat' dir='ltr'><strong>ita</strong></span> <span class='ocrx_word' id='word_1_5' title='bbox 431 515 656 575; x_wconf 74' lang='lat' dir='ltr'><strong>dixisse,</strong></span> <span class='ocrx_word' id='word_1_6' title='bbox 686 517 744 565; x_wconf 88' lang='lat' dir='ltr'><strong>ut</strong></span> <span class='ocrx_word' id='word_1_7' title='bbox 765 507 1037 562; x_wconf 76' lang='lat' dir='ltr'><strong>videbatur</strong></span> <span class='ocrx_word' id='word_1_8' title='bbox 1062 503 1350 574; x_wconf 69' lang='lat' dir='ltr'><strong>obiectum.</strong></span> <span class='ocrx_word' id='word_1_9' title='bbox 1379 501 1513 557; x_wconf 89' lang='lat' dir='ltr'><strong>Cum</strong></span> <span class='ocrx_word' id='word_1_10' title='bbox 1542 500 1683 556; x_wconf 88' lang='lat' dir='ltr'><strong>enim</strong></span> <span class='ocrx_word' id='word_1_11' title='bbox 1712 498 1811 555; x_wconf 88' lang='lat' dir='ltr'><strong>hoc</strong></span> <span class='ocrx_word' id='word_1_12' title='bbox 1830 497 1928 561; x_wconf 87' lang='lat' dir='ltr'><strong>ait,</strong></span> 
     </span>
    </p>
   </div>
   <div class='ocr_carea' id='block_1_3' title="bbox 349 591 1927 665">
    <p class='ocr_par' dir='ltr' id='par_1_3' title="bbox 349 591 1927 665">
     <span class='ocr_line' id='line_1_3' title="bbox 349 591 1927 665; baseline -0.009 -6"><span class='ocrx_word' id='word_1_13' title='bbox 349 626 367 658; x_wconf 74' lang='grc' dir='ltr'><strong><em>ι</em></strong></span> <span class='ocrx_word' id='word_1_14' title='bbox 397 605 601 659; x_wconf 77' lang='lat' dir='ltr'><strong>Dictum</strong></span> <span class='ocrx_word' id='word_1_15' title='bbox 623 610 706 657; x_wconf 85' lang='lat' dir='ltr'><strong>cst</strong></span> <span class='ocrx_word' id='word_1_16' title='bbox 725 615 754 654; x_wconf 89' lang='lat' dir='ltr'><strong>a</strong></span> <span class='ocrx_word' id='word_1_17' title='bbox 774 600 951 664; x_wconf 87' lang='lat' dir='ltr'><strong>nobis,</strong></span> <span class='ocrx_word' id='word_1_18' title='bbox 982 596 1075 653; x_wconf 84' lang='lat' dir='ltr'><strong>sed</strong></span> <span class='ocrx_word' id='word_1_19' title='bbox 1103 597 1206 659; x_wconf 87' lang='lat' dir='ltr'><strong>ita;</strong></span> <span class='ocrx_word' id='word_1_20' title='bbox 1234 614 1255 648; x_wconf 72' lang='grc' dir='ltr'><strong><em>ι</em></strong></span> <span class='ocrx_word' id='word_1_21' title='bbox 1281 594 1405 665; x_wconf 88' lang='lat' dir='ltr'><strong>quid</strong></span> <span class='ocrx_word' id='word_1_22' title='bbox 1430 593 1592 649; x_wconf 88' lang='lat' dir='ltr'><strong>voluit</strong></span> <span class='ocrx_word' id='word_1_23' title='bbox 1614 592 1803 655; x_wconf 87' lang='lat' dir='ltr'><strong>videri,</strong></span> <span class='ocrx_word' id='word_1_24' title='bbox 1828 591 1927 646; x_wconf 88' lang='lat' dir='ltr'><strong>nisi</strong></span> 
     </span>
    </p>
   </div>
   <div class='ocr_carea' id='block_1_4' title="bbox 344 685 1927 764">
    <p class='ocr_par' dir='ltr' id='par_1_4' title="bbox 344 685 1927 764">
     <span class='ocr_line' id='line_1_4' title="bbox 344 685 1927 764; baseline -0.009 -12"><span class='ocrx_word' id='word_1_25' title='bbox 344 712 445 754; x_wconf 79' lang='lat' dir='ltr'><strong>non</strong></span> <span class='ocrx_word' id='word_1_26' title='bbox 474 696 570 761; x_wconf 86' lang='lat' dir='ltr'><strong>ita,</strong></span> <span class='ocrx_word' id='word_1_27' title='bbox 593 690 1043 764; x_wconf 80' lang='lat' dir='ltr'><strong>quemadmodum</strong></span> <span class='ocrx_word' id='word_1_28' title='bbox 1064 689 1282 749; x_wconf 86' lang='lat' dir='ltr'><strong>dixisse,</strong></span> <span class='ocrx_word' id='word_1_29' title='bbox 1300 686 1472 742; x_wconf 84' lang='lat' dir='ltr'><strong>abhis</strong></span> <span class='ocrx_word' id='word_1_30' title='bbox 1491 687 1580 757; x_wconf 92' lang='lat' dir='ltr'><strong>qui</strong></span> <span class='ocrx_word' id='word_1_31' title='bbox 1597 685 1927 755; x_wconf 88' lang='lat' dir='ltr'><strong>objeceraut,</strong></span> 
     </span>
    </p>
   </div>
   <div class='ocr_carea' id='block_1_5' title="bbox 343 776 1931 854">
    <p class='ocr_par' dir='ltr' id='par_1_5' title="bbox 343 776 1931 854">
     <span class='ocr_line' id='line_1_5' title="bbox 343 776 1931 854; baseline -0.009 -10"><span class='ocrx_word' id='word_1_32' title='bbox 343 786 691 844; x_wconf 62' lang='lat' dir='ltr'><strong>cn‘debatur?</strong></span> <span class='ocrx_word' id='word_1_33' title='bbox 717 783 861 854; x_wconf 84' lang='lat' dir='ltr'><strong>Quid</strong></span> <span class='ocrx_word' id='word_1_34' title='bbox 888 793 1063 840; x_wconf 87' lang='lat' dir='ltr'><strong>tamen</strong></span> <span class='ocrx_word' id='word_1_35' title='bbox 1099 781 1269 836; x_wconf 81' lang='lat' dir='ltr'><strong>secuti</strong></span> <span class='ocrx_word' id='word_1_36' title='bbox 1298 780 1403 834; x_wconf 89' lang='lat' dir='ltr'><strong>sint</strong></span> <span class='ocrx_word' id='word_1_37' title='bbox 1425 779 1662 849; x_wconf 82' lang='lat' dir='ltr'><strong>jndices,</strong></span> <span class='ocrx_word' id='word_1_38' title='bbox 1702 786 1757 833; x_wconf 92' lang='lat' dir='ltr'><strong>ut</strong></span> <span class='ocrx_word' id='word_1_39' title='bbox 1780 776 1931 832; x_wconf 87' lang='lat' dir='ltr'><strong>dice-</strong></span> 
     </span>
    </p>
   </div>
   <div class='ocr_carea' id='block_1_6' title="bbox 342 870 1932 948">
    <p class='ocr_par' dir='ltr' id='par_1_6' title="bbox 342 870 1932 948">
     <span class='ocr_line' id='line_1_6' title="bbox 342 870 1932 948; baseline -0.008 -11"><span class='ocrx_word' id='word_1_40' title='bbox 342 889 456 938; x_wconf 88' lang='lat' dir='ltr'><strong>rent</strong></span> <span class='ocrx_word' id='word_1_41' title='bbox 490 879 590 934; x_wconf 90' lang='lat' dir='ltr'><strong>sibi</strong></span> <span class='ocrx_word' id='word_1_42' title='bbox 615 878 716 933; x_wconf 85' lang='lat' dir='ltr'><strong>hoc</strong></span> <span class='ocrx_word' id='word_1_43' title='bbox 733 878 963 948; x_wconf 77' lang='lat' dir='ltr'><strong>placere,</strong></span> <span class='ocrx_word' id='word_1_44' title='bbox 998 875 1049 930; x_wconf 92' lang='lat' dir='ltr'><strong>id</strong></span> <span class='ocrx_word' id='word_1_45' title='bbox 1074 885 1185 939; x_wconf 83' lang='lat' dir='ltr'><strong>est,</strong></span> <span class='ocrx_word' id='word_1_46' title='bbox 1214 873 1538 943; x_wconf 78' lang='lat' dir='ltr'><strong>Baptismunt</strong></span> <span class='ocrx_word' id='word_1_47' title='bbox 1564 886 1670 943; x_wconf 85' lang='lat' dir='ltr'><strong>quo</strong></span> <span class='ocrx_word' id='word_1_48' title='bbox 1697 870 1932 925; x_wconf 90' lang='lat' dir='ltr'><strong>abluitur</strong></span> 
     </span>
    </p>
   </div>
   <div class='ocr_carea' id='block_1_7' title="bbox 343 959 1931 1041">
    <p class='ocr_par' dir='ltr' id='par_1_7' title="bbox 343 959 1931 1041">
     <span class='ocr_line' id='line_1_7' title="bbox 343 959 1931 1041; baseline -0.008 -14"><span class='ocrx_word' id='word_1_49' title='bbox 343 988 370 1027; x_wconf 88' lang='lat' dir='ltr'><strong>a</strong></span> <span class='ocrx_word' id='word_1_50' title='bbox 409 970 661 1041; x_wconf 72' lang='lat' dir='ltr'><strong>peccatis,</strong></span> <span class='ocrx_word' id='word_1_51' title='bbox 704 977 761 1025; x_wconf 89' lang='lat' dir='ltr'><strong>et</strong></span> <span class='ocrx_word' id='word_1_52' title='bbox 800 981 1021 1037; x_wconf 80' lang='lat' dir='ltr'><strong>regnum</strong></span> <span class='ocrx_word' id='word_1_53' title='bbox 1063 966 1149 1018; x_wconf 82' lang='lat' dir='ltr'><strong>ubi</strong></span> <span class='ocrx_word' id='word_1_54' title='bbox 1196 962 1529 1033; x_wconf 74' lang='lat' dir='ltr'><strong>permanebit</strong></span> <span class='ocrx_word' id='word_1_55' title='bbox 1554 962 1669 1017; x_wconf 91' lang='lat' dir='ltr'><strong>sine</strong></span> <span class='ocrx_word' id='word_1_56' title='bbox 1697 959 1931 1030; x_wconf 82' lang='lat' dir='ltr'><strong>peccatis</strong></span> 
     </span>
    </p>
   </div>
   <div class='ocr_carea' id='block_1_8' title="bbox 343 1053 1929 1132">
    <p class='ocr_par' dir='ltr' id='par_1_8' title="bbox 343 1053 1929 1132">
     <span class='ocr_line' id='line_1_8' title="bbox 343 1053 1929 1132; baseline -0.008 -14"><span class='ocrx_word' id='word_1_57' title='bbox 343 1072 544 1129; x_wconf 87' lang='lat' dir='ltr'><strong>sancta,</strong></span> <span class='ocrx_word' id='word_1_58' title='bbox 572 1075 693 1132; x_wconf 67' lang='lat' dir='ltr'><strong>quae</strong></span> <span class='ocrx_word' id='word_1_59' title='bbox 709 1074 848 1115; x_wconf 85' lang='lat' dir='ltr'><strong>nunc</strong></span> <span class='ocrx_word' id='word_1_60' title='bbox 878 1056 1182 1122; x_wconf 75' lang='lat' dir='ltr'><strong>mandatur,</strong></span> <span class='ocrx_word' id='word_1_61' title='bbox 1206 1054 1466 1122; x_wconf 75' lang='lat' dir='ltr'><strong>Ecclesia,</strong></span> <span class='ocrx_word' id='word_1_62' title='bbox 1493 1053 1643 1120; x_wconf 87' lang='lat' dir='ltr'><strong>satis,</strong></span> <span class='ocrx_word' id='word_1_63' title='bbox 1670 1060 1929 1124; x_wconf 86' lang='lat' dir='ltr'><strong>quantum</strong></span> 
     </span>
    </p>
   </div>
   <div class='ocr_carea' id='block_1_9' title="bbox 342 1153 875 1219">
    <p class='ocr_par' dir='ltr' id='par_1_9' title="bbox 342 1153 875 1219">
     <span class='ocr_line' id='line_1_9' title="bbox 342 1153 875 1219; baseline -0.006 -12"><span class='ocrx_word' id='word_1_64' title='bbox 342 1153 606 1214; x_wconf 63' lang='lat' dir='ltr'><strong>existimo.</strong></span> <span class='ocrx_word' id='word_1_65' title='bbox 636 1158 875 1219; x_wconf 78' lang='lat' dir='ltr'><strong>apparet.</strong></span> 
     </span>
    </p>
   </div>
   <div class='ocr_carea' id='block_1_10' title="bbox 407 1231 1931 1305">
    <p class='ocr_par' dir='ltr' id='par_1_10' title="bbox 407 1231 1931 1305">
     <span class='ocr_line' id='line_1_10' title="bbox 407 1231 1931 1305; baseline -0.007 -7"><span class='ocrx_word' id='word_1_66' title='bbox 407 1241 638 1299; x_wconf 76' lang='lat' dir='ltr'><strong>CAPUT</strong></span> <span class='ocrx_word' id='word_1_67' title='bbox 676 1240 816 1296; x_wconf 79' lang='lat' dir='ltr'><strong>XIIl.</strong></span> <span class='ocrx_word' id='word_1_68' title='bbox 841 1268 916 1281; x_wconf 88' lang='lat'><strong>—</strong></span> <span class='ocrx_word' id='word_1_69' title='bbox 940 1237 1033 1293; x_wconf 74' lang='lat'><strong>29.</strong></span> <span class='ocrx_word' id='word_1_70' title='bbox 1077 1236 1279 1292; x_wconf 81' lang='lat' dir='ltr'><strong>Deinde</strong></span> <span class='ocrx_word' id='word_1_71' title='bbox 1308 1235 1514 1305; x_wconf 85' lang='lat' dir='ltr'><strong>objecta</strong></span> <span class='ocrx_word' id='word_1_72' title='bbox 1543 1243 1667 1289; x_wconf 91' lang='lat' dir='ltr'><strong>sunt</strong></span> <span class='ocrx_word' id='word_1_73' title='bbox 1694 1231 1764 1289; x_wconf 89' lang='lat' dir='ltr'><strong>de</strong></span> <span class='ocrx_word' id='word_1_74' title='bbox 1791 1231 1931 1287; x_wconf 87' lang='lat' dir='ltr'><strong>libro</strong></span> 
     </span>
    </p>
   </div>
   <div class='ocr_carea' id='block_1_11' title="bbox 342 1325 1931 1408">
    <p class='ocr_par' dir='ltr' id='par_1_11' title="bbox 342 1325 1931 1408">
     <span class='ocr_line' id='line_1_11' title="bbox 342 1325 1931 1408; baseline -0.009 -14"><span class='ocrx_word' id='word_1_75' title='bbox 342 1338 595 1403; x_wconf 65' lang='lat' dir='ltr'><strong>Calestii,</strong></span> <span class='ocrx_word' id='word_1_76' title='bbox 625 1335 752 1408; x_wconf 91' lang='lat' dir='ltr'><strong>quid</strong></span> <span class='ocrx_word' id='word_1_77' title='bbox 779 1335 835 1390; x_wconf 87' lang='lat' dir='ltr'><strong>in</strong></span> <span class='ocrx_word' id='word_1_78' title='bbox 858 1347 1177 1403; x_wconf 88' lang='lat' dir='ltr'><strong>unoquoque</strong></span> <span class='ocrx_word' id='word_1_79' title='bbox 1201 1330 1433 1401; x_wconf 87' lang='lat' dir='ltr'><strong>capitulo</strong></span> <span class='ocrx_word' id='word_1_80' title='bbox 1452 1328 1739 1394; x_wconf 88' lang='lat' dir='ltr'><strong>contineat,</strong></span> <span class='ocrx_word' id='word_1_81' title='bbox 1765 1325 1931 1397; x_wconf 76' lang='lat' dir='ltr'><strong>magis</strong></span> 
     </span>
    </p>
   </div>
   <div class='ocr_carea' id='block_1_12' title="bbox 341 1418 1932 1495">
    <p class='ocr_par' dir='ltr' id='par_1_12' title="bbox 341 1418 1932 1495">
     <span class='ocr_line' id='line_1_12' title="bbox 341 1418 1932 1495; baseline -0.009 -10"><span class='ocrx_word' id='word_1_82' title='bbox 341 1428 632 1486; x_wconf 71' lang='lat' dir='ltr'><strong>mundum</strong></span> <span class='ocrx_word' id='word_1_83' title='bbox 656 1441 898 1492; x_wconf 85' lang='lat' dir='ltr'><strong>sensum,</strong></span> <span class='ocrx_word' id='word_1_84' title='bbox 924 1439 1083 1495; x_wconf 75' lang='lat' dir='ltr'><strong>quiem</strong></span> <span class='ocrx_word' id='word_1_85' title='bbox 1105 1420 1399 1480; x_wconf 84' lang='lat' dir='ltr'><strong>secundum</strong></span> <span class='ocrx_word' id='word_1_86' title='bbox 1423 1422 1585 1476; x_wconf 83' lang='lat' dir='ltr'><strong>verba</strong></span> <span class='ocrx_word' id='word_1_87' title='bbox 1618 1438 1631 1474; x_wconf 89' lang='lat'><strong>:</strong></span> <span class='ocrx_word' id='word_1_88' title='bbox 1666 1434 1786 1490; x_wconf 71' lang='lat' dir='ltr'><strong>qna:</strong></span> <span class='ocrx_word' id='word_1_89' title='bbox 1815 1418 1932 1489; x_wconf 90' lang='lat' dir='ltr'><strong>qni-</strong></span> 
     </span>
    </p>
   </div>
   <div class='ocr_carea' id='block_1_13' title="bbox 340 1509 1928 1586">
    <p class='ocr_par' dir='ltr' id='par_1_13' title="bbox 340 1509 1928 1586">
     <span class='ocr_line' id='line_1_13' title="bbox 340 1509 1928 1586; baseline -0.006 -12"><span class='ocrx_word' id='word_1_90' title='bbox 340 1520 454 1574; x_wconf 88' lang='lat' dir='ltr'><strong>dem</strong></span> <span class='ocrx_word' id='word_1_91' title='bbox 488 1520 582 1574; x_wconf 88' lang='lat' dir='ltr'><strong>ille</strong></span> <span class='ocrx_word' id='word_1_92' title='bbox 610 1519 775 1574; x_wconf 79' lang='lat' dir='ltr'><strong>latins</strong></span> <span class='ocrx_word' id='word_1_93' title='bbox 790 1516 1134 1586; x_wconf 87' lang='lat' dir='ltr'><strong>exsequitur;</strong></span> <span class='ocrx_word' id='word_1_94' title='bbox 1162 1514 1259 1571; x_wconf 88' lang='lat' dir='ltr'><strong>sed</strong></span> <span class='ocrx_word' id='word_1_95' title='bbox 1281 1524 1409 1568; x_wconf 91' lang='lat' dir='ltr'><strong>tunc</strong></span> <span class='ocrx_word' id='word_1_96' title='bbox 1439 1512 1703 1581; x_wconf 79' lang='lat' dir='ltr'><strong>subjicere</strong></span> <span class='ocrx_word' id='word_1_97' title='bbox 1728 1509 1928 1576; x_wconf 86' lang='lat' dir='ltr'><strong>omnia,</strong></span> 
     </span>
    </p>
   </div>
   <div class='ocr_carea' id='block_1_14' title="bbox 337 1604 1930 1681">
    <p class='ocr_par' dir='ltr' id='par_1_14' title="bbox 337 1604 1930 1681">
     <span class='ocr_line' id='line_1_14' title="bbox 337 1604 1930 1681; baseline -0.004 -17"><span class='ocrx_word' id='word_1_98' title='bbox 337 1613 424 1681; x_wconf 82' lang='lat' dir='ltr'><strong>qni</strong></span> <span class='ocrx_word' id='word_1_99' title='bbox 470 1611 715 1666; x_wconf 83' lang='lat' dir='ltr'><strong>libellum</strong></span> <span class='ocrx_word' id='word_1_100' title='bbox 744 1608 1003 1663; x_wconf 84' lang='lat' dir='ltr'><strong>adversus</strong></span> <span class='ocrx_word' id='word_1_101' title='bbox 1049 1605 1320 1676; x_wconf 85' lang='lat' dir='ltr'><strong>Pelagium</strong></span> <span class='ocrx_word' id='word_1_102' title='bbox 1364 1604 1664 1667; x_wconf 83' lang='lat' dir='ltr'><strong>dederunt,</strong></span> <span class='ocrx_word' id='word_1_103' title='bbox 1717 1618 1778 1659; x_wconf 87' lang='lat' dir='ltr'><strong>se</strong></span> <span class='ocrx_word' id='word_1_104' title='bbox 1824 1618 1930 1657; x_wconf 76' lang='lat' dir='ltr'><strong>non</strong></span> 
     </span>
    </p>
   </div>
   <div class='ocr_carea' id='block_1_15' title="bbox 340 1693 1932 1769">
    <p class='ocr_par' dir='ltr' id='par_1_15' title="bbox 340 1693 1932 1769">
     <span class='ocr_line' id='line_1_15' title="bbox 340 1693 1932 1769; baseline -0.004 -15"><span class='ocrx_word' id='word_1_105' title='bbox 340 1700 576 1769; x_wconf 72' lang='lat' dir='ltr'><strong>potuisse</strong></span> <span class='ocrx_word' id='word_1_106' title='bbox 598 1700 870 1755; x_wconf 84' lang='lat' dir='ltr'><strong>dixerunt.</strong></span> <span class='ocrx_word' id='word_1_107' title='bbox 901 1697 1044 1768; x_wconf 81' lang='lat' dir='ltr'><strong>Ergo</strong></span> <span class='ocrx_word' id='word_1_108' title='bbox 1081 1696 1132 1751; x_wconf 92' lang='lat' dir='ltr'><strong>in</strong></span> <span class='ocrx_word' id='word_1_109' title='bbox 1179 1697 1350 1766; x_wconf 87' lang='lat' dir='ltr'><strong>primo</strong></span> <span class='ocrx_word' id='word_1_110' title='bbox 1387 1695 1619 1764; x_wconf 84' lang='lat' dir='ltr'><strong>capitulo</strong></span> <span class='ocrx_word' id='word_1_111' title='bbox 1656 1693 1775 1749; x_wconf 89' lang='lat' dir='ltr'><strong>libri</strong></span> <span class='ocrx_word' id='word_1_112' title='bbox 1812 1695 1932 1748; x_wconf 77' lang='lat' dir='ltr'><strong>Cte-</strong></span> 
     </span>
    </p>
   </div>
   <div class='ocr_carea' id='block_1_16' title="bbox 340 1785 1931 1859">
    <p class='ocr_par' dir='ltr' id='par_1_16' title="bbox 340 1785 1931 1859">
     <span class='ocr_line' id='line_1_16' title="bbox 340 1785 1931 1859; baseline -0.005 -12"><span class='ocrx_word' id='word_1_113' title='bbox 340 1792 476 1847; x_wconf 82' lang='lat' dir='ltr'><strong>Icstii</strong></span> <span class='ocrx_word' id='word_1_114' title='bbox 509 1791 610 1845; x_wconf 88' lang='lat' dir='ltr'><strong>hoc</strong></span> <span class='ocrx_word' id='word_1_115' title='bbox 638 1790 894 1859; x_wconf 89' lang='lat' dir='ltr'><strong>scriptum</strong></span> <span class='ocrx_word' id='word_1_116' title='bbox 936 1802 1056 1844; x_wconf 88' lang='lat' dir='ltr'><strong>esse</strong></span> <span class='ocrx_word' id='word_1_117' title='bbox 1094 1796 1424 1857; x_wconf 85' lang='lat' dir='ltr'><strong>posuerunt:</strong></span> <span class='ocrx_word' id='word_1_118' title='bbox 1460 1804 1480 1838; x_wconf 83' lang='lat' dir='ltr'><strong>s</strong></span> <span class='ocrx_word' id='word_1_119' title='bbox 1509 1785 1771 1851; x_wconf 82' lang='lat' dir='ltr'><strong>Quoniam</strong></span> <span class='ocrx_word' id='word_1_120' title='bbox 1812 1785 1931 1854; x_wconf 88' lang='lat' dir='ltr'><strong>plus</strong></span> 
     </span>
    </p>
   </div>
   <div class='ocr_carea' id='block_1_17' title="bbox 342 1875 1931 1951">
    <p class='ocr_par' dir='ltr' id='par_1_17' title="bbox 342 1875 1931 1951">
     <span class='ocr_line' id='line_1_17' title="bbox 342 1875 1931 1951; baseline -0.003 -16"><span class='ocrx_word' id='word_1_121' title='bbox 342 1882 581 1946; x_wconf 74' lang='lat' dir='ltr'><strong>iacimus,</strong></span> <span class='ocrx_word' id='word_1_122' title='bbox 603 1895 762 1951; x_wconf 90' lang='lat' dir='ltr'><strong>quam</strong></span> <span class='ocrx_word' id='word_1_123' title='bbox 790 1880 844 1935; x_wconf 88' lang='lat' dir='ltr'><strong>in</strong></span> <span class='ocrx_word' id='word_1_124' title='bbox 866 1879 1011 1949; x_wconf 76' lang='lat' dir='ltr'><strong>Lege</strong></span> <span class='ocrx_word' id='word_1_125' title='bbox 1034 1886 1090 1933; x_wconf 86' lang='lat' dir='ltr'><strong>et</strong></span> <span class='ocrx_word' id='word_1_126' title='bbox 1119 1877 1407 1948; x_wconf 81' lang='lat' dir='ltr'><strong>Evangelia</strong></span> <span class='ocrx_word' id='word_1_127' title='bbox 1431 1875 1639 1947; x_wconf 73' lang='lat' dir='ltr'><strong>iussum</strong></span> <span class='ocrx_word' id='word_1_128' title='bbox 1665 1885 1765 1930; x_wconf 86' lang='lat' dir='ltr'><strong>est.</strong></span> <span class='ocrx_word' id='word_1_129' title='bbox 1795 1895 1825 1928; x_wconf 68' lang='grc' dir='ltr'>ι</span> <span class='ocrx_word' id='word_1_130' title='bbox 1851 1876 1931 1930; x_wconf 84' lang='lat' dir='ltr'><strong>Ad</strong></span> 
     </span>
    </p>
   </div>
   <div class='ocr_carea' id='block_1_18' title="bbox 338 1968 1927 2043">
    <p class='ocr_par' dir='ltr' id='par_1_18' title="bbox 338 1968 1927 2043">
     <span class='ocr_line' id='line_1_18' title="bbox 338 1968 1927 2043; baseline -0.004 -17"><span class='ocrx_word' id='word_1_131' title='bbox 338 1972 473 2043; x_wconf 84' lang='lat' dir='ltr'><strong>quod</strong></span> <span class='ocrx_word' id='word_1_132' title='bbox 519 1971 766 2040; x_wconf 85' lang='lat' dir='ltr'><strong>Pelagius</strong></span> <span class='ocrx_word' id='word_1_133' title='bbox 797 1969 1120 2039; x_wconf 89' lang='lat' dir='ltr'><strong>respondit:</strong></span> <span class='ocrx_word' id='word_1_134' title='bbox 1157 1986 1176 2021; x_wconf 74' lang='grc' dir='ltr'>ι</span> <span class='ocrx_word' id='word_1_135' title='bbox 1207 1968 1318 2023; x_wconf 91' lang='lat' dir='ltr'><strong>lloc</strong></span> <span class='ocrx_word' id='word_1_136' title='bbox 1357 1968 1507 2038; x_wconf 85' lang='lat' dir='ltr'><strong>quasi</strong></span> <span class='ocrx_word' id='word_1_137' title='bbox 1554 1975 1792 2021; x_wconf 89' lang='lat' dir='ltr'><strong>nostrum</strong></span> <span class='ocrx_word' id='word_1_138' title='bbox 1833 1982 1927 2036; x_wconf 86' lang='lat' dir='ltr'><strong>po-</strong></span> 
     </span>
    </p>
   </div>
   <div class='ocr_carea' id='block_1_19' title="bbox 336 2060 1933 2130">
    <p class='ocr_par' dir='ltr' id='par_1_19' title="bbox 336 2060 1933 2130">
     <span class='ocr_line' id='line_1_19' title="bbox 336 2060 1933 2130; baseline -0.004 -10"><span class='ocrx_word' id='word_1_139' title='bbox 336 2073 561 2120; x_wconf 84' lang='lat' dir='ltr'><strong>suerunt</strong></span> <span class='ocrx_word' id='word_1_140' title='bbox 591 2083 608 2119; x_wconf 87' lang='lat'><strong>:</strong></span> <span class='ocrx_word' id='word_1_141' title='bbox 634 2063 835 2119; x_wconf 75' lang='lat' dir='ltr'><strong>dictum</strong></span> <span class='ocrx_word' id='word_1_142' title='bbox 854 2071 939 2119; x_wconf 86' lang='lat' dir='ltr'><strong>est</strong></span> <span class='ocrx_word' id='word_1_143' title='bbox 966 2076 1097 2117; x_wconf 83' lang='lat' dir='ltr'><strong>vero</strong></span> <span class='ocrx_word' id='word_1_144' title='bbox 1126 2074 1160 2116; x_wconf 86' lang='lat' dir='ltr'><strong>a</strong></span> <span class='ocrx_word' id='word_1_145' title='bbox 1199 2060 1355 2116; x_wconf 88' lang='lat' dir='ltr'><strong>nobis</strong></span> <span class='ocrx_word' id='word_1_146' title='bbox 1377 2060 1670 2115; x_wconf 84' lang='lat' dir='ltr'><strong>secundum</strong></span> <span class='ocrx_word' id='word_1_147' title='bbox 1705 2060 1933 2130; x_wconf 84' lang='lat' dir='ltr'><strong>Aposto-</strong></span> 
     </span>
    </p>
   </div>
   <div class='ocr_carea' id='block_1_20' title="bbox 336 2150 1932 2228">
    <p class='ocr_par' dir='ltr' id='par_1_20' title="bbox 336 2150 1932 2228">
     <span class='ocr_line' id='line_1_20' title="bbox 336 2150 1932 2228; baseline -0.008 -13"><span class='ocrx_word' id='word_1_148' title='bbox 336 2160 438 2215; x_wconf 88' lang='lat' dir='ltr'><strong>lum</strong></span> <span class='ocrx_word' id='word_1_149' title='bbox 477 2158 555 2213; x_wconf 84' lang='lat' dir='ltr'><strong>de</strong></span> <span class='ocrx_word' id='word_1_150' title='bbox 590 2157 907 2228; x_wconf 73' lang='lat' dir='ltr'><strong>virginitate,</strong></span> <span class='ocrx_word' id='word_1_151' title='bbox 938 2154 1008 2211; x_wconf 89' lang='lat' dir='ltr'><strong>de</strong></span> <span class='ocrx_word' id='word_1_152' title='bbox 1038 2163 1147 2225; x_wconf 83' lang='lat' dir='ltr'><strong>qua</strong></span> <span class='ocrx_word' id='word_1_153' title='bbox 1191 2152 1389 2208; x_wconf 85' lang='lat' dir='ltr'><strong>Paulus</strong></span> <span class='ocrx_word' id='word_1_154' title='bbox 1425 2151 1576 2219; x_wconf 85' lang='lat' dir='ltr'><strong>dicit,</strong></span> <span class='ocrx_word' id='word_1_155' title='bbox 1618 2150 1932 2222; x_wconf 65' lang='lat' dir='ltr'><strong>Praeceptum</strong></span> 
     </span>
    </p>
   </div>
   <div class='ocr_carea' id='block_1_21' title="bbox 338 2245 1928 2320">
    <p class='ocr_par' dir='ltr' id='par_1_21' title="bbox 338 2245 1928 2320">
     <span class='ocr_line' id='line_1_21' title="bbox 338 2245 1928 2320; baseline -0.007 -14"><span class='ocrx_word' id='word_1_156' title='bbox 338 2252 545 2306; x_wconf 82' lang='lat' dir='ltr'><strong>Demini</strong></span> <span class='ocrx_word' id='word_1_157' title='bbox 569 2267 673 2306; x_wconf 88' lang='lat' dir='ltr'><strong>non</strong></span> <span class='ocrx_word' id='word_1_158' title='bbox 694 2249 872 2306; x_wconf 81' lang='lat' dir='ltr'><strong>habeo.</strong></span> <span class='ocrx_word' id='word_1_159' title='bbox 904 2269 924 2303; x_wconf 76' lang='grc' dir='ltr'><strong><em>ι</em></strong></span> <span class='ocrx_word' id='word_1_160' title='bbox 957 2247 1206 2320; x_wconf 81' lang='lat' dir='ltr'><strong>Synodns</strong></span> <span class='ocrx_word' id='word_1_161' title='bbox 1226 2247 1360 2303; x_wconf 88' lang='lat' dir='ltr'><strong>dixit</strong></span> <span class='ocrx_word' id='word_1_162' title='bbox 1388 2265 1401 2300; x_wconf 89' lang='lat'><strong>:</strong></span> <span class='ocrx_word' id='word_1_163' title='bbox 1439 2265 1458 2299; x_wconf 75' lang='grc' dir='ltr'>ι</span> <span class='ocrx_word' id='word_1_164' title='bbox 1482 2246 1594 2301; x_wconf 85' lang='lat' dir='ltr'><strong>Hoc</strong></span> <span class='ocrx_word' id='word_1_165' title='bbox 1615 2256 1668 2301; x_wconf 88' lang='lat' dir='ltr'><strong>ct</strong></span> <span class='ocrx_word' id='word_1_166' title='bbox 1691 2245 1928 2300; x_wconf 66' lang='lat' dir='ltr'><strong>Ecclesia</strong></span> 
     </span>
    </p>
   </div>
   <div class='ocr_carea' id='block_1_22' title="bbox 341 2335 1931 2413">
    <p class='ocr_par' dir='ltr' id='par_1_22' title="bbox 341 2335 1931 2413">
     <span class='ocr_line' id='line_1_22' title="bbox 341 2335 1931 2413; baseline -0.007 -15"><span class='ocrx_word' id='word_1_167' title='bbox 341 2344 540 2413; x_wconf 85' lang='lat' dir='ltr'><strong>recipit.</strong></span> <span class='ocrx_word' id='word_1_168' title='bbox 583 2360 606 2395; x_wconf 74' lang='grc' dir='ltr'><strong>ι</strong></span> <span class='ocrx_word' id='word_1_169' title='bbox 652 2341 780 2412; x_wconf 86' lang='lat' dir='ltr'><strong>Legi</strong></span> <span class='ocrx_word' id='word_1_170' title='bbox 824 2355 944 2411; x_wconf 87' lang='lat' dir='ltr'><strong>ego,</strong></span> <span class='ocrx_word' id='word_1_171' title='bbox 987 2354 1092 2410; x_wconf 90' lang='lat' dir='ltr'><strong>quo</strong></span> <span class='ocrx_word' id='word_1_172' title='bbox 1118 2353 1281 2394; x_wconf 84' lang='lat' dir='ltr'><strong>sensu</strong></span> <span class='ocrx_word' id='word_1_173' title='bbox 1308 2338 1359 2393; x_wconf 90' lang='lat' dir='ltr'><strong>id</strong></span> <span class='ocrx_word' id='word_1_174' title='bbox 1389 2336 1671 2393; x_wconf 65' lang='lat' dir='ltr'><strong>Caelestius</strong></span> <span class='ocrx_word' id='word_1_175' title='bbox 1710 2336 1763 2389; x_wconf 91' lang='lat' dir='ltr'><strong>in</strong></span> <span class='ocrx_word' id='word_1_176' title='bbox 1795 2335 1931 2388; x_wconf 88' lang='lat' dir='ltr'><strong>libro</strong></span> 
     </span>
    </p>
   </div>
   <div class='ocr_carea' id='block_1_23' title="bbox 338 2430 1928 2504">
    <p class='ocr_par' dir='ltr' id='par_1_23' title="bbox 338 2430 1928 2504">
     <span class='ocr_line' id='line_1_23' title="bbox 338 2430 1928 2504; baseline -0.008 -13"><span class='ocrx_word' id='word_1_177' title='bbox 338 2450 430 2491; x_wconf 77' lang='lat' dir='ltr'><strong>suo</strong></span> <span class='ocrx_word' id='word_1_178' title='bbox 463 2433 747 2504; x_wconf 85' lang='lat' dir='ltr'><strong>posuerit:</strong></span> <span class='ocrx_word' id='word_1_179' title='bbox 775 2430 823 2487; x_wconf 90' lang='lat' dir='ltr'><strong>si</strong></span> <span class='ocrx_word' id='word_1_180' title='bbox 862 2442 1041 2486; x_wconf 89' lang='lat' dir='ltr'><strong>tamen</strong></span> <span class='ocrx_word' id='word_1_181' title='bbox 1084 2445 1208 2486; x_wconf 90' lang='lat' dir='ltr'><strong>eum</strong></span> <span class='ocrx_word' id='word_1_182' title='bbox 1249 2445 1406 2484; x_wconf 87' lang='lat' dir='ltr'><strong>suum</strong></span> <span class='ocrx_word' id='word_1_183' title='bbox 1450 2443 1571 2483; x_wconf 88' lang='lat' dir='ltr'><strong>esse</strong></span> <span class='ocrx_word' id='word_1_184' title='bbox 1604 2441 1710 2482; x_wconf 91' lang='lat' dir='ltr'><strong>non</strong></span> <span class='ocrx_word' id='word_1_185' title='bbox 1749 2435 1928 2495; x_wconf 87' lang='lat' dir='ltr'><strong>negat.</strong></span> 
     </span>
    </p>
   </div>
   <div class='ocr_carea' id='block_1_24' title="bbox 339 2518 1933 2593">
    <p class='ocr_par' dir='ltr' id='par_1_24' title="bbox 339 2518 1933 2593">
     <span class='ocr_line' id='line_1_24' title="bbox 339 2518 1933 2593; baseline -0.004 -15"><span class='ocrx_word' id='word_1_186' title='bbox 339 2523 473 2580; x_wconf 89' lang='lat' dir='ltr'><strong>Dixit</strong></span> <span class='ocrx_word' id='word_1_187' title='bbox 497 2523 648 2580; x_wconf 89' lang='lat' dir='ltr'><strong>enim</strong></span> <span class='ocrx_word' id='word_1_188' title='bbox 671 2522 793 2588; x_wconf 86' lang='lat' dir='ltr'><strong>hoc,</strong></span> <span class='ocrx_word' id='word_1_189' title='bbox 820 2537 928 2593; x_wconf 90' lang='lat' dir='ltr'><strong>quo</strong></span> <span class='ocrx_word' id='word_1_190' title='bbox 945 2520 1195 2577; x_wconf 76' lang='lat' dir='ltr'><strong>videlicet</strong></span> <span class='ocrx_word' id='word_1_191' title='bbox 1223 2518 1588 2589; x_wconf 78' lang='lat' dir='ltr'><strong>persuaderet,</strong></span> <span class='ocrx_word' id='word_1_192' title='bbox 1611 2526 1808 2572; x_wconf 79' lang='lat' dir='ltr'><strong>tantam</strong></span> <span class='ocrx_word' id='word_1_193' title='bbox 1834 2530 1933 2571; x_wconf 85' lang='lat' dir='ltr'><strong>nos</strong></span> 
     </span>
    </p>
   </div>
   <div class='ocr_carea' id='block_1_25' title="bbox 335 2608 1930 2684">
    <p class='ocr_par' dir='ltr' id='par_1_25' title="bbox 335 2608 1930 2684">
     <span class='ocr_line' id='line_1_25' title="bbox 335 2608 1930 2684; baseline -0.004 -15"><span class='ocrx_word' id='word_1_194' title='bbox 335 2616 532 2670; x_wconf 75' lang='lat' dir='ltr'><strong>habere</strong></span> <span class='ocrx_word' id='word_1_195' title='bbox 560 2629 660 2684; x_wconf 88' lang='lat' dir='ltr'><strong>per</strong></span> <span class='ocrx_word' id='word_1_196' title='bbox 687 2622 930 2668; x_wconf 87' lang='lat' dir='ltr'><strong>naturam</strong></span> <span class='ocrx_word' id='word_1_197' title='bbox 962 2611 1118 2668; x_wconf 89' lang='lat' dir='ltr'><strong>liberi</strong></span> <span class='ocrx_word' id='word_1_198' title='bbox 1145 2610 1355 2666; x_wconf 85' lang='lat' dir='ltr'><strong>arbitrii</strong></span> <span class='ocrx_word' id='word_1_199' title='bbox 1385 2624 1489 2666; x_wconf 87' lang='lat' dir='ltr'><strong>non</strong></span> <span class='ocrx_word' id='word_1_200' title='bbox 1515 2608 1770 2681; x_wconf 79' lang='lat' dir='ltr'><strong>peccandi</strong></span> <span class='ocrx_word' id='word_1_201' title='bbox 1802 2621 1930 2677; x_wconf 84' lang='lat' dir='ltr'><strong>pns-</strong></span> 
     </span>
    </p>
   </div>
   <div class='ocr_carea' id='block_1_26' title="bbox 335 2699 1930 2776">
    <p class='ocr_par' dir='ltr' id='par_1_26' title="bbox 335 2699 1930 2776">
     <span class='ocr_line' id='line_1_26' title="bbox 335 2699 1930 2776; baseline -0.005 -15"><span class='ocrx_word' id='word_1_202' title='bbox 335 2706 663 2771; x_wconf 76' lang='lat' dir='ltr'><strong>sibilitntein,</strong></span> <span class='ocrx_word' id='word_1_203' title='bbox 699 2713 758 2761; x_wconf 91' lang='lat' dir='ltr'><strong>ut</strong></span> <span class='ocrx_word' id='word_1_204' title='bbox 788 2704 907 2776; x_wconf 89' lang='lat' dir='ltr'><strong>plus</strong></span> <span class='ocrx_word' id='word_1_205' title='bbox 932 2705 1094 2759; x_wconf 90' lang='lat' dir='ltr'><strong>etiam</strong></span> <span class='ocrx_word' id='word_1_206' title='bbox 1122 2717 1279 2774; x_wconf 89' lang='lat' dir='ltr'><strong>quam</strong></span> <span class='ocrx_word' id='word_1_207' title='bbox 1307 2713 1634 2773; x_wconf 69' lang='lat' dir='ltr'><strong>praeceptum</strong></span> <span class='ocrx_word' id='word_1_208' title='bbox 1658 2708 1743 2757; x_wconf 87' lang='lat' dir='ltr'><strong>est</strong></span> <span class='ocrx_word' id='word_1_209' title='bbox 1767 2699 1930 2754; x_wconf 77' lang='lat' dir='ltr'><strong>facin-</strong></span> 
     </span>
    </p>
   </div>
   <div class='ocr_carea' id='block_1_27' title="bbox 335 2791 1935 2867">
    <p class='ocr_par' dir='ltr' id='par_1_27' title="bbox 335 2791 1935 2867">
     <span class='ocr_line' id='line_1_27' title="bbox 335 2791 1935 2867; baseline -0.004 -15"><span class='ocrx_word' id='word_1_210' title='bbox 335 2813 483 2863; x_wconf 87' lang='lat' dir='ltr'><strong>mus;</strong></span> <span class='ocrx_word' id='word_1_211' title='bbox 516 2796 774 2867; x_wconf 86' lang='lat' dir='ltr'><strong>quoniam</strong></span> <span class='ocrx_word' id='word_1_212' title='bbox 804 2804 1059 2867; x_wconf 90' lang='lat' dir='ltr'><strong>perpetua</strong></span> <span class='ocrx_word' id='word_1_213' title='bbox 1090 2804 1338 2850; x_wconf 77' lang='lat' dir='ltr'><strong>servatur</strong></span> <span class='ocrx_word' id='word_1_214' title='bbox 1363 2809 1395 2848; x_wconf 90' lang='lat' dir='ltr'><strong>a</strong></span> <span class='ocrx_word' id='word_1_215' title='bbox 1424 2793 1692 2864; x_wconf 84' lang='lat' dir='ltr'><strong>plerisque</strong></span> <span class='ocrx_word' id='word_1_216' title='bbox 1715 2791 1935 2862; x_wconf 79' lang='lat' dir='ltr'><strong>virgini-</strong></span> 
     </span>
    </p>
   </div>
   <div class='ocr_carea' id='block_1_28' title="bbox 333 2883 1931 2959">
    <p class='ocr_par' dir='ltr' id='par_1_28' title="bbox 333 2883 1931 2959">
     <span class='ocr_line' id='line_1_28' title="bbox 333 2883 1931 2959; baseline -0.004 -15"><span class='ocrx_word' id='word_1_217' title='bbox 333 2901 583 2959; x_wconf 74' lang='lat' dir='ltr'><strong>tas,qu:n</strong></span> <span class='ocrx_word' id='word_1_218' title='bbox 611 2897 877 2959; x_wconf 66' lang='lat' dir='ltr'><strong>prmeepta</strong></span> <span class='ocrx_word' id='word_1_219' title='bbox 915 2903 1024 2943; x_wconf 76' lang='lat' dir='ltr'><strong>non</strong></span> <span class='ocrx_word' id='word_1_220' title='bbox 1061 2895 1163 2952; x_wconf 88' lang='lat' dir='ltr'><strong>est,</strong></span> <span class='ocrx_word' id='word_1_221' title='bbox 1201 2901 1326 2941; x_wconf 87' lang='lat' dir='ltr'><strong>cum</strong></span> <span class='ocrx_word' id='word_1_222' title='bbox 1356 2885 1422 2940; x_wconf 89' lang='lat' dir='ltr'><strong>ad</strong></span> <span class='ocrx_word' id='word_1_223' title='bbox 1461 2901 1567 2941; x_wconf 94' lang='lat' dir='ltr'><strong>non</strong></span> <span class='ocrx_word' id='word_1_224' title='bbox 1604 2883 1931 2955; x_wconf 85' lang='lat' dir='ltr'><strong>peccandum</strong></span> 
     </span>
    </p>
   </div>
   <div class='ocr_carea' id='block_1_29' title="bbox 335 2975 1935 3052">
    <p class='ocr_par' dir='ltr' id='par_1_29' title="bbox 335 2975 1935 3052">
     <span class='ocr_line' id='line_1_29' title="bbox 335 2975 1935 3052; baseline -0.004 -15"><span class='ocrx_word' id='word_1_225' title='bbox 335 2989 607 3052; x_wconf 76' lang='lat' dir='ltr'><strong>praecepta</strong></span> <span class='ocrx_word' id='word_1_226' title='bbox 638 2980 863 3050; x_wconf 76' lang='lat' dir='ltr'><strong>implere</strong></span> <span class='ocrx_word' id='word_1_227' title='bbox 888 2979 1132 3034; x_wconf 78' lang='lat' dir='ltr'><strong>sufﬁciat.</strong></span> <span class='ocrx_word' id='word_1_228' title='bbox 1154 2977 1307 3044; x_wconf 84' lang='lat' dir='ltr'><strong>Quod</strong></span> <span class='ocrx_word' id='word_1_229' title='bbox 1334 2986 1511 3032; x_wconf 86' lang='lat' dir='ltr'><strong>autem</strong></span> <span class='ocrx_word' id='word_1_230' title='bbox 1544 2991 1575 3030; x_wconf 89' lang='lat' dir='ltr'><strong>a</strong></span> <span class='ocrx_word' id='word_1_231' title='bbox 1614 2975 1824 3045; x_wconf 84' lang='lat' dir='ltr'><strong>Pelagio</strong></span> <span class='ocrx_word' id='word_1_232' title='bbox 1847 2989 1935 3030; x_wconf 75' lang='lat' dir='ltr'><strong>re~</strong></span> 
     </span>
    </p>
   </div>
   <div class='ocr_carea' id='block_1_30' title="bbox 333 3066 1935 3141">
    <p class='ocr_par' dir='ltr' id='par_1_30' title="bbox 333 3066 1935 3141">
     <span class='ocr_line' id='line_1_30' title="bbox 333 3066 1935 3141; baseline -0.004 -15"><span class='ocrx_word' id='word_1_233' title='bbox 333 3088 595 3141; x_wconf 88' lang='lat' dir='ltr'><strong>sponsum</strong></span> <span class='ocrx_word' id='word_1_234' title='bbox 615 3080 718 3138; x_wconf 90' lang='lat' dir='ltr'><strong>est,</strong></span> <span class='ocrx_word' id='word_1_235' title='bbox 750 3079 809 3125; x_wconf 90' lang='lat' dir='ltr'><strong>ut</strong></span> <span class='ocrx_word' id='word_1_236' title='bbox 830 3069 1188 3141; x_wconf 83' lang='lat' dir='ltr'><strong>approbarent</strong></span> <span class='ocrx_word' id='word_1_237' title='bbox 1218 3067 1447 3139; x_wconf 70' lang='lat' dir='ltr'><strong>indices,</strong></span> <span class='ocrx_word' id='word_1_238' title='bbox 1474 3082 1580 3122; x_wconf 93' lang='lat' dir='ltr'><strong>non</strong></span> <span class='ocrx_word' id='word_1_239' title='bbox 1609 3066 1688 3122; x_wconf 89' lang='lat' dir='ltr'><strong>sic</strong></span> <span class='ocrx_word' id='word_1_240' title='bbox 1711 3081 1935 3136; x_wconf 86' lang='lat' dir='ltr'><strong>accepe-</strong></span> 
     </span>
    </p>
   </div>
   <div class='ocr_carea' id='block_1_31' title="bbox 334 3156 1932 3233">
    <p class='ocr_par' dir='ltr' id='par_1_31' title="bbox 334 3156 1932 3233">
     <span class='ocr_line' id='line_1_31' title="bbox 334 3156 1932 3233; baseline -0.003 -17"><span class='ocrx_word' id='word_1_241' title='bbox 334 3174 488 3227; x_wconf 90' lang='lat' dir='ltr'><strong>runt,</strong></span> <span class='ocrx_word' id='word_1_242' title='bbox 541 3170 797 3233; x_wconf 87' lang='lat' dir='ltr'><strong>tanquam</strong></span> <span class='ocrx_word' id='word_1_243' title='bbox 842 3159 1021 3216; x_wconf 84' lang='lat' dir='ltr'><strong>omnia</strong></span> <span class='ocrx_word' id='word_1_244' title='bbox 1056 3158 1213 3230; x_wconf 84' lang='lat' dir='ltr'><strong>chis</strong></span> <span class='ocrx_word' id='word_1_245' title='bbox 1257 3165 1311 3215; x_wconf 82' lang='lat' dir='ltr'><strong>et</strong></span> <span class='ocrx_word' id='word_1_246' title='bbox 1352 3156 1628 3228; x_wconf 75' lang='lat' dir='ltr'><strong>Evangelii</strong></span> <span class='ocrx_word' id='word_1_247' title='bbox 1669 3165 1932 3226; x_wconf 61' lang='lat' dir='ltr'><strong>praecepta</strong></span> 
     </span>
    </p>
   </div>
   <div class='ocr_carea' id='block_1_32' title="bbox 331 3251 1930 3324">
    <p class='ocr_par' dir='ltr' id='par_1_32' title="bbox 331 3251 1930 3324">
     <span class='ocr_line' id='line_1_32' title="bbox 331 3251 1930 3324; baseline -0.006 -13"><span class='ocrx_word' id='word_1_248' title='bbox 331 3255 662 3322; x_wconf 80' lang='lat' dir='ltr'><strong>custodiant,</strong></span> <span class='ocrx_word' id='word_1_249' title='bbox 693 3253 783 3324; x_wconf 82' lang='lat' dir='ltr'><strong>qui</strong></span> <span class='ocrx_word' id='word_1_250' title='bbox 815 3251 1206 3324; x_wconf 70' lang='lat' dir='ltr'><strong>virginitatem,</strong></span> <span class='ocrx_word' id='word_1_251' title='bbox 1251 3264 1372 3321; x_wconf 67' lang='lat' dir='ltr'><strong>qum</strong></span> <span class='ocrx_word' id='word_1_252' title='bbox 1401 3258 1664 3320; x_wconf 73' lang='lat' dir='ltr'><strong>pnccepta</strong></span> <span class='ocrx_word' id='word_1_253' title='bbox 1695 3263 1803 3303; x_wconf 76' lang='lat' dir='ltr'><strong>non</strong></span> <span class='ocrx_word' id='word_1_254' title='bbox 1825 3255 1930 3314; x_wconf 77' lang='lat' dir='ltr'><strong>est,</strong></span> 
     </span>
    </p>
   </div>
   <div class='ocr_carea' id='block_1_33' title="bbox 333 3338 1936 3417">
    <p class='ocr_par' dir='ltr' id='par_1_33' title="bbox 333 3338 1936 3417">
     <span class='ocr_line' id='line_1_33' title="bbox 333 3338 1936 3417; baseline -0.006 -14"><span class='ocrx_word' id='word_1_255' title='bbox 333 3349 555 3417; x_wconf 86' lang='lat' dir='ltr'><strong>insuper</strong></span> <span class='ocrx_word' id='word_1_256' title='bbox 596 3352 843 3404; x_wconf 82' lang='lat' dir='ltr'><strong>servant;</strong></span> <span class='ocrx_word' id='word_1_257' title='bbox 888 3342 983 3400; x_wconf 83' lang='lat' dir='ltr'><strong>sed</strong></span> <span class='ocrx_word' id='word_1_258' title='bbox 1018 3342 1085 3398; x_wconf 88' lang='lat' dir='ltr'><strong>ad</strong></span> <span class='ocrx_word' id='word_1_259' title='bbox 1124 3341 1229 3397; x_wconf 80' lang='lat' dir='ltr'><strong>hoc</strong></span> <span class='ocrx_word' id='word_1_260' title='bbox 1271 3348 1496 3406; x_wconf 86' lang='lat' dir='ltr'><strong>tantum,</strong></span> <span class='ocrx_word' id='word_1_261' title='bbox 1522 3338 1664 3410; x_wconf 90' lang='lat' dir='ltr'><strong>quod</strong></span> <span class='ocrx_word' id='word_1_262' title='bbox 1694 3338 1814 3409; x_wconf 82' lang='lat' dir='ltr'><strong>plus</strong></span> <span class='ocrx_word' id='word_1_263' title='bbox 1849 3348 1936 3395; x_wconf 89' lang='lat' dir='ltr'><strong>est</strong></span> 
     </span>
    </p>
   </div>
   <div class='ocr_carea' id='block_1_34' title="bbox 337 3428 1938 3509">
    <p class='ocr_par' dir='ltr' id='par_1_34' title="bbox 337 3428 1938 3509">
     <span class='ocr_line' id='line_1_34' title="bbox 337 3428 1938 3509; baseline -0.006 -19"><span class='ocrx_word' id='word_1_264' title='bbox 337 3438 622 3509; x_wconf 74' lang='lat' dir='ltr'><strong>virginitas</strong></span> <span class='ocrx_word' id='word_1_265' title='bbox 638 3451 758 3505; x_wconf 73' lang='lat' dir='ltr'><strong>qua:</strong></span> <span class='ocrx_word' id='word_1_266' title='bbox 788 3449 893 3490; x_wconf 92' lang='lat' dir='ltr'><strong>non</strong></span> <span class='ocrx_word' id='word_1_267' title='bbox 920 3446 1004 3489; x_wconf 76' lang='lat' dir='ltr'><strong>eet</strong></span> <span class='ocrx_word' id='word_1_268' title='bbox 1025 3442 1317 3503; x_wconf 57' lang='lat' dir='ltr'><strong>praecepta,</strong></span> <span class='ocrx_word' id='word_1_269' title='bbox 1336 3446 1493 3502; x_wconf 87' lang='lat' dir='ltr'><strong>quam</strong></span> <span class='ocrx_word' id='word_1_270' title='bbox 1522 3428 1818 3499; x_wconf 87' lang='lat' dir='ltr'><strong>conjugalis</strong></span> <span class='ocrx_word' id='word_1_271' title='bbox 1839 3444 1938 3499; x_wconf 86' lang='lat' dir='ltr'><strong>pu-</strong></span> 
     </span>
    </p>
   </div>
   <div class='ocr_carea' id='block_1_35' title="bbox 331 3520 1934 3599">
    <p class='ocr_par' dir='ltr' id='par_1_35' title="bbox 331 3520 1934 3599">
     <span class='ocr_line' id='line_1_35' title="bbox 331 3520 1934 3599; baseline -0.007 -14"><span class='ocrx_word' id='word_1_272' title='bbox 331 3529 510 3587; x_wconf 86' lang='lat' dir='ltr'><strong>dicitia</strong></span> <span class='ocrx_word' id='word_1_273' title='bbox 541 3542 670 3599; x_wconf 69' lang='lat' dir='ltr'><strong>quae</strong></span> <span class='ocrx_word' id='word_1_274' title='bbox 700 3534 963 3597; x_wconf 63' lang='lat' dir='ltr'><strong>praecepta</strong></span> <span class='ocrx_word' id='word_1_275' title='bbox 992 3535 1107 3590; x_wconf 88' lang='lat' dir='ltr'><strong>est,</strong></span> <span class='ocrx_word' id='word_1_276' title='bbox 1152 3533 1205 3579; x_wconf 90' lang='lat' dir='ltr'><strong>et</strong></span> <span class='ocrx_word' id='word_1_277' title='bbox 1243 3520 1513 3579; x_wconf 87' lang='lat' dir='ltr'><strong>custodire</strong></span> <span class='ocrx_word' id='word_1_278' title='bbox 1543 3521 1697 3576; x_wconf 90' lang='lat' dir='ltr'><strong>istam</strong></span> <span class='ocrx_word' id='word_1_279' title='bbox 1718 3560 1733 3584; x_wconf 89' lang='lat'><strong>,</strong></span> <span class='ocrx_word' id='word_1_280' title='bbox 1776 3535 1934 3589; x_wconf 85' lang='lat' dir='ltr'><strong>quam</strong></span> 
     </span>
    </p>
   </div>
   <div class='ocr_carea' id='block_1_36' title="bbox 335 3617 1935 3688">
    <p class='ocr_par' dir='ltr' id='par_1_36' title="bbox 335 3617 1935 3688">
     <span class='ocr_line' id='line_1_36' title="bbox 335 3617 1935 3688; baseline -0.006 -14"><span class='ocrx_word' id='word_1_281' title='bbox 335 3620 516 3687; x_wconf 87' lang='lat' dir='ltr'><strong>illam,</strong></span> <span class='ocrx_word' id='word_1_282' title='bbox 568 3620 754 3688; x_wconf 81' lang='lat' dir='ltr'><strong>utique</strong></span> <span class='ocrx_word' id='word_1_283' title='bbox 789 3617 907 3687; x_wconf 87' lang='lat' dir='ltr'><strong>plus</strong></span> <span class='ocrx_word' id='word_1_284' title='bbox 934 3625 1016 3671; x_wconf 88' lang='lat' dir='ltr'><strong>est</strong></span> <span class='ocrx_word' id='word_1_285' title='bbox 1043 3632 1059 3672; x_wconf 87' lang='lat'><strong>:</strong></span> <span class='ocrx_word' id='word_1_286' title='bbox 1087 3628 1209 3673; x_wconf 85' lang='lat' dir='ltr'><strong>cum</strong></span> <span class='ocrx_word' id='word_1_287' title='bbox 1241 3622 1419 3668; x_wconf 87' lang='lat' dir='ltr'><strong>tamen</strong></span> <span class='ocrx_word' id='word_1_288' title='bbox 1466 3619 1714 3667; x_wconf 83' lang='lat' dir='ltr'><strong>neutrum</strong></span> <span class='ocrx_word' id='word_1_289' title='bbox 1748 3626 1935 3666; x_wconf 89' lang='lat' dir='ltr'><strong>eorum</strong></span> 
     </span>
    </p>
   </div>
   <div class='ocr_carea' id='block_1_37' title="bbox 335 3701 1937 3778">
    <p class='ocr_par' dir='ltr' id='par_1_37' title="bbox 335 3701 1937 3778">
     <span class='ocr_line' id='line_1_37' title="bbox 335 3701 1937 3778; baseline -0.005 -13"><span class='ocrx_word' id='word_1_290' title='bbox 335 3709 599 3765; x_wconf 80' lang='lat' dir='ltr'><strong>habeatur</strong></span> <span class='ocrx_word' id='word_1_291' title='bbox 623 3708 741 3764; x_wconf 87' lang='lat' dir='ltr'><strong>sine</strong></span> <span class='ocrx_word' id='word_1_292' title='bbox 767 3708 939 3778; x_wconf 83' lang='lat' dir='ltr'><strong>gratia</strong></span> <span class='ocrx_word' id='word_1_293' title='bbox 963 3706 1091 3769; x_wconf 87' lang='lat' dir='ltr'><strong>Dei;</strong></span> <span class='ocrx_word' id='word_1_294' title='bbox 1112 3703 1541 3775; x_wconf 86' lang='lat' dir='ltr'><strong>quandoquidem</strong></span> <span class='ocrx_word' id='word_1_295' title='bbox 1565 3702 1848 3772; x_wconf 86' lang='lat' dir='ltr'><strong>Apostolus</strong></span> <span class='ocrx_word' id='word_1_296' title='bbox 1867 3701 1937 3757; x_wconf 84' lang='lat' dir='ltr'><strong>de</strong></span> 
     </span>
    </p>
   </div>
   <div class='ocr_carea' id='block_1_38' title="bbox 335 3792 1938 3870">
    <p class='ocr_par' dir='ltr' id='par_1_38' title="bbox 335 3792 1938 3870">
     <span class='ocr_line' id='line_1_38' title="bbox 335 3792 1938 3870; baseline -0.008 -13"><span class='ocrx_word' id='word_1_297' title='bbox 335 3798 433 3858; x_wconf 59' lang='lat' dir='ltr'><strong>Istc</strong></span> <span class='ocrx_word' id='word_1_298' title='bbox 458 3817 518 3855; x_wconf 89' lang='lat' dir='ltr'><strong>re</strong></span> <span class='ocrx_word' id='word_1_299' title='bbox 541 3800 772 3870; x_wconf 88' lang='lat' dir='ltr'><strong>loquens</strong></span> <span class='ocrx_word' id='word_1_300' title='bbox 791 3799 884 3864; x_wconf 86' lang='lat' dir='ltr'><strong>ait,</strong></span> <span class='ocrx_word' id='word_1_301' title='bbox 918 3795 1042 3852; x_wconf 82' lang='lat' dir='ltr'><strong>Volo</strong></span> <span class='ocrx_word' id='word_1_302' title='bbox 1063 3805 1229 3851; x_wconf 72' lang='lat' dir='ltr'><strong>autem</strong></span> <span class='ocrx_word' id='word_1_303' title='bbox 1247 3810 1420 3851; x_wconf 79' lang='lat' dir='ltr'><strong>omnes</strong></span> <span class='ocrx_word' id='word_1_304' title='bbox 1442 3794 1670 3849; x_wconf 89' lang='lat' dir='ltr'><strong>homines</strong></span> <span class='ocrx_word' id='word_1_305' title='bbox 1690 3808 1794 3848; x_wconf 86' lang='lat' dir='ltr'><strong>esse</strong></span> <span class='ocrx_word' id='word_1_306' title='bbox 1808 3792 1938 3847; x_wconf 85' lang='lat' dir='ltr'><strong>sicut</strong></span> 
     </span>
    </p>
   </div>
   <div class='ocr_carea' id='block_1_39' title="bbox 333 3883 1937 3962">
    <p class='ocr_par' dir='ltr' id='par_1_39' title="bbox 333 3883 1937 3962">
     <span class='ocr_line' id='line_1_39' title="bbox 333 3883 1937 3962; baseline -0.004 -18"><span class='ocrx_word' id='word_1_307' title='bbox 333 3909 412 3947; x_wconf 83' lang='lat' dir='ltr'><strong>me</strong></span> <span class='ocrx_word' id='word_1_308' title='bbox 444 3893 620 3962; x_wconf 79' lang='lat' dir='ltr'><strong>ipsum</strong></span> <span class='ocrx_word' id='word_1_309' title='bbox 649 3906 670 3944; x_wconf 91' lang='lat'><strong><em>:</em></strong></span> <span class='ocrx_word' id='word_1_310' title='bbox 693 3889 783 3944; x_wconf 85' lang='lat' dir='ltr'><strong>sed</strong></span> <span class='ocrx_word' id='word_1_311' title='bbox 817 3888 1159 3959; x_wconf 81' lang='lat' dir='ltr'><strong>unusquisque</strong></span> <span class='ocrx_word' id='word_1_312' title='bbox 1194 3886 1459 3957; x_wconf 85' lang='lat' dir='ltr'><strong>proprium</strong></span> <span class='ocrx_word' id='word_1_313' title='bbox 1499 3885 1692 3939; x_wconf 82' lang='lat' dir='ltr'><strong>donum</strong></span> <span class='ocrx_word' id='word_1_314' title='bbox 1720 3883 1867 3939; x_wconf 83' lang='lat' dir='ltr'><strong>habet</strong></span> <span class='ocrx_word' id='word_1_315' title='bbox 1902 3898 1937 3937; x_wconf 90' lang='lat' dir='ltr'><strong>a</strong></span> 
     </span>
    </p>
   </div>
   <div class='ocr_carea' id='block_1_40' title="bbox 338 3974 1938 4052">
    <p class='ocr_par' dir='ltr' id='par_1_40' title="bbox 338 3974 1938 4052">
     <span class='ocr_line' id='line_1_40' title="bbox 338 3974 1938 4052; baseline -0.005 -13"><span class='ocrx_word' id='word_1_316' title='bbox 338 3983 442 4039; x_wconf 85' lang='lat' dir='ltr'><strong>Deo</strong></span> <span class='ocrx_word' id='word_1_317' title='bbox 464 4000 486 4039; x_wconf 90' lang='lat'><strong><em>:</em></strong></span> <span class='ocrx_word' id='word_1_318' title='bbox 514 3983 655 4039; x_wconf 85' lang='lat' dir='ltr'><strong>alius</strong></span> <span class='ocrx_word' id='word_1_319' title='bbox 677 3982 772 4047; x_wconf 82' lang='lat' dir='ltr'><strong>sic,</strong></span> <span class='ocrx_word' id='word_1_320' title='bbox 808 3980 943 4035; x_wconf 82' lang='lat' dir='ltr'><strong>alius</strong></span> <span class='ocrx_word' id='word_1_321' title='bbox 964 3988 1133 4033; x_wconf 88' lang='lat' dir='ltr'><strong>autem</strong></span> <span class='ocrx_word' id='word_1_322' title='bbox 1159 3978 1231 4034; x_wconf 85' lang='lat' dir='ltr'><strong>sic</strong></span> <span class='ocrx_word' id='word_1_323' title='bbox 1259 3976 1316 4052; x_wconf 88' lang='lat' dir='ltr'><strong>(l</strong></span> <span class='ocrx_word' id='word_1_324' title='bbox 1343 3974 1463 4034; x_wconf 85' lang='lat' dir='ltr'><strong>Cor.</strong></span> <span class='ocrx_word' id='word_1_325' title='bbox 1494 3992 1590 4043; x_wconf 76' lang='lat' dir='ltr'><strong>vn,</strong></span> <span class='ocrx_word' id='word_1_326' title='bbox 1619 3975 1710 4043; x_wconf 74' lang='lat'><strong>9.5,</strong></span> <span class='ocrx_word' id='word_1_327' title='bbox 1742 3974 1836 4047; x_wconf 91' lang='lat'><strong>7).</strong></span> <span class='ocrx_word' id='word_1_328' title='bbox 1869 3976 1938 4031; x_wconf 86' lang='lat' dir='ltr'><strong>Et</strong></span> 
     </span>
    </p>
   </div>
   <div class='ocr_carea' id='block_1_41' title="bbox 334 4066 1935 4145">
    <p class='ocr_par' dir='ltr' id='par_1_41' title="bbox 334 4066 1935 4145">
     <span class='ocr_line' id='line_1_41' title="bbox 334 4066 1935 4145; baseline -0.004 -16"><span class='ocrx_word' id='word_1_329' title='bbox 334 4075 431 4145; x_wconf 83' lang='lat' dir='ltr'><strong>ipsi</strong></span> <span class='ocrx_word' id='word_1_330' title='bbox 478 4073 714 4131; x_wconf 83' lang='lat' dir='ltr'><strong>Domino</strong></span> <span class='ocrx_word' id='word_1_331' title='bbox 744 4086 867 4128; x_wconf 85' lang='lat' dir='ltr'><strong>cum</strong></span> <span class='ocrx_word' id='word_1_332' title='bbox 897 4070 1159 4126; x_wconf 83' lang='lat' dir='ltr'><strong>dixissent</strong></span> <span class='ocrx_word' id='word_1_333' title='bbox 1196 4068 1463 4137; x_wconf 84' lang='lat' dir='ltr'><strong>discipuli,</strong></span> <span class='ocrx_word' id='word_1_334' title='bbox 1489 4067 1549 4123; x_wconf 87' lang='lat' dir='ltr'><strong>Si</strong></span> <span class='ocrx_word' id='word_1_335' title='bbox 1579 4068 1687 4123; x_wconf 73' lang='lat' dir='ltr'><strong>Iure</strong></span> <span class='ocrx_word' id='word_1_336' title='bbox 1712 4066 1935 4123; x_wconf 80' lang='lat' dir='ltr'><strong>hominis</strong></span> 
     </span>
    </p>
   </div>
   <div class='ocr_carea' id='block_1_42' title="bbox 335 4158 1934 4231">
    <p class='ocr_par' dir='ltr' id='par_1_42' title="bbox 335 4158 1934 4231">
     <span class='ocr_line' id='line_1_42' title="bbox 335 4158 1934 4231; baseline -0.004 -12"><span class='ocrx_word' id='word_1_337' title='bbox 335 4176 407 4219; x_wconf 86' lang='lat' dir='ltr'><strong>est</strong></span> <span class='ocrx_word' id='word_1_338' title='bbox 434 4180 597 4220; x_wconf 84' lang='lat' dir='ltr'><strong>causa</strong></span> <span class='ocrx_word' id='word_1_339' title='bbox 618 4179 734 4217; x_wconf 82' lang='lat' dir='ltr'><strong>cum</strong></span> <span class='ocrx_word' id='word_1_340' title='bbox 761 4177 939 4226; x_wconf 70' lang='lat' dir='ltr'><strong>uxore,</strong></span> <span class='ocrx_word' id='word_1_341' title='bbox 971 4178 1074 4216; x_wconf 83' lang='lat' dir='ltr'><strong>non</strong></span> <span class='ocrx_word' id='word_1_342' title='bbox 1091 4160 1292 4231; x_wconf 75' lang='lat' dir='ltr'><strong>expedit</strong></span> <span class='ocrx_word' id='word_1_343' title='bbox 1322 4163 1535 4226; x_wconf 87' lang='lat' dir='ltr'><strong>nubere,</strong></span> <span class='ocrx_word' id='word_1_344' title='bbox 1557 4158 1661 4225; x_wconf 88' lang='lat' dir='ltr'><strong>vel,</strong></span> <span class='ocrx_word' id='word_1_345' title='bbox 1684 4158 1826 4230; x_wconf 84' lang='lat' dir='ltr'><strong>quod</strong></span> <span class='ocrx_word' id='word_1_346' title='bbox 1858 4159 1934 4213; x_wconf 85' lang='lat' dir='ltr'><strong>la-</strong></span> 
     </span>
    </p>
   </div>
   <div class='ocr_carea' id='block_1_43' title="bbox 334 4249 1930 4322">
    <p class='ocr_par' dir='ltr' id='par_1_43' title="bbox 334 4249 1930 4322">
     <span class='ocr_line' id='line_1_43' title="bbox 334 4249 1930 4322; baseline -0.004 -12"><span class='ocrx_word' id='word_1_347' title='bbox 334 4257 444 4312; x_wconf 91' lang='lat' dir='ltr'><strong>tine</strong></span> <span class='ocrx_word' id='word_1_348' title='bbox 466 4255 667 4316; x_wconf 81' lang='lat' dir='ltr'><strong>melius</strong></span> <span class='ocrx_word' id='word_1_349' title='bbox 690 4252 906 4318; x_wconf 87' lang='lat' dir='ltr'><strong>dicitur,</strong></span> <span class='ocrx_word' id='word_1_350' title='bbox 939 4268 1041 4306; x_wconf 89' lang='lat' dir='ltr'><strong>non</strong></span> <span class='ocrx_word' id='word_1_351' title='bbox 1072 4251 1274 4322; x_wconf 69' lang='lat' dir='ltr'><strong>expedit</strong></span> <span class='ocrx_word' id='word_1_352' title='bbox 1298 4250 1479 4305; x_wconf 77' lang='lat' dir='ltr'><strong>ducere</strong></span> <span class='ocrx_word' id='word_1_353' title='bbox 1506 4266 1524 4305; x_wconf 91' lang='lat'><strong><em>:</em></strong></span> <span class='ocrx_word' id='word_1_354' title='bbox 1555 4249 1676 4305; x_wconf 80' lang='lat' dir='ltr'><strong>Non</strong></span> <span class='ocrx_word' id='word_1_355' title='bbox 1696 4292 1710 4314; x_wconf 88' lang='lat'><strong>,</strong></span> <span class='ocrx_word' id='word_1_356' title='bbox 1742 4250 1930 4321; x_wconf 88' lang='lat' dir='ltr'><strong>inquit,</strong></span> 
     </span>
    </p>
   </div>
   <div class='ocr_carea' id='block_1_44' title="bbox 335 4341 1930 4418">
    <p class='ocr_par' dir='ltr' id='par_1_44' title="bbox 335 4341 1930 4418">
     <span class='ocr_line' id='line_1_44' title="bbox 335 4341 1930 4418; baseline -0.005 -15"><span class='ocrx_word' id='word_1_357' title='bbox 335 4366 510 4403; x_wconf 75' lang='lat' dir='ltr'><strong>onlnes</strong></span> <span class='ocrx_word' id='word_1_358' title='bbox 528 4347 743 4418; x_wconf 86' lang='lat' dir='ltr'><strong>capiunt</strong></span> <span class='ocrx_word' id='word_1_359' title='bbox 764 4344 963 4403; x_wconf 87' lang='lat' dir='ltr'><strong>verbum</strong></span> <span class='ocrx_word' id='word_1_360' title='bbox 979 4344 1094 4408; x_wconf 83' lang='lat' dir='ltr'><strong>hoc,</strong></span> <span class='ocrx_word' id='word_1_361' title='bbox 1117 4343 1205 4398; x_wconf 86' lang='lat' dir='ltr'><strong>sed</strong></span> <span class='ocrx_word' id='word_1_362' title='bbox 1223 4342 1406 4415; x_wconf 78' lang='lat' dir='ltr'><strong>quibus</strong></span> <span class='ocrx_word' id='word_1_363' title='bbox 1425 4342 1603 4397; x_wconf 82' lang='lat' dir='ltr'><strong>datum</strong></span> <span class='ocrx_word' id='word_1_364' title='bbox 1622 4351 1693 4397; x_wconf 84' lang='lat' dir='ltr'><strong>est</strong></span> <span class='ocrx_word' id='word_1_365' title='bbox 1717 4341 1930 4412; x_wconf 71' lang='lat' dir='ltr'><strong>(Matth.</strong></span> 
     </span>
    </p>
   </div>
   <div class='ocr_carea' id='block_1_45' title="bbox 338 4433 1934 4508">
    <p class='ocr_par' dir='ltr' id='par_1_45' title="bbox 338 4433 1934 4508">
     <span class='ocr_line' id='line_1_45' title="bbox 338 4433 1934 4508; baseline -0.004 -13"><span class='ocrx_word' id='word_1_366' title='bbox 338 4455 450 4502; x_wconf 74' lang='lat' dir='ltr'><strong>xix,</strong></span> <span class='ocrx_word' id='word_1_367' title='bbox 491 4438 579 4503; x_wconf 83' lang='grc' dir='ltr'><strong>ιο.</strong></span> <span class='ocrx_word' id='word_1_368' title='bbox 616 4435 728 4508; x_wconf 79' lang='grc' dir='ltr'><strong>Η).</strong></span> <span class='ocrx_word' id='word_1_369' title='bbox 758 4437 870 4491; x_wconf 87' lang='lat' dir='ltr'><strong>Iloc</strong></span> <span class='ocrx_word' id='word_1_370' title='bbox 900 4450 1033 4507; x_wconf 85' lang='lat' dir='ltr'><strong>ergo</strong></span> <span class='ocrx_word' id='word_1_371' title='bbox 1070 4435 1307 4505; x_wconf 79' lang='lat' dir='ltr'><strong>episcopi</strong></span> <span class='ocrx_word' id='word_1_372' title='bbox 1354 4433 1650 4493; x_wconf 81' lang='lat' dir='ltr'><strong>Ecclesiam</strong></span> <span class='ocrx_word' id='word_1_373' title='bbox 1694 4433 1934 4502; x_wconf 86' lang='lat' dir='ltr'><strong>recipere</strong></span> 
     </span>
    </p>
   </div>
   <div class='ocr_carea' id='block_1_46' title="bbox 334 4526 1930 4601">
    <p class='ocr_par' dir='ltr' id='par_1_46' title="bbox 334 4526 1930 4601">
     <span class='ocr_line' id='line_1_46' title="bbox 334 4526 1930 4601; baseline -0.003 -16"><span class='ocrx_word' id='word_1_374' title='bbox 334 4532 776 4599; x_wconf 78' lang='lat' dir='ltr'><strong>pronuntiarunt,</strong></span> <span class='ocrx_word' id='word_1_375' title='bbox 805 4528 947 4601; x_wconf 84' lang='lat' dir='ltr'><strong>quod</strong></span> <span class='ocrx_word' id='word_1_376' title='bbox 995 4527 1112 4597; x_wconf 86' lang='lat' dir='ltr'><strong>plus</strong></span> <span class='ocrx_word' id='word_1_377' title='bbox 1141 4528 1214 4584; x_wconf 87' lang='lat' dir='ltr'><strong>sit</strong></span> <span class='ocrx_word' id='word_1_378' title='bbox 1248 4526 1521 4596; x_wconf 75' lang='lat' dir='ltr'><strong>virginitas</strong></span> <span class='ocrx_word' id='word_1_379' title='bbox 1547 4540 1930 4595; x_wconf 71' lang='lat' dir='ltr'><strong>perseverans,</strong></span> 
     </span>
    </p>
   </div>
   <div class='ocr_carea' id='block_1_47' title="bbox 334 4616 1935 4692">
    <p class='ocr_par' dir='ltr' id='par_1_47' title="bbox 334 4616 1935 4692">
     <span class='ocr_line' id='line_1_47' title="bbox 334 4616 1935 4692; baseline -0.002 -18"><span class='ocrx_word' id='word_1_380' title='bbox 334 4638 450 4692; x_wconf 68' lang='lat' dir='ltr'><strong>quae</strong></span> <span class='ocrx_word' id='word_1_381' title='bbox 477 4628 752 4692; x_wconf 82' lang='lat' dir='ltr'><strong>praecepta</strong></span> <span class='ocrx_word' id='word_1_382' title='bbox 780 4636 883 4673; x_wconf 81' lang='lat' dir='ltr'><strong>non</strong></span> <span class='ocrx_word' id='word_1_383' title='bbox 907 4627 1011 4681; x_wconf 89' lang='lat' dir='ltr'><strong>est,</strong></span> <span class='ocrx_word' id='word_1_384' title='bbox 1034 4632 1194 4688; x_wconf 84' lang='lat' dir='ltr'><strong>quam</strong></span> <span class='ocrx_word' id='word_1_385' title='bbox 1219 4616 1522 4687; x_wconf 88' lang='lat' dir='ltr'><strong>nuptiarum</strong></span> <span class='ocrx_word' id='word_1_386' title='bbox 1550 4618 1786 4682; x_wconf 75' lang='lat' dir='ltr'><strong>castitas,</strong></span> <span class='ocrx_word' id='word_1_387' title='bbox 1814 4631 1935 4686; x_wconf 66' lang='lat' dir='ltr'><strong>qum</strong></span> 
     </span>
    </p>
   </div>
   <div class='ocr_carea' id='block_1_48' title="bbox 337 4708 1936 4787">
    <p class='ocr_par' dir='ltr' id='par_1_48' title="bbox 337 4708 1936 4787">
     <span class='ocr_line' id='line_1_48' title="bbox 337 4708 1936 4787; baseline -0.004 -18"><span class='ocrx_word' id='word_1_388' title='bbox 337 4725 605 4787; x_wconf 66' lang='lat' dir='ltr'><strong>precepts</strong></span> <span class='ocrx_word' id='word_1_389' title='bbox 632 4722 735 4769; x_wconf 88' lang='lat' dir='ltr'><strong>est.</strong></span> <span class='ocrx_word' id='word_1_390' title='bbox 764 4713 882 4781; x_wconf 87' lang='lat' dir='ltr'><strong>Quo</strong></span> <span class='ocrx_word' id='word_1_391' title='bbox 921 4720 1100 4767; x_wconf 84' lang='lat' dir='ltr'><strong>autem</strong></span> <span class='ocrx_word' id='word_1_392' title='bbox 1142 4726 1306 4768; x_wconf 82' lang='lat' dir='ltr'><strong>sensu</strong></span> <span class='ocrx_word' id='word_1_393' title='bbox 1334 4708 1462 4765; x_wconf 90' lang='lat' dir='ltr'><strong>illud</strong></span> <span class='ocrx_word' id='word_1_394' title='bbox 1489 4709 1733 4780; x_wconf 84' lang='lat' dir='ltr'><strong>Pelagius</strong></span> <span class='ocrx_word' id='word_1_395' title='bbox 1756 4749 1773 4775; x_wconf 87' lang='lat'><strong>,</strong></span> <span class='ocrx_word' id='word_1_396' title='bbox 1822 4709 1936 4763; x_wconf 61' lang='lat' dir='ltr'><strong>siie</strong></span> 
     </span>
    </p>
   </div>
   <div class='ocr_carea' id='block_1_49' title="bbox 333 4802 1472 4874">
    <p class='ocr_par' dir='ltr' id='par_1_49' title="bbox 333 4802 1472 4874">
     <span class='ocr_line' id='line_1_49' title="bbox 333 4802 1472 4874; baseline -0.009 -11"><span class='ocrx_word' id='word_1_397' title='bbox 333 4806 626 4863; x_wconf 69' lang='lat' dir='ltr'><strong>Caelestius</strong></span> <span class='ocrx_word' id='word_1_398' title='bbox 652 4804 882 4869; x_wconf 85' lang='lat' dir='ltr'><strong>dixerit,</strong></span> <span class='ocrx_word' id='word_1_399' title='bbox 907 4802 1117 4874; x_wconf 81' lang='lat' dir='ltr'><strong>judices</strong></span> <span class='ocrx_word' id='word_1_400' title='bbox 1147 4802 1472 4858; x_wconf 82' lang='lat' dir='ltr'><strong>nescierunt.</strong></span> 
     </span>
    </p>
   </div>
   <div class='ocr_carea' id='block_1_50' title="bbox 402 4916 1936 4989">
    <p class='ocr_par' dir='ltr' id='par_1_50' title="bbox 402 4916 1936 4989">
     <span class='ocr_line' id='line_1_50' title="bbox 402 4916 1936 4989; baseline -0.005 -12"><span class='ocrx_word' id='word_1_401' title='bbox 402 4921 642 4979; x_wconf 64' lang='lat' dir='ltr'><strong>CAPUT</strong></span> <span class='ocrx_word' id='word_1_402' title='bbox 671 4919 813 4978; x_wconf 65' lang='lat' dir='ltr'><strong>XI’V.</strong></span> <span class='ocrx_word' id='word_1_403' title='bbox 837 4948 912 4961; x_wconf 89' lang='lat'><strong>--</strong></span> <span class='ocrx_word' id='word_1_404' title='bbox 949 4918 1039 4975; x_wconf 75' lang='lat'><strong>30.</strong></span> <span class='ocrx_word' id='word_1_405' title='bbox 1072 4918 1206 4973; x_wconf 84' lang='lat' dir='ltr'><strong>Hinc</strong></span> <span class='ocrx_word' id='word_1_406' title='bbox 1228 4916 1340 4988; x_wconf 88' lang='lat' dir='ltr'><strong>jam</strong></span> <span class='ocrx_word' id='word_1_407' title='bbox 1369 4916 1695 4989; x_wconf 83' lang='lat' dir='ltr'><strong>objiciuntur</strong></span> <span class='ocrx_word' id='word_1_408' title='bbox 1718 4916 1936 4987; x_wconf 84' lang='lat' dir='ltr'><strong>Pelagio</strong></span> 
     </span>
    </p>
   </div>
   <div class='ocr_carea' id='block_1_51' title="bbox 337 5008 1936 5080">
    <p class='ocr_par' dir='ltr' id='par_1_51' title="bbox 337 5008 1936 5080">
     <span class='ocr_line' id='line_1_51' title="bbox 337 5008 1936 5080; baseline -0.001 -15"><span class='ocrx_word' id='word_1_409' title='bbox 337 5014 435 5068; x_wconf 75' lang='lat' dir='ltr'><strong>alia</strong></span> <span class='ocrx_word' id='word_1_410' title='bbox 469 5012 718 5070; x_wconf 67' lang='lat' dir='ltr'><strong>Calcstii</strong></span> <span class='ocrx_word' id='word_1_411' title='bbox 755 5011 988 5080; x_wconf 86' lang='lat' dir='ltr'><strong>capitula</strong></span> <span class='ocrx_word' id='word_1_412' title='bbox 1026 5010 1306 5080; x_wconf 82' lang='lat' dir='ltr'><strong>capitalia,</strong></span> <span class='ocrx_word' id='word_1_413' title='bbox 1351 5017 1408 5065; x_wconf 90' lang='lat' dir='ltr'><strong>et</strong></span> <span class='ocrx_word' id='word_1_414' title='bbox 1454 5009 1571 5065; x_wconf 87' lang='lat' dir='ltr'><strong>sine</strong></span> <span class='ocrx_word' id='word_1_415' title='bbox 1607 5008 1936 5064; x_wconf 88' lang='lat' dir='ltr'><strong>dubitatione</strong></span> 
     </span>
    </p>
   </div>
   <div class='ocr_carea' id='block_1_52' title="bbox 337 5087 1937 5174">
    <p class='ocr_par' dir='ltr' id='par_1_52' title="bbox 337 5087 1937 5174">
     <span class='ocr_line' id='line_1_52' title="bbox 337 5087 1937 5174; baseline -0.002 -16"><span class='ocrx_word' id='word_1_416' title='bbox 337 5105 645 5160; x_wconf 75' lang='lat' dir='ltr'><strong>danmanda</strong></span> <span class='ocrx_word' id='word_1_417' title='bbox 673 5145 688 5167; x_wconf 89' lang='lat'><strong>,</strong></span> <span class='ocrx_word' id='word_1_418' title='bbox 719 5117 838 5174; x_wconf 69' lang='lat' dir='ltr'><strong>quae</strong></span> <span class='ocrx_word' id='word_1_419' title='bbox 866 5103 967 5157; x_wconf 89' lang='lat' dir='ltr'><strong>nisi</strong></span> <span class='ocrx_word' id='word_1_420' title='bbox 1003 5087 1521 5165; x_wconf 72' lang='lat' dir='ltr'><strong>annuiematisasset,</strong></span> <span class='ocrx_word' id='word_1_421' title='bbox 1563 5114 1686 5156; x_wconf 88' lang='lat' dir='ltr'><strong>cum</strong></span> <span class='ocrx_word' id='word_1_422' title='bbox 1716 5099 1798 5155; x_wconf 87' lang='lat' dir='ltr'><strong>his</strong></span> <span class='ocrx_word' id='word_1_423' title='bbox 1820 5099 1937 5155; x_wconf 84' lang='lat' dir='ltr'><strong>sine</strong></span> 
     </span>
    </p>
   </div>
   <div class='ocr_carea' id='block_1_53' title="bbox 338 5192 1939 5265">
    <p class='ocr_par' dir='ltr' id='par_1_53' title="bbox 338 5192 1939 5265">
     <span class='ocr_line' id='line_1_53' title="bbox 338 5192 1939 5265; baseline 0 -16"><span class='ocrx_word' id='word_1_424' title='bbox 338 5198 498 5251; x_wconf 84' lang='lat' dir='ltr'><strong>dubio</strong></span> <span class='ocrx_word' id='word_1_425' title='bbox 524 5196 896 5251; x_wconf 81' lang='lat' dir='ltr'><strong>damnaretur.</strong></span> <span class='ocrx_word' id='word_1_426' title='bbox 938 5194 996 5252; x_wconf 90' lang='lat' dir='ltr'><strong>In</strong></span> <span class='ocrx_word' id='word_1_427' title='bbox 1035 5194 1196 5250; x_wconf 85' lang='lat' dir='ltr'><strong>tertio</strong></span> <span class='ocrx_word' id='word_1_428' title='bbox 1220 5194 1456 5265; x_wconf 78' lang='lat' dir='ltr'><strong>capitqu</strong></span> <span class='ocrx_word' id='word_1_429' title='bbox 1497 5193 1778 5264; x_wconf 87' lang='lat' dir='ltr'><strong>scripsisse</strong></span> <span class='ocrx_word' id='word_1_430' title='bbox 1816 5192 1939 5249; x_wconf 75' lang='lat' dir='ltr'><strong>Ca:-</strong></span> 
     </span>
    </p>
   </div>
   <div class='ocr_carea' id='block_1_54' title="bbox 341 5284 1937 5356">
    <p class='ocr_par' dir='ltr' id='par_1_54' title="bbox 341 5284 1937 5356">
     <span class='ocr_line' id='line_1_54' title="bbox 341 5284 1937 5356; baseline -0.001 -16"><span class='ocrx_word' id='word_1_431' title='bbox 341 5288 592 5353; x_wconf 78' lang='lat' dir='ltr'><strong>testium,</strong></span> <span class='ocrx_word' id='word_1_432' title='bbox 634 5285 863 5341; x_wconf 80' lang='lat' dir='ltr'><strong>Gratiam</strong></span> <span class='ocrx_word' id='word_1_433' title='bbox 906 5285 1003 5341; x_wconf 89' lang='lat' dir='ltr'><strong>Dei</strong></span> <span class='ocrx_word' id='word_1_434' title='bbox 1032 5294 1077 5340; x_wconf 85' lang='lat' dir='ltr'><strong>et</strong></span> <span class='ocrx_word' id='word_1_435' title='bbox 1102 5286 1415 5356; x_wconf 71' lang='lat' dir='ltr'><strong>adiutorium</strong></span> <span class='ocrx_word' id='word_1_436' title='bbox 1460 5300 1561 5339; x_wconf 89' lang='lat' dir='ltr'><strong>non</strong></span> <span class='ocrx_word' id='word_1_437' title='bbox 1602 5284 1673 5338; x_wconf 90' lang='lat' dir='ltr'><strong>ad</strong></span> <span class='ocrx_word' id='word_1_438' title='bbox 1710 5284 1937 5356; x_wconf 84' lang='lat' dir='ltr'><strong>singulos</strong></span> 
     </span>
    </p>
   </div>
   <div class='ocr_carea' id='block_1_55' title="bbox 337 5376 1935 5449">
    <p class='ocr_par' dir='ltr' id='par_1_55' title="bbox 337 5376 1935 5449">
     <span class='ocr_line' id='line_1_55' title="bbox 337 5376 1935 5449; baseline 0 -19"><span class='ocrx_word' id='word_1_439' title='bbox 337 5387 480 5434; x_wconf 75' lang='lat' dir='ltr'><strong>artus</strong></span> <span class='ocrx_word' id='word_1_440' title='bbox 504 5379 651 5445; x_wconf 76' lang='lat' dir='ltr'><strong>dari,</strong></span> <span class='ocrx_word' id='word_1_441' title='bbox 676 5377 767 5433; x_wconf 84' lang='lat' dir='ltr'><strong>sed</strong></span> <span class='ocrx_word' id='word_1_442' title='bbox 790 5378 843 5433; x_wconf 87' lang='lat' dir='ltr'><strong>in</strong></span> <span class='ocrx_word' id='word_1_443' title='bbox 863 5378 1020 5432; x_wconf 84' lang='lat' dir='ltr'><strong>libero</strong></span> <span class='ocrx_word' id='word_1_444' title='bbox 1043 5376 1278 5431; x_wconf 86' lang='lat' dir='ltr'><strong>arbritrio</strong></span> <span class='ocrx_word' id='word_1_445' title='bbox 1298 5392 1425 5445; x_wconf 87' lang='lat' dir='ltr'><strong>esse,</strong></span> <span class='ocrx_word' id='word_1_446' title='bbox 1451 5376 1529 5432; x_wconf 81' lang='lat' dir='ltr'><strong>vel</strong></span> <span class='ocrx_word' id='word_1_447' title='bbox 1545 5377 1598 5431; x_wconf 89' lang='lat' dir='ltr'><strong>in</strong></span> <span class='ocrx_word' id='word_1_448' title='bbox 1628 5376 1735 5449; x_wconf 79' lang='lat' dir='ltr'><strong>lege</strong></span> <span class='ocrx_word' id='word_1_449' title='bbox 1752 5393 1812 5430; x_wconf 88' lang='lat' dir='ltr'><strong>ac</strong></span> <span class='ocrx_word' id='word_1_450' title='bbox 1839 5376 1935 5430; x_wconf 87' lang='lat' dir='ltr'><strong>do-</strong></span> 
     </span>
    </p>
   </div>
   <div class='ocr_carea' id='block_1_56' title="bbox 339 5471 1939 5543">
    <p class='ocr_par' dir='ltr' id='par_1_56' title="bbox 339 5471 1939 5543">
     <span class='ocr_line' id='line_1_56' title="bbox 339 5471 1939 5543; baseline 0.001 -19"><span class='ocrx_word' id='word_1_451' title='bbox 339 5474 521 5526; x_wconf 82' lang='lat' dir='ltr'><strong>ctrina.</strong></span> <span class='ocrx_word' id='word_1_452' title='bbox 552 5472 625 5527; x_wconf 82' lang='lat' dir='ltr'><strong>Et</strong></span> <span class='ocrx_word' id='word_1_453' title='bbox 652 5471 841 5528; x_wconf 91' lang='lat' dir='ltr'><strong>iterum</strong></span> <span class='ocrx_word' id='word_1_454' title='bbox 862 5513 879 5539; x_wconf 93' lang='lat'><strong>,</strong></span> <span class='ocrx_word' id='word_1_455' title='bbox 913 5471 1004 5527; x_wconf 87' lang='lat' dir='ltr'><strong>Dei</strong></span> <span class='ocrx_word' id='word_1_456' title='bbox 1028 5472 1243 5543; x_wconf 80' lang='lat' dir='ltr'><strong>gratiam</strong></span> <span class='ocrx_word' id='word_1_457' title='bbox 1267 5471 1540 5527; x_wconf 84' lang='lat' dir='ltr'><strong>secundum</strong></span> <span class='ocrx_word' id='word_1_458' title='bbox 1561 5471 1740 5526; x_wconf 89' lang='lat' dir='ltr'><strong>merita</strong></span> <span class='ocrx_word' id='word_1_459' title='bbox 1766 5480 1939 5527; x_wconf 85' lang='lat' dir='ltr'><strong>nostra</strong></span> 
     </span>
    </p>
   </div>
   <div class='ocr_carea' id='block_1_57' title="bbox 341 5562 1940 5634">
    <p class='ocr_par' dir='ltr' id='par_1_57' title="bbox 341 5562 1940 5634">
     <span class='ocr_line' id='line_1_57' title="bbox 341 5562 1940 5634; baseline 0.001 -18"><span class='ocrx_word' id='word_1_460' title='bbox 341 5563 488 5630; x_wconf 83' lang='lat' dir='ltr'><strong>dari,</strong></span> <span class='ocrx_word' id='word_1_461' title='bbox 524 5564 654 5634; x_wconf 83' lang='lat' dir='ltr'><strong>quia</strong></span> <span class='ocrx_word' id='word_1_462' title='bbox 693 5565 736 5617; x_wconf 89' lang='lat' dir='ltr'><strong>si</strong></span> <span class='ocrx_word' id='word_1_463' title='bbox 779 5563 1120 5634; x_wconf 79' lang='lat' dir='ltr'><strong>peccatoribus</strong></span> <span class='ocrx_word' id='word_1_464' title='bbox 1162 5563 1307 5618; x_wconf 84' lang='lat' dir='ltr'><strong>illam</strong></span> <span class='ocrx_word' id='word_1_465' title='bbox 1336 5562 1417 5617; x_wconf 88' lang='lat' dir='ltr'><strong>det</strong></span> <span class='ocrx_word' id='word_1_466' title='bbox 1441 5604 1456 5629; x_wconf 92' lang='lat'><strong>,</strong></span> <span class='ocrx_word' id='word_1_467' title='bbox 1496 5563 1691 5617; x_wconf 86' lang='lat' dir='ltr'><strong>videtur</strong></span> <span class='ocrx_word' id='word_1_468' title='bbox 1717 5579 1823 5618; x_wconf 88' lang='lat' dir='ltr'><strong>esse</strong></span> <span class='ocrx_word' id='word_1_469' title='bbox 1861 5564 1940 5617; x_wconf 88' lang='lat' dir='ltr'><strong>in-</strong></span> 
     </span>
    </p>
   </div>
   <div class='ocr_carea' id='block_1_58' title="bbox 343 5652 1941 5725">
    <p class='ocr_par' dir='ltr' id='par_1_58' title="bbox 343 5652 1941 5725">
     <span class='ocr_line' id='line_1_58' title="bbox 343 5652 1941 5725; baseline 0.001 -20"><span class='ocrx_word' id='word_1_470' title='bbox 343 5657 483 5723; x_wconf 68' lang='lat' dir='ltr'><strong>iquus</strong></span> <span class='ocrx_word' id='word_1_471' title='bbox 513 5663 610 5710; x_wconf 90' lang='lat' dir='ltr'><strong>:et</strong></span> <span class='ocrx_word' id='word_1_472' title='bbox 642 5654 725 5709; x_wconf 75' lang='lat' dir='ltr'><strong>liis</strong></span> <span class='ocrx_word' id='word_1_473' title='bbox 751 5655 928 5710; x_wconf 83' lang='lat' dir='ltr'><strong>verbis</strong></span> <span class='ocrx_word' id='word_1_474' title='bbox 959 5653 1199 5709; x_wconf 82' lang='lat' dir='ltr'><strong>intulisse</strong></span> <span class='ocrx_word' id='word_1_475' title='bbox 1222 5694 1235 5715; x_wconf 80' lang='lat'><strong>.</strong></span> <span class='ocrx_word' id='word_1_476' title='bbox 1275 5652 1552 5725; x_wconf 81' lang='lat' dir='ltr'><strong>PrOpterea</strong></span> <span class='ocrx_word' id='word_1_477' title='bbox 1574 5663 1621 5709; x_wconf 89' lang='lat' dir='ltr'><strong>et</strong></span> <span class='ocrx_word' id='word_1_478' title='bbox 1641 5654 1751 5723; x_wconf 86' lang='lat' dir='ltr'><strong>ipsa</strong></span> <span class='ocrx_word' id='word_1_479' title='bbox 1776 5654 1941 5725; x_wconf 87' lang='lat' dir='ltr'><strong>gratia</strong></span> 
     </span>
    </p>
   </div>
   <div class='ocr_carea' id='block_1_59' title="bbox 342 5744 1940 5816">
    <p class='ocr_par' dir='ltr' id='par_1_59' title="bbox 342 5744 1940 5816">
     <span class='ocr_line' id='line_1_59' title="bbox 342 5744 1940 5816; baseline 0.001 -19"><span class='ocrx_word' id='word_1_480' title='bbox 342 5748 393 5798; x_wconf 87' lang='lat' dir='ltr'><strong>in</strong></span> <span class='ocrx_word' id='word_1_481' title='bbox 415 5762 529 5799; x_wconf 74' lang='lat' dir='ltr'><strong>mra</strong></span> <span class='ocrx_word' id='word_1_482' title='bbox 556 5746 818 5801; x_wconf 77' lang='lat' dir='ltr'><strong>voluntate</strong></span> <span class='ocrx_word' id='word_1_483' title='bbox 841 5748 1005 5816; x_wconf 82' lang='lat' dir='ltr'><strong>posita</strong></span> <span class='ocrx_word' id='word_1_484' title='bbox 1031 5756 1123 5806; x_wconf 85' lang='lat' dir='ltr'><strong>est.</strong></span> <span class='ocrx_word' id='word_1_485' title='bbox 1156 5747 1257 5800; x_wconf 84' lang='lat' dir='ltr'><strong>sive</strong></span> <span class='ocrx_word' id='word_1_486' title='bbox 1280 5745 1464 5815; x_wconf 83' lang='lat' dir='ltr'><strong>dignus</strong></span> <span class='ocrx_word' id='word_1_487' title='bbox 1488 5744 1706 5814; x_wconf 76' lang='lat' dir='ltr'><strong>fuerim,</strong></span> <span class='ocrx_word' id='word_1_488' title='bbox 1732 5744 1833 5800; x_wconf 89' lang='lat' dir='ltr'><strong>sive</strong></span> <span class='ocrx_word' id='word_1_489' title='bbox 1858 5746 1940 5799; x_wconf 86' lang='lat' dir='ltr'><strong>in-</strong></span> 
     </span>
    </p>
   </div>
   <div class='ocr_carea' id='block_1_60' title="bbox 342 5838 1944 5910">
    <p class='ocr_par' dir='ltr' id='par_1_60' title="bbox 342 5838 1944 5910">
     <span class='ocr_line' id='line_1_60' title="bbox 342 5838 1944 5910; baseline 0.003 -23"><span class='ocrx_word' id='word_1_490' title='bbox 342 5838 548 5906; x_wconf 66' lang='lat' dir='ltr'><strong>dignus.</strong></span> <span class='ocrx_word' id='word_1_491' title='bbox 595 5838 659 5896; x_wconf 94' lang='lat' dir='ltr'><strong>Si</strong></span> <span class='ocrx_word' id='word_1_492' title='bbox 688 5840 816 5894; x_wconf 81' lang='lat' dir='ltr'><strong>enim</strong></span> <span class='ocrx_word' id='word_1_493' title='bbox 861 5856 946 5910; x_wconf 70' lang='lat' dir='ltr'><strong>per</strong></span> <span class='ocrx_word' id='word_1_494' title='bbox 975 5839 1190 5910; x_wconf 78' lang='lat' dir='ltr'><strong>gratiam</strong></span> <span class='ocrx_word' id='word_1_495' title='bbox 1236 5838 1405 5892; x_wconf 86' lang='lat' dir='ltr'><strong>omnia</strong></span> <span class='ocrx_word' id='word_1_496' title='bbox 1444 5838 1699 5904; x_wconf 74' lang='lat' dir='ltr'><strong>facimus;</strong></span> <span class='ocrx_word' id='word_1_497' title='bbox 1742 5839 1944 5908; x_wconf 83' lang='lat' dir='ltr'><strong>quando</strong></span> 
     </span>
    </p>
   </div>
   <div class='ocr_carea' id='block_1_61' title="bbox 2037 498 3632 580">
    <p class='ocr_par' dir='ltr' id='par_1_61' title="bbox 2037 498 3632 580">
     <span class='ocr_line' id='line_1_61' title="bbox 2037 498 3632 580; baseline 0.012 -30"><span class='ocrx_word' id='word_1_498' title='bbox 2037 498 2285 555; x_wconf 81' lang='lat' dir='ltr'><strong>vincimur</strong></span> <span class='ocrx_word' id='word_1_499' title='bbox 2304 518 2336 555; x_wconf 90' lang='lat' dir='ltr'><strong>a</strong></span> <span class='ocrx_word' id='word_1_500' title='bbox 2364 510 2595 570; x_wconf 67' lang='lat' dir='ltr'><strong>peccato,</strong></span> <span class='ocrx_word' id='word_1_501' title='bbox 2641 517 2740 556; x_wconf 90' lang='lat' dir='ltr'><strong>non</strong></span> <span class='ocrx_word' id='word_1_502' title='bbox 2773 520 2863 557; x_wconf 82' lang='lat' dir='ltr'><strong>nos</strong></span> <span class='ocrx_word' id='word_1_503' title='bbox 2890 504 3136 560; x_wconf 80' lang='lat' dir='ltr'><strong>vincimur</strong></span> <span class='ocrx_word' id='word_1_504' title='bbox 3156 546 3170 572; x_wconf 94' lang='lat'><strong>,</strong></span> <span class='ocrx_word' id='word_1_505' title='bbox 3200 508 3288 562; x_wconf 81' lang='lat' dir='ltr'><strong>sed</strong></span> <span class='ocrx_word' id='word_1_506' title='bbox 3315 507 3408 562; x_wconf 90' lang='lat' dir='ltr'><strong>Dei</strong></span> <span class='ocrx_word' id='word_1_507' title='bbox 3428 514 3595 580; x_wconf 66' lang='lat' dir='ltr'><strong>gratia</strong></span> <span class='ocrx_word' id='word_1_508' title='bbox 3616 551 3632 573; x_wconf 88' lang='lat'><strong>.</strong></span> 
     </span>
    </p>
   </div>
   <div class='ocr_carea' id='block_1_62' title="bbox 2037 592 3636 672">
    <p class='ocr_par' dir='ltr' id='par_1_62' title="bbox 2037 592 3636 672">
     <span class='ocr_line' id='line_1_62' title="bbox 2037 592 3636 672; baseline 0.006 -26"><span class='ocrx_word' id='word_1_509' title='bbox 2037 608 2151 661; x_wconf 77' lang='lat' dir='ltr'><strong>qua:</strong></span> <span class='ocrx_word' id='word_1_510' title='bbox 2172 592 2328 647; x_wconf 83' lang='lat' dir='ltr'><strong>voluit</strong></span> <span class='ocrx_word' id='word_1_511' title='bbox 2356 612 2444 648; x_wconf 85' lang='lat' dir='ltr'><strong>nos</strong></span> <span class='ocrx_word' id='word_1_512' title='bbox 2468 594 2712 663; x_wconf 80' lang='lat' dir='ltr'><strong>adjuvare</strong></span> <span class='ocrx_word' id='word_1_513' title='bbox 2740 596 2877 650; x_wconf 88' lang='lat' dir='ltr'><strong>omni</strong></span> <span class='ocrx_word' id='word_1_514' title='bbox 2912 596 3099 661; x_wconf 84' lang='lat' dir='ltr'><strong>modo,</strong></span> <span class='ocrx_word' id='word_1_515' title='bbox 3132 608 3306 654; x_wconf 87' lang='lat' dir='ltr'><strong>etnon</strong></span> <span class='ocrx_word' id='word_1_516' title='bbox 3350 601 3530 672; x_wconf 86' lang='lat' dir='ltr'><strong>potuit.</strong></span> <span class='ocrx_word' id='word_1_517' title='bbox 3567 600 3636 658; x_wconf 82' lang='lat' dir='ltr'><strong>Et</strong></span> 
     </span>
    </p>
   </div>
   <div class='ocr_carea' id='block_1_63' title="bbox 2039 681 3628 764">
    <p class='ocr_par' dir='ltr' id='par_1_63' title="bbox 2039 681 3628 764">
     <span class='ocr_line' id='line_1_63' title="bbox 2039 681 3628 764; baseline 0.004 -26"><span class='ocrx_word' id='word_1_518' title='bbox 2039 682 2232 739; x_wconf 83' lang='lat' dir='ltr'><strong>iterum</strong></span> <span class='ocrx_word' id='word_1_519' title='bbox 2255 681 2334 740; x_wconf 81' lang='lat' dir='ltr'><strong>ait</strong></span> <span class='ocrx_word' id='word_1_520' title='bbox 2360 703 2374 739; x_wconf 90' lang='lat'><strong>:</strong></span> <span class='ocrx_word' id='word_1_521' title='bbox 2404 685 2655 757; x_wconf 79' lang='lat' dir='ltr'><strong>Si‘gratia</strong></span> <span class='ocrx_word' id='word_1_522' title='bbox 2678 686 2771 741; x_wconf 85' lang='lat' dir='ltr'><strong>Dei</strong></span> <span class='ocrx_word' id='word_1_523' title='bbox 2797 698 2888 751; x_wconf 83' lang='lat' dir='ltr'><strong>est,</strong></span> <span class='ocrx_word' id='word_1_524' title='bbox 2914 691 3116 757; x_wconf 83' lang='lat' dir='ltr'><strong>quando</strong></span> <span class='ocrx_word' id='word_1_525' title='bbox 3138 691 3380 747; x_wconf 78' lang='lat' dir='ltr'><strong>vincimus</strong></span> <span class='ocrx_word' id='word_1_526' title='bbox 3400 701 3628 764; x_wconf 68' lang='lat' dir='ltr'><strong>peccata;</strong></span> 
     </span>
    </p>
   </div>
   <div class='ocr_carea' id='block_1_64' title="bbox 2037 775 3633 852">
    <p class='ocr_par' dir='ltr' id='par_1_64' title="bbox 2037 775 3633 852">
     <span class='ocr_line' id='line_1_64' title="bbox 2037 775 3633 852; baseline 0.005 -25"><span class='ocrx_word' id='word_1_527' title='bbox 2037 790 2155 844; x_wconf 88' lang='lat' dir='ltr'><strong>ergo</strong></span> <span class='ocrx_word' id='word_1_528' title='bbox 2182 775 2292 844; x_wconf 88' lang='lat' dir='ltr'><strong>ipse</strong></span> <span class='ocrx_word' id='word_1_529' title='bbox 2312 777 2329 807; x_wconf 77' lang='lat'><strong><em>‘</em></strong></span> <span class='ocrx_word' id='word_1_530' title='bbox 2345 786 2417 833; x_wconf 66' lang='lat' dir='ltr'><strong>at</strong></span> <span class='ocrx_word' id='word_1_531' title='bbox 2438 777 2490 831; x_wconf 86' lang='lat' dir='ltr'><strong>in</strong></span> <span class='ocrx_word' id='word_1_532' title='bbox 2516 777 2687 847; x_wconf 81' lang='lat' dir='ltr'><strong>culpa,</strong></span> <span class='ocrx_word' id='word_1_533' title='bbox 2709 778 2915 849; x_wconf 79' lang='lat' dir='ltr'><strong>quando</strong></span> <span class='ocrx_word' id='word_1_534' title='bbox 2940 796 2971 832; x_wconf 89' lang='lat' dir='ltr'><strong>a</strong></span> <span class='ocrx_word' id='word_1_535' title='bbox 2997 790 3202 851; x_wconf 78' lang='lat' dir='ltr'><strong>peccato</strong></span> <span class='ocrx_word' id='word_1_536' title='bbox 3230 782 3491 847; x_wconf 83' lang='lat' dir='ltr'><strong>vincimur,</strong></span> <span class='ocrx_word' id='word_1_537' title='bbox 3514 783 3633 852; x_wconf 88' lang='lat' dir='ltr'><strong>quia</strong></span> 
     </span>
    </p>
   </div>
   <div class='ocr_carea' id='block_1_65' title="bbox 2037 866 3630 939">
    <p class='ocr_par' dir='ltr' id='par_1_65' title="bbox 2037 866 3630 939">
     <span class='ocr_line' id='line_1_65' title="bbox 2037 866 3630 939; baseline 0.006 -19"><span class='ocrx_word' id='word_1_538' title='bbox 2037 866 2242 920; x_wconf 84' lang='lat' dir='ltr'><strong>ontnino</strong></span> <span class='ocrx_word' id='word_1_539' title='bbox 2261 867 2514 923; x_wconf 86' lang='lat' dir='ltr'><strong>custodire</strong></span> <span class='ocrx_word' id='word_1_540' title='bbox 2531 883 2623 925; x_wconf 81' lang='lat' dir='ltr'><strong>nos</strong></span> <span class='ocrx_word' id='word_1_541' title='bbox 2641 877 2728 922; x_wconf 90' lang='lat' dir='ltr'><strong>aut</strong></span> <span class='ocrx_word' id='word_1_542' title='bbox 2754 886 2855 925; x_wconf 86' lang='lat' dir='ltr'><strong>non</strong></span> <span class='ocrx_word' id='word_1_543' title='bbox 2881 872 3064 939; x_wconf 82' lang='lat' dir='ltr'><strong>potuit,</strong></span> <span class='ocrx_word' id='word_1_544' title='bbox 3093 881 3182 926; x_wconf 87' lang='lat' dir='ltr'><strong>aut</strong></span> <span class='ocrx_word' id='word_1_545' title='bbox 3206 874 3390 927; x_wconf 87' lang='lat' dir='ltr'><strong>noluit.</strong></span> <span class='ocrx_word' id='word_1_546' title='bbox 3421 872 3500 928; x_wconf 82' lang='lat' dir='ltr'><strong>Ad</strong></span> <span class='ocrx_word' id='word_1_547' title='bbox 3532 874 3630 930; x_wconf 81' lang='lat' dir='ltr'><strong>ista</strong></span> 
     </span>
    </p>
   </div>
   <div class='ocr_carea' id='block_1_66' title="bbox 2037 955 3634 1033">
    <p class='ocr_par' dir='ltr' id='par_1_66' title="bbox 2037 955 3634 1033">
     <span class='ocr_line' id='line_1_66' title="bbox 2037 955 3634 1033; baseline 0.007 -23"><span class='ocrx_word' id='word_1_548' title='bbox 2037 955 2283 1026; x_wconf 71' lang='lat' dir='ltr'><strong>Pelagius</strong></span> <span class='ocrx_word' id='word_1_549' title='bbox 2312 958 2620 1027; x_wconf 88' lang='lat' dir='ltr'><strong>respondit:</strong></span> <span class='ocrx_word' id='word_1_550' title='bbox 2649 958 2776 1015; x_wconf 73' lang='lat' dir='ltr'><strong>llazc</strong></span> <span class='ocrx_word' id='word_1_551' title='bbox 2804 962 3202 1018; x_wconf 70' lang='lat' dir='ltr'><strong>utruntlecstii</strong></span> <span class='ocrx_word' id='word_1_552' title='bbox 3220 964 3342 1029; x_wconf 84' lang='lat' dir='ltr'><strong>sint,</strong></span> <span class='ocrx_word' id='word_1_553' title='bbox 3374 965 3473 1033; x_wconf 86' lang='lat' dir='ltr'><strong>ipsi</strong></span> <span class='ocrx_word' id='word_1_554' title='bbox 3491 964 3634 1021; x_wconf 84' lang='lat' dir='ltr'><strong>vide-</strong></span> 
     </span>
    </p>
   </div>
   <div class='ocr_carea' id='block_1_67' title="bbox 2036 1045 3637 1126">
    <p class='ocr_par' dir='ltr' id='par_1_67' title="bbox 2036 1045 3637 1126">
     <span class='ocr_line' id='line_1_67' title="bbox 2036 1045 3637 1126; baseline 0.007 -27"><span class='ocrx_word' id='word_1_555' title='bbox 2036 1045 2141 1101; x_wconf 86' lang='lat' dir='ltr'><strong>rint</strong></span> <span class='ocrx_word' id='word_1_556' title='bbox 2180 1048 2266 1117; x_wconf 88' lang='lat' dir='ltr'><strong>qui</strong></span> <span class='ocrx_word' id='word_1_557' title='bbox 2304 1048 2478 1103; x_wconf 83' lang='lat' dir='ltr'><strong>dicunt</strong></span> <span class='ocrx_word' id='word_1_558' title='bbox 2507 1066 2565 1104; x_wconf 87' lang='lat' dir='ltr'><strong>ea</strong></span> <span class='ocrx_word' id='word_1_559' title='bbox 2595 1049 2814 1105; x_wconf 72' lang='lat' dir='ltr'><strong>Calestii</strong></span> <span class='ocrx_word' id='word_1_560' title='bbox 2840 1067 2983 1117; x_wconf 78' lang='lat' dir='ltr'><strong>esse;</strong></span> <span class='ocrx_word' id='word_1_561' title='bbox 3010 1069 3102 1123; x_wconf 87' lang='lat' dir='ltr'><strong>ego</strong></span> <span class='ocrx_word' id='word_1_562' title='bbox 3133 1070 3248 1109; x_wconf 86' lang='lat' dir='ltr'><strong>vero</strong></span> <span class='ocrx_word' id='word_1_563' title='bbox 3279 1072 3537 1126; x_wconf 86' lang='lat' dir='ltr'><strong>nunquam</strong></span> <span class='ocrx_word' id='word_1_564' title='bbox 3561 1056 3637 1110; x_wconf 82' lang='lat' dir='ltr'><strong>sic</strong></span> 
     </span>
    </p>
   </div>
   <div class='ocr_carea' id='block_1_68' title="bbox 2037 1141 3630 1218">
    <p class='ocr_par' dir='ltr' id='par_1_68' title="bbox 2037 1141 3630 1218">
     <span class='ocr_line' id='line_1_68' title="bbox 2037 1141 3630 1218; baseline 0.007 -27"><span class='ocrx_word' id='word_1_565' title='bbox 2037 1141 2209 1205; x_wconf 82' lang='lat' dir='ltr'><strong>tenui,</strong></span> <span class='ocrx_word' id='word_1_566' title='bbox 2246 1141 2336 1193; x_wconf 89' lang='lat' dir='ltr'><strong>sed</strong></span> <span class='ocrx_word' id='word_1_567' title='bbox 2364 1142 2735 1197; x_wconf 75' lang='lat' dir='ltr'><strong>anathematiso</strong></span> <span class='ocrx_word' id='word_1_568' title='bbox 2762 1144 2849 1208; x_wconf 78' lang='lat' dir='ltr'><strong>qui</strong></span> <span class='ocrx_word' id='word_1_569' title='bbox 2885 1145 2957 1198; x_wconf 78' lang='lat' dir='ltr'><strong>sic</strong></span> <span class='ocrx_word' id='word_1_570' title='bbox 2985 1156 3135 1200; x_wconf 87' lang='lat' dir='ltr'><strong>tenet.</strong></span> <span class='ocrx_word' id='word_1_571' title='bbox 3177 1146 3428 1218; x_wconf 83' lang='lat' dir='ltr'><strong>Synodus</strong></span> <span class='ocrx_word' id='word_1_572' title='bbox 3451 1147 3588 1203; x_wconf 83' lang='lat' dir='ltr'><strong>dixit</strong></span> <span class='ocrx_word' id='word_1_573' title='bbox 3616 1167 3630 1202; x_wconf 90' lang='lat'><strong>:</strong></span> 
     </span>
    </p>
   </div>
   <div class='ocr_carea' id='block_1_69' title="bbox 2038 1218 3631 1307">
    <p class='ocr_par' dir='ltr' id='par_1_69' title="bbox 2038 1218 3631 1307">
     <span class='ocr_line' id='line_1_69' title="bbox 2038 1218 3631 1307; baseline 0.007 -24"><span class='ocrx_word' id='word_1_574' title='bbox 2038 1227 2236 1299; x_wconf 81' lang='lat' dir='ltr'><strong>Recipit</strong></span> <span class='ocrx_word' id='word_1_575' title='bbox 2273 1238 2321 1283; x_wconf 90' lang='lat' dir='ltr'><strong>te</strong></span> <span class='ocrx_word' id='word_1_576' title='bbox 2343 1218 2518 1286; x_wconf 81' lang='lat' dir='ltr'><strong>sancta</strong></span> <span class='ocrx_word' id='word_1_577' title='bbox 2546 1232 2790 1303; x_wconf 82' lang='lat' dir='ltr'><strong>Synodus</strong></span> <span class='ocrx_word' id='word_1_578' title='bbox 2808 1276 2823 1299; x_wconf 90' lang='lat'><strong>,</strong></span> <span class='ocrx_word' id='word_1_579' title='bbox 2860 1235 2932 1289; x_wconf 85' lang='lat' dir='ltr'><strong>ita</strong></span> <span class='ocrx_word' id='word_1_580' title='bbox 2957 1237 3103 1292; x_wconf 81' lang='lat' dir='ltr'><strong>verba</strong></span> <span class='ocrx_word' id='word_1_581' title='bbox 3131 1239 3347 1307; x_wconf 80' lang='lat' dir='ltr'><strong>reprobo</strong></span> <span class='ocrx_word' id='word_1_582' title='bbox 3388 1241 3631 1294; x_wconf 82' lang='lat' dir='ltr'><strong>condem—</strong></span> 
     </span>
    </p>
   </div>
   <div class='ocr_carea' id='block_1_70' title="bbox 2036 1320 3633 1398">
    <p class='ocr_par' dir='ltr' id='par_1_70' title="bbox 2036 1320 3633 1398">
     <span class='ocr_line' id='line_1_70' title="bbox 2036 1320 3633 1398; baseline 0.008 -27"><span class='ocrx_word' id='word_1_583' title='bbox 2036 1328 2259 1373; x_wconf 82' lang='lat' dir='ltr'><strong>nantem.</strong></span> <span class='ocrx_word' id='word_1_584' title='bbox 2286 1320 2362 1376; x_wconf 92' lang='lat' dir='ltr'><strong>De</strong></span> <span class='ocrx_word' id='word_1_585' title='bbox 2386 1320 2471 1376; x_wconf 87' lang='lat' dir='ltr'><strong>bis</strong></span> <span class='ocrx_word' id='word_1_586' title='bbox 2494 1333 2640 1379; x_wconf 84' lang='lat' dir='ltr'><strong>certe</strong></span> <span class='ocrx_word' id='word_1_587' title='bbox 2666 1324 2915 1382; x_wconf 90' lang='lat' dir='ltr'><strong>omnibus</strong></span> <span class='ocrx_word' id='word_1_588' title='bbox 2936 1365 2953 1393; x_wconf 88' lang='lat'><strong>,</strong></span> <span class='ocrx_word' id='word_1_589' title='bbox 2986 1337 3040 1382; x_wconf 89' lang='lat' dir='ltr'><strong>et</strong></span> <span class='ocrx_word' id='word_1_590' title='bbox 3065 1326 3264 1398; x_wconf 86' lang='lat' dir='ltr'><strong>Pelagii</strong></span> <span class='ocrx_word' id='word_1_591' title='bbox 3288 1328 3475 1384; x_wconf 90' lang='lat' dir='ltr'><strong>eadem</strong></span> <span class='ocrx_word' id='word_1_592' title='bbox 3504 1345 3633 1384; x_wconf 87' lang='lat' dir='ltr'><strong>ana-</strong></span> 
     </span>
    </p>
   </div>
   <div class='ocr_carea' id='block_1_71' title="bbox 2036 1408 3634 1491">
    <p class='ocr_par' dir='ltr' id='par_1_71' title="bbox 2036 1408 3634 1491">
     <span class='ocr_line' id='line_1_71' title="bbox 2036 1408 3634 1491; baseline 0.009 -29"><span class='ocrx_word' id='word_1_593' title='bbox 2036 1408 2430 1466; x_wconf 76' lang='lat' dir='ltr'><strong>thematizantis</strong></span> <span class='ocrx_word' id='word_1_594' title='bbox 2471 1411 2754 1470; x_wconf 75' lang='lat' dir='ltr'><strong>manifesta</strong></span> <span class='ocrx_word' id='word_1_595' title='bbox 2795 1418 3076 1486; x_wconf 82' lang='lat' dir='ltr'><strong>responsio</strong></span> <span class='ocrx_word' id='word_1_596' title='bbox 3114 1427 3232 1485; x_wconf 85' lang='lat' dir='ltr'><strong>est,</strong></span> <span class='ocrx_word' id='word_1_597' title='bbox 3261 1429 3317 1475; x_wconf 93' lang='lat' dir='ltr'><strong>et</strong></span> <span class='ocrx_word' id='word_1_598' title='bbox 3353 1419 3634 1491; x_wconf 86' lang='lat' dir='ltr'><strong>episcopo-</strong></span> 
     </span>
    </p>
   </div>
   <div class='ocr_carea' id='block_1_72' title="bbox 2036 1502 3631 1581">
    <p class='ocr_par' dir='ltr' id='par_1_72' title="bbox 2036 1502 3631 1581">
     <span class='ocr_line' id='line_1_72' title="bbox 2036 1502 3631 1581; baseline 0.007 -24"><span class='ocrx_word' id='word_1_599' title='bbox 2036 1516 2156 1557; x_wconf 90' lang='lat' dir='ltr'><strong>rum</strong></span> <span class='ocrx_word' id='word_1_600' title='bbox 2182 1502 2282 1557; x_wconf 84' lang='lat' dir='ltr'><strong>ista</strong></span> <span class='ocrx_word' id='word_1_601' title='bbox 2311 1503 2675 1560; x_wconf 86' lang='lat' dir='ltr'><strong>damnantium</strong></span> <span class='ocrx_word' id='word_1_602' title='bbox 2699 1507 3096 1565; x_wconf 86' lang='lat' dir='ltr'><strong>absolutissima</strong></span> <span class='ocrx_word' id='word_1_603' title='bbox 3131 1509 3411 1581; x_wconf 73' lang='lat' dir='ltr'><strong>iudicatio.</strong></span> <span class='ocrx_word' id='word_1_604' title='bbox 3441 1511 3631 1568; x_wconf 89' lang='lat' dir='ltr'><strong>Utrum</strong></span> 
     </span>
    </p>
   </div>
   <div class='ocr_carea' id='block_1_73' title="bbox 2035 1593 3636 1673">
    <p class='ocr_par' dir='ltr' id='par_1_73' title="bbox 2035 1593 3636 1673">
     <span class='ocr_line' id='line_1_73' title="bbox 2035 1593 3636 1673; baseline 0.005 -24"><span class='ocrx_word' id='word_1_605' title='bbox 2035 1607 2099 1649; x_wconf 91' lang='lat' dir='ltr'><strong>ea</strong></span> <span class='ocrx_word' id='word_1_606' title='bbox 2141 1593 2381 1665; x_wconf 87' lang='lat' dir='ltr'><strong>Pelagius</strong></span> <span class='ocrx_word' id='word_1_607' title='bbox 2400 1636 2416 1662; x_wconf 92' lang='lat'><strong>,</strong></span> <span class='ocrx_word' id='word_1_608' title='bbox 2452 1610 2522 1652; x_wconf 87' lang='lat' dir='ltr'><strong>an</strong></span> <span class='ocrx_word' id='word_1_609' title='bbox 2544 1596 2831 1656; x_wconf 67' lang='lat' dir='ltr'><strong>Caelestius</strong></span> <span class='ocrx_word' id='word_1_610' title='bbox 2850 1640 2866 1665; x_wconf 93' lang='lat'><strong>,</strong></span> <span class='ocrx_word' id='word_1_611' title='bbox 2888 1616 2953 1656; x_wconf 89' lang='lat' dir='ltr'><strong>an</strong></span> <span class='ocrx_word' id='word_1_612' title='bbox 2979 1609 3205 1673; x_wconf 85' lang='lat' dir='ltr'><strong>uterque</strong></span> <span class='ocrx_word' id='word_1_613' title='bbox 3229 1645 3242 1669; x_wconf 87' lang='lat'><strong>,</strong></span> <span class='ocrx_word' id='word_1_614' title='bbox 3268 1618 3336 1658; x_wconf 88' lang='lat' dir='ltr'><strong>an</strong></span> <span class='ocrx_word' id='word_1_615' title='bbox 3366 1612 3553 1659; x_wconf 85' lang='lat' dir='ltr'><strong>neuter</strong></span> <span class='ocrx_word' id='word_1_616' title='bbox 3579 1605 3636 1659; x_wconf 90' lang='lat' dir='ltr'><strong>il-</strong></span> 
     </span>
    </p>
   </div>
   <div class='ocr_carea' id='block_1_74' title="bbox 2035 1685 3633 1764">
    <p class='ocr_par' dir='ltr' id='par_1_74' title="bbox 2035 1685 3633 1764">
     <span class='ocr_line' id='line_1_74' title="bbox 2035 1685 3633 1764; baseline 0.005 -24"><span class='ocrx_word' id='word_1_617' title='bbox 2035 1685 2241 1751; x_wconf 73' lang='lat' dir='ltr'><strong>Imm,</strong></span> <span class='ocrx_word' id='word_1_618' title='bbox 2281 1700 2348 1742; x_wconf 90' lang='lat' dir='ltr'><strong>an</strong></span> <span class='ocrx_word' id='word_1_619' title='bbox 2375 1687 2465 1741; x_wconf 89' lang='lat' dir='ltr'><strong>alii</strong></span> <span class='ocrx_word' id='word_1_620' title='bbox 2490 1689 2603 1745; x_wconf 83' lang='lat' dir='ltr'><strong>sive</strong></span> <span class='ocrx_word' id='word_1_621' title='bbox 2629 1706 2750 1746; x_wconf 92' lang='lat' dir='ltr'><strong>cum</strong></span> <span class='ocrx_word' id='word_1_622' title='bbox 2778 1690 2938 1764; x_wconf 68' lang='lat' dir='ltr'><strong>ipsis,</strong></span> <span class='ocrx_word' id='word_1_623' title='bbox 2969 1694 3086 1748; x_wconf 82' lang='lat' dir='ltr'><strong>sive</strong></span> <span class='ocrx_word' id='word_1_624' title='bbox 3123 1693 3226 1749; x_wconf 85' lang='lat' dir='ltr'><strong>sub</strong></span> <span class='ocrx_word' id='word_1_625' title='bbox 3267 1694 3486 1751; x_wconf 84' lang='lat' dir='ltr'><strong>nomine</strong></span> <span class='ocrx_word' id='word_1_626' title='bbox 3524 1694 3633 1750; x_wconf 89' lang='lat' dir='ltr'><strong>illo-</strong></span> 
     </span>
    </p>
   </div>
   <div class='ocr_carea' id='block_1_75' title="bbox 2035 1781 3632 1850">
    <p class='ocr_par' dir='ltr' id='par_1_75' title="bbox 2035 1781 3632 1850">
     <span class='ocr_line' id='line_1_75' title="bbox 2035 1781 3632 1850; baseline 0.003 -17"><span class='ocrx_word' id='word_1_627' title='bbox 2035 1796 2154 1836; x_wconf 88' lang='lat' dir='ltr'><strong>rmn</strong></span> <span class='ocrx_word' id='word_1_628' title='bbox 2181 1783 2478 1848; x_wconf 74' lang='lat' dir='ltr'><strong>senserint,</strong></span> <span class='ocrx_word' id='word_1_629' title='bbox 2511 1782 2624 1837; x_wconf 86' lang='lat' dir='ltr'><strong>sive</strong></span> <span class='ocrx_word' id='word_1_630' title='bbox 2648 1781 2827 1838; x_wconf 90' lang='lat' dir='ltr'><strong>adhuc</strong></span> <span class='ocrx_word' id='word_1_631' title='bbox 2872 1783 3105 1839; x_wconf 59' lang='lat' dir='ltr'><strong>svitiam</strong></span> <span class='ocrx_word' id='word_1_632' title='bbox 3127 1824 3144 1850; x_wconf 89' lang='lat'><strong>,</strong></span> <span class='ocrx_word' id='word_1_633' title='bbox 3190 1788 3260 1839; x_wconf 87' lang='lat' dir='ltr'><strong>sit</strong></span> <span class='ocrx_word' id='word_1_634' title='bbox 3298 1783 3519 1840; x_wconf 90' lang='lat' dir='ltr'><strong>dubium</strong></span> <span class='ocrx_word' id='word_1_635' title='bbox 3547 1784 3632 1839; x_wconf 90' lang='lat' dir='ltr'><strong>vel</strong></span> 
     </span>
    </p>
   </div>
   <div class='ocr_carea' id='block_1_76' title="bbox 2035 1872 3630 1943">
    <p class='ocr_par' dir='ltr' id='par_1_76' title="bbox 2035 1872 3630 1943">
     <span class='ocr_line' id='line_1_76' title="bbox 2035 1872 3630 1943; baseline 0.001 -13"><span class='ocrx_word' id='word_1_636' title='bbox 2035 1873 2302 1930; x_wconf 89' lang='lat' dir='ltr'><strong>occultum</strong></span> <span class='ocrx_word' id='word_1_637' title='bbox 2331 1891 2347 1927; x_wconf 85' lang='lat'><strong>:</strong></span> <span class='ocrx_word' id='word_1_638' title='bbox 2373 1874 2502 1929; x_wconf 84' lang='lat' dir='ltr'><strong>satis</strong></span> <span class='ocrx_word' id='word_1_639' title='bbox 2535 1883 2709 1929; x_wconf 85' lang='lat' dir='ltr'><strong>tamen</strong></span> <span class='ocrx_word' id='word_1_640' title='bbox 2756 1872 2858 1930; x_wconf 84' lang='lat' dir='ltr'><strong>hoc</strong></span> <span class='ocrx_word' id='word_1_641' title='bbox 2896 1873 3098 1943; x_wconf 85' lang='lat' dir='ltr'><strong>judicio</strong></span> <span class='ocrx_word' id='word_1_642' title='bbox 3130 1874 3463 1931; x_wconf 87' lang='lat' dir='ltr'><strong>declaratum</strong></span> <span class='ocrx_word' id='word_1_643' title='bbox 3511 1885 3630 1941; x_wconf 86' lang='lat' dir='ltr'><strong>est,</strong></span> 
     </span>
    </p>
   </div>
   <div class='ocr_carea' id='block_1_77' title="bbox 2034 1962 3626 2035">
    <p class='ocr_par' dir='ltr' id='par_1_77' title="bbox 2034 1962 3626 2035">
     <span class='ocr_line' id='line_1_77' title="bbox 2034 1962 3626 2035; baseline 0.001 -16"><span class='ocrx_word' id='word_1_644' title='bbox 2034 1976 2155 2019; x_wconf 78' lang='lat' dir='ltr'><strong>esse</strong></span> <span class='ocrx_word' id='word_1_645' title='bbox 2180 1963 2427 2018; x_wconf 86' lang='lat' dir='ltr'><strong>damnata</strong></span> <span class='ocrx_word' id='word_1_646' title='bbox 2451 2004 2466 2028; x_wconf 92' lang='lat'><strong>,</strong></span> <span class='ocrx_word' id='word_1_647' title='bbox 2495 1972 2550 2019; x_wconf 89' lang='lat' dir='ltr'><strong>et</strong></span> <span class='ocrx_word' id='word_1_648' title='bbox 2576 1963 2844 2035; x_wconf 82' lang='lat' dir='ltr'><strong>Pelagium</strong></span> <span class='ocrx_word' id='word_1_649' title='bbox 2870 1965 3026 2020; x_wconf 86' lang='lat' dir='ltr'><strong>simul</strong></span> <span class='ocrx_word' id='word_1_650' title='bbox 3055 1962 3217 2021; x_wconf 83' lang='lat' dir='ltr'><strong>fuisse</strong></span> <span class='ocrx_word' id='word_1_651' title='bbox 3243 1964 3626 2026; x_wconf 87' lang='lat' dir='ltr'><strong>damnandum.</strong></span> 
     </span>
    </p>
   </div>
   <div class='ocr_carea' id='block_1_78' title="bbox 2036 2054 3627 2130">
    <p class='ocr_par' dir='ltr' id='par_1_78' title="bbox 2036 2054 3627 2130">
     <span class='ocr_line' id='line_1_78' title="bbox 2036 2054 3627 2130; baseline 0.002 -21"><span class='ocrx_word' id='word_1_652' title='bbox 2036 2054 2138 2110; x_wconf 88' lang='lat' dir='ltr'><strong>nisi</strong></span> <span class='ocrx_word' id='word_1_653' title='bbox 2182 2055 2298 2111; x_wconf 59' lang='lat' dir='ltr'><strong>ha‘c</strong></span> <span class='ocrx_word' id='word_1_654' title='bbox 2341 2056 2501 2112; x_wconf 85' lang='lat' dir='ltr'><strong>etiam</strong></span> <span class='ocrx_word' id='word_1_655' title='bbox 2548 2056 2663 2126; x_wconf 87' lang='lat' dir='ltr'><strong>ipse</strong></span> <span class='ocrx_word' id='word_1_656' title='bbox 2687 2056 2986 2114; x_wconf 85' lang='lat' dir='ltr'><strong>damnaret.</strong></span> <span class='ocrx_word' id='word_1_657' title='bbox 3016 2056 3169 2113; x_wconf 84' lang='lat' dir='ltr'><strong>Nunc</strong></span> <span class='ocrx_word' id='word_1_658' title='bbox 3205 2067 3352 2114; x_wconf 72' lang='lat' dir='ltr'><strong>certe</strong></span> <span class='ocrx_word' id='word_1_659' title='bbox 3381 2069 3499 2130; x_wconf 90' lang='lat' dir='ltr'><strong>post</strong></span> <span class='ocrx_word' id='word_1_660' title='bbox 3527 2058 3627 2113; x_wconf 79' lang='lat' dir='ltr'><strong>hoc</strong></span> 
     </span>
    </p>
   </div>
   <div class='ocr_carea' id='block_1_79' title="bbox 2028 2144 3625 2217">
    <p class='ocr_par' dir='ltr' id='par_1_79' title="bbox 2028 2144 3625 2217">
     <span class='ocr_line' id='line_1_79' title="bbox 2028 2144 3625 2217; baseline 0.004 -18"><span class='ocrx_word' id='word_1_661' title='bbox 2028 2144 2322 2215; x_wconf 82' lang='lat' dir='ltr'><strong>judicium,</strong></span> <span class='ocrx_word' id='word_1_662' title='bbox 2353 2146 2566 2216; x_wconf 86' lang='lat' dir='ltr'><strong>quando</strong></span> <span class='ocrx_word' id='word_1_663' title='bbox 2608 2156 2793 2201; x_wconf 89' lang='lat' dir='ltr'><strong>contra</strong></span> <span class='ocrx_word' id='word_1_664' title='bbox 2839 2146 3142 2217; x_wconf 76' lang='lat' dir='ltr'><strong>linjusmodi</strong></span> <span class='ocrx_word' id='word_1_665' title='bbox 3185 2150 3484 2206; x_wconf 88' lang='lat' dir='ltr'><strong>sententias</strong></span> <span class='ocrx_word' id='word_1_666' title='bbox 3509 2149 3625 2206; x_wconf 87' lang='lat' dir='ltr'><strong>dis-</strong></span> 
     </span>
    </p>
   </div>
   <div class='ocr_carea' id='block_1_80' title="bbox 2035 2236 3624 2308">
    <p class='ocr_par' dir='ltr' id='par_1_80' title="bbox 2035 2236 3624 2308">
     <span class='ocr_line' id='line_1_80' title="bbox 2035 2236 3624 2308; baseline -0.001 -16"><span class='ocrx_word' id='word_1_667' title='bbox 2035 2245 2313 2307; x_wconf 84' lang='lat' dir='ltr'><strong>putamus,</strong></span> <span class='ocrx_word' id='word_1_668' title='bbox 2343 2237 2599 2293; x_wconf 84' lang='lat' dir='ltr'><strong>adversus</strong></span> <span class='ocrx_word' id='word_1_669' title='bbox 2642 2236 2947 2293; x_wconf 82' lang='lat' dir='ltr'><strong>damnatam</strong></span> <span class='ocrx_word' id='word_1_670' title='bbox 2986 2236 3233 2292; x_wconf 79' lang='lat' dir='ltr'><strong>lueresim</strong></span> <span class='ocrx_word' id='word_1_671' title='bbox 3268 2237 3624 2308; x_wconf 88' lang='lat' dir='ltr'><strong>disputamus.</strong></span> 
     </span>
    </p>
   </div>
   <div class='ocr_carea' id='block_1_81' title="bbox 2105 2328 3631 2400">
    <p class='ocr_par' dir='ltr' id='par_1_81' title="bbox 2105 2328 3631 2400">
     <span class='ocr_line' id='line_1_81' title="bbox 2105 2328 3631 2400; baseline 0 -15"><span class='ocrx_word' id='word_1_672' title='bbox 2105 2329 2195 2385; x_wconf 79' lang='grc'><strong>51.</strong></span> <span class='ocrx_word' id='word_1_673' title='bbox 2228 2329 2410 2384; x_wconf 86' lang='lat' dir='ltr'><strong>Dicam</strong></span> <span class='ocrx_word' id='word_1_674' title='bbox 2448 2329 2608 2384; x_wconf 82' lang='lat' dir='ltr'><strong>etiam</strong></span> <span class='ocrx_word' id='word_1_675' title='bbox 2646 2328 2846 2400; x_wconf 87' lang='lat' dir='ltr'><strong>aliquid</strong></span> <span class='ocrx_word' id='word_1_676' title='bbox 2873 2330 3106 2385; x_wconf 76' lang='lat' dir='ltr'><strong>Letius’.</strong></span> <span class='ocrx_word' id='word_1_677' title='bbox 3141 2329 3398 2400; x_wconf 85' lang='lat' dir='ltr'><strong>Superius</strong></span> <span class='ocrx_word' id='word_1_678' title='bbox 3436 2339 3631 2386; x_wconf 86' lang='lat' dir='ltr'><strong>metue-</strong></span> 
     </span>
    </p>
   </div>
   <div class='ocr_carea' id='block_1_82' title="bbox 2034 2416 3633 2493">
    <p class='ocr_par' dir='ltr' id='par_1_82' title="bbox 2034 2416 3633 2493">
     <span class='ocr_line' id='line_1_82' title="bbox 2034 2416 3633 2493; baseline -0.001 -19"><span class='ocrx_word' id='word_1_679' title='bbox 2034 2418 2156 2474; x_wconf 86' lang='lat' dir='ltr'><strong>bam</strong></span> <span class='ocrx_word' id='word_1_680' title='bbox 2179 2417 2377 2490; x_wconf 85' lang='lat' dir='ltr'><strong>(Supra</strong></span> <span class='ocrx_word' id='word_1_681' title='bbox 2395 2460 2410 2486; x_wconf 96' lang='lat'><strong>,</strong></span> <span class='ocrx_word' id='word_1_682' title='bbox 2439 2435 2493 2472; x_wconf 74' lang='grc' dir='ltr'><em>η.</em></span> <span class='ocrx_word' id='word_1_683' title='bbox 2522 2416 2615 2490; x_wconf 77' lang='lat'><strong>20)</strong></span> <span class='ocrx_word' id='word_1_684' title='bbox 2638 2460 2653 2485; x_wconf 93' lang='lat'><strong>,</strong></span> <span class='ocrx_word' id='word_1_685' title='bbox 2680 2433 2802 2474; x_wconf 90' lang='lat' dir='ltr'><strong>cum</strong></span> <span class='ocrx_word' id='word_1_686' title='bbox 2823 2418 3026 2474; x_wconf 87' lang='lat' dir='ltr'><strong>diceret</strong></span> <span class='ocrx_word' id='word_1_687' title='bbox 3054 2420 3332 2490; x_wconf 81' lang='lat' dir='ltr'><strong>Pelagius,</strong></span> <span class='ocrx_word' id='word_1_688' title='bbox 3361 2421 3633 2493; x_wconf 73' lang='lat' dir='ltr'><strong>atljttttrtttla</strong></span> 
     </span>
    </p>
   </div>
   <div class='ocr_carea' id='block_1_83' title="bbox 2034 2510 3633 2583">
    <p class='ocr_par' dir='ltr' id='par_1_83' title="bbox 2034 2510 3633 2583">
     <span class='ocr_line' id='line_1_83' title="bbox 2034 2510 3633 2583; baseline 0.004 -18"><span class='ocrx_word' id='word_1_689' title='bbox 2034 2513 2202 2582; x_wconf 84' lang='lat' dir='ltr'><strong>gratia</strong></span> <span class='ocrx_word' id='word_1_690' title='bbox 2226 2510 2326 2566; x_wconf 85' lang='lat' dir='ltr'><strong>Dei</strong></span> <span class='ocrx_word' id='word_1_691' title='bbox 2357 2527 2504 2583; x_wconf 87' lang='lat' dir='ltr'><strong>posse</strong></span> <span class='ocrx_word' id='word_1_692' title='bbox 2531 2527 2642 2567; x_wconf 77' lang='lat' dir='ltr'><strong>esse</strong></span> <span class='ocrx_word' id='word_1_693' title='bbox 2676 2511 2929 2567; x_wconf 78' lang='lat' dir='ltr'><strong>hominem</strong></span> <span class='ocrx_word' id='word_1_694' title='bbox 2966 2514 3075 2567; x_wconf 84' lang='lat' dir='ltr'><strong>sine</strong></span> <span class='ocrx_word' id='word_1_695' title='bbox 3100 2525 3305 2582; x_wconf 77' lang='lat' dir='ltr'><strong>peccato</strong></span> <span class='ocrx_word' id='word_1_696' title='bbox 3327 2556 3340 2580; x_wconf 89' lang='lat'><strong>,</strong></span> <span class='ocrx_word' id='word_1_697' title='bbox 3382 2531 3450 2570; x_wconf 87' lang='lat' dir='ltr'><strong>tte</strong></span> <span class='ocrx_word' id='word_1_698' title='bbox 3492 2515 3633 2570; x_wconf 71' lang='lat' dir='ltr'><strong>forte</strong></span> 
     </span>
    </p>
   </div>
   <div class='ocr_carea' id='block_1_84' title="bbox 2034 2603 3630 2677">
    <p class='ocr_par' dir='ltr' id='par_1_84' title="bbox 2034 2603 3630 2677">
     <span class='ocr_line' id='line_1_84' title="bbox 2034 2603 3630 2677; baseline 0.003 -18"><span class='ocrx_word' id='word_1_699' title='bbox 2034 2603 2280 2660; x_wconf 79' lang='lat' dir='ltr'><strong>eamdem</strong></span> <span class='ocrx_word' id='word_1_700' title='bbox 2299 2604 2529 2674; x_wconf 78' lang='lat' dir='ltr'><strong>gratiam</strong></span> <span class='ocrx_word' id='word_1_701' title='bbox 2558 2605 2961 2677; x_wconf 79' lang='lat' dir='ltr'><strong>possibilitan</strong></span> <span class='ocrx_word' id='word_1_702' title='bbox 2990 2607 3193 2662; x_wconf 77' lang='lat' dir='ltr'><strong>diceret</strong></span> <span class='ocrx_word' id='word_1_703' title='bbox 3220 2622 3340 2663; x_wconf 72' lang='lat' dir='ltr'><strong>esse</strong></span> <span class='ocrx_word' id='word_1_704' title='bbox 3368 2618 3572 2664; x_wconf 60' lang='lat' dir='ltr'><strong>natura:</strong></span> <span class='ocrx_word' id='word_1_705' title='bbox 3600 2628 3630 2663; x_wconf 86' lang='lat' dir='ltr'><strong>a</strong></span> 
     </span>
    </p>
   </div>
   <div class='ocr_carea' id='block_1_85' title="bbox 2035 2694 3632 2762">
    <p class='ocr_par' dir='ltr' id='par_1_85' title="bbox 2035 2694 3632 2762">
     <span class='ocr_line' id='line_1_85' title="bbox 2035 2694 3632 2762; baseline 0 -9"><span class='ocrx_word' id='word_1_706' title='bbox 2035 2694 2149 2753; x_wconf 80' lang='lat' dir='ltr'><strong>Deo</strong></span> <span class='ocrx_word' id='word_1_707' title='bbox 2173 2694 2407 2751; x_wconf 74' lang='lat' dir='ltr'><strong>conditae</strong></span> <span class='ocrx_word' id='word_1_708' title='bbox 2429 2709 2554 2753; x_wconf 72' lang='grc' dir='ltr'><strong>ωιτη</strong></span> <span class='ocrx_word' id='word_1_709' title='bbox 2591 2695 2764 2753; x_wconf 77' lang='lat' dir='ltr'><strong>libero</strong></span> <span class='ocrx_word' id='word_1_710' title='bbox 2792 2697 3047 2762; x_wconf 84' lang='lat' dir='ltr'><strong>arbitrio,</strong></span> <span class='ocrx_word' id='word_1_711' title='bbox 3079 2698 3215 2754; x_wconf 83' lang='lat' dir='ltr'><strong>sicut</strong></span> <span class='ocrx_word' id='word_1_712' title='bbox 3262 2700 3315 2753; x_wconf 89' lang='lat' dir='ltr'><strong>in</strong></span> <span class='ocrx_word' id='word_1_713' title='bbox 3361 2699 3497 2754; x_wconf 87' lang='lat' dir='ltr'><strong>libro</strong></span> <span class='ocrx_word' id='word_1_714' title='bbox 3540 2701 3632 2755; x_wconf 66' lang='lat' dir='ltr'><strong>illo</strong></span> 
     </span>
    </p>
   </div>
   <div class='ocr_carea' id='block_1_86' title="bbox 2033 2788 3632 2864">
    <p class='ocr_par' dir='ltr' id='par_1_86' title="bbox 2033 2788 3632 2864">
     <span class='ocr_line' id='line_1_86' title="bbox 2033 2788 3632 2864; baseline 0.001 -19"><span class='ocrx_word' id='word_1_715' title='bbox 2033 2797 2152 2854; x_wconf 85' lang='lat' dir='ltr'><strong>est,</strong></span> <span class='ocrx_word' id='word_1_716' title='bbox 2181 2798 2619 2863; x_wconf 66' lang='lat' dir='ltr'><strong>qpemtanquam</strong></span> <span class='ocrx_word' id='word_1_717' title='bbox 2648 2788 2765 2859; x_wconf 85' lang='lat' dir='ltr'><strong>ejns</strong></span> <span class='ocrx_word' id='word_1_718' title='bbox 2792 2790 2975 2859; x_wconf 82' lang='lat' dir='ltr'><strong>accepi</strong></span> <span class='ocrx_word' id='word_1_719' title='bbox 3010 2789 3087 2864; x_wconf 80' lang='grc' dir='ltr'><strong>(α)</strong></span> <span class='ocrx_word' id='word_1_720' title='bbox 3107 2833 3124 2857; x_wconf 86' lang='grc'><em>,</em></span> <span class='ocrx_word' id='word_1_721' title='bbox 3148 2792 3234 2847; x_wconf 89' lang='lat' dir='ltr'><strong>cui</strong></span> <span class='ocrx_word' id='word_1_722' title='bbox 3266 2791 3551 2863; x_wconf 87' lang='lat' dir='ltr'><strong>respondi,</strong></span> <span class='ocrx_word' id='word_1_723' title='bbox 3577 2802 3632 2847; x_wconf 87' lang='lat' dir='ltr'><strong>et</strong></span> 
     </span>
    </p>
   </div>
   <div class='ocr_carea' id='block_1_87' title="bbox 2032 2879 3629 2950">
    <p class='ocr_par' dir='ltr' id='par_1_87' title="bbox 2032 2879 3629 2950">
     <span class='ocr_line' id='line_1_87' title="bbox 2032 2879 3629 2950; baseline 0.001 -14"><span class='ocrx_word' id='word_1_724' title='bbox 2032 2896 2103 2941; x_wconf 82' lang='lat' dir='ltr'><strong>eo</strong></span> <span class='ocrx_word' id='word_1_725' title='bbox 2130 2879 2293 2936; x_wconf 85' lang='lat' dir='ltr'><strong>modo</strong></span> <span class='ocrx_word' id='word_1_726' title='bbox 2317 2879 2621 2937; x_wconf 83' lang='lat' dir='ltr'><strong>nescientes</strong></span> <span class='ocrx_word' id='word_1_727' title='bbox 2643 2879 2853 2950; x_wconf 87' lang='lat' dir='ltr'><strong>judices</strong></span> <span class='ocrx_word' id='word_1_728' title='bbox 2878 2879 3088 2936; x_wconf 83' lang='lat' dir='ltr'><strong>falleret</strong></span> <span class='ocrx_word' id='word_1_729' title='bbox 3129 2900 3144 2936; x_wconf 90' lang='lat'><strong>:</strong></span> <span class='ocrx_word' id='word_1_730' title='bbox 3183 2897 3326 2938; x_wconf 89' lang='lat' dir='ltr'><strong>nunc</strong></span> <span class='ocrx_word' id='word_1_731' title='bbox 3356 2898 3480 2938; x_wconf 86' lang='lat' dir='ltr'><strong>vero</strong></span> <span class='ocrx_word' id='word_1_732' title='bbox 3508 2899 3629 2939; x_wconf 86' lang='lat' dir='ltr'><strong>cum</strong></span> 
     </span>
    </p>
   </div>
   <div class='ocr_carea' id='block_1_88' title="bbox 2034 2956 3633 3045">
    <p class='ocr_par' dir='ltr' id='par_1_88' title="bbox 2034 2956 3633 3045">
     <span class='ocr_line' id='line_1_88' title="bbox 2034 2956 3633 3045; baseline 0.003 -18"><span class='ocrx_word' id='word_1_733' title='bbox 2034 2956 2457 3027; x_wconf 75' lang='lat' dir='ltr'><strong>anathematizat</strong></span> <span class='ocrx_word' id='word_1_734' title='bbox 2494 2986 2591 3027; x_wconf 88' lang='lat' dir='ltr'><strong>eos</strong></span> <span class='ocrx_word' id='word_1_735' title='bbox 2629 2972 2717 3042; x_wconf 88' lang='lat' dir='ltr'><strong>qui</strong></span> <span class='ocrx_word' id='word_1_736' title='bbox 2740 2972 2959 3045; x_wconf 78' lang='lat' dir='ltr'><strong>gratiam</strong></span> <span class='ocrx_word' id='word_1_737' title='bbox 2987 2971 3082 3028; x_wconf 88' lang='lat' dir='ltr'><strong>Dei</strong></span> <span class='ocrx_word' id='word_1_738' title='bbox 3118 2984 3166 3027; x_wconf 90' lang='lat' dir='ltr'><strong>et</strong></span> <span class='ocrx_word' id='word_1_739' title='bbox 3192 2975 3506 3045; x_wconf 77' lang='lat' dir='ltr'><strong>adjutorium</strong></span> <span class='ocrx_word' id='word_1_740' title='bbox 3532 2993 3633 3031; x_wconf 89' lang='lat' dir='ltr'><strong>non</strong></span> 
     </span>
    </p>
   </div>
   <div class='ocr_carea' id='block_1_89' title="bbox 2035 3062 3628 3134">
    <p class='ocr_par' dir='ltr' id='par_1_89' title="bbox 2035 3062 3628 3134">
     <span class='ocr_line' id='line_1_89' title="bbox 2035 3062 3628 3134; baseline 0.002 -16"><span class='ocrx_word' id='word_1_741' title='bbox 2035 3064 2103 3118; x_wconf 88' lang='lat' dir='ltr'><strong>ad</strong></span> <span class='ocrx_word' id='word_1_742' title='bbox 2121 3062 2348 3134; x_wconf 83' lang='lat' dir='ltr'><strong>singulos</strong></span> <span class='ocrx_word' id='word_1_743' title='bbox 2372 3071 2518 3118; x_wconf 82' lang='lat' dir='ltr'><strong>actus</strong></span> <span class='ocrx_word' id='word_1_744' title='bbox 2538 3063 2713 3118; x_wconf 77' lang='lat' dir='ltr'><strong>dicunt</strong></span> <span class='ocrx_word' id='word_1_745' title='bbox 2743 3062 2879 3128; x_wconf 83' lang='lat' dir='ltr'><strong>dari,</strong></span> <span class='ocrx_word' id='word_1_746' title='bbox 2900 3062 2991 3118; x_wconf 86' lang='lat' dir='ltr'><strong>sed</strong></span> <span class='ocrx_word' id='word_1_747' title='bbox 3011 3064 3064 3118; x_wconf 89' lang='lat' dir='ltr'><strong>in</strong></span> <span class='ocrx_word' id='word_1_748' title='bbox 3093 3064 3251 3121; x_wconf 85' lang='lat' dir='ltr'><strong>libero</strong></span> <span class='ocrx_word' id='word_1_749' title='bbox 3270 3065 3479 3121; x_wconf 84' lang='lat' dir='ltr'><strong>arbitrio</strong></span> <span class='ocrx_word' id='word_1_750' title='bbox 3503 3084 3628 3132; x_wconf 85' lang='lat' dir='ltr'><strong>esse,</strong></span> 
     </span>
    </p>
   </div>
   <div class='ocr_carea' id='block_1_90' title="bbox 2036 3154 3627 3228">
    <p class='ocr_par' dir='ltr' id='par_1_90' title="bbox 2036 3154 3627 3228">
     <span class='ocr_line' id='line_1_90' title="bbox 2036 3154 3627 3228; baseline 0.002 -18"><span class='ocrx_word' id='word_1_751' title='bbox 2036 3155 2114 3210; x_wconf 85' lang='lat' dir='ltr'><strong>vet</strong></span> <span class='ocrx_word' id='word_1_752' title='bbox 2137 3155 2194 3210; x_wconf 80' lang='lat' dir='ltr'><strong>in</strong></span> <span class='ocrx_word' id='word_1_753' title='bbox 2213 3154 2322 3226; x_wconf 82' lang='lat' dir='ltr'><strong>tege</strong></span> <span class='ocrx_word' id='word_1_754' title='bbox 2339 3163 2490 3225; x_wconf 86' lang='lat' dir='ltr'><strong>atque</strong></span> <span class='ocrx_word' id='word_1_755' title='bbox 2512 3154 2769 3220; x_wconf 83' lang='lat' dir='ltr'><strong>doctrina;</strong></span> <span class='ocrx_word' id='word_1_756' title='bbox 2788 3155 2921 3211; x_wconf 83' lang='lat' dir='ltr'><strong>satis</strong></span> <span class='ocrx_word' id='word_1_757' title='bbox 2941 3156 3220 3213; x_wconf 80' lang='lat' dir='ltr'><strong>evidenter</strong></span> <span class='ocrx_word' id='word_1_758' title='bbox 3246 3169 3488 3228; x_wconf 82' lang='lat' dir='ltr'><strong>apparet,</strong></span> <span class='ocrx_word' id='word_1_759' title='bbox 3509 3175 3627 3213; x_wconf 89' lang='lat' dir='ltr'><strong>eam</strong></span> 
     </span>
    </p>
   </div>
   <div class='ocr_carea' id='block_1_91' title="bbox 2038 3247 3630 3321">
    <p class='ocr_par' dir='ltr' id='par_1_91' title="bbox 2038 3247 3630 3321">
     <span class='ocr_line' id='line_1_91' title="bbox 2038 3247 3630 3321; baseline 0.003 -19"><span class='ocrx_word' id='word_1_760' title='bbox 2038 3247 2188 3304; x_wconf 86' lang='lat' dir='ltr'><strong>illum</strong></span> <span class='ocrx_word' id='word_1_761' title='bbox 2213 3248 2393 3303; x_wconf 86' lang='lat' dir='ltr'><strong>dicere</strong></span> <span class='ocrx_word' id='word_1_762' title='bbox 2412 3248 2636 3318; x_wconf 86' lang='lat' dir='ltr'><strong>gratiam</strong></span> <span class='ocrx_word' id='word_1_763' title='bbox 2662 3289 2678 3315; x_wconf 94' lang='lat'><strong>,</strong></span> <span class='ocrx_word' id='word_1_764' title='bbox 2709 3263 2830 3318; x_wconf 70' lang='lat' dir='ltr'><strong>quae</strong></span> <span class='ocrx_word' id='word_1_765' title='bbox 2860 3248 2915 3303; x_wconf 93' lang='lat' dir='ltr'><strong>in</strong></span> <span class='ocrx_word' id='word_1_766' title='bbox 2941 3248 3402 3307; x_wconf 70' lang='lat' dir='ltr'><strong>Cbt&#39;istiEcclesia</strong></span> <span class='ocrx_word' id='word_1_767' title='bbox 3435 3252 3630 3321; x_wconf 74' lang='lat' dir='ltr'><strong>pnedi-</strong></span> 
     </span>
    </p>
   </div>
   <div class='ocr_carea' id='block_1_92' title="bbox 2035 3337 3627 3411">
    <p class='ocr_par' dir='ltr' id='par_1_92' title="bbox 2035 3337 3627 3411">
     <span class='ocr_line' id='line_1_92' title="bbox 2035 3337 3627 3411; baseline 0 -17"><span class='ocrx_word' id='word_1_768' title='bbox 2035 3345 2204 3403; x_wconf 88' lang='lat' dir='ltr'><strong>catur,</strong></span> <span class='ocrx_word' id='word_1_769' title='bbox 2237 3353 2358 3409; x_wconf 69' lang='lat' dir='ltr'><strong>quas</strong></span> <span class='ocrx_word' id='word_1_770' title='bbox 2380 3337 2874 3395; x_wconf 86' lang='lat' dir='ltr'><strong>subministratinne</strong></span> <span class='ocrx_word' id='word_1_771' title='bbox 2897 3340 3066 3397; x_wconf 86' lang='lat' dir='ltr'><strong>sancti</strong></span> <span class='ocrx_word' id='word_1_772' title='bbox 3099 3339 3329 3411; x_wconf 90' lang='lat' dir='ltr'><strong>Spiritus</strong></span> <span class='ocrx_word' id='word_1_773' title='bbox 3356 3341 3516 3396; x_wconf 91' lang='lat' dir='ltr'><strong>datur</strong></span> <span class='ocrx_word' id='word_1_774' title='bbox 3532 3383 3548 3409; x_wconf 95' lang='lat'><strong>,</strong></span> <span class='ocrx_word' id='word_1_775' title='bbox 3572 3354 3627 3396; x_wconf 89' lang='lat' dir='ltr'><strong>ut</strong></span> 
     </span>
    </p>
   </div>
   <div class='ocr_carea' id='block_1_93' title="bbox 2037 3429 3629 3499">
    <p class='ocr_par' dir='ltr' id='par_1_93' title="bbox 2037 3429 3629 3499">
     <span class='ocr_line' id='line_1_93' title="bbox 2037 3429 3629 3499; baseline 0.002 -16"><span class='ocrx_word' id='word_1_776' title='bbox 2037 3429 2107 3484; x_wconf 89' lang='lat' dir='ltr'><strong>ad</strong></span> <span class='ocrx_word' id='word_1_777' title='bbox 2135 3439 2347 3484; x_wconf 85' lang='lat' dir='ltr'><strong>nostros</strong></span> <span class='ocrx_word' id='word_1_778' title='bbox 2362 3436 2517 3485; x_wconf 88' lang='lat' dir='ltr'><strong>actus</strong></span> <span class='ocrx_word' id='word_1_779' title='bbox 2535 3429 2775 3499; x_wconf 83' lang='lat' dir='ltr'><strong>singulos</strong></span> <span class='ocrx_word' id='word_1_780' title='bbox 2798 3429 3114 3499; x_wconf 88' lang='lat' dir='ltr'><strong>adjuvemur</strong></span> <span class='ocrx_word' id='word_1_781' title='bbox 3137 3449 3150 3486; x_wconf 91' lang='lat'><strong>:</strong></span> <span class='ocrx_word' id='word_1_782' title='bbox 3175 3432 3317 3487; x_wconf 90' lang='lat' dir='ltr'><strong>unde</strong></span> <span class='ocrx_word' id='word_1_783' title='bbox 3335 3441 3388 3489; x_wconf 90' lang='lat' dir='ltr'><strong>et</strong></span> <span class='ocrx_word' id='word_1_784' title='bbox 3412 3447 3629 3488; x_wconf 80' lang='lat' dir='ltr'><strong>oramus</strong></span> 
     </span>
    </p>
   </div>
   <div class='ocr_carea' id='block_1_94' title="bbox 2037 3520 3628 3591">
    <p class='ocr_par' dir='ltr' id='par_1_94' title="bbox 2037 3520 3628 3591">
     <span class='ocr_line' id='line_1_94' title="bbox 2037 3520 3628 3591; baseline 0.001 -16"><span class='ocrx_word' id='word_1_785' title='bbox 2037 3534 2251 3590; x_wconf 83' lang='lat' dir='ltr'><strong>semper</strong></span> <span class='ocrx_word' id='word_1_786' title='bbox 2273 3520 2595 3590; x_wconf 85' lang='lat' dir='ltr'><strong>adjutorium</strong></span> <span class='ocrx_word' id='word_1_787' title='bbox 2621 3529 3000 3591; x_wconf 86' lang='lat' dir='ltr'><strong>opportunum,</strong></span> <span class='ocrx_word' id='word_1_788' title='bbox 3018 3536 3088 3577; x_wconf 89' lang='lat' dir='ltr'><strong>ne</strong></span> <span class='ocrx_word' id='word_1_789' title='bbox 3115 3521 3406 3578; x_wconf 69' lang='lat' dir='ltr'><strong>inferamur</strong></span> <span class='ocrx_word' id='word_1_790' title='bbox 3431 3522 3487 3577; x_wconf 89' lang='lat' dir='ltr'><strong>in</strong></span> <span class='ocrx_word' id='word_1_791' title='bbox 3516 3532 3628 3578; x_wconf 89' lang='lat' dir='ltr'><strong>ten-</strong></span> 
     </span>
    </p>
   </div>
   <div class='ocr_carea' id='block_1_95' title="bbox 2039 3612 3627 3684">
    <p class='ocr_par' dir='ltr' id='par_1_95' title="bbox 2039 3612 3627 3684">
     <span class='ocr_line' id='line_1_95' title="bbox 2039 3612 3627 3684; baseline 0 -14"><span class='ocrx_word' id='word_1_792' title='bbox 2039 3614 2314 3673; x_wconf 86' lang='lat' dir='ltr'><strong>tationem.</strong></span> <span class='ocrx_word' id='word_1_793' title='bbox 2343 3612 2455 3670; x_wconf 86' lang='lat' dir='ltr'><strong>Nec</strong></span> <span class='ocrx_word' id='word_1_794' title='bbox 2482 3612 2611 3669; x_wconf 91' lang='lat' dir='ltr'><strong>illud</strong></span> <span class='ocrx_word' id='word_1_795' title='bbox 2648 3613 2759 3684; x_wconf 84' lang='lat' dir='ltr'><strong>jam</strong></span> <span class='ocrx_word' id='word_1_796' title='bbox 2788 3622 3000 3680; x_wconf 89' lang='lat' dir='ltr'><strong>metuo,</strong></span> <span class='ocrx_word' id='word_1_797' title='bbox 3047 3628 3116 3669; x_wconf 93' lang='lat' dir='ltr'><strong>ne</strong></span> <span class='ocrx_word' id='word_1_798' title='bbox 3160 3612 3296 3670; x_wconf 81' lang='lat' dir='ltr'><strong>forte</strong></span> <span class='ocrx_word' id='word_1_799' title='bbox 3329 3613 3417 3670; x_wconf 92' lang='lat' dir='ltr'><strong>ubi</strong></span> <span class='ocrx_word' id='word_1_800' title='bbox 3457 3614 3627 3679; x_wconf 89' lang='lat' dir='ltr'><strong>dixit,</strong></span> 
     </span>
    </p>
   </div>
   <div class='ocr_carea' id='block_1_96' title="bbox 2041 3704 3629 3789">
    <p class='ocr_par' dir='ltr' id='par_1_96' title="bbox 2041 3704 3629 3789">
     <span class='ocr_line' id='line_1_96' title="bbox 2041 3704 3629 3789; baseline 0.002 -30"><span class='ocrx_word' id='word_1_801' title='bbox 2041 3704 2164 3760; x_wconf 85' lang='lat' dir='ltr'><strong>Non</strong></span> <span class='ocrx_word' id='word_1_802' title='bbox 2186 3722 2330 3777; x_wconf 86' lang='lat' dir='ltr'><strong>posse</strong></span> <span class='ocrx_word' id='word_1_803' title='bbox 2351 3722 2457 3762; x_wconf 86' lang='lat' dir='ltr'><strong>esse</strong></span> <span class='ocrx_word' id='word_1_804' title='bbox 2481 3706 2589 3760; x_wconf 90' lang='lat' dir='ltr'><strong>sine</strong></span> <span class='ocrx_word' id='word_1_805' title='bbox 2608 3714 2809 3776; x_wconf 82' lang='lat' dir='ltr'><strong>peccato</strong></span> <span class='ocrx_word' id='word_1_806' title='bbox 2829 3747 2845 3773; x_wconf 91' lang='lat'><strong>,</strong></span> <span class='ocrx_word' id='word_1_807' title='bbox 2871 3706 2969 3761; x_wconf 83' lang='lat' dir='ltr'><strong>nisi</strong></span> <span class='ocrx_word' id='word_1_808' title='bbox 2988 3706 3075 3778; x_wconf 84' lang='lat' dir='ltr'><strong>qui</strong></span> <span class='ocrx_word' id='word_1_809' title='bbox 3100 3706 3360 3789; x_wconf 76' lang='lat' dir='ltr'><strong>scientiam</strong></span> <span class='ocrx_word' id='word_1_810' title='bbox 3392 3705 3518 3779; x_wconf 83' lang='lat' dir='ltr'><strong>legis</strong></span> <span class='ocrx_word' id='word_1_811' title='bbox 3537 3707 3629 3761; x_wconf 85' lang='lat' dir='ltr'><strong>ha-</strong></span> 
     </span>
    </p>
   </div>
   <div class='ocr_carea' id='block_1_97' title="bbox 2039 3798 3629 3871">
    <p class='ocr_par' dir='ltr' id='par_1_97' title="bbox 2039 3798 3629 3871">
     <span class='ocr_line' id='line_1_97' title="bbox 2039 3798 3629 3871; baseline -0.001 -18"><span class='ocrx_word' id='word_1_812' title='bbox 2039 3798 2225 3862; x_wconf 81' lang='lat' dir='ltr'><strong>buerit,</strong></span> <span class='ocrx_word' id='word_1_813' title='bbox 2257 3806 2418 3870; x_wconf 88' lang='lat' dir='ltr'><strong>atque</strong></span> <span class='ocrx_word' id='word_1_814' title='bbox 2446 3798 2499 3853; x_wconf 89' lang='lat' dir='ltr'><strong>id</strong></span> <span class='ocrx_word' id='word_1_815' title='bbox 2527 3798 2598 3853; x_wconf 85' lang='lat' dir='ltr'><strong>ita</strong></span> <span class='ocrx_word' id='word_1_816' title='bbox 2627 3798 2911 3869; x_wconf 83' lang='lat' dir='ltr'><strong>exposuit,</strong></span> <span class='ocrx_word' id='word_1_817' title='bbox 2938 3807 2995 3853; x_wconf 89' lang='lat' dir='ltr'><strong>ut</strong></span> <span class='ocrx_word' id='word_1_818' title='bbox 3023 3798 3091 3852; x_wconf 85' lang='lat' dir='ltr'><strong>ad</strong></span> <span class='ocrx_word' id='word_1_819' title='bbox 3111 3815 3213 3853; x_wconf 90' lang='lat' dir='ltr'><strong>non</strong></span> <span class='ocrx_word' id='word_1_820' title='bbox 3232 3800 3549 3871; x_wconf 80' lang='lat' dir='ltr'><strong>peccandum</strong></span> <span class='ocrx_word' id='word_1_821' title='bbox 3577 3802 3629 3853; x_wconf 90' lang='lat' dir='ltr'><strong>in</strong></span> 
     </span>
    </p>
   </div>
   <div class='ocr_carea' id='block_1_98' title="bbox 2038 3888 3632 3963">
    <p class='ocr_par' dir='ltr' id='par_1_98' title="bbox 2038 3888 3632 3963">
     <span class='ocr_line' id='line_1_98' title="bbox 2038 3888 3632 3963; baseline 0.002 -21"><span class='ocrx_word' id='word_1_822' title='bbox 2038 3889 2165 3961; x_wconf 79' lang='lat' dir='ltr'><strong>tegis</strong></span> <span class='ocrx_word' id='word_1_823' title='bbox 2188 3890 2450 3944; x_wconf 87' lang='lat' dir='ltr'><strong>scientiam</strong></span> <span class='ocrx_word' id='word_1_824' title='bbox 2479 3898 2683 3957; x_wconf 87' lang='lat' dir='ltr'><strong>poneret</strong></span> <span class='ocrx_word' id='word_1_825' title='bbox 2706 3888 3017 3960; x_wconf 87' lang='lat' dir='ltr'><strong>adjutorium</strong></span> <span class='ocrx_word' id='word_1_826' title='bbox 3047 3889 3274 3961; x_wconf 85' lang='lat' dir='ltr'><strong>(Supra,</strong></span> <span class='ocrx_word' id='word_1_827' title='bbox 3302 3906 3356 3944; x_wconf 83' lang='grc' dir='ltr'><strong>η.</strong></span> <span class='ocrx_word' id='word_1_828' title='bbox 3385 3890 3463 3963; x_wconf 74' lang='grc'><strong>2),</strong></span> <span class='ocrx_word' id='word_1_829' title='bbox 3488 3904 3632 3945; x_wconf 85' lang='lat' dir='ltr'><strong>eam-</strong></span> 
     </span>
    </p>
   </div>
   <div class='ocr_carea' id='block_1_99' title="bbox 2037 3982 3630 4063">
    <p class='ocr_par' dir='ltr' id='par_1_99' title="bbox 2037 3982 3630 4063">
     <span class='ocr_line' id='line_1_99' title="bbox 2037 3982 3630 4063; baseline 0.001 -25"><span class='ocrx_word' id='word_1_830' title='bbox 2037 3982 2162 4063; x_wconf 80' lang='lat' dir='ltr'><strong>dem</strong></span> <span class='ocrx_word' id='word_1_831' title='bbox 2194 3982 2326 4053; x_wconf 84' lang='lat' dir='ltr'><strong>legis</strong></span> <span class='ocrx_word' id='word_1_832' title='bbox 2350 3983 2627 4039; x_wconf 87' lang='lat' dir='ltr'><strong>scientiam</strong></span> <span class='ocrx_word' id='word_1_833' title='bbox 2657 3982 2751 4039; x_wconf 89' lang='lat' dir='ltr'><strong>Dei</strong></span> <span class='ocrx_word' id='word_1_834' title='bbox 2791 3982 3019 4054; x_wconf 85' lang='lat' dir='ltr'><strong>gratiam</strong></span> <span class='ocrx_word' id='word_1_835' title='bbox 3043 3983 3172 4040; x_wconf 90' lang='lat' dir='ltr'><strong>velit</strong></span> <span class='ocrx_word' id='word_1_836' title='bbox 3217 3983 3461 4055; x_wconf 89' lang='lat' dir='ltr'><strong>intelligi.</strong></span> <span class='ocrx_word' id='word_1_837' title='bbox 3491 3986 3630 4040; x_wconf 84' lang='lat' dir='ltr'><strong>Ecce</strong></span> 
     </span>
    </p>
   </div>
   <div class='ocr_carea' id='block_1_100' title="bbox 2037 4073 3629 4144">
    <p class='ocr_par' dir='ltr' id='par_1_100' title="bbox 2037 4073 3629 4144">
     <span class='ocr_line' id='line_1_100' title="bbox 2037 4073 3629 4144; baseline 0.001 -15"><span class='ocrx_word' id='word_1_838' title='bbox 2037 4074 2453 4131; x_wconf 82' lang='lat' dir='ltr'><strong>anathematth</strong></span> <span class='ocrx_word' id='word_1_839' title='bbox 2495 4073 2586 4144; x_wconf 85' lang='lat' dir='ltr'><strong>qui</strong></span> <span class='ocrx_word' id='word_1_840' title='bbox 2631 4073 2737 4129; x_wconf 81' lang='lat' dir='ltr'><strong>hoc</strong></span> <span class='ocrx_word' id='word_1_841' title='bbox 2776 4074 3015 4131; x_wconf 84' lang='lat' dir='ltr'><strong>sentiunt</strong></span> <span class='ocrx_word' id='word_1_842' title='bbox 3041 4092 3057 4131; x_wconf 87' lang='lat'><strong>:</strong></span> <span class='ocrx_word' id='word_1_843' title='bbox 3084 4089 3211 4131; x_wconf 87' lang='lat' dir='ltr'><strong>ecce</strong></span> <span class='ocrx_word' id='word_1_844' title='bbox 3258 4090 3359 4134; x_wconf 88' lang='lat' dir='ltr'><strong>nec</strong></span> <span class='ocrx_word' id='word_1_845' title='bbox 3387 4085 3629 4132; x_wconf 82' lang='lat' dir='ltr'><strong>naturam</strong></span> 
     </span>
    </p>
   </div>
   <div class='ocr_carea' id='block_1_101' title="bbox 2039 4164 3634 4237">
    <p class='ocr_par' dir='ltr' id='par_1_101' title="bbox 2039 4164 3634 4237">
     <span class='ocr_line' id='line_1_101' title="bbox 2039 4164 3634 4237; baseline 0.003 -17"><span class='ocrx_word' id='word_1_846' title='bbox 2039 4165 2195 4221; x_wconf 86' lang='lat' dir='ltr'><strong>liberi</strong></span> <span class='ocrx_word' id='word_1_847' title='bbox 2221 4164 2459 4234; x_wconf 87' lang='lat' dir='ltr'><strong>arbitrii,</strong></span> <span class='ocrx_word' id='word_1_848' title='bbox 2491 4180 2591 4222; x_wconf 89' lang='lat' dir='ltr'><strong>nec</strong></span> <span class='ocrx_word' id='word_1_849' title='bbox 2617 4166 2789 4237; x_wconf 85' lang='lat' dir='ltr'><strong>legem</strong></span> <span class='ocrx_word' id='word_1_850' title='bbox 2824 4176 2987 4237; x_wconf 85' lang='lat' dir='ltr'><strong>atque</strong></span> <span class='ocrx_word' id='word_1_851' title='bbox 3014 4166 3314 4233; x_wconf 85' lang='lat' dir='ltr'><strong>doctrinam</strong></span> <span class='ocrx_word' id='word_1_852' title='bbox 3342 4169 3459 4224; x_wconf 86' lang='lat' dir='ltr'><strong>vult</strong></span> <span class='ocrx_word' id='word_1_853' title='bbox 3484 4168 3634 4225; x_wconf 88' lang='lat' dir='ltr'><strong>intel-</strong></span> 
     </span>
    </p>
   </div>
   <div class='ocr_carea' id='block_1_102' title="bbox 2038 4255 3630 4329">
    <p class='ocr_par' dir='ltr' id='par_1_102' title="bbox 2038 4255 3630 4329">
     <span class='ocr_line' id='line_1_102' title="bbox 2038 4255 3630 4329; baseline 0.003 -19"><span class='ocrx_word' id='word_1_854' title='bbox 2038 4255 2128 4327; x_wconf 86' lang='lat' dir='ltr'><strong>ligi</strong></span> <span class='ocrx_word' id='word_1_855' title='bbox 2151 4255 2411 4327; x_wconf 84' lang='lat' dir='ltr'><strong>gratiam,</strong></span> <span class='ocrx_word' id='word_1_856' title='bbox 2442 4271 2547 4326; x_wconf 89' lang='lat' dir='ltr'><strong>qua</strong></span> <span class='ocrx_word' id='word_1_857' title='bbox 2573 4271 2669 4327; x_wconf 87' lang='lat' dir='ltr'><strong>per</strong></span> <span class='ocrx_word' id='word_1_858' title='bbox 2696 4265 2846 4312; x_wconf 88' lang='lat' dir='ltr'><strong>actus</strong></span> <span class='ocrx_word' id='word_1_859' title='bbox 2871 4257 3110 4328; x_wconf 87' lang='lat' dir='ltr'><strong>singulos</strong></span> <span class='ocrx_word' id='word_1_860' title='bbox 3133 4256 3466 4329; x_wconf 66' lang='lat' dir='ltr'><strong>adiuvamur.</strong></span> <span class='ocrx_word' id='word_1_861' title='bbox 3495 4258 3630 4327; x_wconf 87' lang='lat' dir='ltr'><strong>Quid</strong></span> 
     </span>
    </p>
   </div>
   <div class='ocr_carea' id='block_1_103' title="bbox 2037 4349 3628 4422">
    <p class='ocr_par' dir='ltr' id='par_1_103' title="bbox 2037 4349 3628 4422">
     <span class='ocr_line' id='line_1_103' title="bbox 2037 4349 3628 4422; baseline 0.001 -17"><span class='ocrx_word' id='word_1_862' title='bbox 2037 4364 2167 4421; x_wconf 85' lang='lat' dir='ltr'><strong>ergo</strong></span> <span class='ocrx_word' id='word_1_863' title='bbox 2192 4358 2397 4415; x_wconf 87' lang='lat' dir='ltr'><strong>restat,</strong></span> <span class='ocrx_word' id='word_1_864' title='bbox 2428 4350 2527 4404; x_wconf 84' lang='lat' dir='ltr'><strong>nisi</strong></span> <span class='ocrx_word' id='word_1_865' title='bbox 2554 4359 2613 4404; x_wconf 90' lang='lat' dir='ltr'><strong>ut</strong></span> <span class='ocrx_word' id='word_1_866' title='bbox 2637 4364 2755 4405; x_wconf 89' lang='lat' dir='ltr'><strong>eam</strong></span> <span class='ocrx_word' id='word_1_867' title='bbox 2780 4349 3037 4420; x_wconf 83' lang='lat' dir='ltr'><strong>intelligat</strong></span> <span class='ocrx_word' id='word_1_868' title='bbox 3053 4365 3211 4422; x_wconf 88' lang='lat' dir='ltr'><strong>quam</strong></span> <span class='ocrx_word' id='word_1_869' title='bbox 3242 4350 3372 4406; x_wconf 77' lang='lat' dir='ltr'><strong>dicit</strong></span> <span class='ocrx_word' id='word_1_870' title='bbox 3396 4353 3628 4421; x_wconf 80' lang='lat' dir='ltr'><strong>Aposto—</strong></span> 
     </span>
    </p>
   </div>
   <div class='ocr_carea' id='block_1_104' title="bbox 2038 4440 3627 4517">
    <p class='ocr_par' dir='ltr' id='par_1_104' title="bbox 2038 4440 3627 4517">
     <span class='ocr_line' id='line_1_104' title="bbox 2038 4440 3627 4517; baseline 0 -20"><span class='ocrx_word' id='word_1_871' title='bbox 2038 4440 2152 4508; x_wconf 85' lang='lat' dir='ltr'><strong>lus,</strong></span> <span class='ocrx_word' id='word_1_872' title='bbox 2175 4440 2667 4499; x_wconf 87' lang='lat' dir='ltr'><strong>subministratione</strong></span> <span class='ocrx_word' id='word_1_873' title='bbox 2695 4440 2924 4512; x_wconf 90' lang='lat' dir='ltr'><strong>Spiritus</strong></span> <span class='ocrx_word' id='word_1_874' title='bbox 2947 4441 3116 4497; x_wconf 87' lang='lat' dir='ltr'><strong>sancti</strong></span> <span class='ocrx_word' id='word_1_875' title='bbox 3144 4441 3258 4497; x_wconf 91' lang='lat' dir='ltr'><strong>dari</strong></span> <span class='ocrx_word' id='word_1_876' title='bbox 3282 4441 3543 4517; x_wconf 79' lang='lat' dir='ltr'><strong>(Philipp.</strong></span> <span class='ocrx_word' id='word_1_877' title='bbox 3573 4459 3589 4497; x_wconf 86' lang='grc' dir='ltr'><strong><em>ι</em></strong></span> <span class='ocrx_word' id='word_1_878' title='bbox 3614 4485 3627 4503; x_wconf 92' lang='grc'><strong>.</strong></span> 
     </span>
    </p>
   </div>
   <div class='ocr_carea' id='block_1_105' title="bbox 2038 4530 3628 4605">
    <p class='ocr_par' dir='ltr' id='par_1_105' title="bbox 2038 4530 3628 4605">
     <span class='ocr_line' id='line_1_105' title="bbox 2038 4530 3628 4605; baseline -0.001 -19"><span class='ocrx_word' id='word_1_879' title='bbox 2038 4530 2174 4603; x_wconf 60' lang='grc' dir='ltr'><strong>19η</strong></span> <span class='ocrx_word' id='word_1_880' title='bbox 2197 4531 2266 4587; x_wconf 90' lang='lat' dir='ltr'><strong>de</strong></span> <span class='ocrx_word' id='word_1_881' title='bbox 2303 4547 2408 4603; x_wconf 89' lang='lat' dir='ltr'><strong>qua</strong></span> <span class='ocrx_word' id='word_1_882' title='bbox 2433 4531 2563 4587; x_wconf 88' lang='lat' dir='ltr'><strong>dicit</strong></span> <span class='ocrx_word' id='word_1_883' title='bbox 2598 4532 2881 4597; x_wconf 85' lang='lat' dir='ltr'><strong>Dominus,</strong></span> <span class='ocrx_word' id='word_1_884' title='bbox 2914 4530 3090 4586; x_wconf 87' lang='lat' dir='ltr'><strong>Nolite</strong></span> <span class='ocrx_word' id='word_1_885' title='bbox 3115 4532 3337 4605; x_wconf 82' lang='lat' dir='ltr'><strong>cogitare</strong></span> <span class='ocrx_word' id='word_1_886' title='bbox 3376 4534 3628 4604; x_wconf 72' lang='lat' dir='ltr'><strong>quomoda</strong></span> 
     </span>
    </p>
   </div>
   <div class='ocr_carea' id='block_1_106' title="bbox 2037 4620 3633 4692">
    <p class='ocr_par' dir='ltr' id='par_1_106' title="bbox 2037 4620 3633 4692">
     <span class='ocr_line' id='line_1_106' title="bbox 2037 4620 3633 4692; baseline 0.001 -17"><span class='ocrx_word' id='word_1_887' title='bbox 2037 4630 2125 4676; x_wconf 84' lang='lat' dir='ltr'><strong>aut</strong></span> <span class='ocrx_word' id='word_1_888' title='bbox 2142 4620 2265 4692; x_wconf 85' lang='lat' dir='ltr'><strong>quid</strong></span> <span class='ocrx_word' id='word_1_889' title='bbox 2293 4621 2602 4689; x_wconf 83' lang='lat' dir='ltr'><strong>loquamini;</strong></span> <span class='ocrx_word' id='word_1_890' title='bbox 2624 4620 2832 4677; x_wconf 80' lang='lat' dir='ltr'><strong>dabitur</strong></span> <span class='ocrx_word' id='word_1_891' title='bbox 2856 4622 2989 4676; x_wconf 81' lang='lat' dir='ltr'><strong>enim</strong></span> <span class='ocrx_word' id='word_1_892' title='bbox 3010 4623 3146 4677; x_wconf 73' lang='lat' dir='ltr'><strong>vobis</strong></span> <span class='ocrx_word' id='word_1_893' title='bbox 3172 4623 3224 4676; x_wconf 90' lang='lat' dir='ltr'><strong>in</strong></span> <span class='ocrx_word' id='word_1_894' title='bbox 3248 4623 3338 4676; x_wconf 88' lang='lat' dir='ltr'><strong>illa</strong></span> <span class='ocrx_word' id='word_1_895' title='bbox 3363 4623 3491 4678; x_wconf 89' lang='lat' dir='ltr'><strong>hora</strong></span> <span class='ocrx_word' id='word_1_896' title='bbox 3512 4623 3633 4689; x_wconf 79' lang='lat' dir='ltr'><strong>quid</strong></span> 
     </span>
    </p>
   </div>
   <div class='ocr_carea' id='block_1_107' title="bbox 2039 4711 3637 4782">
    <p class='ocr_par' dir='ltr' id='par_1_107' title="bbox 2039 4711 3637 4782">
     <span class='ocr_line' id='line_1_107' title="bbox 2039 4711 3637 4782; baseline -0.001 -17"><span class='ocrx_word' id='word_1_897' title='bbox 2039 4711 2312 4782; x_wconf 66' lang='lat' dir='ltr'><strong>(manuni</strong></span> <span class='ocrx_word' id='word_1_898' title='bbox 2339 4727 2480 4769; x_wconf 59' lang='lat' dir='ltr'><strong>anon</strong></span> <span class='ocrx_word' id='word_1_899' title='bbox 2507 4712 2639 4767; x_wconf 87' lang='lat' dir='ltr'><strong>enim</strong></span> <span class='ocrx_word' id='word_1_900' title='bbox 2659 4728 2744 4766; x_wconf 88' lang='lat' dir='ltr'><strong>vos</strong></span> <span class='ocrx_word' id='word_1_901' title='bbox 2764 4712 2881 4767; x_wconf 84' lang='lat' dir='ltr'><strong>estis</strong></span> <span class='ocrx_word' id='word_1_902' title='bbox 2905 4712 2990 4779; x_wconf 86' lang='lat' dir='ltr'><strong>qui</strong></span> <span class='ocrx_word' id='word_1_903' title='bbox 3009 4711 3306 4782; x_wconf 82' lang='lat' dir='ltr'><strong>loquimini,</strong></span> <span class='ocrx_word' id='word_1_904' title='bbox 3336 4711 3426 4766; x_wconf 83' lang='lat' dir='ltr'><strong>scd</strong></span> <span class='ocrx_word' id='word_1_905' title='bbox 3451 4711 3598 4782; x_wconf 81' lang='lat' dir='ltr'><strong>Spiri</strong></span> <span class='ocrx_word' id='word_1_906' title='bbox 3613 4743 3637 4756; x_wconf 75' lang='grc' dir='ltr'><strong><em>η</em></strong></span> 
     </span>
    </p>
   </div>
   <div class='ocr_carea' id='block_1_108' title="bbox 2039 4800 3631 4875">
    <p class='ocr_par' dir='ltr' id='par_1_108' title="bbox 2039 4800 3631 4875">
     <span class='ocr_line' id='line_1_108' title="bbox 2039 4800 3631 4875; baseline 0.002 -20"><span class='ocrx_word' id='word_1_907' title='bbox 2039 4812 2120 4857; x_wconf 88' lang='lat' dir='ltr'><strong>tus</strong></span> <span class='ocrx_word' id='word_1_908' title='bbox 2140 4801 2314 4857; x_wconf 83' lang='lat' dir='ltr'><strong>Patris</strong></span> <span class='ocrx_word' id='word_1_909' title='bbox 2328 4804 2475 4859; x_wconf 83' lang='lat' dir='ltr'><strong>vestri</strong></span> <span class='ocrx_word' id='word_1_910' title='bbox 2495 4804 2581 4874; x_wconf 89' lang='lat' dir='ltr'><strong>qui</strong></span> <span class='ocrx_word' id='word_1_911' title='bbox 2601 4803 2823 4873; x_wconf 81' lang='lat' dir='ltr'><strong>loquitur</strong></span> <span class='ocrx_word' id='word_1_912' title='bbox 2850 4802 2904 4856; x_wconf 90' lang='lat' dir='ltr'><strong>in</strong></span> <span class='ocrx_word' id='word_1_913' title='bbox 2925 4802 3061 4857; x_wconf 87' lang='lat' dir='ltr'><strong>vobis</strong></span> <span class='ocrx_word' id='word_1_914' title='bbox 3082 4800 3296 4874; x_wconf 77' lang='lat' dir='ltr'><strong>(Matth.</strong></span> <span class='ocrx_word' id='word_1_915' title='bbox 3322 4819 3377 4870; x_wconf 71' lang='grc' dir='ltr'><strong>ι,</strong></span> <span class='ocrx_word' id='word_1_916' title='bbox 3402 4803 3490 4870; x_wconf 87' lang='lat' dir='ltr'><strong>l9,</strong></span> <span class='ocrx_word' id='word_1_917' title='bbox 3513 4804 3631 4875; x_wconf 72' lang='lat'><strong>20).</strong></span> 
     </span>
    </p>
   </div>
   <div class='ocr_carea' id='block_1_109' title="bbox 2037 4891 3635 4961">
    <p class='ocr_par' dir='ltr' id='par_1_109' title="bbox 2037 4891 3635 4961">
     <span class='ocr_line' id='line_1_109' title="bbox 2037 4891 3635 4961; baseline 0.003 -14"><span class='ocrx_word' id='word_1_918' title='bbox 2037 4891 2149 4948; x_wconf 81' lang='lat' dir='ltr'><strong>Nec</strong></span> <span class='ocrx_word' id='word_1_919' title='bbox 2172 4891 2304 4949; x_wconf 88' lang='lat' dir='ltr'><strong>illud</strong></span> <span class='ocrx_word' id='word_1_920' title='bbox 2330 4892 2670 4949; x_wconf 88' lang='lat' dir='ltr'><strong>metuendum</strong></span> <span class='ocrx_word' id='word_1_921' title='bbox 2696 4901 2799 4959; x_wconf 89' lang='lat' dir='ltr'><strong>est,</strong></span> <span class='ocrx_word' id='word_1_922' title='bbox 2832 4908 2899 4947; x_wconf 89' lang='lat' dir='ltr'><strong>ne</strong></span> <span class='ocrx_word' id='word_1_923' title='bbox 2925 4891 3061 4948; x_wconf 81' lang='lat' dir='ltr'><strong>forte</strong></span> <span class='ocrx_word' id='word_1_924' title='bbox 3082 4892 3175 4948; x_wconf 88' lang='lat' dir='ltr'><strong>ubi</strong></span> <span class='ocrx_word' id='word_1_925' title='bbox 3199 4894 3275 4948; x_wconf 89' lang='lat' dir='ltr'><strong>ait</strong></span> <span class='ocrx_word' id='word_1_926' title='bbox 3292 4934 3309 4961; x_wconf 90' lang='lat'><strong>,</strong></span> <span class='ocrx_word' id='word_1_927' title='bbox 3336 4891 3521 4950; x_wconf 88' lang='lat' dir='ltr'><strong>Omnes</strong></span> <span class='ocrx_word' id='word_1_928' title='bbox 3547 4912 3635 4951; x_wconf 85' lang='lat' dir='ltr'><strong>vo-</strong></span> 
     </span>
    </p>
   </div>
   <div class='ocr_carea' id='block_1_110' title="bbox 2039 4970 3633 5056">
    <p class='ocr_par' dir='ltr' id='par_1_110' title="bbox 2039 4970 3633 5056">
     <span class='ocr_line' id='line_1_110' title="bbox 2039 4970 3633 5056; baseline 0.001 -15"><span class='ocrx_word' id='word_1_929' title='bbox 2039 4985 2231 5041; x_wconf 88' lang='lat' dir='ltr'><strong>luntate</strong></span> <span class='ocrx_word' id='word_1_930' title='bbox 2270 4985 2478 5056; x_wconf 86' lang='lat' dir='ltr'><strong>propria</strong></span> <span class='ocrx_word' id='word_1_931' title='bbox 2506 4985 2610 5055; x_wconf 85' lang='lat' dir='ltr'><strong>regi</strong></span> <span class='ocrx_word' id='word_1_932' title='bbox 2629 5000 2651 5049; x_wconf 84' lang='lat'><strong><em>;</em></strong></span> <span class='ocrx_word' id='word_1_933' title='bbox 2682 4970 2843 5056; x_wconf 73' lang='lat' dir='ltr'><strong>idque</strong></span> <span class='ocrx_word' id='word_1_934' title='bbox 2876 4984 3156 5055; x_wconf 78' lang='lat' dir='ltr'><strong>exposuit,</strong></span> <span class='ocrx_word' id='word_1_935' title='bbox 3186 4985 3301 5041; x_wconf 87' lang='lat' dir='ltr'><strong>ideo</strong></span> <span class='ocrx_word' id='word_1_936' title='bbox 3330 5003 3383 5041; x_wconf 87' lang='lat' dir='ltr'><strong>se</strong></span> <span class='ocrx_word' id='word_1_937' title='bbox 3402 4986 3594 5043; x_wconf 79' lang='lat' dir='ltr'><strong>dixisse</strong></span> <span class='ocrx_word' id='word_1_938' title='bbox 3616 5030 3633 5056; x_wconf 93' lang='lat'><strong>,</strong></span> 
     </span>
    </p>
   </div>
   <div class='ocr_carea' id='block_1_111' title="bbox 2041 5074 3639 5153">
    <p class='ocr_par' dir='ltr' id='par_1_111' title="bbox 2041 5074 3639 5153">
     <span class='ocr_line' id='line_1_111' title="bbox 2041 5074 3639 5153; baseline 0.001 -21"><span class='ocrx_word' id='word_1_939' title='bbox 2041 5086 2246 5149; x_wconf 83' lang='lat' dir='ltr'><strong>propter</strong></span> <span class='ocrx_word' id='word_1_940' title='bbox 2269 5077 2478 5131; x_wconf 77' lang='lat' dir='ltr'><strong>liberant</strong></span> <span class='ocrx_word' id='word_1_941' title='bbox 2499 5076 2790 5145; x_wconf 88' lang='lat' dir='ltr'><strong>arbitrium,</strong></span> <span class='ocrx_word' id='word_1_942' title='bbox 2817 5077 2900 5131; x_wconf 83' lang='lat' dir='ltr'><strong>cui</strong></span> <span class='ocrx_word' id='word_1_943' title='bbox 2928 5074 3068 5132; x_wconf 86' lang='lat' dir='ltr'><strong>Deus</strong></span> <span class='ocrx_word' id='word_1_944' title='bbox 3090 5078 3299 5150; x_wconf 85' lang='lat' dir='ltr'><strong>adjutor</strong></span> <span class='ocrx_word' id='word_1_945' title='bbox 3322 5088 3395 5135; x_wconf 88' lang='lat' dir='ltr'><strong>est</strong></span> <span class='ocrx_word' id='word_1_946' title='bbox 3432 5080 3639 5153; x_wconf 79' lang='lat' dir='ltr'><strong>eligenti</strong></span> 
     </span>
    </p>
   </div>
   <div class='ocr_carea' id='block_1_112' title="bbox 2040 5166 3639 5240">
    <p class='ocr_par' dir='ltr' id='par_1_112' title="bbox 2040 5166 3639 5240">
     <span class='ocr_line' id='line_1_112' title="bbox 2040 5166 3639 5240; baseline 0.003 -17"><span class='ocrx_word' id='word_1_947' title='bbox 2040 5169 2171 5223; x_wconf 89' lang='lat' dir='ltr'><strong>bona</strong></span> <span class='ocrx_word' id='word_1_948' title='bbox 2198 5166 2429 5239; x_wconf 84' lang='lat' dir='ltr'><strong>(Supra,</strong></span> <span class='ocrx_word' id='word_1_949' title='bbox 2461 5185 2514 5223; x_wconf 85' lang='grc' dir='ltr'><strong>η.</strong></span> <span class='ocrx_word' id='word_1_950' title='bbox 2541 5166 2620 5239; x_wconf 82' lang='lat'><strong>5),</strong></span> <span class='ocrx_word' id='word_1_951' title='bbox 2646 5168 2805 5224; x_wconf 82' lang='lat' dir='ltr'><strong>etiam</strong></span> <span class='ocrx_word' id='word_1_952' title='bbox 2828 5166 2917 5225; x_wconf 87' lang='lat' dir='ltr'><strong>hic</strong></span> <span class='ocrx_word' id='word_1_953' title='bbox 2933 5185 3028 5240; x_wconf 82' lang='lat' dir='ltr'><strong>per</strong></span> <span class='ocrx_word' id='word_1_954' title='bbox 3055 5178 3295 5226; x_wconf 85' lang='lat' dir='ltr'><strong>naturam</strong></span> <span class='ocrx_word' id='word_1_955' title='bbox 3319 5171 3472 5229; x_wconf 86' lang='lat' dir='ltr'><strong>liberi</strong></span> <span class='ocrx_word' id='word_1_956' title='bbox 3504 5172 3639 5227; x_wconf 86' lang='lat' dir='ltr'><strong>arbi-</strong></span> 
     </span>
    </p>
   </div>
   <div class='ocr_carea' id='block_1_113' title="bbox 2043 5260 3637 5333">
    <p class='ocr_par' dir='ltr' id='par_1_113' title="bbox 2043 5260 3637 5333">
     <span class='ocr_line' id='line_1_113' title="bbox 2043 5260 3637 5333; baseline 0.002 -17"><span class='ocrx_word' id='word_1_957' title='bbox 2043 5262 2128 5317; x_wconf 91' lang='lat' dir='ltr'><strong>trii</strong></span> <span class='ocrx_word' id='word_1_958' title='bbox 2163 5270 2218 5317; x_wconf 90' lang='lat' dir='ltr'><strong>et</strong></span> <span class='ocrx_word' id='word_1_959' title='bbox 2253 5276 2350 5331; x_wconf 90' lang='lat' dir='ltr'><strong>per</strong></span> <span class='ocrx_word' id='word_1_960' title='bbox 2375 5260 2670 5317; x_wconf 89' lang='lat' dir='ltr'><strong>doctrinam</strong></span> <span class='ocrx_word' id='word_1_961' title='bbox 2715 5260 2847 5333; x_wconf 90' lang='lat' dir='ltr'><strong>legis</strong></span> <span class='ocrx_word' id='word_1_962' title='bbox 2886 5261 3184 5333; x_wconf 70' lang='lat' dir='ltr'><strong>adiutorem</strong></span> <span class='ocrx_word' id='word_1_963' title='bbox 3211 5263 3232 5296; x_wconf 87' lang='grc'><strong><em>³</em></strong></span> <span class='ocrx_word' id='word_1_964' title='bbox 3261 5264 3474 5321; x_wconf 78' lang='lat' dir='ltr'><strong>dixerit.</strong></span> <span class='ocrx_word' id='word_1_965' title='bbox 3502 5260 3637 5320; x_wconf 88' lang='lat' dir='ltr'><strong>Cum</strong></span> 
     </span>
    </p>
   </div>
   <div class='ocr_carea' id='block_1_114' title="bbox 2042 5351 3640 5428">
    <p class='ocr_par' dir='ltr' id='par_1_114' title="bbox 2042 5351 3640 5428">
     <span class='ocr_line' id='line_1_114' title="bbox 2042 5351 3640 5428; baseline 0.002 -20"><span class='ocrx_word' id='word_1_966' title='bbox 2042 5352 2185 5408; x_wconf 91' lang='lat' dir='ltr'><strong>enim</strong></span> <span class='ocrx_word' id='word_1_967' title='bbox 2217 5360 2361 5409; x_wconf 90' lang='lat' dir='ltr'><strong>recte</strong></span> <span class='ocrx_word' id='word_1_968' title='bbox 2397 5351 2924 5410; x_wconf 82' lang='lat' dir='ltr'><strong>anathematizaverit</strong></span> <span class='ocrx_word' id='word_1_969' title='bbox 2964 5368 3059 5411; x_wconf 89' lang='lat' dir='ltr'><strong>eos</strong></span> <span class='ocrx_word' id='word_1_970' title='bbox 3086 5356 3173 5420; x_wconf 83' lang='lat' dir='ltr'><strong>qui</strong></span> <span class='ocrx_word' id='word_1_971' title='bbox 3208 5357 3381 5411; x_wconf 83' lang='lat' dir='ltr'><strong>dicunt</strong></span> <span class='ocrx_word' id='word_1_972' title='bbox 3423 5358 3640 5428; x_wconf 80' lang='lat' dir='ltr'><strong>gratiam</strong></span> 
     </span>
    </p>
   </div>
   <div class='ocr_carea' id='block_1_115' title="bbox 2109 5531 2736 5594">
    <p class='ocr_par' dir='ltr' id='par_1_115' title="bbox 2109 5531 2736 5594">
     <span class='ocr_line' id='line_1_115' title="bbox 2109 5531 2736 5594; baseline 0 -13"><span class='ocrx_word' id='word_1_973' title='bbox 2109 5531 2126 5564; x_wconf 86' lang='grc'>¹</span> <span class='ocrx_word' id='word_1_974' title='bbox 2158 5531 2463 5594; x_wconf 65' lang='lat' dir='ltr'><strong>Celtici-tinus</strong></span> <span class='ocrx_word' id='word_1_975' title='bbox 2480 5539 2579 5589; x_wconf 57' lang='lat'><strong>“3.,</strong></span> <span class='ocrx_word' id='word_1_976' title='bbox 2611 5543 2736 5594; x_wconf 69' lang='lat' dir='ltr'><strong>ipsa.</strong></span> 
     </span>
    </p>
   </div>
   <div class='ocr_carea' id='block_1_116' title="bbox 2108 5591 3642 5659">
    <p class='ocr_par' dir='ltr' id='par_1_116' title="bbox 2108 5591 3642 5659">
     <span class='ocr_line' id='line_1_116' title="bbox 2108 5591 3642 5659; baseline -0.001 -17"><span class='ocrx_word' id='word_1_977' title='bbox 2108 5595 2130 5626; x_wconf 76' lang='grc'>³</span> <span class='ocrx_word' id='word_1_978' title='bbox 2163 5594 2298 5659; x_wconf 66' lang='lat' dir='ltr'><strong>mliti,</strong></span> <span class='ocrx_word' id='word_1_979' title='bbox 2325 5592 2482 5644; x_wconf 64' lang='lat' dir='ltr'><strong>(latins.</strong></span> <span class='ocrx_word' id='word_1_980' title='bbox 2508 5591 2766 5643; x_wconf 68' lang='lat' dir='ltr'><strong>acinacem</strong></span> <span class='ocrx_word' id='word_1_981' title='bbox 2791 5592 3044 5659; x_wconf 69' lang='lat' dir='ltr'><strong>exemplar</strong></span> <span class='ocrx_word' id='word_1_982' title='bbox 3080 5595 3237 5659; x_wconf 83' lang='lat' dir='ltr'><strong>magis</strong></span> <span class='ocrx_word' id='word_1_983' title='bbox 3263 5591 3519 5659; x_wconf 83' lang='lat' dir='ltr'><strong>concinne,</strong></span> <span class='ocrx_word' id='word_1_984' title='bbox 3558 5591 3642 5641; x_wconf 76' lang='lat' dir='ltr'><strong>la:—</strong></span> 
     </span>
    </p>
   </div>
   <div class='ocr_carea' id='block_1_117' title="bbox 2046 5655 3558 5719">
    <p class='ocr_par' dir='ltr' id='par_1_117' title="bbox 2046 5655 3558 5719">
     <span class='ocr_line' id='line_1_117' title="bbox 2046 5655 3558 5719; baseline -0.005 -10"><span class='ocrx_word' id='word_1_985' title='bbox 2046 5656 2142 5709; x_wconf 89' lang='lat' dir='ltr'><strong>tius</strong></span> <span class='ocrx_word' id='word_1_986' title='bbox 2170 5668 2188 5707; x_wconf 93' lang='lat'><strong><em>:</em></strong></span> <span class='ocrx_word' id='word_1_987' title='bbox 2214 5656 2260 5705; x_wconf 87' lang='lat' dir='ltr'><strong>id</strong></span> <span class='ocrx_word' id='word_1_988' title='bbox 2284 5663 2382 5719; x_wconf 78' lang='lat' dir='ltr'><strong>est,</strong></span> <span class='ocrx_word' id='word_1_989' title='bbox 2404 5669 2503 5719; x_wconf 88' lang='lat' dir='ltr'><strong>quo</strong></span> <span class='ocrx_word' id='word_1_990' title='bbox 2526 5662 2689 5706; x_wconf 84' lang='lat' dir='ltr'><strong>metus</strong></span> <span class='ocrx_word' id='word_1_991' title='bbox 2706 5655 3050 5719; x_wconf 15' lang='lat' dir='ltr'><strong>etisollicit&#39;udo</strong></span> <span class='ocrx_word' id='word_1_992' title='bbox 3082 5655 3194 5707; x_wconf 75' lang='lat' dir='ltr'><strong>mea</strong></span> <span class='ocrx_word' id='word_1_993' title='bbox 3225 5658 3558 5704; x_wconf 86' lang='lat' dir='ltr'><strong>removeatur.</strong></span> 
     </span>
    </p>
   </div>
   <div class='ocr_carea' id='block_1_118' title="bbox 2116 5715 3007 5781">
    <p class='ocr_par' dir='ltr' id='par_1_118' title="bbox 2116 5715 3007 5781">
     <span class='ocr_line' id='line_1_118' title="bbox 2116 5715 3007 5781; baseline 0 -15"><span class='ocrx_word' id='word_1_994' title='bbox 2116 5720 2136 5752; x_wconf 76' lang='grc'>³</span> <span class='ocrx_word' id='word_1_995' title='bbox 2171 5718 2389 5766; x_wconf 70' lang='lat' dir='ltr'><strong>Nonnulli</strong></span> <span class='ocrx_word' id='word_1_996' title='bbox 2416 5715 2477 5781; x_wconf 63' lang='lat' dir='ltr'><strong>cx</strong></span> <span class='ocrx_word' id='word_1_997' title='bbox 2504 5718 2665 5781; x_wconf 53' lang='lat' dir='ltr'><strong>(alitis,</strong></span> <span class='ocrx_word' id='word_1_998' title='bbox 2689 5715 3007 5781; x_wconf 83' lang='lat' dir='ltr'><strong>adjutorium.</strong></span> 
     </span>
    </p>
   </div>
   <div class='ocr_carea' id='block_1_119' title="bbox 2114 5770 3646 5841">
    <p class='ocr_par' dir='ltr' id='par_1_119' title="bbox 2114 5770 3646 5841">
     <span class='ocr_line' id='line_1_119' title="bbox 2114 5770 3646 5841; baseline -0.006 -12"><span class='ocrx_word' id='word_1_999' title='bbox 2114 5781 2185 5841; x_wconf 78' lang='grc' dir='ltr'><strong>(η)</strong></span> <span class='ocrx_word' id='word_1_1000' title='bbox 2211 5780 2348 5828; x_wconf 82' lang='lat' dir='ltr'><strong>liber</strong></span> <span class='ocrx_word' id='word_1_1001' title='bbox 2367 5778 2543 5841; x_wconf 76' lang='lat' dir='ltr'><strong>Pelagii</strong></span> <span class='ocrx_word' id='word_1_1002' title='bbox 2560 5791 2588 5827; x_wconf 82' lang='lat' dir='ltr'><strong>a</strong></span> <span class='ocrx_word' id='word_1_1003' title='bbox 2604 5770 2779 5829; x_wconf 57' lang='lat' dir='ltr'><strong>Jacobi)</strong></span> <span class='ocrx_word' id='word_1_1004' title='bbox 2800 5786 2847 5829; x_wconf 90' lang='lat' dir='ltr'><strong>ct</strong></span> <span class='ocrx_word' id='word_1_1005' title='bbox 2865 5779 3068 5830; x_wconf 70' lang='lat' dir='ltr'><strong>&#39;Ilntasio</strong></span> <span class='ocrx_word' id='word_1_1006' title='bbox 3085 5782 3327 5837; x_wconf 63' lang='lat' dir='ltr'><strong>accentu,</strong></span> <span class='ocrx_word' id='word_1_1007' title='bbox 3344 5770 3419 5821; x_wconf 68' lang='lat' dir='ltr'><strong>uti</strong></span> <span class='ocrx_word' id='word_1_1008' title='bbox 3437 5781 3646 5835; x_wconf 75' lang='lat' dir='ltr'><strong>respou-</strong></span> 
     </span>
    </p>
   </div>
   <div class='ocr_carea' id='block_1_120' title="bbox 2053 5842 2772 5893">
    <p class='ocr_par' dir='ltr' id='par_1_120' title="bbox 2053 5842 2772 5893">
     <span class='ocr_line' id='line_1_120' title="bbox 2053 5842 2772 5893; baseline -0.006 0"><span class='ocrx_word' id='word_1_1009' title='bbox 2053 5844 2116 5893; x_wconf 82' lang='lat' dir='ltr'><strong>dit</strong></span> <span class='ocrx_word' id='word_1_1010' title='bbox 2145 5842 2228 5891; x_wconf 68' lang='lat' dir='ltr'><strong>lilt.</strong></span> <span class='ocrx_word' id='word_1_1011' title='bbox 2252 5844 2316 5892; x_wconf 70' lang='lat' dir='ltr'><strong>de</strong></span> <span class='ocrx_word' id='word_1_1012' title='bbox 2335 5850 2503 5893; x_wconf 47' lang='lat' dir='ltr'><strong>natura</strong></span> <span class='ocrx_word' id='word_1_1013' title='bbox 2529 5847 2577 5890; x_wconf 78' lang='grc' dir='ltr'><strong>υι</strong></span> <span class='ocrx_word' id='word_1_1014' title='bbox 2600 5842 2772 5890; x_wconf 60' lang='lat' dir='ltr'><strong>(tralia.</strong></span> 
     </span>
    </p>
   </div>
  </div>
