4170 6514
494 390 597 444 ’.539

494 501 593 557 Dei
621 511 667 556 et
687 499 996 570 adiutorium
1019 514 1117 553 non
1148 496 1215 551 ad
1241 495 1468 566 singulos
1496 505 1637 549 actus
1662 495 1780 549 dari
1798 536 1814 561 ,
1838 495 1926 550 sed
1947 495 1997 547 in
2025 493 2086 548 li-

494 596 612 651 bero
636 593 844 648 arbitrio
879 608 988 647 esse
1004 634 1018 654 ,
1046 589 1127 645 vel
1146 590 1196 644 in
1229 590 1337 658 lege
1359 605 1418 641 ac
1440 587 1671 641 doctrina
1690 603 1710 641 :
1732 587 1968 657 profecto
1998 587 2086 641 llei

496 687 662 755 gratia
707 685 793 740 vel
836 683 1157 753 adjutorium
1202 680 1268 735 ad
1313 680 1548 751 singulos
1575 690 1725 734 actus
1751 680 1941 743 datur,
1988 693 2087 732 ex-

495 788 655 849 cepto
679 778 850 832 libero
869 773 1091 829 arbitrio
1109 815 1125 838 ,
1156 772 1238 827 vel
1270 772 1384 842 lege
1413 779 1571 840 atque
1602 769 1877 825 doctrina:
1906 783 1969 821 ac
1995 782 2090 836 per

498 872 600 925 hoc
639 885 733 939 per
761 866 996 936 singulos
1023 874 1172 918 actus
1198 879 1234 916 ιι·
1259 863 1368 917 Deo
1402 863 1637 932 regimur
1655 902 1671 928 ,
1703 860 1917 931 quando
1945 868 2088 913 recte

496 964 736 1034 agimus;
769 976 866 1015 nec
897 960 1090 1023 frustra
1119 965 1332 1011 orantes
1359 955 1587 1011 dicimus
1608 995 1623 1018 ,
1651 952 1844 1007 Itinera
1873 969 1982 1006 mea
2011 952 2091 1004 di-

497 1072 604 1125 νιῃε
624 1052 900 1109 secundum
931 1050 1133 1105 verbum
1161 1059 1303 1101 tuum
1327 1088 1341 1111 ,
1372 1063 1436 1100 ne
1458 1044 1742 1098 dominetur
1775 1043 1898 1095 mihi
1926 1042 2089 1094 onmis

496 1147 736 1220 iniquitas
769 1144 939 1217 (Psal.
971 1157 1165 1206 cxvm,
1200 1140 1348 1211 135).

568 1238 660 1296 32.
700 1236 806 1293 Sed
831 1234 970 1305 quod
999 1234 1095 1288 ista
1125 1231 1390 1302 sequitur,
1444 1243 1531 1284 me
1574 1240 1784 1281 rursum
1815 1224 2087 1280 sollicitat.

496 1330 631 1386 Cum
661 1329 803 1384 enim
825 1326 895 1381 de
921 1325 1105 1396 quinto
1131 1320 1363 1391 capitulo
1390 1319 1507 1373 libri
1538 1315 1775 1372 Caelestii
1807 1315 1929 1381 huic
1959 1314 2090 1367 fuis-

499 1430 583 1478 set
607 1421 899 1490 objectum,
928 1414 1070 1487 quod
1104 1432 1123 1465 ι
1159 1413 1431 1467 afﬁrmem
1461 1421 1890 1477 unumquemque
1919 1404 2087 1458 homi-

499 1528 621 1568 nem
637 1524 825 1566 omnes
842 1509 1063 1562 virtutes
1077 1519 1235 1575 posse
1256 1502 1451 1557 habere
1469 1509 1523 1555 et
1539 1500 1757 1570 gratias,
1777 1507 1830 1552 et
1849 1496 2093 1551 auferant

498 1602 858 1658 diversitatem
881 1598 1188 1670 gratiarum,
1218 1609 1375 1665 quam
1402 1591 1688 1662 Apostolus
1710 1589 1866 1644 docet
1890 1606 1903 1641 ε
1942 1608 1961 1640 ι
1993 1588 2093 1642 Pe-

499 1695 668 1766 Iagius
688 1691 985 1763 respondit,
1022 1706 1042 1741 ι
1080 1688 1288 1742 Dictum
1308 1694 1391 1740 est
1410 1700 1439 1737 a
1467 1683 1640 1749 nobis,
1673 1681 1767 1737 sed
1790 1681 2018 1751 maligne
2038 1688 2094 1735 et

499 1786 742 1857 imperite
766 1779 1237 1853 reprehenderunt.
1269 1776 1385 1831 Non
1412 1775 1556 1831 enim
1579 1772 1870 1829 auferimus
1893 1771 2093 1842 gratia-

499 1894 615 1931 rum
649 1874 1011 1930 diversitatem
1046 1887 1060 1924 :
1092 1870 1186 1925 sed
1227 1868 1456 1923 dicimus
1497 1866 1700 1921 donare
1725 1865 1891 1919 Deum
1916 1865 1964 1919 ei
2001 1864 2093 1934 qui

500 1966 657 2021 fuerit
701 1965 893 2035 dignus
938 1960 1203 2029 accipere,
1253 1974 1440 2013 oumes
1484 1955 1701 2027 gratias,
1752 1956 1891 2009 sicut
1929 1954 2094 2009 Paulo

497 2056 738 2127 apostolo
759 2054 995 2109 donavit.
1037 2071 1054 2103 s
1088 2050 1166 2104 Ad
1206 2051 1307 2103 hoc
1336 2047 1585 2119 Synodus
1611 2046 1746 2099 dixit
1777 2062 1791 2098 :
1829 2063 1848 2096 ι
1885 2044 2089 2100 Conse-

497 2154 725 2218 quenter
747 2153 800 2200 et
825 2142 1190 2199 ecclesiastico
1216 2154 1375 2194 sensu
1406 2147 1461 2193 et
1489 2138 1602 2208 ipse
1625 2137 1839 2191 sensisti
1858 2136 1927 2219 de
1951 2135 2095 2191 deno

496 2239 810 2310 gratiarum,
837 2250 956 2306 qua!
981 2235 1033 2288 in
1055 2239 1243 2287 saneto
1267 2229 1524 2300 Apostolo
1548 2227 1907 2282 continentur.
1946 2244 1966 2278 ι
1999 2226 2096 2284 llic

498 2331 643 2384 dicet
666 2327 892 2397 aliquis:
911 2323 1046 2391 Quid
1072 2337 1202 2392 ergo
1227 2319 1514 2376 sollicitat?
1540 2320 1622 2373 An
1654 2329 1707 2372 tu
1734 2318 1950 2388 negabis
1974 2334 2092 2372 om-

502 2439 597 2479 nes
622 2423 848 2477 virtutes
886 2427 939 2473 et
963 2416 1161 2487 gratias
1202 2414 1364 2468 fuisse
1393 2412 1445 2466 in
1474 2410 1765 2481 Apostolo‘i
1795 2411 1907 2480 Ego
1945 2425 2093 2476 vero,

502 2516 546 2569 si
566 2513 672 2568 illa:
696 2509 1024 2580 accipiantur
1042 2519 1253 2570 omnes,
1275 2516 1409 2575 quas
1434 2516 1542 2556 uno
1561 2500 1789 2572 quodam
1814 2500 1927 2571 ipse
1949 2502 2093 2571 Apo~

502 2606 673 2661 stolus
717 2598 1157 2659 commemoravit
1193 2597 1333 2661 loco,
1382 2609 1516 2664 quas
1554 2603 1605 2654 et
1631 2593 1909 2664 episcopos
1937 2593 2095 2647 intel-

506 2699 701 2755 lexisse
719 2696 971 2758 arbitror,
1001 2700 1058 2746 ut
1086 2691 1188 2745 hoc
1215 2688 1591 2760 approbarent,
1613 2696 1668 2740 et
1694 2685 2099 2756 pronuntiarent

510 2812 528 2843 s
565 2805 728 2846 sensu
765 2786 1127 2844 ecclesiastico
1163 2784 1403 2847 dictum,
1446 2801 1463 2833 ι
1501 2795 1605 2835 non
1645 2795 1737 2833 eas
1772 2779 1959 2835 dubito
1999 2779 2095 2832 ha-

505 2884 687 2940 buisse
729 2879 1028 2951 apostolum
1076 2875 1317 2931 Paulum.
1369 2874 1456 2928 Ait
1488 2872 1629 2928 enim
1677 2888 1690 2924 :
1738 2870 1806 2924 Et
1851 2871 2100 2943 quosdam

504 2975 705 3044 quidem
755 2972 922 3043 posuit
967 2968 1106 3022 Deus
1155 2968 1208 3020 in
1270 2964 1495 3019 Ecclesia
1519 3005 1534 3030 ,
1592 2964 1756 3034 primo
1799 2965 2096 3033 apostolos,

508 3063 729 3120 secundo
771 3061 1043 3134 prophetas
1064 3101 1081 3127 ,
1124 3058 1270 3112 tertio
1322 3056 1551 3110 doctores
1574 3096 1590 3122 ,
1635 3054 1818 3109 deinde
1856 3055 2095 3123 virtutes,

505 3157 688 3211 drinde
743 3154 1039 3210 donationes
1080 3152 1386 3213 sanitatum,
1433 3147 1721 3220 adjutoria,
1771 3147 2098 3219 gubernatio-

507 3267 613 3311 m-s,
646 3264 829 3321 genera
870 3245 1159 3316 linguarum
1192 3240 1245 3313 (l
1285 3240 1406 3296 Cor.
1447 3256 1560 3306 xu,
1588 3238 1720 3311 98).
1764 3238 1902 3308 Quid
1931 3238 2100 3311 ergo?

504 3341 745 3395 dicemus
768 3336 907 3407 quod
935 3336 1052 3391 hazc
1075 3333 1252 3390 omnia
1281 3348 1387 3387 non
1410 3330 1653 3386 habuerit
1673 3336 1944 3399 apostolus
1964 3329 2101 3385 Pan-

506 3431 626 3487 ius?
649 3430 778 3499 Quis
811 3428 913 3483 hoc
939 3426 1132 3483 audeat
1150 3423 1368 3482 dicere?
1398 3424 1526 3477 Nam
1561 3436 1629 3478 eo
1661 3421 1778 3492 ipso
1802 3421 1943 3492 quod
1970 3435 2101 3491 apo-

504 3528 672 3581 stolus
698 3533 837 3589 erat,
868 3522 1096 3577 habebat
1124 3519 1309 3591 utique
1336 3507 1713 3589 ap'ostolatum.
1739 3514 1845 3570 Sed
1870 3515 2101 3570 habebat

485 3616 558 3673 ~ct
589 3615 943 3688 prophetiam.
987 3615 1068 3667 An
1114 3627 1219 3667 non
1252 3608 1529 3681 prophetia
1558 3606 1677 3676 ejus
1719 3606 1842 3661 est?
1872 3607 2100 3677 Spiritus

504 3712 646 3767 enim
669 3709 936 3777 manifeste
954 3706 1096 3772 dicit,
1118 3704 1237 3773 quia
1254 3705 1308 3757 in
1331 3701 1614 3757 novissimis
1638 3698 1944 3770 temporibus
1962 3715 2100 3755 rece-

506 3805 627 3857 dent
652 3801 861 3870 quidam
883 3817 916 3853 a
940 3798 1043 3868 ﬁde
1060 3839 1074 3863 ,
1096 3796 1410 3851 intendentes
1444 3793 1706 3865 spiritibus
1730 3793 2097 3861 seductoribus,

505 3893 749 3948 doctrinis
789 3890 1152 3946 damoniorum
1202 3886 1258 3959 (Ι
1314 3886 1448 3941 Tim.
1493 3901 1565 3950 tv,
1617 3886 1709 3957 1).
1736 3884 1853 3955 Ipse
1890 3895 2008 3941 erat
2047 3895 2133 3943 et.

505 3988 680 4040 doctor
702 3983 935 4037 Gentium
958 3981 1011 4035 in
1039 3980 1142 4049 ﬁde
1167 3988 1215 4034 et
1242 3979 1446 4033 veritate
1466 3976 1579 4044 (Id.
1612 3993 1669 4041 ll,
1701 3978 1764 4049 7)
1791 3995 1804 4031 :
1835 3985 1888 4032 et
1909 3993 2099 4047 opera—

508 4081 663 4133 batur
698 4075 920 4130 virtutes
944 4086 997 4130 et
1027 4073 1315 4138 sanitates;
1349 4087 1469 4126 nam
1498 4070 1831 4126 mordentem
1864 4071 2099 4140 viperam

509 4185 667 4223 manu
696 4167 932 4224 excussit
961 4166 1123 4220 illrsa
1152 4164 1289 4234 (Act.
1326 4178 1526 4227 xxvm,
1553 4163 1588 4218 5
1607 4162 1649 4232 ),
1697 4171 1753 4217 et
1780 4162 2102 4232 paralyticos

504 4259 570 4313 ad
599 4258 819 4313 verbum
845 4256 960 4327 ejus
988 4256 1231 4311 reSIituta
1260 4255 1515 4310 continuo
1543 4255 1715 4309 salute
1734 4254 1963 4308 surrexit
1985 4252 2097 4323 (ld.

509 4368 624 4416 xw,
656 4350 747 4420 9).
775 4349 1052 4420 Adjutoria
1073 4363 1193 4418 qua:
1213 4348 1376 4412 dicat,
1399 4347 1684 4402 obscurum
1713 4355 1829 4412 est;
1849 4346 2101 4415 quoniam

504 4444 584 4497 vis
631 4442 790 4513 hujus
818 4440 964 4496 verbi
996 4440 1101 4495 late
1129 4448 1273 4512 patet
1300 4455 1314 4491 :
1341 4439 1461 4509 quis
1492 4446 1671 4493 tamen
1708 4433 1831 4492 b'nic
1863 4446 1918 4492 et
1947 4438 2101 4492 istam

505 4535 734 4602 gratiam
770 4532 1006 4589 defuisse
1044 4530 1221 4597 dicat,
1251 4544 1347 4600 per
1407 4529 1560 4600 cujus
1589 4529 1824 4584 laborem
1875 4530 2100 4603 salutem

510 4627 787 4685 hominum
818 4627 898 4682 sic
916 4633 1127 4681 constat
1153 4622 1433 4689 adiutam?
1458 4622 1594 4692 Quid
1619 4639 1748 4678 vero
1772 4623 1889 4693 ejus
1912 4628 2105 4695 guber-

440 4774 447 4780 ,
508 4722 725 4776 natione
753 4716 1082 4791 prmelarius,
1111 4715 1328 4787 quando
1346 4725 1400 4772 et
1424 4730 1519 4787 per
1546 4731 1669 4772 eum
1695 4715 1951 4773 Dominus
1978 4725 2104 4773 tunc

507 4824 587 4868 tot
623 4813 892 4870 Ecclcslas
919 4810 1260 4884 gubernavit,
1293 4820 1347 4866 et
1389 4826 1485 4881 per
1512 4809 1627 4881 ejus
1655 4809 1925 4881 Epistolas
1961 4827 2104 4868 nunc

505 4906 801 4976 gubernat?
823 4904 942 4960 Jam
963 4919 1161 4976 genera
1191 4904 1512 4974 linguarum,
1536 4919 1654 4972 qua:
1684 4903 1759 4957 illi
1789 4903 1978 4960 deesse
2006 4920 2103 4974 po-

511 5006 762 5062 tnerunt,
793 5011 914 5051 eum
946 4997 1059 5065 ipse
1076 4995 1256 5059 dicat,
1296 4994 1502 5050 Gratias
1538 4994 1641 5048 Deo
1661 5038 1674 5057 ,
1718 4996 1855 5064 quod
1879 4998 2106 5049 omnium

511 5096 727 5140 vestrum
767 5087 943 5158 lingua
982 5085 1161 5155 loquor
1203 5085 1256 5156 (Ι
1305 5083 1427 5140 Cor.
1484 5101 1595 5147 xlv,
1645 5083 1947 5157 18)?Quia
1977 5099 2107 5155 ergo

512 5182 738 5233 istorum
766 5177 1003 5232 omnium
1044 5176 1173 5231 nihil
1217 5178 1463 5245 apostolo
1508 5176 1673 5230 Paulo
1714 5175 1948 5231 defuisse
1985 5190 2104 5229 ere-

512 5269 744 5325 dcndum
770 5276 872 5330 est.
914 5278 1194 5338 propterea
1242 5268 1643 5336 responsionem
1677 5266 1893 5336 Pelagii,
1929 5285 1947 5317 t
1985 5284 2104 5320 om-

513 5379 613 5419 nes
641 5363 839 5433 gratias
866 5361 915 5415 ei
944 5361 1168 5414 donatas
1196 5376 1315 5413 esse
1350 5379 1369 5412 ι
1400 5359 1646 5423 dicentis,
1674 5358 1881 5428 jndices
1911 5375 2102 5429 appro-

516 5459 800 5512 bavcrnnt.
827 5454 932 5510 Sed
960 5464 1082 5508 sunt
1112 5464 1164 5506 ct
1193 5452 1310 5505 alim
1344 5452 1530 5519 gratiae
1550 5492 1565 5515 ,
1601 5466 1721 5524 qua:
1748 5450 1835 5507 hic
1866 5466 2105 5506 comme-

517 5559 737 5605 morata:
770 5562 875 5603 non
901 5556 1043 5601 sunt.
1070 5545 1254 5614 Neque
1275 5543 1438 5607 enim,
1463 5544 1707 5613 quamvis
1732 5553 1876 5599 esset
1895 5552 2110 5613 aposto-

518 5644 600 5699 lus
649 5642 843 5696 I'aulns
897 5638 1121 5692 multum
1185 5635 1456 5689 excellens
1514 5634 1811 5688 membrum
1864 5635 2108 5704 corporis
2150 5676 2155 5681 ι

520 5735 739 5797 Christi,
786 5731 963 5791 nullas
1002 5729 1183 5799 plures
1225 5734 1280 5778 ct
1323 5725 1609 5794 ampliores
1661 5726 1858 5794 gratias
1905 5725 2110 5793 accepit

520 5828 694 5896 ipsum
740 5824 898 5879 totius
944 5819 1187 5892 corporis
1225 5826 1404 5887 caput,
1444 5818 1558 5873 sive
1589 5818 1640 5872 in
1674 5832 1854 5881 carne,
1898 5819 2009 5872 sive
2055 5821 2105 5870 iu

1537 379 1624 434 DE
1666 376 1909 435 GESTIS
1956 374 2251 444 PELACil,
2292 377 2347 432 S.
2391 378 2757 438 AUGL'S'I'INI

3672 388 3780 443 5ἳο

2197 494 2370 547 anima
2406 494 2671 564 lmmiois,
2702 514 2859 568 quant
2891 508 3189 555 creaturam
3231 516 3380 557 suam
3422 504 3654 563 Verbum
3692 508 3783 564 Del

2198 585 2248 639 in
2281 590 2534 641 unitatem
2562 605 2800 658 personae
2830 606 2960 653 smn,
2995 603 3049 645 ut
3078 603 3316 648 nostrum
3344 607 3503 665 caput
3544 608 3709 660 esset.
3731 607 3782 653 et

2194 690 2392 745 corpus
2439 679 2554 747 cjus
2600 694 2861 743 essemus,
2906 683 3213 752 assumpsit.
3245 683 3312 738 Et
3355 700 3539 740 revera
3578 689 3622 740 si
3665 701 3785 742 esse

2197 778 2411 837 possent
2437 770 2489 824 in
2520 771 2744 841 singulis
2768 774 2967 838 onmia,
2999 773 3192 828 l'mstra
3220 774 3288 831 de
3313 777 3570 831 membris
3593 792 3761 845 corpo

2196 859 2271 914 ris
2319 864 2486 917 nostri
2532 864 2598 919 ad
2645 867 2780 941 hanc
2819 881 2931 920 rem
2983 867 3101 921 data
3151 868 3445 923 similitudo
3492 869 3788 927 videretur.

2194 951 2330 1008 Sunt
2375 956 2517 1009 enim
2570 958 2814 1026 qumdam
2862 961 3166 1014 communia
3214 961 3463 1017 omnibus
3505 963 3787 1026 membris,

2195 1043 2332 1098 sicut
2361 1047 2576 1112 sanitas,
2613 1048 2751 1102 sicut
2778 1049 2879 1103 vita
2909 1060 3069 1105 :sunt
3095 1061 3270 1106 autem
3299 1053 3400 1105 alia
3422 1053 3582 1107 etiam
3611 1054 3791 1123 singu-

2204 1136 2271 1191 lis
2295 1140 2530 1210 propria,
2561 1141 2702 1195 unde
2738 1158 2835 1196 nec
2860 1143 3001 1197 auris
3029 1145 3189 1198 sentit
3217 1145 3448 1211 colores,
3474 1160 3573 1200 nec
3602 1148 3794 1200 oculos

2196 1242 2386 1293 voces;
2413 1239 2630 1299 propter
2654 1233 2795 1301 quod
2825 1232 3039 1298 dicitur,
3075 1234 3139 1290 Si
3166 1244 3327 1289 totum
3364 1253 3548 1307 corpus
3587 1239 3789 1302 oculus,

2197 1318 2282 1373 ubi
2304 1321 2630 1378 auditas?Si
2650 1318 2809 1377 totum
2831 1327 3055 1392 auditus,
3077 1328 3163 1381 ubi
3191 1328 3435 1382 odoratus
3469 1328 3510 1398 (Ι
3538 1328 3657 1383 Cor.
3692 1346 3790 1393 xu,

2201 1408 2337 1481 l7)?
2367 1410 2516 1478 Quod
2544 1413 2757 1482 quidem
2790 1428 2893 1469 non
2922 1416 2991 1468 ita
3019 1416 3233 1482 dicitur,
3260 1427 3512 1484 tanquam
3540 1419 3792 1487 impossi-

2200 1498 2304 1553 bile
2338 1499 2446 1553 Dco
2486 1500 2576 1563 sit,
2611 1512 2663 1557 et
2692 1503 2911 1558 auribus
2938 1515 3190 1573 pnest-irc
3214 1520 3429 1561 sensum
3461 1506 3709 1575 videndi,
3740 1520 3796 1562 et

2197 1589 2371 1643 oculis
2393 1591 2663 1646 audiendi.
2696 1592 2836 1660 Quid
2870 1604 3049 1650 tamen
3082 1594 3244 1650 faciat
3272 1595 3323 1651 in
3350 1596 3545 1652 Christi
3565 1614 3797 1668 corpore

2197 1679 2338 1748 quod
2360 1691 2442 1735 est
2470 1681 2729 1749 Ecclesia,
2754 1693 2807 1739 et
2828 1701 2984 1754 quam
3006 1685 3368 1742 diversitatem
3391 1689 3752 1745 Ecclesiarum
3776 1691 3794 1723 ⁸

2199 1768 2346 1823 velut
2387 1786 2482 1838 per
2510 1772 2746 1827 membra
2776 1774 2990 1829 diversa
3026 1784 3086 1830 ut
3114 1787 3295 1831 essent
3321 1776 3459 1832 dona
3487 1777 3648 1833 etiam
3679 1780 3796 1834 sin-

2197 1860 2335 1930 gulis
2374 1865 2607 1932 propria,
2658 1867 3037 1936 signiﬁcaverit
3074 1870 3382 1937 Apostolus,
3414 1882 3619 1927 eertum
3653 1877 3793 1928 est’.

2197 1950 2553 2023 Quapropter,
2568 1964 2732 2025 etqua
2756 1971 2917 2012 causa
2934 1958 2987 2012 hi
3005 1959 3093 2028 qui
3110 1960 3237 2013 illud
3250 1961 3582 2030 objeceruut,
3598 1965 3795 2017 auferri

2148 2108 2167 2117 κ
2201 2043 2467 2099 noluerint
2487 2044 2792 2100 distantiam
2819 2050 3130 2117 gratiarum,
3162 2059 3218 2106 et
3243 2066 3346 2121 qua
3374 2068 3533 2107 causa
3556 2054 3798 2124 episcopi

2200 2146 2416 2204 propter
2446 2135 2664 2191 Paulum
2693 2140 3019 2207 apostolum,
3053 2142 3105 2194 in
3139 2158 3245 2211 quo
3275 2143 3413 2199 dona
3446 2148 3646 2209 onmia,
3677 2161 3800 2215 qua:

2201 2228 2320 2281 loco
2360 2244 2466 2281 uno
2508 2233 2985 2298 commemoravit,
3015 2234 3353 2303 agnoscimus
3378 2276 3392 2301 ,
3430 2236 3479 2288 id
3525 2237 3667 2306 quod
3711 2254 3799 2291 rc-

2200 2318 2415 2389 spondit
2438 2319 2681 2391 Pelagius
2704 2322 2973 2391 potuerint
2991 2325 3308 2394 approhare,
3324 2326 3434 2394 jam
3459 2329 3661 2382 clarum
3692 2340 3795 2383 est.

2271 2408 2361 2462 55.
2388 2408 2523 2476 Quid
2551 2419 2634 2465 est
2656 2426 2808 2482 ergo,
2838 2412 2979 2467 unde
3009 2429 3094 2468 me
3115 2413 3182 2468 de
3212 2414 3313 2468 hoc
3340 2395 3573 2486 ca’pitulo
3596 2419 3796 2473 solli‘ci.

2202 2506 2313 2553 tum
2344 2499 2538 2554 factum
2564 2515 2685 2556 esse
2710 2502 2974 2571 pra-dixi?
2996 2504 3111 2559 lloc
3134 2505 3403 2569 videlicet,
3435 2509 3576 2576 quod
3605 2510 3681 2562 ait
3701 2509 3802 2563 Pc-

2201 2590 2393 2660 lagius,
2432 2610 2451 2643 ι
2486 2593 2698 2648 Donare
2728 2594 2892 2649 Deum
2923 2596 2992 2659 ei,
3022 2597 3109 2665 qui
3136 2596 3290 2650 fuerit
3316 2597 3511 2668 dignus
3532 2600 3798 2668 accipere,

2206 2696 2396 2735 omnes
2424 2683 2646 2753 gratias,
2680 2685 2821 2739 sicut
2850 2685 3016 2740 Paulo
3054 2688 3298 2756 apostolo
3325 2688 3562 2745 donavit.
3604 2711 3624 2743 ι
3657 2691 3801 2749 Nihil

2202 2785 2380 2826 essem
2421 2772 2488 2828 de
2531 2772 2632 2829 hac
2659 2775 2777 2845 ejus
2820 2778 3171 2846 rcSpOIisione
3199 2780 3493 2848 sollicitus,
3530 2783 3630 2837 nisi
3657 2786 3807 2854 quod

2213 2860 2409 2915 attinet
2432 2861 2498 2917 ad
2535 2861 2674 2919 banc
2701 2879 2939 2930 causam,
2976 2867 3131 2936 cujus
3155 2871 3383 2925 maxime
3414 2887 3539 2926 cura
3566 2877 3801 2943 gerenda

2209 2963 2312 3021 est,
2346 2972 2413 3009 ne
2443 2955 2642 3012 scilicet
2669 2958 2839 3028 gratia
2873 2959 2986 3024 Dei,
3011 2961 3166 3015 nobis
3197 2964 3493 3020 tacentibus
3520 2976 3576 3020 et
3597 2976 3803 3021 tantum

2206 3048 2407 3102 malum
2438 3049 2932 3120 dissimulantibus,
2980 3066 3336 3124 oppugnetur.
3372 3057 3505 3110 Cum
3542 3074 3671 3127 ergo
3697 3075 3803 3114 non

2203 3140 2297 3203 ait,
2355 3140 2566 3196 [tonare
2617 3143 2785 3197 Deum
2840 3143 2926 3198 cni
2976 3145 3237 3209 voluerit;
3284 3146 3376 3201 Sed
3416 3148 3507 3212 ait,
3536 3167 3555 3200 ι
3592 3150 3804 3204 Donare

2209 3233 2377 3289 Deum
2401 3234 2472 3300 ei,
2497 3235 2587 3305 qui
2614 3234 2776 3291 fuerit
2796 3236 2988 3307 dignus
3009 3239 3272 3308 accipere,
3301 3256 3488 3296 omnes
3505 3244 3738 3312 gratias;
3782 3267 3798 3299 ι

2205 3340 2311 3380 non
2334 3326 2504 3396 potui,
2525 3342 2645 3382 cum
2671 3329 2926 3398 legerem,
2951 3347 3057 3384 non
3079 3346 3201 3386 esse
3219 3333 3597 3404 suspiciosus'.
3624 3335 3803 3406 [psmn

2202 3417 2401 3488 quippe
2426 3419 2613 3489 gratia:
2643 3434 2839 3475 nomen
2879 3430 2934 3474 et
2972 3421 3087 3492 ejus
3119 3425 3350 3479 nominis
3377 3426 3682 3482 intellectus
3710 3445 3805 3482 an-

2205 3507 2396 3575 fertur,
2442 3509 2486 3564 si
2515 3524 2621 3564 non
2650 3511 2820 3581 gratis
2864 3511 3041 3576 datur,
3073 3515 3167 3568 sed
3208 3531 3326 3569 eam
3364 3516 3453 3585 qui
3496 3517 3688 3587 dignus
3722 3533 3802 3574 est

2204 3601 2420 3670 accipit.
2453 3601 2536 3655 Au
2569 3601 2705 3657 forte
2732 3603 2854 3672 quis
2873 3603 3035 3667 dicet,
3067 3606 3327 3674 Apostolo
3354 3623 3440 3662 me
3469 3608 3645 3665 facere
3667 3611 3808 3680 inju-

2209 3690 2365 3755 riam,
2391 3690 2514 3760 quia
2554 3706 2677 3745 eum
2707 3693 2877 3762 gratia
2904 3693 3122 3764 dignum
3152 3695 3313 3750 luisse
3352 3711 3457 3751 non
3494 3698 3652 3754 dico?
3693 3700 3808 3754 lmo

2208 3790 2334 3836 tunc
2375 3780 2511 3836 facio
2552 3792 2606 3836 et
2634 3781 2710 3837 illi
2753 3782 3021 3854 injuriam,
3055 3795 3110 3839 et
3138 3786 3267 3839 mihi
3309 3801 3542 3856 puniant,
3579 3789 3624 3843 si
3660 3793 3805 3859 quod

2205 3872 2322 3943 ipse
2344 3872 2493 3939 dicit,
2522 3888 2628 3928 non
2670 3874 2852 3930 credo.
2881 3877 2962 3930 An
2996 3876 3083 3931 ille
3104 3877 3327 3947 gratiam
3376 3893 3481 3933 non
3516 3879 3586 3933 ita
3608 3881 3807 3935 delini~

2211 3965 2305 4027 vit,
2358 3973 2418 4018 ut
2463 3981 2581 4020 eam
2627 3966 2722 4029 sic,
2778 3966 2921 4035 quod
2976 3966 3194 4021 daretur
3241 3969 3429 4039 gratis,
3484 3972 3805 4041 appellatam

2206 4053 2558 4109 ostenderet?
2584 4055 2789 4125 Nempe
2819 4056 2931 4125 ipse
2959 4057 3089 4111 dixit
3121 4073 3141 4111 :
3179 4056 3243 4113 Si
3275 4070 3443 4114 autem
3468 4063 3667 4133 gratia,
3690 4065 3808 4134 jam

2205 4162 2306 4204 non
2352 4164 2417 4202 ea:
2457 4148 2724 4217 operibus;
2771 4148 2999 4221 alioquin
3047 4152 3210 4221 gratia
3242 4153 3356 4222 jam
3389 4171 3490 4207 non
3529 4166 3602 4209 cst
3640 4159 3810 4226 gratia

2209 4236 2385 4307 (liam.
2414 4254 2488 4300 xl,
2516 4238 2594 4309 6).
2626 4238 2779 4294 Unde
2807 4240 2933 4294 item
2955 4240 3090 4295 dixit
3116 4259 3130 4296 :
3159 4242 3221 4295 Ei
3245 4253 3413 4296 autem
3437 4246 3524 4314 qui
3542 4257 3805 4316 aperatur,

2214 4345 2402 4383 merces
2426 4345 2527 4382 non
2555 4330 2839 4400 imputatur
2857 4316 3133 4385 secundum
3156 4334 3391 4404 gratiam,
3424 4336 3512 4388 sed
3529 4339 3810 4392 secundum

2208 4420 2431 4474 debitum
2460 4419 2572 4490 (Id.
2596 4436 2674 4488 Iv,
2697 4420 2777 4494 ι).
2801 4423 3053 4494 Quisquis
3073 4439 3200 4495 ergo
3223 4425 3415 4496 dignus
3434 4437 3539 4494 εει,
3563 4428 3806 4489 debitum

2208 4522 2293 4568 est
2321 4513 2408 4578 ei;
2439 4512 2489 4567 si
2526 4522 2704 4569 autem
2733 4513 2971 4569 debitum
3002 4526 3086 4571 est
3108 4557 3123 4582 ,
3148 4518 3316 4587 gratia
3347 4533 3453 4573 non
3481 4528 3564 4574 est
3591 4536 3606 4574 :
3635 4523 3807 4590 gratia

2207 4604 2404 4673 quippe
2432 4606 2687 4671 donatur,
2719 4604 2961 4660 debitum
2991 4606 3250 4663 redditur.
3279 4608 3460 4664 Gratia
3485 4625 3614 4680 ergo
3639 4611 3810 4666 dona-

2211 4704 2298 4750 tur
2327 4695 2580 4766 indignis,
2614 4705 2670 4750 nt
2698 4696 2952 4752 reddatur
2979 4697 3216 4754 debitum
3243 4700 3420 4772 dignis
3443 4719 3457 4756 :
3489 4702 3603 4771 ipse
3626 4714 3808 4759 autem

2210 4784 2338 4841 facit
2358 4798 2410 4841 ul
2436 4786 2668 4842 habeant
2687 4803 3039 4861 quascumque
3067 4791 3371 4846 redditurus
3393 4802 3472 4847 est
3495 4793 3692 4866 dignis,
3717 4800 3810 4866 qui

2210 4894 2271 4933 ea
2298 4895 2416 4948 qua:
2448 4896 2552 4932 non
2587 4879 2853 4936 habebant
2880 4879 3098 4945 donavit
3128 4882 3377 4953 indignis.

2283 4971 2373 5027 54.
2406 4972 2515 5025 Iloe
2539 4971 2675 5027 forte
2700 4970 2878 5027 dicet:
2910 4973 3022 5042 Ego
3049 4989 3154 5029 non
3194 4990 3259 5029 ex
3301 4975 3574 5044 operibus.
3607 4976 3705 5035 sed
3746 4996 3808 5032 ex

2214 5060 2317 5116 lide
2341 5062 2448 5116 dixi
2478 5063 2795 5132 Apostolum
2817 5064 3035 5134 dignum
3061 5065 3244 5130 fuisse,
3268 5068 3352 5121 cui
3380 5075 3540 5122 tantm
3568 5068 3674 5123 illa:
3701 5086 3814 5139 gra-

2214 5160 2303 5211 tia:
2323 5153 2687 5219 donarentur;
2719 5171 2825 5209 non
2847 5155 2991 5211 enim
3018 5171 3205 5225 opera,
3233 5172 3352 5227 qua:
3384 5158 3520 5211 boiia
3550 5169 3676 5214 ante
3707 5177 3814 5214 non

2214 5246 2418 5306 halmit.
2443 5245 2538 5299 sed
2571 5256 2745 5300 tamen
2778 5246 2912 5301 fides
2928 5246 3046 5316 ejus
3070 5248 3169 5301 hoc
3208 5249 3423 5311 meruit.
3451 5249 3587 5316 Quid
3623 5251 3805 5308 enim:

2216 5345 2464 5406 potamus
2487 5335 2629 5404 quod
2658 5335 2792 5391 ﬁdes
2813 5352 2918 5390 non
2944 5336 3239 5407 operetur?
3270 5338 3383 5393 lmo
3414 5339 3524 5408 ipso
3550 5341 3808 5395 veraciter

2214 5433 2483 5496 operatur,
2514 5439 2632 5495 qua:
2660 5440 2757 5495 per
2783 5424 3124 5487 dilectionem
3152 5438 3406 5496 operatur
3438 5426 3709 5498 (Galat.v,
3736 5432 3813 5487 6?-

2281 5580 2295 5643 !
2322 5585 2477 5643 Forte,
2501 5578 2786 5643 gratiarum.

2279 5641 2299 5670 ¹
2335 5641 2464 5701 Apud
2489 5641 2643 5699 suae,
2662 5641 2900 5693 incertum
2918 5651 3005 5694 est.

2281 5704 2300 5733 ³
2326 5702 2751 5767 withsuspectns.
2780 5714 2927 5763 bene,
2964 5711 3201 5762 siquidem
3244 5721 3388 5767 supra
3424 5707 3700 5767 lcgm'ctur,
3728 5721 3817 5756 non

2219 5763 2364 5824 νυιιεέῑ
2389 5776 2403 5811 :
2424 5764 2631 5829 alimpxiu
2660 5766 2941 5825 lrgczitlluu,
2966 5769 3186 5819 «alliam:
3204 5789 3218 5827 ;
3236 5763 3817 5829 autjttvta'tlolbet‘tttttun

2221 5836 2319 5881 Non,
2345 5840 2439 5882 λιιλι
2457 5826 2650 5877 tenuata,
