4202 6518
357 364 448 419 an
1780 339 1979 395 LlBElt
2025 339 2204 396 usus

354 474 939 546 Q‘Jﬂllillllliibt'lallmm
952 463 1417 538 operaiulidelimu
1435 459 1808 531 pra-dicentur,
1824 455 1960 525 ejus-

356 565 733 637 dem-apostoli
772 561 1092 617 sententiam
1125 569 1302 611 veram
1327 553 1573 609 novimus
1599 559 1654 605 et
1683 548 1957 613 invictam,

359 666 525 716 (hune
550 658 684 730 quod
713 672 813 710 non
835 663 907 709 est
949 669 1013 707 ea:
1048 650 1184 721 fide,
1217 655 1474 719 peccatum
1513 653 1584 698 est
1614 641 1798 714 (Rom.
1847 654 1955 730 xtv,

355 754 428 808 ‘35
444 763 484 819 ).
514 729 638 807 Ideo
655 763 781 805 vero
797 761 941 816 smpe
957 744 1106 809 dicit,
1126 757 1231 794 non
1250 755 1316 794 ex
1333 736 1605 806 operibus,
1628 732 1723 787 sed
1743 747 1807 786 cx
1830 729 1953 793 lide,

363 847 517 901 nobis
538 842 800 915 justitiam
824 834 1092 908 deputari,
1117 848 1240 889 cum
1259 830 1431 900 potius
1454 826 1584 881 tides
1606 841 1700 895 per
1719 822 1959 878 dilectio-

362 952 482 991 nem
512 913 793 1005 operetur,
826 944 892 985 ne
919 927 1198 999 quisquam
1222 922 1487 978 existimet
1512 917 1579 973 ad
1607 917 1776 987 ipsam
1798 913 1953 968 [idem

362 1003 574 1081 meritis
602 1038 826 1095 operum
855 1016 1145 1091 perveniri,
1173 1029 1300 1071 eum
1322 1013 1434 1082 ipsa
1462 1010 1530 1063 sit
1560 1008 1787 1073 initium,
1817 1003 1958 1059 unde

368 1121 504 1177 bona
531 1094 695 1187 opera
723 1111 1021 1182 incipiunt;
1053 1106 1328 1178 quoniam,
1364 1112 1419 1157 ut
1449 1102 1645 1156 dictum
1681 1106 1785 1163 est,
1817 1094 1960 1166 quod

365 1228 432 1267 ex
460 1212 573 1281 ipsa
604 1223 708 1263 non
732 1214 836 1273 est,
868 1212 1142 1276 peceatum
1172 1208 1272 1255 est.
1304 1197 1438 1253 lliuc
1465 1205 1518 1250 ct
1547 1192 1798 1249 Ecclesiae
1831 1189 1963 1245 diei-

367 1316 454 1358 tur
472 1299 783 1368 inﬂantico
810 1296 1164 1359 canticorum,
1201 1290 1399 1351 Venies,
1432 1304 1477 1343 et
1498 1287 1708 1369 transies
1733 1284 1795 1337 ab
1818 1282 1961 1336 initio

367 1396 486 1464 ﬁdei
511 1393 691 1465 (Cant.
736 1407 807 1455 tv,
855 1389 919 1457 8,
950 1404 1053 1443 sec.
1096 1383 1300 1453 LXX).
1336 1382 1675 1451 Quapropter
1716 1374 1964 1447 quamvis

368 1492 504 1544 bene
536 1483 794 1557 Operandi
821 1484 1047 1553 gratiam
1094 1477 1228 1533 ﬁdes
1268 1477 1517 1545 impetret
1547 1488 1573 1526 ει
1604 1472 1770 1542 ipsam
1817 1476 1965 1524 certe

370 1579 528 1634 tidem
561 1586 622 1632 ut
641 1575 979 1637 haberemus,
1006 1570 1148 1626 nulla
1181 1568 1284 1623 lidc
1327 1565 1647 1631 meruimus,
1680 1561 1773 1617 sed
1818 1562 1869 1614 in
1900 1574 1962 1615 ea

368 1670 525 1725 uohis
551 1668 742 1730 danda,
791 1666 842 1720 in
883 1679 984 1735 qua
1013 1661 1295 1717 Dominum
1341 1672 1705 1726 sequeremur,
1754 1651 1965 1707 miseri-

369 1761 551 1815 cordia
579 1761 695 1829 ejus
732 1755 988 1829 praevenit
1022 1749 1121 1809 nos
1156 1750 1329 1824 (Psal'.
1360 1765 1506 1815 unt,
1539 1750 1648 1817 ll).
1680 1748 1760 1800 Au
1794 1746 1963 1815 ipsam

370 1854 524 1908 nobis
548 1867 646 1907 nos
672 1850 937 1914 dedimus,
969 1856 1023 1903 et
1050 1845 1153 1917 ipsi
1182 1858 1281 1899 nos
1315 1844 1459 1913 ipso;
1488 1840 1670 1895 ﬁdeles
1698 1836 1966 1893 fecimus?

372 1947 599 2016 Prorsus
625 1942 785 1998 etiam
814 1940 901 1994 hic
936 1937 1203 2004 clamabo,
1239 1935 1359 2005 Ipse
1387 1934 1503 2005 fecit
1527 1948 1638 1998 nos,
1669 1938 1714 1985 et
1736 1946 1836 1983 non
1871 1928 1969 2000 ipsi

371 2052 463 2090 nos
492 2033 660 2105 (Psal.
694 2048 839 2099 XCIX,
864 2031 943 2103 3).
966 2029 1111 2085 Nihil
1134 2043 1261 2084 vero
1287 2025 1432 2081 aliud
1457 2024 1745 2095 apostolica
1768 2020 1968 2077 doctri-

371 2144 437 2179 na
464 2123 820 2183 commendat.
849 2123 938 2177 ubi
963 2122 1036 2175 ait
1068 2138 1081 2174 :
1118 2118 1245 2173 Dico
1272 2126 1439 2171 autem
1471 2132 1559 2184 per
1595 2114 1817 2186 gratiam
1848 2110 1963 2178 Dei,

373 2232 482 2286 qua!
502 2216 620 2269 data
650 2225 721 2269 est
745 2214 889 2280 mihi,
917 2212 1150 2267 omnibus
1186 2210 1283 2278 qui
1308 2207 1505 2262 suntin
1536 2206 1692 2268 vobis,
1721 2220 1822 2258 non
1854 2202 1970 2273 plus

374 2325 566 2379 sapere,
603 2324 754 2378 quam
792 2315 985 2377 oportet
1010 2320 1209 2376 sapere,
1255 2302 1353 2357 sed
1372 2317 1549 2371 sapere
1585 2298 1653 2352 ad
1679 2312 1967 2368 temperan-

374 2405 513 2463 tiam.
545 2403 673 2456 sicut
695 2400 963 2470 unicuique
992 2397 1133 2452 Deus
1173 2396 1389 2467 partitus
1412 2403 1486 2448 est
1526 2406 1811 2446 mensuram
1849 2390 1970 2460 ﬁdei

376 2494 552 2564 (Rom.
584 2508 680 2557 xu,
713 2492 789 2561 3).
826 2490 961 2545 llinc
1000 2496 1086 2544 est
1129 2487 1326 2559 quippe
1367 2493 1421 2541 et
1460 2482 1587 2539 illud
1615 2496 1636 2537 ':
1677 2482 1970 2549 Quid‘enim

374 2585 524 2639 trabes
542 2584 676 2654 quod
704 2599 805 2637 non
833 2581 1069 2652 accepisti
1095 2577 1153 2653 (-l
1180 2578 1298 2634 Cor.
1325 2593 1396 2644 Iv,
1419 2574 1514 2648 7)?
1533 2572 1759 2642 Quando
1782 2581 1836 2629 et
1868 2573 1969 2628 hoc

331 2709 338 2715 -
371 2677 698 2747 accepimus,
727 2674 869 2730 unde
912 2674 1098 2744 incipit
1135 2670 1406 2744 quidquid-
1439 2670 1490 2724 iu
1539 2668 1747 2723 nostris
1762 2666 1968 2723 actibus

376 2767 633 2823 habemus
657 2767 813 2821 boui-

448 2860 540 2915 35.
574 2858 708 2927 Quid
727 2865 808 2913 est
834 2871 964 2929 ergo
979 2855 1121 2928 quod
1138 2855 1277 2912 idem
1298 2854 1426 2910 dicit
1454 2853 1749 2925 apostolus,
1773 2852 1973 2907 Donum

376 2958 628 3003 certamen
656 2948 863 3014 certavi,
885 2963 1092 3002 cursum
1119 2945 1482 3013 consummavi,
1507 2946 1663 3015 [idem
1682 2944 1895 3011 servavi;
1912 2943 1975 2998 de

377 3052 558 3096 cetera
575 3050 803 3112 superest
828 3040 953 3094 mihi
985 3055 1173 3093 corona
1194 3038 1433 3111 justitiaz,
1466 3054 1616 3108 quam
1649 3035 1823 3091 reddet
1850 3035 1974 3089 mihi

384 3135 629 3190 Dominus
653 3136 705 3189 in
727 3133 817 3189 illo
851 3134 935 3187 die
960 3133 1132 3205 justus
1153 3132 1316 3203 judea:
1342 3129 1416 3203 (11
1444 3129 1573 3183 Tim.
1606 3146 1678 3195 ιν,
1706 3130 1759 3196 7,
1792 3127 1890 3198 8);
1929 3128 1973 3182 si

380 3228 498 3284 hzec
536 3244 642 3283 non
691 3227 983 3283 redduntur
1024 3224 1219 3296 dignis,
1265 3223 1359 3279 sed
1396 3222 1662 3278 donantur
1708 3219 1976 3291 indignis?

386 3320 496 3376 Hoc
519 3320 609 3389 qui
643 3318 793 3386 dicit,
834 3333 1020 3390 parum
1048 3316 1353 3371 considerat
1389 3328 1642 3369 coronam
1682 3312 1832 3367 reddi
1867 3327 1974 3366 non

384 3414 624 3483 potuisse
661 3412 844 3482 digno,
894 3410 996 3466 nisi
1037 3410 1208 3481 gratia
1262 3408 1382 3463 data
1428 3415 1571 3462 esset
1610 3405 1846 3474 indigno.
1890 3404 1977 3459 Ait

388 3506 549 3570 eriitn,
596 3503 795 3559 Bonum
833 3512 1086 3557 certamen
1134 3500 1316 3554 certavi
1343 3514 1363 3552 :
1392 3497 1485 3552 sed
1536 3496 1674 3551 idem
1724 3496 1838 3566 ipse
1879 3494 1974 3560 ait,

386 3597 590 3653 Gratias
623 3596 749 3662 Deo,
781 3594 864 3666 qui
894 3593 1037 3649 dedit
1074 3576 1215 3647 nobis
1256 3590 1518 3645 victoriam
1567 3605 1656 3660 per
1701 3587 1976 3641 Demittunt

389 3699 611 3743 nostrum
633 3685 810 3741 Iesum
835 3686 1114 3740 Christi-um
1135 3680 1325 3754 (lCor.
1354 3695 1447 3744 xv,
1471 3681 1538 3734 57
1556 3681 1594 3750 ).
1622 3680 1735 3742 Ait,
1766 3677 1980 3732 Cursum

389 3779 730 3836 consummavi
759 3794 778 3832 :
803 3777 897 3833 sed
924 3776 1039 3848 ipse
1064 3775 1202 3830 idem
1226 3773 1334 3834 ait,
1371 3771 1491 3826 Non
1528 3771 1736 3827 volentis
1757 3811 1772 3837 ,
1821 3785 1980 3839 neque

391 3872 654 3937 currentis,
682 3869 1076 3925 sed‘miserentis
1099 3876 1174 3922 est
1204 3865 1299 3921 Dei
1343 3863 1534 3938 (Rom.
1568 3879 1643 3931 ix,
1696 3864 1763 3918 l6
1786 3861 1827 3934 ).
1872 3862 1979 3927 Ait,

396 3966 575 4022 Fidem
601 3966 791 4022 servavi
815 3981 836 4020 :
864 3964 964 4021 sed
996 3964 1110 4035 ipsc
1136 3962 1278 4019 idem
1304 3961 1398 4027 ait,
1432 3959 1555 4017 Scio
1580 3959 1711 4014 enim
1747 3958 1831 4012 cui
1871 3973 1982 4012 cre-

392 4059 522 4125 didi,
569 4067 619 4113 et
664 4066 827 4115 certus
871 4072 984 4112 sum
1016 4055 1135 4127 quia
1166 4062 1344 4126 potens
1387 4061 1460 4107 est
1497 4051 1781 4120 depositum
1815 4065 1984 4103 meum

394 4169 593 4208 servare
614 4154 666 4208 in
687 4152 832 4206 illum
859 4151 991 4205 diem
1008 4148 1074 4221 (11
1097 4147 1233 4202 Tim.
1256 4163 1292 4212 ιδ
1310 4145 1420 4216 12),
1444 4145 1494 4200 id
1518 4152 1622 4211 est,
1644 4141 1986 4199 commenda-

395 4255 506 4301 tum
532 4260 709 4302 meum
740 4261 755 4299 :
787 4258 921 4300 nam
939 4241 1157 4299 codices
1180 4239 1421 4296 nonnulli
1452 4252 1556 4293 non
1580 4237 1796 4300 habent,
1824 4235 1982 4305 depo-

394 4340 548 4394 situm
568 4353 591 4403 ;
611 4337 706 4394 sed
733 4336 877 4409 quod
900 4344 985 4392 est
1007 4332 1215 4405 planius
1231 4373 1257 4400 ,.
1286 4331 1706 4387 commendatum.
1731 4326 1867 4395 Quid
1893 4342 1990 4382 au-

396 4438 514 4486 tem
527 4426 981 4486 commendamus.
997 4426 1138 4492 Deo,
1156 4422 1260 4479 nisi
1279 4437 1399 4494 quze
1416 4422 1432 4453 ¹
1455 4433 1672 4476 oramus
1698 4428 1757 4473 ut
1785 4425 1986 4484 servet,

396 4523 448 4578 in
477 4523 670 4595 quibus
704 4529 761 4578 et
787 4520 901 4592 ipsa
935 4527 1018 4575 est
1057 4517 1189 4574 ﬁdes
1236 4514 1455 4572 nostra?
1494 4512 1628 4569 Nam
1675 4511 1803 4583 quid
1843 4509 1987 4565 aliud

394 4614 636 4684 apostolo
658 4611 735 4683 (α)
756 4609 1188 4668 Ρθιιιοιυοωὶηιιε
1201 4602 1829 4667 commendavitorando,
1848 4599 1990 4657 unde

399 4705 473 4761 illi
501 4705 595 4773 ait,
622 4703 733 4776 Ego
758 4702 932 4775 rogavi
957 4717 1050 4774 pro
1077 4711 1125 4756 te
1143 4742 1160 4768 ,
1205 4698 1374 4765 Petre,
1411 4713 1472 4752 ne
1511 4696 1711 4766 deﬁciat
1737 4694 1865 4764 ﬁdes
1902 4701 1989 4747 tua

398 4795 562 4866 (Luc.
592 4810 723 4861 nu,
753 4794 892 4865 '52);
935 4792 1035 4847 nisi
1060 4800 1119 4847 ut
1141 4789 1260 4864 ejus
1284 4789 1424 4844 Deus
1448 4794 1695 4843 servaret
1714 4785 1893 4851 tidem,
1924 4800 1991 4839 ne

400 4887 677 4943 tentationi
691 4884 934 4942 cedendo
953 4883 1205 4939 deﬁceret
1218 4879 1538 4948 iQuoei‘ma,
1557 4894 1588 4931 ο
1606 4878 1759 4932 beate
1781 4875 1987 4940 Paulc’,

401 4998 589 5053 magne
624 4981 811 5053 gratia:
849 4968 1191 5050 praedicator,
1219 4974 1425 5040 dicam,
1454 4986 1552 5027 nec
1593 4972 1807 5027 timeam
1836 4967 1991 5043 (quis

401 5078 543 5132 enim
569 5075 696 5130 mihi
738 5073 911 5127 minus
950 5068 1291 5126 sueccnsebit
1332 5068 1431 5122 ista
1466 5064 1686 5131 dicenti,
1714 5078 1871 5135 quam
1910 5070 1987 5128 tu,

403 5169 578 5235 quica
600 5163 823 5220 dicenda
865 5161 1045 5218 dixisti
1073 5171 1129 5217 et
1173 5158 1414 5216 docenda
1456 5154 1755 5226 docuisti?)
1784 5154 1988 5217 dicam,
2076 5180 2079 5185 ν

405 5260 614 5327 inquam
638 5299 652 5320 ,
686 5272 785 5312 nec
816 5256 1031 5310 timeam
1079 5272 1095 5309 :
1143 5252 1384 5309 redditur
1411 5248 1624 5322 quidem
1656 5246 1863 5303 meritis
1890 5245 1994 5300 tuis

403 5364 595 5404 corona
616 5363 732 5408 sua.
757 5348 861 5405 sed’
878 5348 970 5403 Dei
993 5346 1131 5402 dona
1153 5354 1277 5400 sunt
1308 5344 1495 5399 merita
1519 5351 1627 5397 tua.

473 5444 563 5499 56.
596 5442 854 5499 Redditur
882 5456 1010 5513 ergo
1036 5440 1277 5496 debitum
1309 5437 1588 5509 pnemium
1626 5433 1884 5504 Apostolo
1910 5431 1996 5485 di-

406 5549 511 5605 gno
538 5553 551 5588 :
581 5533 675 5589 sed
702 5535 875 5604 ipsum
894 5532 1249 5599 apostolatum
1277 5529 1569 5585 indebitum
1586 5526 1754 5601 gratia
1781 5525 1800 5557 ³
1827 5525 1992 5579 dona-

471 5651 486 5678 '
513 5646 726 5696 ttacOIb.
750 5652 818 5695 Its
861 5653 913 5695 At
935 5644 1073 5703 editi,
1093 5640 1212 5705 qui;
1238 5650 1347 5705 aut,
1371 5639 1517 5705 quod.

468 5710 487 5739 ⁸
522 5714 623 5758 Duo
654 5715 783 5766 Mrs,
804 5720 832 5756 ο
856 5704 1099 5757 benedicte
1126 5704 1288 5754 l’ttttlt‘.

468 5770 489 5800 ³
521 5771 633 5819 Editi
647 5758 885 5832 plerique,
905 5767 1093 5832 gratim.
1106 5767 1410 5816 tioihcrtiuus
1420 5763 1573 5813 codex
1588 5770 1800 5818 ets'nar,
1817 5758 1990 5820 gratia.

469 5832 543 5893 la)
574 5828 728 5891 Forte,
753 5828 815 5884 de
839 5828 1061 5893 (ψῖνιυίο.

3548 337 3650 393 3σὲ

2062 457 2139 508 vit
2180 454 2412 526 indigna.
2462 456 2541 510 Au
2587 456 2688 512 huc
2732 474 2816 513 me
2859 459 3058 514 dixisse
3098 459 3413 530 paenitebit?
3455 461 3603 517 Absit
3638 477 3649 512 :

2063 562 2180 616 eius
2231 549 2372 602 enim
2432 550 2735 605 testimonio
2785 550 2853 606 ab
2903 550 3001 608 hac
3052 553 3246 610 invidia
3295 555 3652 621 defensabor.

2067 655 2163 694 nec
2204 655 2289 694 me
2316 639 2593 713 quisquam
2640 643 2848 697 vocabit
2876 643 3164 713 audacem,
3213 648 3315 704 nisi
3342 650 3452 721 'qui
3496 651 3654 708 fuerit

2065 749 2226 786 ausus
2254 735 2423 804 ipsum
2454 750 2646 790 Vocare
2673 736 3007 792 mendacem.
3040 738 3157 809 lpse
3185 741 3404 809 clamat,
3434 744 3549 815 ipse
3580 757 3650 800 to

2067 832 2257 889 statur,
2306 826 2417 893 ipse
2446 832 2503 879 ut
2536 827 2587 880 in
2618 841 2675 881 se
2706 825 2799 882 Dei
2822 829 2958 884 dona
2996 833 3356 901 commendet,
3381 851 3480 891 nec
3512 837 3564 891 iu
3594 854 3651 890 sv.

2069 915 2214 983 ipso,
2259 916 2351 970 sed
2400 916 2451 969 iu
2493 917 2716 973 Domino
2732 920 2989 989 glorietur
3018 922 3034 956 ί
3062 924 3081 995 (
3097 923 3111 978 l
3139 922 3261 981 Cor.
3294 942 3309 981 t
3339 970 3354 995 ,
3381 928 3443 984 5|
3467 929 3522 1002 ),
3551 947 3654 984 non

2067 1005 2239 1059 Solum
2270 1008 2408 1061 nulla
2435 1023 2493 1064 se
2516 1009 2765 1067 habuisse
2788 1013 2916 1069 dicit
2943 1016 3131 1071 merita
3161 1017 3298 1073 bona
3318 1062 3334 1087 ,
3362 1030 3418 1076 ut
3442 1035 3656 1095 aposto.

2069 1096 2148 1150 lus
2190 1099 2374 1162 lieiet;
2406 1101 2515 1156 scd-
2543 1103 2702 1157 etiam
2734 1105 2872 1159 mala
2904 1107 3106 1163 merita.
3128 1102 3422 1178 suafdicit,
3465 1124 3523 1169 ut
3564 1117 3654 1171 [ivi

2067 1193 2288 1262 gratiam
2312 1194 2612 1251 manifestet
2639 1206 2693 1253 et
2716 1198 2983 1269 praedicet.
3010 1199 3130 1257 Non
3150 1220 3285 1271 sum,
3316 1205 3523 1276 inquit,
3547 1209 3658 1263 ido-

2068 1303 2189 1340 neus
2234 1304 2397 1342 vocari
2437 1289 2697 1360 apostolus
2734 1292 2917 1362 :quod
2958 1294 3083 1365 quid
3122 1307 3203 1351 est
3245 1298 3423 1364 aliud,
3461 1317 3618 1371 quam
3643 1346 3656 1364 ,

2068 1378 2182 1433 Non
2214 1388 2341 1435 sum
2362 1381 2585 1453 dignus?
2610 1398 2729 1438 num
2755 1385 2860 1440 hoc
2883 1387 3121 1459 plerique
3149 1390 3297 1445 latini
3318 1392 3532 1450 codices
3566 1394 3658 1448 ha-

2067 1470 2213 1525 bent.
2259 1470 2368 1526 lloc
2402 1482 2485 1528 est
2526 1490 2720 1545 nempe
2759 1477 2912 1547 quod‘
2941 1480 3230 1549 quzerimus
3272 1498 3508 1554 :nempe
3553 1486 3658 1540 ista

2071 1578 2292 1617 munere
2335 1566 2666 1635 apostolatus
2711 1567 2813 1623 illa:
2858 1584 3045 1625 omnes
3082 1572 3267 1642 gratia:
3294 1575 3657 1631 continentur.

2069 1654 2186 1711 Non
2228 1657 2369 1712 enim
2401 1657 2625 1714 decebat
2649 1670 2741 1714 aut
2778 1664 3059 1732 oportebat
3092 1666 3393 1735 apostolum
3433 1685 3537 1723 non
3569 1669 3662 1723 ha-

2072 1748 2198 1805 bere
2250 1750 2580 1821 prophetiam
2604 1793 2619 1818 ,
2667 1763 2759 1807 aut
2798 1769 2903 1808 nou
2949 1771 3070 1811 esse
3103 1756 3399 1828 doctorem,
3429 1771 3521 1816 aut
3549 1778 3656 1816 noa

2070 1841 2368 1897 clarescere
2398 1842 2678 1898 virtutibus
2708 1844 3194 1919 donationibusqu
3219 1850 3542 1918 sanitatum,
3568 1865 3659 1908 aut

2071 1935 2332 2007 adjutoria
2361 1953 2465 1993 non
2490 1940 2728 2009 praebere
2746 1982 2760 2005 ,
2789 1952 2879 1996 aut
2909 1942 3177 1998 Ecclesias
3209 1960 3313 2000 non
3340 1947 3659 2017 gubrriiaro,

2071 2036 2168 2084 aut
2199 2030 2496 2101 linguarum
2539 2032 2825 2102 generibus
2867 2049 2984 2088 non.
3001 2036 3287 2092 excellere.
3323 2037 3511 2092 Omnia
3548 2038 3663 2093 tunc

2073 2138 2234 2176 unum
2277 2138 2473 2178 nomen
2511 2125 2841 2194 apostolatus
2874 2127 3229 2195 amplectitur.
3280 2128 3456 2199 ipsum
3506 2131 3664 2201 igitur

2072 2210 2451 2276 consulamus;
2487 2211 2658 2281 ipsum
2698 2212 2874 2282 potius
2916 2212 3242 2270 audiamus:
3285 2216 3526 2272 dicamus
3574 2221 3619 2273 ei
3648 2263 3660 2280 .

2071 2301 2269 2359 Sancte
2305 2303 2467 2359 Paule
2511 2303 2774 2375 apostole,
2804 2304 3049 2376 Pelagius
3067 2307 3361 2362 monachus
3379 2307 3596 2379 dignum
3616 2321 3665 2364 te

2073 2395 2200 2451 dicit
2226 2394 2412 2461 misse,
2443 2395 2545 2467 qui“
2561 2397 2834 2469 acciperes
2863 2412 3053 2454 omnes
3091 2400 3290 2471 gratias
3333 2402 3662 2473 apostolatus

2076 2490 2183 2558 tui;
2224 2499 2279 2545 tu
2333 2491 2446 2561 ipse
2490 2490 2619 2563 quid
2661 2491 2854 2548 dicis?
2889 2490 3009 2547 Non
3036 2510 3178 2558 sum,
3234 2494 3439 2565 inquit,
3484 2495 3667 2568 dignus

2058 2585 2244 2639 'vocari
2275 2583 2537 2656 apostolus
2567 2585 2594 2640 2
2618 2584 2793 2653 Itane,
2826 2592 2884 2640 ut
2907 2584 3144 2641 deferam
3180 2585 3437 2642 honorem
3469 2588 3660 2649 Paulo,

2074 2677 2289 2749 Pelagio
2315 2677 2482 2749 magis
2501 2677 2570 2734 de
2596 2677 2760 2733 Paulo
2783 2677 3006 2734 credere
3021 2678 3251 2746 audebo,
3274 2694 3432 2751 quam
3458 2678 3622 2734 Paulo
3646 2684 3668 2733 ’ὲ

2076 2769 2191 2826 Non
2218 2769 2406 2825 faciam
2438 2788 2453 2825 :
2486 2784 2573 2826 me
2602 2784 2834 2840 namque
2855 2770 3031 2840 potius
3050 2770 3307 2839 onerabo,
3335 2787 3491 2840 quam
3521 2772 3667 2827 illum

2077 2861 2383 2926 honorabo,
2412 2861 2456 2917 si
2488 2860 2685 2917 fecero.
2738 2860 3033 2917 Audiamus
3062 2861 3247 2930 etiam,
3293 2877 3390 2919 cur
3442 2880 3548 2919 nou
3601 2863 3670 2917 εἰι

2076 2955 2269 3027 dignus
2305 2954 2483 3009 vocari
2512 2953 2785 3025 apostolus
2811 2972 2824 3009 :
2858 2953 2990 3022 Quia
3014 2966 3301 3026 persecutus
3321 2972 3455 3024 sum,
3478 2956 3667 3026 inquit.

2082 3047 2358 3103 Ecclesium
2382 3046 2498 3101 Dei.
2532 3045 2589 3102 Si
2618 3060 2835 3102 sensum
2861 3048 3364 3119 sequeremur,quis
3386 3063 3488 3103 nou
3513 3048 3668 3103 istum

2077 3155 2107 3195 a
2124 3140 2336 3197 Christo
2349 3139 2706 3199 damnandum
2718 3148 2962 3198 censeret
2975 3140 3319 3211 potiusquam
3334 3142 3628 3196 vocandum
3649 3143 3671 3195 ’ἔ

2079 3232 2210 3302 Quis
2238 3233 2306 3292 ita
2335 3232 2518 3305 diligat
2544 3233 2947 3303 prmdicatorem
2967 3271 2993 3300 ,
3016 3241 3071 3287 ut
3099 3247 3203 3287 non
3226 3232 3523 3289 detestetur
3545 3251 3665 3305 per.

2080 3333 2381 3382 secutorem
2396 3322 2646 3394 ?0ptime
2659 3339 2786 3396 ergo
2803 3324 2917 3395 ipse
2932 3333 3091 3398 atque
3107 3324 3388 3392 veraciter,
3407 3324 3526 3385 Non
3538 3313 3669 3388 sani,

2082 3418 2269 3488 inquit.
2291 3416 2474 3488 dignus
2489 3416 2659 3470 vacari
2682 3413 2962 3487 apostolus,
2985 3414 3105 3487 quia
3126 3426 3415 3486 persecutus
3444 3433 3553 3470 sum
3576 3415 3671 3469 Ife-

2083 3510 2287 3564 clesiam
2311 3507 2426 3567 Dei.
2442 3507 2668 3563 Faciens
2691 3507 2851 3578 igitur
2872 3515 3075 3562 tantum
3093 3507 3240 3573 mali,
3264 3507 3413 3567 unde
3431 3509 3669 3566 meruisti

2085 3611 2286 3657 tatumn
2317 3601 2438 3654 boui
2463 3600 2487 3653 ?
2515 3598 2745 3654 Audiant
2778 3597 3188 3667 respondentem
3230 3614 3417 3654 (nuues
3441 3596 3670 3669 gentes}:

2086 3694 2192 3750 Sed
2216 3693 2381 3764 gratia
2413 3690 2507 3746 Dei
2530 3707 2640 3745 sum
2676 3690 2729 3744 id
2773 3689 2909 3758 quod
2953 3707 3085 3745 sum.
3109 3689 3373 3761 Numquid
3418 3691 3572 3745 aliter
3596 3701 3677 3748 cst

2085 3788 2249 3859 gratia
2280 3783 2683 3852 commendata,
2716 3784 2820 3839 nisi
2861 3784 2982 3855 quia
3026 3793 3119 3841 est
3137 3784 3354 3856 indigno
3398 3784 3517 3839 data
3555 3784 3579 3839 ?
3615 3784 3677 3838 lit

2085 3881 2251 3952 gratia
2294 3879 2437 3950 ejus,
2491 3877 2694 3949 inquit,
2736 3877 2790 3932 in
2836 3893 2915 3933 me
2950 3893 3111 3935 vacua
3156 3894 3257 3932 non
3303 3878 3418 3947 fuit.
3464 3878 3574 3932 lloe
3626 3890 3678 3931 et

2087 3976 2207 4031 aliis
2235 3974 2493 4045 prmeipit,
2524 3982 2582 4028 ut
2610 3972 2769 4028 etiam
2798 3971 3075 4029 arbitrium
3099 3971 3383 4028 voluntatis
3412 3972 3674 4031 ostendat,

2091 4070 2187 4126 ubi
2208 4067 2302 4137 ait,
2331 4066 2893 4136 Prwcipientesautem
2930 4071 3241 4135 ettrogamus
3265 4107 3276 4127 .
3299 4080 3362 4118 ne
3386 4064 3437 4118 iu
3468 4079 3680 4121 vacuum

2089 4166 2309 4239 gratiam
2356 4161 2450 4239 Dei
2474 4155 3012 4233 suscipiatislllCor.
3057 4173 3133 4223 γι,
3179 4157 3274 4229 1).
3316 4155 3469 4214 Unde
3506 4166 3680 4211 autem

2093 4261 2281 4333 probat
2305 4258 2448 4330 quod
2472 4256 2639 4329 gratia
2674 4254 2791 4326 ejus
2824 4254 2881 4312 in
2916 4269 2980 4310 en
3002 4267 3167 4309 vacua
3189 4268 3295 4307 non
3324 4251 3420 4307 fuit
3442 4293 3461 4319 ,
3488 4252 3587 4307 nisi
3616 4266 3680 4305 ex

2092 4367 2159 4409 eo
2207 4351 2349 4423 quod
2394 4349 2655 4421 sequitur,
2706 4344 3206 4417 Sedplusomuibus
3247 4344 3353 4399 illis
3406 4343 3685 4399 laborari!

2093 4442 2323 4501 Dnoindc
2352 4428 2459 4497 non
2485 4437 2744 4495 laboravit
2771 4445 2830 4492 ut
2848 4436 3074 4508 gratiam
3101 4433 3683 4507 acciperet,sed,acce-

2094 4539 2175 4610 pit
2197 4547 2260 4592 ut
2278 4534 2547 4591 laboraret
2575 4546 2590 4585 :
2625 4537 2786 4601 atque
2812 4528 2905 4597 ita,
2919 4526 3070 4588 unde
3090 4527 3156 4582 ad
3177 4525 3483 4597 accipienda
3510 4525 3684 4581 debita

2094 4630 2311 4703 praemia
2333 4629 2488 4684 ﬁeret
2501 4623 2713 4696 dignus,
2732 4622 2955 4694 gratiam
2984 4620 3151 4694 gratis
3174 4620 3383 4690 accepit
3410 4612 3681 4690 indignus.

2093 4724 2205 4781 Nec
2234 4724 2406 4794 ipsum
2427 4732 2557 4775 sane
2585 4715 2822 4772 laborem
2843 4712 2945 4770 sibi
2962 4727 3126 4769 ausus
3144 4721 3228 4768 est
3251 4726 3524 4782 arrogare.
3550 4710 3684 4766 Cum

2096 4816 2236 4873 enim
2270 4815 2526 4880 dixisset,
2570 4807 2699 4864 Plus
2734 4805 2966 4864 omnibus
2998 4805 3101 4861 illis
3135 4802 3359 4860 laborari
3376 4817 3397 4868 ;
3430 4795 3711 4858 continuo'

2097 4909 2341 4979 subjecit,
2378 4906 2497 4961 Non
2538 4923 2661 4978 ego,
2690 4904 2778 4960 sed
2803 4901 2968 4979 gratia
3008 4897 3105 4951 Dei
3134 4910 3328 4949 mecum
3353 4892 3407 4968 (1
3438 4891 3557 4950 Cor.
3589 4908 3679 4957 xv.

2098 5003 2152 5068 9,
2184 5002 2304 5073 10).
2325 5000 2372 5055 Ο
2395 5012 2642 5069 magnum
2659 4995 2844 5067 gratia:
2860 4998 3241 5064 praeceptorem
3258 4984 3684 5055 ,.eonfessorem,

2101 5095 2503 5168 praedicatorem
2520 5093 2534 5147 ε
2551 5088 2690 5161 Quid
2703 5096 2786 5144 est
2802 5086 2924 5153 hoc,
2938 5082 3062 5139 Plus
3075 5080 3314 5145 laborata,
3331 5097 3430 5135 non
3444 5080 3572 5153 ego?
3585 5076 3689 5136 Ubi
3771 5112 3779 5119 -

2099 5203 2219 5243 sese
2247 5185 2437 5243 extulit
2464 5183 2791 5252 aliquantum
2811 5177 3078 5240 voluntas,
3098 5174 3167 5230 ibi
3184 5173 3439 5229 continuo
3454 5173 3687 5243 vigilavit

2101 5280 2288 5349 pietas,
2318 5285 2372 5331 et
2399 5273 2614 5330 tremuit
2628 5270 2918 5336 humilitas,
2937 5268 3059 5339 quia
3079 5282 3138 5323 se
3155 5265 3658 5338 agnovitiullrmitas
3678 5304 3689 5317 .

2173 5373 2263 5428 57.
2295 5369 2502 5429 Merito.
2520 5365 2663 5439 quod
2690 5375 2837 5438 gesta
2857 5362 3112 5430 iudicant,
3138 5364 3299 5417 etiam
3324 5352 3427 5415 hoc
3454 5372 3583 5413 usus
3604 5368 3687 5412 est

2102 5463 2405 5520 testimonio
2454 5468 2669 5517 sanctus
2705 5457 2939 5517 Joannes
2971 5454 3429 5527 Jerosolymitana'.
3468 5452 3689 5506 antistes

2104 5555 2383 5619 Ecclesim,
2411 5553 2547 5608 sicut
2596 5552 2950 5623 interrogatus
2970 5563 3089 5618 quae
3116 5545 3253 5616 apud
3285 5544 3431 5599 illum
3459 5541 3683 5608 auteju-

2107 5826 2121 5867 ι
2168 5761 2181 5789 ¹
2220 5758 2460 5808 tiditioucs
2482 5756 2719 5819 quantam,
2744 5769 2836 5806 non
2854 5751 2902 5804 iu
2922 5765 2971 5803 se
2988 5748 3108 5809 ipso,
3134 5746 3218 5799 sed
3232 5745 3282 5795 iu
3305 5748 3500 5791 Dctmno
3519 5738 3692 5800 glorias

2126 5832 2199 5867 ur.

2126 5832 2199 5869 Μ’.
