4170 6586
279 447 365 500 an
1711 424 1908 479 LIBU’.
1953 408 2185 479 LXLSJ

282 562 319 614 ιιι
355 554 735 613 controversbc
783 549 1102 607 movendum
1152 555 1419 615 putarunt.
1449 542 1600 612 Quod
1627 553 1680 598 ct
1707 539 1860 611 nobis

284 650 483 704 torsitan
506 646 848 717 Contigissct,
879 644 924 698 si
949 658 1070 695 cum
1096 641 1176 694 eis
1203 640 1253 693 iu
1283 640 1374 693 illo
1394 638 1598 708 judicio
1627 636 1862 691 sedisse-

282 755 403 793 nms.
431 739 486 791 Si
508 737 656 792 enim
682 752 778 806 pro
805 750 872 793 eo
900 732 1043 802 quod
1081 731 1313 810 positum
1340 738 1422 784 est
1453 728 1648 798 Dignus
1674 768 1691 793 ,
1722 726 1867 796 posi-

281 845 378 887 tum
398 838 538 887 esset
580 828 1021 890 l’m'destinatus,
1049 823 1133 878 vel
1160 821 1354 893 aliquid
1374 818 1701 892 hujusmodi,
1733 818 1864 872 nihil

280 934 412 980 certe
460 922 703 991 scrupuli
756 928 996 993 tangeret
1031 925 1191 987 atque
1234 921 1456 983 augeret
1501 911 1738 965 animum
1772 917 1869 963 :et

282 1028 443 1071 tamen
473 1018 519 1069 si
549 1015 787 1079 dicatur,
822 1027 943 1065 eum
984 1009 1072 1081 qui
1103 1024 1200 1079 per
1224 1006 1545 1061 electionem
1570 1004 1755 1074 gratia:
1776 1002 1867 1071 ju-

282 1110 553 1171 stilicatur,
575 1106 739 1162 nullis
758 1103 974 1173 quidem
999 1098 1427 1171 pacet-dantibus
1457 1095 1662 1149 meritis
1685 1092 1864 1159 bonis,

283 1198 366 1257 sed
383 1197 742 1262 destinatione
761 1193 979 1264 dignum
1009 1189 1206 1257 vocari,
1234 1188 1372 1241 sicut
1400 1189 1604 1241 electus
1625 1192 1866 1248 vocatur,

283 1302 448 1352 turum
481 1288 568 1343 vel
610 1295 780 1348 certe,
814 1284 897 1339 vel
927 1283 1144 1337 minima
1170 1279 1466 1335 offensione
1505 1273 1871 1344 intelligentia:

281 1385 375 1449 dici
407 1382 593 1452 possit,
648 1379 866 1434 diftieile
902 1377 1191 1447 judicatur.
1240 1372 1372 1428 Nam
1399 1378 1655 1440 quantum
1687 1367 1753 1422 ad
1784 1380 1872 1421 me

280 1476 481 1543 attinet.
510 1473 580 1526 ab
609 1472 711 1524 hoc
741 1469 908 1523 verbo
951 1466 1101 1525 facile
1131 1464 1419 1522 transirem
1442 1502 1456 1525 ,
1487 1460 1587 1516 nisi
1619 1474 1705 1514 me
1736 1457 1872 1511 liber

282 1567 382 1629 ille,
406 1564 491 1618 cui
510 1562 782 1634 respondi.
801 1562 887 1614 ubi
905 1559 1124 1612 omnino
1141 1555 1339 1610 nullam
1362 1553 1489 1607 dicit
1507 1551 1599 1605 Dei
1621 1549 1869 1620 gratiam,

280 1657 373 1710 ni~i
390 1664 636 1709 naturam
657 1661 894 1707 nostram
909 1665 1029 1704 cum
1049 1649 1215 1702 libero
1226 1645 1470 1709 arbitrio,
1486 1643 1713 1713 gratiam
1728 1654 1876 1694 crea-

236 1797 245 1805 ,
280 1757 444 1799 turam
469 1746 509 1809 ί,
524 1744 591 1798 de
614 1743 779 1813 ipsius
801 1739 999 1814 Pelagii
1020 1753 1185 1794 sensu
1204 1735 1490 1793 sollicitum
1515 1730 1788 1793 redderet,
1807 1743 1876 1783 ne

281 1836 412 1909 [orte
443 1835 544 1889 hoc
592 1832 814 1887 vet-bum
843 1847 946 1885 non
975 1828 1045 1884 de
1069 1824 1387 1897 negligentia
1421 1820 1709 1878 locutionis
1728 1860 1745 1886 ,
1777 1819 1874 1874 sed

277 1929 344 1983 de
376 1927 653 1997 diligentia
700 1923 968 1994 dogmatis
1010 1920 1212 1981 curarit
1235 1920 1498 1973 inserere.
1520 1915 1640 1970 .lam
1665 1928 1727 1970 ea
1754 1925 1875 1981 qua:

279 2026 479 2074 restant
513 2017 803 2085 novissima
822 2057 837 2085 ,
868 2014 936 2067 ita
965 2013 1173 2082 judices
1196 2012 1628 2074 commoverunt,
1658 2014 1715 2060 ut
1753 2012 1878 2058 ante

279 2110 682 2183 responsionem
704 2107 904 2177 Pelagii
928 2104 1228 2159 damnanda
1249 2110 1554 2158 censerent.

347 2203 575 2276 CAPUT
614 2200 802 2271 XVIII,
847 2229 905 2239 —
941 2198 1032 2253 42.
1073 2197 1205 2264 Nam
1227 2195 1281 2255 in
1306 2202 1459 2250 sexto
1486 2188 1725 2263 capitulo
1749 2188 1877 2245 Cm-

281 2297 414 2354 lesxii
449 2296 569 2351 libri
588 2294 819 2365 positum
845 2292 1111 2362 objectntn
1142 2297 1246 2359 est,
1278 2304 1297 2338 ι
1322 2284 1486 2343 Filios
1509 2283 1603 2338 Dei
1622 2297 1727 2337 non
1752 2282 1905 2351 pos-'

284 2404 343 2447 se
381 2386 598 2452 vocari,
635 2384 737 2439 nisi
782 2380 929 2436 ottiui
970 2379 1130 2436 modo
1171 2379 1375 2447 alisque
1418 2383 1638 2445 peccato
1681 2370 1879 2429 fuerint

286 2480 510 2545 edet-ti.»
553 2475 705 2545 Unde
740 2471 1031 2531 secundum
1079 2470 1250 2538 ipsum
1299 2466 1500 2522 dictum
1552 2473 1656 2532 εει,
1706 2477 1881 2531 neque

282 2571 582 2641 apostolum
637 2567 857 2622 Paulum
894 2578 1013 2620 esse
1048 2562 1211 2623 lilium
1260 2559 1375 2623 Dei,
1407 2557 1500 2628 qui
1550 2554 1706 2620 dixit,
1758 2551 1881 2607 Non

279 2663 413 2728 quod
432 2664 549 2734 jam
580 2657 880 2727 acceperim,
907 2665 993 2712 aut
1018 2656 1154 2724 quod
1174 2654 1287 2725 jam
1319 2649 1568 2720 perfectus
1601 2647 1700 2702 sint
1730 2643 1886 2719 (ΡΙιὶ-

280 2757 410 2826 h'pp.
470 2770 549 2816 ut,
595 2750 707 2825 13).
747 2749 803 2803 ln
851 2747 1081 2817 septimo
1120 2743 1376 2814 capitulo,
1414 2760 1433 2793 ι
1457 2739 1790 2796 Oblivionem
1830 2744 1885 2792 et

278 2846 638 2920 ignorantiam
664 2860 771 2899 non
798 2843 1075 2910 subiacere
1112 2846 1349 2909 peccato,
1373 2836 1623 2906 quoniam
1663 2846 1769 2891 non
1793 2847 1885 2887 se-

279 2938 518 2995 cundum
550 2936 880 2991 voluntatem
906 2934 1182 2997 eveniunt,
1210 2930 1303 2986 sed
1330 2927 1623 2985 secundum
1644 2924 1887 2981 necessi~

285 3041 474 3084 tatem.
506 3046 528 3080 ι
556 3026 693 3081 Cum
721 3023 886 3079 David
910 3023 1056 3077 dicat
1079 3063 1093 3083 ,
1128 3020 1323 3075 Delicta
1341 3017 1625 3089 juventutia
1661 3029 1784 3070 mete
1824 3029 1889 3068 ne

276 3120 573 3177 memineris
600 3128 646 3172 et
675 3115 977 3189 ignorantia
1015 3130 1138 3169 mea
1162 3112 1335 3185 (Paul.
1362 3127 1512 3177 xmv,
1538 3108 1594 3184 Ἰ)
1629 3127 1643 3164 :
1671 3117 1726 3164 et
1763 3123 1886 3163 cum

277 3215 330 3268 in
358 3215 478 3283 lege
508 3209 772 3265 sacriﬁcia
803 3223 899 3277 pro
926 3205 1221 3276 ignorantia
1251 3204 1388 3258 sicut
1424 3218 1520 3271 pro
1555 3207 1775 3271 peccato
1800 3197 1863 3253 of
1866 3228 1886 3238 -

276 3305 524 3359 ferantur
552 3296 738 3372 (Leuit.
759 3296 863 3369 tv).
887 3296 943 3350 lu
960 3296 1172 3351 decimo
1199 3293 1455 3365 capitulo,
1489 3311 1507 3344 ι
1526 3290 1644 3348 Νυιι
1668 3304 1791 3346 esse
1817 3288 1888 3344 li-

277 3397 473 3452 berum
498 3390 805 3454 arbitrium,
833 3388 879 3443 si
910 3376 1001 3443 Dei
1033 3386 1266 3455 indigeat
1289 3384 1516 3449 auxilio,
1539 3381 1792 3452 quoniam
1834 3380 1887 3433 in

276 3486 499 3557 prejiria
515 3483 793 3539 voluntate
812 3478 1345 3549 habetnnnsqnisque
1354 3484 1449 3531 aut
1471 3474 1646 3541 facere
1662 3470 1884 3543 aliquid,

275 3588 368 3634 aut
400 3593 513 3633 non
544 3575 748 3631 facere.
788 3592 808 3626 ι
843 3572 900 3628 In
926 3571 1244 3626 duodecimo
1270 3567 1523 3637 capitulo,
1551 3584 1572 3617 ι
1598 3564 1889 3621 Victoriam

278 3679 526 3725 nostram
550 3683 657 3722 non
678 3682 753 3720 ex
786 3666 878 3720 Dei
898 3679 1018 3719 esse
1043 3662 1330 3733 adiutorio,
1354 3660 1447 3716 sed
1464 3675 1531 3715 ex
1548 3658 1719 3713 libero
1744 3656 1891 3712 arbi-

279 3761 385 3814 trio
420 3777 437 3816 :
476 3778 495 3811 )
528 3757 673 3829 quod
696 3755 896 3812 inferre
919 3755 1094 3820 dictus
1121 3766 1201 3808 est
1219 3753 1303 3807 his
1323 3750 1522 3817 verbis,
1549 3768 1569 3801 ι
1588 3748 1781 3812 Nostra
1809 3755 1894 3802 est

279 3850 539 3915 victoria,
594 3847 845 3919 quoniam
886 3845 1099 3917 propria
1145 3842 1416 3898 voluntate
1456 3856 1607 3896 arma
1652 3839 1892 3907 suscepi-

276 3955 440 4005 mus;
472 3939 616 3993 sicut
639 3954 669 3992 e
698 3937 969 4010 contrario
987 3920 1230 3995 nostrum
1259 3944 1342 3987 est
1370 3930 1584 4001 quando
1610 3931 1890 3997 vincimur,

274 4032 542 4103 quoniam
573 4026 771 4084 armari
799 4028 1010 4099 propria
1033 4027 1303 4081 voluntate
1327 4023 1801 4094 contempsimus.»
1831 4022 1895 4076 Et

274 4124 348 4178 de
387 4119 644 4192 apostolo
675 4119 841 4175 Petro
881 4118 1059 4190 posuit
1108 4116 1493 4183 testiinonium,
1523 4134 1542 4167 ι
1564 4114 1756 4169 divina:
1793 4129 1894 4169 nos

275 4231 408 4271 esse
464 4221 754 4270 consortes
788 4221 991 4266 naturae
1026 4229 1047 4267 ι
1082 4208 1149 4284 (ll
1178 4208 1324 4264 Patr.
1370 4225 1406 4273 t,
1458 4208 1541 4280 4).
1579 4209 1642 4263 Et
1678 4207 1895 4279 syllogi-

275 4322 465 4362 smum
508 4304 688 4359 facere
712 4304 948 4361 dicitur:
983 4321 1003 4355 ι
1026 4302 1286 4371 Quoniam
1310 4301 1356 4357 si
1386 4301 1561 4356 anima
1590 4316 1693 4355 non
1721 4307 1897 4371 potest

275 4415 409 4467 esse
458 4398 582 4451 sine
622 4406 863 4465 peccato,
890 4408 1025 4467 ergo
1072 4403 1129 4449 et
1176 4394 1316 4449 Dcns
1367 4393 1608 4462 subjacet
1653 4400 1894 4464 peccato,

275 4493 444 4559 Cujus
483 4503 633 4559 pars,
662 4486 765 4541 hoc
791 4497 874 4559 est
902 4487 1074 4540 anima
1099 4526 1112 4551 ,
1145 4495 1367 4559 peccato
1391 4483 1621 4545 obnoxia
1646 4495 1747 4555 εει.
1783 4504 1802 4536 ι
1837 4484 1892 4538 In

277 4582 452 4637 tertio
477 4579 693 4637 decimo
720 4555 955 4647 capitulo
978 4555 1178 4642 dicina
1216 4555 1476 4647 Quoniam
1507 4576 1891 4647 pmnitentibus

277 4674 447 4729 venia
469 4688 580 4729 non
622 4671 781 4727 datur
809 4671 1101 4726 secundum
1132 4672 1354 4743 gratiam
1380 4679 1440 4735 et
1476 4671 1895 4726 misericordiam

279 4768 411 4833 Dei,
441 4766 541 4823 sed
568 4764 868 4821 secundum
891 4763 1078 4831 merita
1110 4773 1163 4819 et
1180 4762 1415 4819 laborem
1445 4777 1655 4827 eorum,
1682 4763 1773 4832 qui
1805 4778 1899 4831 pt'r

278 4860 668 4933 pcenitemiam
689 4855 836 4923 digni
868 4854 1062 4909 fuerint
1081 4853 1467 4910 misericordia.
1505 4872 1525 4905 ι

359 4947 599 5006 CAPUT
642 4946 787 5002 XIX.
826 4974 900 4986 —
934 4945 1025 5000 45.
1068 4944 1162 5000 llis
1187 4945 1424 5015 recitatis
1449 4943 1699 5016 Synodns
1722 4942 1893 4999 dixit:

284 5060 304 5090 ι
346 5037 494 5110 Quid
526 5039 595 5094 ad
634 5038 751 5093 haec
775 5052 897 5108 qua:
922 5035 1058 5091 lecta
1096 5045 1217 5092 sunt
1243 5036 1473 5107 capitula
1500 5035 1630 5091 dicit
1656 5049 1899 5105 praesens

278 5132 542 5203 Pelagius
565 5129 869 5207 monachus
886 5128 910 5183 ἲ
929 5127 1041 5207 Hoc
1064 5129 1207 5184 enim
1236 5128 1486 5199 reprobat
1512 5137 1696 5185 sancta
1723 5127 1899 5201 Syno-

275 5225 425 5291 dus,
457 5232 517 5279 et
540 5230 729 5277 sancta
762 5219 854 5275 Dei
892 5214 1156 5285 catholica
1188 5218 1446 5290 Ecclesia.
1478 5238 1497 5272 ι
1528 5219 1771 5291 Pelagius
1813 5235 1902 5276 re-

272 5316 506 5387 spondit
541 5333 556 5371 :
596 5333 615 5366 ι
639 5312 840 5370 lterum
871 5310 990 5372 dico
1030 5311 1151 5383 quia
1181 5311 1296 5369 lucc
1321 5320 1376 5368 et
1412 5311 1706 5381 secundum
1751 5311 1893 5382 ipso.

275 5429 405 5467 rum
432 5406 815 5466 testimonium
845 5419 954 5468 non
982 5413 1109 5474 sunt
1138 5421 1291 5470 mea;
1320 5419 1416 5476 pro
1443 5405 1668 5485 quibus,
1690 5415 1746 5460 ut
1767 5405 1894 5481 dixi,

268 5502 719 5563 satisfactionem
745 5512 856 5552 non
900 5495 1110 5551 debeo:
1142 5512 1260 5567 quae
1304 5511 1431 5552 vero
1458 5512 1575 5552 mea
1610 5511 1731 5552 esse
1766 5512 1897 5551 con-

270 5596 462 5651 t’cssus
493 5608 641 5655 sum,
678 5590 798 5646 lucc
828 5598 973 5642 recta
1005 5603 1124 5643 esse
1155 5589 1407 5645 affirmo:
1437 5605 1554 5660 qua:
1582 5599 1760 5645 autem
1789 5589 1897 5644 dixi

270 5706 384 5743 non
421 5702 549 5743 esse
580 5699 726 5748 mea,
760 5679 1061 5735 secundum
1088 5679 1343 5749 judicium
1386 5690 1591 5735 sanctae
1644 5680 1899 5735 Ecclesia:

269 5780 538 5850 reprobo,
596 5773 894 5829 ainttltetna
945 5769 1129 5824 dicens
1174 5772 1317 5843 onuti
1373 5771 1794 5843 contrnvenit-nli
1849 5780 1901 5841 ct

335 5931 349 5961 τ
393 5931 557 5992 l'ct'tc,
586 5929 747 5993 gratis
773 5931 1009 5994 creatam.

3460 426 3573 483 348

1967 555 2348 610 contmdiccnti
2388 563 2586 609 sancte
2634 554 2911 609 catholicae
2965 553 3224 609 Ecclesiae
3279 552 3560 608 doctrinis.

1968 648 2084 718 Ego
2111 647 2254 702 enim
2277 648 2330 701 in
2372 648 2531 701 unius
2575 645 2883 701 substantia:
2916 646 3229 701 Trinitatem
3266 643 3450 709 credo,
3510 654 3565 700 et

1969 738 2147 792 omnia
2172 737 2463 792 secundum
2501 737 2797 792 doctrinam
2834 744 3033 791 sancta:
3062 734 3339 789 catholica:
3371 733 3559 788 Eccle-

1969 832 2101 886 siae:
2130 832 2175 884 si
2228 831 2349 902 quis
2400 845 2529 885 vero
2580 828 2754 884 aliena
2805 828 2873 884 ab
2927 827 3029 882 hac
3075 828 3234 898 sapit,
3279 825 3564 879 anathema

1971 925 2059 979 sit.
2090 944 2109 978 ι

2044 1015 2268 1072 CAPUT
2299 1016 2417 1071 XX.
2456 1045 2531 1057 —
2565 1015 2656 1071 44.
2696 1013 2946 1086 Synodus
2987 1011 3163 1067 dixit:
3194 1030 3213 1064 t
3237 1004 3389 1065 Nunc
3436 1026 3569 1080 quo-

1973 1115 2115 1169 niam
2146 1109 2476 1165 satisfactum
2520 1117 2600 1162 est
2647 1108 2800 1162 nobis
2832 1104 3292 1177 prosecutionibus
3334 1118 3567 1172 praesen-

1974 1207 2044 1261 tis
2061 1204 2258 1275 Pelagii
2289 1201 2661 1271 monaclti.qui
2689 1199 2902 1269 quidem
2934 1198 3033 1267 piis
3052 1194 3309 1251 doctrinis
3338 1209 3566 1249 conscn~

1975 1297 2057 1362 tit,
2085 1294 2350 1351 contraria
2381 1308 2507 1347 vero
2545 1290 2805 1346 Ecclesiae
2839 1287 2961 1343 fidei
2992 1288 3008 1320 ⁸
3034 1286 3285 1356 reprobat
3330 1295 3384 1340 et
3435 1299 3564 1337 ana-

1976 1386 2303 1450 thematizat,
2330 1382 2726 1440 communionis
2752 1378 3133 1435 ecclesiastica:
3178 1392 3302 1432 eum
3349 1390 3471 1429 esse
3517 1384 3569 1427 et

1974 1480 2250 1535 catholica:
2270 1476 2608 1531 confitemur.
2647 1492 2666 1526 ι

2045 1568 2273 1625 C.\l'U'l‘
2312 1566 2456 1622 XXI.
2494 1594 2569 1607 —-
2608 1565 2698 1620 l5.
2738 1563 2794 1619 Si
2845 1560 2944 1616 ista
2986 1560 3093 1616 sint
3137 1557 3347 1629 gesta',
3375 1553 3570 1625 quibus

1975 1660 2135 1715 amici
2162 1658 2357 1728 Pelagii
2384 1656 2614 1728 gaudent
2640 1670 2761 1709 eum
2790 1662 2908 1709 εεεε
2937 1659 3215 1722 purgatum
3243 1666 3256 1700 :
3286 1663 3404 1712 nos,
3433 1661 3569 1715 quo-

1978 1755 2119 1809 niam
2170 1769 2294 1821 erga
2336 1767 2394 1806 se
2446 1758 2681 1804 nostram
2727 1761 2939 1817 quoque
2998 1742 3308 1807 amicitiam,
3352 1737 3573 1810 prolatis

1978 1845 2138 1901 etiam
2170 1842 2521 1898 familiaribus
2544 1838 2784 1908 epistolis
2811 1836 3043 1897 nostris,
3076 1844 3234 1902 atque
3262 1832 3313 1885 in
3351 1830 3452 1884 hoc
3482 1828 3573 1898 ju-

1978 1936 2120 1991 dicio
2166 1933 2424 1998 recitatis,
2466 1945 2600 2002 quas
2639 1930 2871 1983 insertas
2916 1925 3192 1981 continent
3233 1930 3404 1993 gesta,
3442 1919 3576 1975 satis

1982 2028 2207 2099 probare
2232 2024 2457 2091 curavit,
2485 2023 2709 2077 salutem
2732 2018 2947 2091 quidem
2974 2018 3091 2085 ejus
3119 2016 3169 2069 ἱιι
3192 2013 3406 2068 Christo
3427 2009 3579 2080 cupi-

1981 2137 2102 2177 mus
2139 2131 2192 2175 et
2217 2126 2495 2189 optamus;
2524 2114 2591 2170 de
2617 2114 2716 2169 ista
2761 2126 2894 2167 vero
2921 2110 3038 2180 ejus
3074 2106 3402 2178 purgatione,
3456 2117 3575 2172 qua:

1981 2212 2150 2282 magis
2193 2208 2429 2265 creditur
2448 2249 2464 2275 ,
2492 2220 2652 2277 quam
2678 2202 2880 2274 liquido
2901 2200 3318 2258 demonstratur,
3341 2194 3579 2265 gaudere

1983 2317 2181 2360 temere
2209 2317 2313 2357 non
2342 2299 2620 2355 debemus.
2658 2295 2838 2364 Neque
2860 2292 2964 2346 hoc
2988 2291 3193 2352 dicens,
3218 2287 3458 2357 judicum
3484 2300 3576 2340 ar-

1981 2410 2085 2467 guo
2115 2393 2196 2447 vcl
2224 2388 2617 2461 negligentiam,
2649 2386 2731 2443 vel
2756 2382 3174 2444 connivctttiam,
3207 2379 3311 2444 vel,
3340 2377 3481 2449 quod
3506 2378 3577 2431 ab

1983 2487 2062 2541 eis
2091 2486 2248 2555 longe
2286 2481 2578 2536 abhorrere
2614 2476 2973 2534 certissimum
3001 2482 3103 2539 est,
3137 2472 3419 2542 impiorum
3444 2469 3579 2538 dog-

1985 2585 2187 2632 matum
2237 2571 2662 2629 conscientiam:
2690 2566 2786 2623 sed
2813 2576 2998 2621 eorum
3042 2563 3242 2633 judicio
3269 2576 3363 2631 pro
3394 2561 3586 2613 merito

1984 2666 2278 2739 approbato
2306 2673 2464 2734 atque
2506 2660 2743 2727 laudato,
2796 2644 3040 2728 Pelagius
3083 2664 3259 2709 tamen
3297 2651 3435 2721 apud
3490 2667 3586 2705 eos

1985 2760 2177 2831 quibus
2205 2757 2431 2827 amplius
2462 2753 2766 2823 certiusque
2792 2761 2949 2805 notus
2975 2756 3059 2805 est
3082 2746 3123 2813 ³,
3153 2763 3257 2801 non
3286 2745 3414 2800 mihi
3437 2743 3588 2797 vidc-

1988 2861 2217 2943 lllU‘SSC
2245 2858 2520 2943 purgatus.
2555 2842 2631 2899 Illi
2674 2843 2815 2899 enim
2849 2853 3098 2911 tauquam
3130 2839 3199 2895 de
3234 2840 3413 2909 ignoto
3439 2834 3586 2906 judi-

1987 2930 2193 3009 can'les,
2244 2938 2327 2995 his
2376 2936 2673 3009 praesertim
2702 2934 3030 2989 absentibus
3084 2930 3173 3001 qui
3226 2938 3411 2985 contra
3463 2942 3587 2982 eum

1988 3034 2223 3091 libellum
2252 3030 2533 3096 dederant,
2576 3028 2848 3083 hominem
2880 3024 3095 3097 quidem
3118 3023 3427 3093 diligentius
3456 3038 3586 3076 exa-

1986 3127 2193 3186 minare
2215 3122 2434 3179 minime
2464 3126 2752 3191 petucrunt
2780 3136 2794 3172 :
2825 3115 3071 3171 haeresim
3097 3124 3275 3169 tamen
3313 3112 3480 3183 ipsam
3503 3154 3516 3175 ,
3543 3113 3589 3168 si

1988 3231 2174 3273 eorum
2215 3222 2505 3287 sequantur
2525 3209 2787 3282 judicium
2825 3207 2914 3279 qui
2947 3221 3044 3278 pro
3086 3207 3203 3275 ejus
3238 3205 3590 3275 perversitate

1989 3309 2286 3374 certabant,
2330 3305 2549 3377 penitus
2587 3309 2950 3372 peremerunt.
2982 3298 3063 3353 llll
3107 3306 3284 3351 autem
3330 3296 3420 3367 qui
3457 3296 3595 3349 lieno

1992 3401 2168 3455 sciunt
2219 3414 2339 3467 quze
2379 3394 2626 3466 Pelagius
2654 3393 2851 3448 docere
2892 3390 3188 3451 consuevit,
3214 3390 3328 3443 sive
3364 3388 3452 3458 qui
3476 3384 3590 3456 ejus

1991 3489 2440 3561 disputationibus
2456 3487 2787 3546 restiterunt,
2820 3483 2933 3538 sive
2966 3482 3055 3551 qui
3092 3495 3157 3535 ex
3186 3479 3301 3550 ipso
3331 3492 3515 3533 errore
3532 3492 3595 3532 se

1994 3582 2253 3637 liberatos
2295 3590 2418 3634 esse
2466 3574 2821 3648 gratulantur,
2872 3569 3416 3641 quomodo.possunt
3467 3583 3593 3623 eum

1992 3684 2099 3729 non
2152 3671 2351 3727 habere
2396 3676 2724 3738 sitsucctum,
2763 3664 2975 3736 quando
3007 3663 3123 3731 ejus
3160 3676 3263 3716 non
3295 3659 3595 3730 simplicem

1990 3761 2389 3821 confessionem
2419 3760 2681 3830 prictcrita
2716 3764 2889 3812 errata
2907 3754 3248 3808 damnantem
3271 3794 3286 3819 ,
3312 3750 3407 3805 sed
3433 3749 3593 3804 talem

1993 3850 2656 3920 confessionem‘legunt,
2695 3847 2847 3918 quasi
2890 3858 3158 3914 nunquam
3199 3841 3355 3896 aliter
3401 3854 3590 3895 seuse-

1995 3949 2085 4013 rit,
2114 3959 2274 4018 quam
2296 3944 2404 3999 isto
2425 3940 2627 4013 judicio
2652 3938 2707 3999 'm
2746 3939 2862 4009 ejus
2898 3944 2981 3992 est
3024 3931 3460 4005 reSponsionibus
3495 3946 3591 4002 ap-

1997 4036 2277 4110 probatum
2296 4035 2322 4089 ?

2064 4126 2293 4184 CAPUT
2329 4121 2496 4180 XX".
2535 4144 2609 4164 ε-ι-
2644 4121 2733 4176 ιϐ.
2770 4116 2904 4175 Nam
2926 4161 2940 4184 ,
2968 4125 3025 4172 ut
3061 4116 3128 4172 de
3159 4132 3243 4171 me
3276 4114 3394 4186 ipso
3426 4112 3593 4184 potis-

1997 4223 2191 4278 simum
2244 4220 2441 4284 dicam,
2492 4216 2645 4288 prius
2692 4208 2929 4269 absentis
2981 4219 3036 4265 et
3085 4208 3269 4264 Ruunt:
3318 4203 3590 4260 constituti

1998 4313 2197 4384 Pelagii
2224 4323 2417 4367 nomen
2440 4318 2771 4378 cummagna
2795 4305 2909 4375 ejus
2940 4302 3096 4358 laude
3120 4301 3345 4372 cognovi
3371 4316 3383 4352 :
3406 4307 3590 4370 postea

1998 4407 2161 4478 coepit
2184 4401 2249 4458 ad
2279 4417 2376 4457 nos
2396 4398 2533 4455 fama
2556 4394 2816 4467 perferre,
2858 4394 2997 4467 quod
3042 4393 3300 4449 adversus
3340 4390 3433 4446 Dei
3468 4406 3591 4458 gra-

2001 4500 2125 4554 tiam
2152 4493 2481 4564 disputaret;
2512 4486 2652 4557 quod
2681 4486 2805 4545 licet
2843 4486 3081 4542 dolerem
3105 4528 3119 4552 ,
3153 4492 3208 4540 et
3245 4483 3313 4538 ab
3345 4481 3421 4537 eis
3463 4480 3593 4538 mihi

1997 4591 2264 4647 diceretur
2291 4586 2486 4657 quibus
2509 4580 2804 4645 crederem,
2839 4578 2907 4635 ah
2952 4579 3068 4649 ipso
3115 4584 3289 4632 tamen
3341 4576 3445 4631 tale
3489 4573 3590 4628 ali-

1998 4683 2147 4756 quid,
2189 4681 2272 4735 vel
2326 4680 2378 4733 in
2419 4677 2535 4749 ejus
2583 4676 2760 4746 aliquo
2784 4674 2920 4728 libro
2950 4687 3109 4735 nosse
3138 4669 3437 4741 cupiebam,
3471 4666 3592 4725 ntsi

2000 4774 2292 4843 inciperem
2325 4769 2666 4839 redarguere,
2691 4780 2887 4837 negare
2915 4779 3019 4817 non
3046 4770 3242 4832 posset.
3278 4756 3467 4814 Postea
3497 4773 3588 4811 vc-

1998 4882 2062 4922 ro
2089 4878 2246 4935 quant
2272 4863 2325 4915 in
2353 4857 2588 4915 Africam
2618 4856 2778 4917 \cnit,
2804 4871 2889 4911 me
2911 4856 3155 4918 absente,
3186 4861 3389 4914 nostro,
3415 4849 3464 4903 id
3487 4859 3589 4912 cst,

2000 4954 2327 5029 llipponeusi
2375 4952 2549 5007 littore
2587 4961 2841 5020 exceptus
2875 4956 2979 5013 est,
3027 4946 3114 5001 ubi
3162 4944 3402 5009 omnino,
3456 4942 3593 5000 sicut

1999 5049 2234 5119 comperi
2287 5059 2317 5100 a
2344 5044 2365 5078 '
2401 5042 2618 5110 nOstris,
2648 5041 2777 5096 nihil
2804 5040 2872 5095 ab
2897 5038 2990 5094 illo
3017 5034 3320 5106 hujustnodi
3351 5033 3588 5093 auditum

2000 5150 2083 5197 est
2112 5158 2124 5193 :
2152 5139 2274 5212 quia
2327 5144 2381 5192 et
2412 5136 2567 5190 citius
2600 5145 2757 5203 quam
2806 5132 3107 5202 putabatur,
3150 5128 3272 5184 inde
3323 5124 3594 5197 profectus

2001 5244 2104 5293 est.
2152 5229 2495 5289 Postntodnm
2546 5228 2664 5298 ejus
2702 5225 2889 5280 faciem
2941 5223 3283 5294 Carthagine,
3335 5229 3595 5291 quantum

2003 5326 2202 5395 recolo,
2234 5321 2401 5378 semel
2429 5319 2509 5376 vel
2536 5318 2729 5374 iterum
2756 5316 2898 5383 vidi,
2932 5314 3146 5387 quando
3174 5326 3302 5369 cura
3333 5311 3592 5368 Collatio-

2067 5556 2082 5588 ι
2118 5550 2425 5617 annuntians
2444 5544 2673 5617 ηερβστ]
2690 5545 2910 5617 ,ίιίιειξιντε
2932 5543 3066 5611 ﬁdei.

2066 5619 2085 5649 ²
2119 5616 2251 5664 Idem
2276 5618 2381 5669 his,
2400 5607 2595 5678 sedtum
2617 5607 2711 5657 sint
2732 5614 2884 5678 gestu.

2067 5680 2086 5712 ³
2120 5684 2220 5726 nuo
2244 5681 2371 5732 Mss,
2394 5676 2670 5732 arctiusth
2690 5676 2828 5732 notus
2854 5676 2940 5719 cal.

2066 5738 2084 5770 ⁸
2119 5750 2251 5787 snar.
2280 5742 2332 5785 et
2353 5729 2483 5782 Colb.
2501 5729 2613 5793 iszsf,
2638 5729 2961 5793 defensionem

2065 5803 2086 5834 ⁸
2120 5782 2337 5849 tta—Stud.
2364 5802 2417 5844 ει
2435 5782 2739 5843 (Bulbi-mnus
2776 5800 2855 5840 Ms.
2886 5798 2931 5840 In
2976 5792 3123 5852 [rima
3155 5788 3383 5852 _ot|itiout‘
3411 5792 3429 5827 \
3448 5782 3598 5851 ειειτι

2003 5864 2197 5916 omisso,
2218 5842 2429 5917 contpctv'
2450 5842 2529 5912 7a;
2565 5852 2846 5917 legebatur,
2870 5842 2992 5903 sicut
3015 5850 3204 5917 tto-ishis.
3251 5851 3364 5917 Itin-.-
3390 5858 3508 5892 ἰντο
3550 5842 3599 5890 t.i

2006 5911 2354 5993 postulantibus
2379 5911 2670 5966 etlitiunibtts
2691 5917 2865 5964 factum
2894 5922 3013 5976 erat,
3040 5911 3159 5964 sicut
3185 5912 3348 5962 nostis.
