4170 6532
602 395 707 451 3W

602 525 685 563 ms
714 510 756 575 ',
783 522 941 578 quam
969 521 1089 561 cum
1108 504 1376 560 Icerctieis
1400 504 1689 559 Donatistis
1709 502 1939 557 habituri
1960 514 2195 561 eramus,

601 598 1044 668 occupatissimus
1088 597 1205 651 fut:
1239 596 1328 652 ille
1357 610 1484 649 vero
1528 596 1687 650 etiam
1733 594 1799 649 ad
1848 592 2196 648 transmarina

604 690 931 759 properavit.
966 689 1169 742 Interea
1201 702 1297 757 per
1321 701 1413 740 ora
1437 701 1622 741 eorum
1663 686 1752 756 qui
1798 686 1916 754 ejus
1951 683 2198 752 discipuli

610 781 938 846 ferebantur,
966 778 1212 850 dogmata
1242 778 1343 832 ista
1392 776 1703 831 fervebant:
1736 777 1803 830 ita
1834 784 1889 829 ιιι
1918 771 2201 829 Caelestius

610 872 675 925 ad
716 870 1136 926 ecclesiasticum
1185 868 1443 938 judiciunt
1480 866 1802 937 perveniret,
1833 873 1886 919 et
1907 873 2201 933 reportaret

605 962 819 1034 dignam
850 977 944 1016 sua
987 962 1339 1031 perversitate
1380 959 1720 1014 sententiam.
1760 957 2035 1013 Salubrios
2073 968 2200 1010 sane

608 1056 868 1109 adversus
893 1068 987 1109 eos
1016 1056 1096 1123 agi
1135 1053 1472 1124 putabamus,
1505 1053 1549 1106 si
1587 1052 1859 1105 hominum
1900 1050 2203 1105 nominibus

609 1146 800 1207 tacitis,
832 1145 931 1215 ipsi
972 1142 1330 1199 rel'utareutur
1359 1152 1414 1198 et
1460 1142 1911 1212 redarguerentur
1965 1154 2198 1203 errores,

609 1247 768 1307 atque
798 1236 871 1291 ita
901 1245 1044 1291 metu
1084 1235 1260 1305 potius
1286 1234 1629 1290 ecclesiastici
1654 1233 1838 1303 judicii
1870 1234 2203 1301 corrigeren-

609 1338 695 1383 tur
721 1328 992 1393 homines,
1018 1343 1177 1399 quam
1201 1328 1317 1397 ipso
1340 1325 1541 1397 judicio
1575 1325 1907 1396 punirentur.
1933 1324 2202 1379 Ncclibris

609 1420 768 1491 igitur
792 1420 1049 1475 adversus
1076 1419 1212 1474 mala
1255 1419 1343 1473 illa
1383 1418 1670 1483 disserere,
1722 1432 1820 1471 iec
1863 1415 2204 1486 popularibus

609 1511 926 1566 tractatibus
954 1511 1318 1566 cessabamus.

681 1603 908 1660 CAPUT
950 1602 1138 1657 XXIII.
1179 1631 1250 1641 —
1285 1603 1375 1657 47.
1414 1599 1547 1655 Cum
1572 1615 1700 1654 vero
1728 1599 1855 1654 mihi
1887 1599 2044 1654 etiam
2068 1598 2205 1653 liber

609 1693 699 1749 ille
717 1693 875 1749 datus
903 1704 1044 1749 esset
1072 1709 1102 1747 a
1123 1693 1291 1747 servis
1318 1692 1433 1759 Dei,
1477 1692 1630 1746 bonis
1682 1701 1734 1746 et
1790 1690 2027 1745 honestis
2076 1690 2205 1745 viris

617 1785 852 1840 Timasio
879 1796 931 1839 et
953 1782 1173 1850 Iacobo,
1207 1783 1294 1838 ubi
1316 1784 1651 1853 apertissime
1678 1782 1921 1852 Pelagius
1941 1781 2203 1850 objectam

606 1879 708 1935 sibi
735 1894 764 1932 a
795 1893 852 1933 se
883 1878 999 1948 ipso
1026 1886 1277 1947 tanquam
1299 1877 1366 1932 ab
1391 1874 1725 1941 adversario,
1754 1874 1893 1928 unde
1917 1874 2024 1943 jam
2046 1889 2205 1943 gran-

606 1968 660 2022 di
698 1968 894 2023 invidia
928 1967 1230 2032 laborabat,
1258 1967 1326 2023 de
1353 1967 1446 2022 Dei
1486 1967 1654 2037 gratia
1704 1966 2053 2035 quaestionem
2100 1981 2204 2019 non

604 2060 764 2114 aliter
797 2059 896 2113 sibi
929 2058 1139 2113 solvere
1168 2057 1313 2113 \isus
1340 2067 1440 2124 est,
1473 2057 1571 2111 nisi
1595 2066 1649 2111 ut
1669 2065 1911 2110 naturam
1926 2070 2046 2109 cum
2069 2055 2204 2111 libco

607 2169 667 2205 ro
692 2140 915 2206 arbitrio
943 2152 1238 2218 conditam,
1265 2151 1354 2206 Dei
1379 2151 1583 2206 diceret
1608 2151 1865 2220 gratiam;
1897 2148 2202 2220 aliquando,

607 2242 767 2314 idque
814 2242 1044 2298 tenuiter
1068 2245 1113 2308 ’,
1144 2259 1244 2298 nec
1273 2250 1482 2312 aperte,
1514 2242 1561 2296 ei
1602 2241 1931 2312 conjungens
1961 2240 2045 2296 vel
2075 2241 2207 2311 legis

608 2334 963 2405 adjutorium,
995 2334 1079 2389 vel
1110 2334 1478 2389 remissionem
1505 2334 1664 2389 etiam
1687 2343 2021 2403 peccatorum
2049 2349 2063 2386 :
2095 2340 2206 2387 tum

612 2440 742 2480 vero
790 2425 908 2479 sine
938 2425 1041 2478 tilla
1081 2424 1413 2497 dubitatione
1456 2424 1585 2479 mihi
1614 2424 1824 2488 claruit,
1869 2440 2027 2494 quam
2066 2434 2209 2479 esset

610 2514 916 2570 christianze
945 2516 1104 2570 saluti
1136 2531 1401 2571 venenum
1449 2516 1590 2572 illius
1617 2516 1981 2586 pervcrsitatis
2028 2516 2209 2571 inimi-

612 2625 760 2665 cum.
789 2608 896 2664 Nec
926 2610 1005 2664 sic
1032 2619 1209 2664 tamen
1233 2610 1383 2679 operi
1415 2624 1563 2676 meo,
1592 2626 1698 2680 quo
1736 2607 1982 2664 eumdem
2015 2608 2207 2663 librum

616 2702 811 2768 refelli,
845 2702 1042 2774 Pelagii
1065 2717 1259 2759 nomen
1292 2702 1489 2757 inserui
1518 2720 1531 2755 :
1556 2699 1767 2757 facilius
1792 2716 1879 2757 me
1897 2701 2210 2757 existimans

613 2793 970 2863 profuturum,
999 2797 1043 2850 si
1064 2804 1271 2850 servata
1302 2795 1555 2862 amicitia,
1581 2793 1757 2850 adhuc
1796 2795 1915 2864 ejus
1942 2810 2208 2851 verecun-

613 2886 715 2939 dia:
744 2902 1038 2955 parcerem,
1067 2886 1220 2955 cujus
1260 2887 1450 2941 litteris
1492 2886 1602 2955 jam
1636 2902 1853 2956 parcere
1910 2901 2015 2941 non
2047 2882 2212 2943 dbbe-

616 2993 749 3031 rem.
786 2978 918 3031 lliuc
945 2987 1046 3041 est,
1078 2977 1221 3048 quod
1252 2994 1391 3033 nunc
1409 2979 1633 3046 moleste
1661 2980 1795 3045 l'ero,
1821 2980 1872 3033 in
1900 2979 1999 3034 hoc
2012 2979 2213 3049 judicio

615 3069 815 3123 dixisse
847 3069 993 3123 illum
1034 3069 1265 3140 quodam
1304 3070 1443 3136 loco,
1484 3090 1503 3124 ι
1536 3071 1950 3127 Anathematizo
1977 3072 2097 3127 illos
2122 3074 2210 3143 qui

616 3162 693 3217 sic
720 3172 921 3227 tenent,
944 3173 1033 3218 aut
1061 3163 1347 3235 aliquando
1372 3174 1675 3219 tenuerunt.
1701 3185 1718 3218 ι
1745 3164 2042 3221 Suﬂ‘ccerat
2067 3165 2215 3223 dice-

618 3270 698 3322 re,
728 3274 747 3306 ι
776 3254 959 3325 quisic
988 3263 1203 3318 tenent;
1234 3274 1253 3308 ι
1280 3263 1338 3310 ut
1375 3271 1498 3312 eum
1536 3254 1880 3312 crederemus
1925 3272 2045 3312 esse
2090 3272 2184 3312 cor

618 3358 819 3403 rectum
854 3362 1015 3401 :cnm
1065 3363 1193 3401 vero
1238 3347 1461 3412 addidit,
1515 3356 1650 3402 cant
1689 3346 1977 3417 aliquando
2022 3358 2213 3404 tenue-

618 3447 778 3503 runt;
810 3456 829 3488 ι
875 3438 1122 3507 primum,
1161 3453 1322 3508 quam
1366 3438 1563 3508 injuste
1605 3436 1865 3493 damnare
1916 3437 2216 3492 immeritos

617 3544 778 3584 ausus
807 3538 907 3591 est,
937 3528 1025 3599 qui
1050 3528 1165 3595 illo,
1195 3544 1357 3599 quem
1386 3529 1499 3584 sive
1535 3526 1674 3593 aliis,
1708 3528 1825 3582 sive
1852 3528 1967 3598 ipso
1992 3527 2218 3584 doctore

619 3620 944 3686 didicerant,
975 3633 1161 3676 errore
1186 3619 1506 3675 caruerunt?
1532 3618 1752 3682 Deinde,
1775 3619 1894 3689 quis
1911 3634 2097 3675 eorum
2126 3618 2217 3690 qui
2268 3654 2275 3662 .

617 3728 738 3765 eum
771 3712 871 3767 ista
902 3729 1005 3766 non
1047 3712 1218 3768 solum
1249 3710 1538 3783 aliquando
1561 3711 1815 3776 tenuisse,
1841 3726 2027 3766 verum
2054 3711 2217 3767 etiam

617 3803 864 3862 docuisse
895 3784 1329 3871 noveruntfnon
1372 3803 1564 3857 merito
1604 3802 1940 3872 suspicetur,
1969 3801 2219 3858 simulate

619 3894 1098 3950 anathematizasse
1125 3894 1214 3966 qui
1256 3893 1373 3950 bam
1418 3901 1623 3959 tenent,
1657 3909 1779 3948 cum
1814 3891 2005 3949 eodem
2056 3891 2219 3948 modo

620 3984 1073 4040 anathematizare
1100 4000 1206 4039 non
1240 3984 1501 4040 dubitavit
1528 3984 1619 4056 qui
1659 3984 1775 4039 bare
1811 3984 2098 4055 aliquando
2141 3993 2221 4042 te-

622 4062 873 4140 nuerunt,
903 4074 956 4130 in
994 4075 1187 4146 quibus
1213 4090 1336 4131 eum
1372 4075 1545 4145 ipsum
1590 4074 2015 4131 recordabuntur
2045 4076 2218 4146 magi-

620 4170 828 4224 strum?
854 4168 1011 4235 Ecce,
1043 4180 1102 4223 ut
1129 4169 1265 4224 alios
1293 4178 1521 4233 taceam,
1552 4168 1844 4224 Timasium
1869 4178 1922 4224 et
1936 4167 2215 4235 Iacobum,

622 4260 816 4330 quibus
840 4259 1030 4322 oculis,
1048 4274 1152 4329 qua
1184 4258 1358 4315 fronte
1376 4259 1690 4329 conspicict,
1704 4274 1831 4314 suos
1847 4268 1895 4315 et
1910 4258 2217 4325 dilectores,

623 4361 675 4406 ct
701 4350 986 4421 aliquando
1015 4350 1324 4419 discipulos,
1354 4350 1422 4406 ad
1463 4366 1598 4421 quos
1624 4351 1819 4407 librum
1871 4351 2085 4420 scripsi,
2130 4352 2220 4407 ubi

624 4440 761 4494 libro
789 4440 906 4509 ejus
930 4441 1178 4511 respondi
1202 4440 1277 4513 (a)
1293 4441 1318 4496 Ῡ
1337 4441 1428 4511 qui
1448 4450 1595 4497 certe
1611 4438 2063 4511 quemadmodum
2089 4443 2220 4498 ιηίιιί

628 4528 1001 4601 rescripserint
1020 4573 1036 4592 ,
1068 4531 1351 4586 tacendum
1378 4542 1432 4587 et
1468 4543 1746 4601 prmtereu-
1770 4530 1897 4587 dum
1924 4548 2029 4587 non
2063 4543 2220 4604 puta-

625 4614 707 4675 vi;
737 4614 831 4669 sed
859 4614 1161 4685 exemplum
1190 4614 1484 4670 litterarum
1514 4616 1699 4671 subter
1721 4616 1972 4671 annexui.

622 4784 625 4787 δ
695 4705 920 4763 CAPUT
960 4706 1153 4763 XXIV.
1194 4737 1268 4748 —
1303 4707 1395 4763 48.
1440 4725 1460 4759 ι
1488 4707 1712 4763 Domino
1738 4723 1865 4764 vere
1886 4708 2219 4777 beatissimo,

620 4809 676 4855 et
706 4800 898 4855 merito
924 4799 1216 4855 venerabili
1252 4799 1388 4871 patri
1410 4801 1664 4872 episcopo
1697 4801 2012 4873 Augustino,
2039 4803 2222 4858 Tima-

622 4893 737 4949 sius
756 4902 809 4947 et
835 4892 1087 4956 Jacobus,
1122 4893 1173 4947 in
1205 4892 1433 4949 Domino
1457 4894 1705 4949 salutem.
1737 4894 1811 4949 Ita
1842 4910 1940 4951 nos
1960 4893 2149 4950 refecit
2167 4903 2223 4950 et

627 4985 891 5040 recreavit
912 4986 1084 5056 gratia
1135 4985 1228 5040 Dei
1257 4985 1556 5040 ministrata
1583 5001 1678 5055 per
1706 4986 1925 5042 verbum
1957 4996 2128 5051 tuum,
2170 4995 2227 5040 ut

629 5090 851 5145 prorsus
883 5090 1138 5145 germane
1183 5074 1446 5139 dicamus,
1478 5075 1619 5130 Misit
1646 5077 1849 5130 verbum
1873 5092 2039 5142 suum,
2067 5086 2112 5129 et
2136 5093 2224 5129 sa-

630 5168 770 5223 mwit
789 5183 872 5221 eos
903 5156 1073 5238 (Psal.
1097 5182 1203 5232 cvt,
1219 5167 1336 5237 9.0),
1359 5166 1577 5224 domine
1604 5168 1933 5233 beatissime,
1960 5176 2017 5221 et
2036 5167 2228 5221 merito

632 5260 948 5314 venerabilis
978 5271 1149 5330 pater.
1171 5260 1313 5315 Sane
1347 5277 1407 5315 ea
1438 5261 1711 5333 diligentia
1760 5261 2045 5316 ventilasse
2088 5259 2227 5315 San-

632 5352 869 5407 ctitatem
899 5360 1044 5405 tuam
1072 5361 1272 5406 textum
1296 5351 1534 5421 ejusdem
1552 5352 1719 5408 libelli
1749 5352 2065 5421 reperimus,
2090 5350 2225 5405 utad

630 5443 870 5513 singulos
898 5443 1078 5513 apices
1106 5458 1363 5512 responsa
1408 5444 1612 5500 reddita
1642 5455 1952 5514 stttpcamtts
1971 5486 1987 5510 ,
2009 5445 2121 5498 sive
2176 5445 2227 5495 in

634 5537 715 5591 his
741 5552 860 5606 qua:
890 5534 1143 5601 refutare,
1171 5534 1445 5600 detestari,
1477 5551 1540 5590 ac
1566 5536 1748 5606 fugere
1776 5536 1964 5592 deccat
1987 5535 2231 5591 christia-

694 5694 709 5725 '
747 5702 902 5752 Suar.,
920 5691 1115 5755 quando
1137 5692 1272 5755 circa
1291 5688 1616 5743 rollutt'oumt.

695 5756 715 5786 π
749 5756 886 5815 ιζιΙὶιὶ,
911 5753 966 5805 id
987 5754 1116 5814 quod
1141 5753 1308 5803 uiuit.

700 5817 772 5877 (a)
807 5817 904 5867 Lib.
930 5816 995 5867 de
1021 5823 1189 5866 Sattt‘a
1220 5824 1268 5866 ct
1288 5817 1442 5864 oratiu

1662 386 1751 445 DE
1790 388 2027 444 CESTIS
2058 380 2349 445 I’ELAC-ll,
2391 382 2446 438 S.
2483 385 2852 442 AUGL’STINI

3801 392 3901 446 διδ

2309 512 2432 551 ιιιιιιι
2461 516 2474 562 ;
2499 501 2610 555 sive
2636 501 2686 554 in
2719 502 2843 566 illis,
2876 503 2928 556 in
2950 504 3142 574 quibus
3172 518 3277 557 non
3322 504 3451 558 satis
3495 504 3767 562 invenitur
3812 526 3859 562 cc
3888 540 3901 548 -

2307 606 2484 653 rasse;
2521 594 2782 662 quamvis,
2812 594 2993 648 nescio
3014 610 3116 665 qua
3136 595 3442 660 calliditate,
3464 597 3515 650 in
3539 596 3671 665 ipsis
3691 613 3902 666 quoque

2303 683 2526 751 gratiam
2562 684 2651 738 Dei
2695 686 2920 740 credidit
2948 686 3402 756 supprimendam.
3451 687 3555 743 Sed
3611 704 3775 741 unum
3823 700 3903 739 est

2305 774 2447 843 quod
2480 790 2575 829 nos
2597 776 2648 830 in
2680 784 2825 830 tanto
2846 777 3106 833 beneﬂcio
3129 778 3312 843 aflieit,
3335 779 3457 848 quia
3487 778 3638 833 tarde
3669 779 3772 834 hoc
3795 789 3846 833 ta
3874 800 3900 831 :l

2307 867 2618 936 prmclarum
2645 870 2827 939 gratia:
2872 871 2963 926 Dei
2996 886 3189 926 nnmus
3213 872 3433 927 cll'ulsit.
3467 872 3740 942 Siquidem
3769 889 3900 925 ton-

2308 956 2422 1024 tigit
2454 958 2881 1015 'absenteslieri
2925 960 3206 1032 quosdam,
3253 976 3480 1031 quorum
3534 963 3762 1016 cast-imi
3805 964 3903 1017 ista

2308 1055 2414 1102 tam
2441 1051 2737 1119 perspicua:
2766 1052 3002 1107 veritatis
3029 1053 3311 1107 illustratio
3331 1053 3646 1118 deberetur;
3662 1052 3729 1108 ad
3745 1071 3903 1123 quos,

2305 1139 2405 1193 etsi
2446 1141 2668 1206 tardius,
2726 1158 2832 1197 non
2882 1141 3177 1198 diffidimus
3227 1149 3456 1214 propitio
3503 1145 3612 1198 Deo
3657 1145 3900 1199 eamden=

2306 1234 2529 1300 gratiam
2572 1235 2885 1303 pervenire,
2918 1237 3006 1306 qui
3052 1237 3164 1290 vult
3205 1251 3397 1291 omnes
3439 1236 3684 1291 homines
3726 1236 3906 1291 salvas

2310 1325 2445 1390 fieri,
2474 1326 2616 1384 eiad
2643 1327 2971 1397 agnitionem
2998 1328 3237 1384 veritatis
3266 1328 3451 1383 venire
3474 1329 3516 1399 (I
3548 1326 3688 1382 Tim.
3723 1344 3795 1393 ιι,
3825 1329 3905 1396 4).

2306 1420 2415 1474 Nos
2450 1436 2602 1487 vero,
2634 1421 2735 1475 etsi
2764 1420 2891 1474 olim
2919 1422 3106 1490 spiritu
3133 1422 3416 1477 ebaritatis
3438 1424 3480 1488 ⁸,
3513 1423 3605 1494 qui
3634 1422 3687 1477 in
3720 1434 3771 1478 te
3798 1432 3903 1487 est,

2307 1516 2490 1583 docti,
2544 1518 2932 1587 subjectionem
2963 1517 3128 1587 'ejus
3172 1517 3528 1588 abjecerimus
3578 1519 3800 1581 erroris,
3854 1519 3905 1571 in

2310 1609 2412 1664 hoc
2448 1610 2608 1664 etiam
2647 1625 2788 1665 nunc
2829 1611 3028 1681 gratias
3060 1611 3287 1681 agimus,
3319 1611 3462 1680 quod
3496 1612 3611 1665 ιιωο
3632 1627 3752 1681 qua:
3781 1620 3909 1665 ante

2309 1700 2654 1766 credidimus,
2679 1716 2820 1756 nunc
2844 1702 2965 1757 aliis
2994 1706 3204 1771 aperire
3230 1701 3537 1767 didicimus,
3571 1703 3709 1756 viam
3741 1703 3882 1756 facili

2311 1792 2480 1847 tatis‘
2508 1794 2758 1848 uberiore
2807 1791 3121 1849 Sani-litatis
3172 1802 3277 1848 ture
3330 1806 3579 1847 sermone
3619 1793 3909 1862 pandente.

2314 1886 2378 1939 Et
2405 1887 2509 1940 alia
2536 1896 2729 1940 manu:
2758 1885 3083 1942 Incolumem
3112 1886 3502 1941 Beatitudincm
3523 1896 3689 1952 tuam,
3715 1887 3911 1939 nostri-

2310 1993 2415 2049 que
2442 1994 2757 2042 memorem,
2806 1978 3169 2034 misericordia
3214 1978 3308 2033 Dei
3353 1977 3522 2032 nostri
3562 1976 3828 2047 glorilicct
3856 1978 3909 2031 in

2311 2080 2571 2125 :eteruum
2597 2091 2615 2123 ι
2644 2070 2838 2140 (Epist.
2875 2071 2997 2136 I68,
3028 2071 3160 2124 inter
3182 2069 3628 2141 Augustinianas).

2382 2159 2608 2217 CAI'U'I‘
2648 2162 3013 2218 XXV—$9.
3054 2161 3111 2218 Si
3148 2176 3279 2231 ergo
3309 2172 3364 2217 et
3395 2161 3909 2223 istc-conﬁteretur.

2315 2252 2386 2307 ita
2415 2254 2467 2308 in
2510 2254 2610 2307 hoc
2647 2267 2830 2309 errore
2870 2268 2930 2309 se
2970 2253 3133 2307 fuisse
3169 2252 3492 2323 aliquando,
3530 2261 3594 2307 ut
3631 2252 3909 2308 hominem

2315 2355 2781 2414 przcoccupatum,
2826 2344 2923 2400 sed
2975 2359 3116 2399 nunc
3156 2342 3613 2399 anathematizare
3658 2344 3750 2414 qui
3794 2342 3914 2397 bzce

2316 2446 2545 2501 tenent;
2612 2438 2855 2508 quisquis
2912 2437 2963 2492 ei
3032 2453 3138 2491 non
3208 2438 3607 2508 gratularetur,
3689 2447 3912 2495 tenente

2308 2528 2418 2599 jam
2487 2529 2579 2583 illo
2642 2530 2779 2583 viam
2838 2530 3112 2594 veritatis,
3188 2530 3302 2600 ipse
3368 2530 3636 2585 amitteret
3703 2532 3910 2586 viscera

2313 2620 2610 2675 cbaritatis.
2639 2619 2790 2676 Nunc
2838 2636 2966 2677 vero
3020 2637 3213 2692 parum
3244 2631 3326 2677 est
3368 2621 3512 2691 quod
3555 2638 3614 2678 se
3648 2639 3754 2678 non
3784 2638 3914 2677 cou-

2315 2710 2488 2768 fessus
2534 2722 2617 2767 est
2650 2712 2719 2767 ab
2765 2728 2827 2767 ea
2866 2722 3017 2783 peste
3058 2714 3338 2768 liberatum
3365 2756 3380 2781 ,
3422 2713 3516 2768 sed
3556 2717 3915 2770 anathemati-

2314 2805 2453 2859 zavit
2502 2805 2721 2875 insuper
2773 2805 3066 2871 liberatos,
3118 2804 3206 2875 qui
3258 2820 3383 2860 eum
3423 2805 3502 2859 sic
3542 2804 3807 2876 diligunt,
3856 2819 3915 2861 ut

2316 2898 2475 2953 etiam
2503 2898 2675 2969 ipsum
2706 2898 2926 2967 cupiant
2959 2897 3172 2953 liberari
3203 2914 3218 2953 :
3245 2898 3298 2952 in
3324 2897 3516 2968 quibus
3542 2908 3595 2953 et
3630 2898 3719 2953 isti
3745 2911 3873 2954 sunt
3896 2941 3915 2965 ,

2316 2990 2407 3059 qui
2444 2990 2867 3045 benevolentiam
2897 3005 3049 3046 suam
3090 3005 3218 3060 erga
3250 2989 3397 3045 illum
3428 2991 3869 3062 significaverunt
3896 3038 3913 3059 ,

2319 3081 2401 3137 his
2430 3081 2496 3135 ad
2526 3097 2614 3136 me
2640 3080 2779 3136 datis
2806 3081 3000 3137 litteris
3022 3081 3167 3146 suis;
3200 3097 3323 3136 nam
3354 3092 3409 3138 et
3440 3083 3612 3152 ipsum
3646 3085 3917 3155 prtecipue

2318 3172 2656 3244 cogitabant,
2694 3189 2816 3228 cum
2849 3172 3123 3241 dicerent,
3158 3173 3261 3229 hoc
3296 3190 3355 3229 se
3379 3174 3558 3243 affici,
3587 3176 3728 3247 quod
3761 3179 3917 3234 tarde

2320 3267 2469 3322 illum
2491 3265 2684 3321 librqu
2714 3266 3059 3337 scripserim?
3093 3284 3114 3318 ι
3161 3265 3440 3338 Siquidem
3468 3267 3710 3340 contigit,
3762 3289 3782 3323 ι
3829 3270 3918 3325 in-

2319 3357 2529 3427 quiunt,
2576 3375 2596 3411 ι
2640 3359 2891 3414 absentes
2933 3356 3049 3412 ﬁeri
3093 3359 3387 3429 quosdam,
3418 3375 3647 3431 quorum
3686 3363 3921 3419 excitati

2322 3447 2421 3503 ista
2449 3456 2554 3502 tam
2582 3450 2877 3519 perspicuae
2901 3451 3142 3507 veritatis
3181 3450 3467 3506 illustratio
3496 3450 3815 3518 deberetur;
3847 3453 3919 3507 ad

2321 3555 2456 3610 quos
2482 3541 2584 3596 etsi
2615 3542 2854 3612 tardius,
2892 3562 2912 3597 ι
2944 3544 3227 3614 inquiunt,
3273 3561 3295 3596 ι
3332 3560 3440 3599 non
3469 3543 3763 3600 diffidimus
3791 3559 3923 3617 pro-

2322 3632 2454 3704 pitio
2472 3634 2583 3690 Deo
2601 3634 2846 3690 eamdem
2862 3637 3087 3707 gratiam
3106 3635 3409 3707 pervenire.
3441 3654 3461 3689 ι
3486 3635 3692 3692 Nomen
3715 3638 3922 3708 quippe

2323 3724 2408 3779 vel
2432 3724 2647 3780 nomina
2684 3726 2784 3795 ipsi
2828 3743 3041 3798 quoque
3079 3725 3255 3782 adhuc
3293 3726 3517 3783 tacenda
3553 3736 3878 3797 putaverunt
3901 3771 3917 3796 ,

2324 3825 2380 3871 ut
2394 3817 2606 3873 vivente
2624 3817 2876 3883 amicitia,
2894 3832 3049 3874 error
3077 3818 3256 3888 potius
3275 3825 3578 3874 moreretur
3596 3818 3920 3873 amicorum.

2395 3907 2484 3964 50.
2526 3908 2600 3963 At
2627 3922 2769 3963 nunc
2807 3908 2853 3964 si
2881 3908 3128 3980 Pelagius
3156 3908 3323 3964 Deum
3339 3908 3582 3979 cogitat,
3611 3909 3657 3963 si
3697 3923 3804 3963 non
3837 3919 3928 3964 est

2325 4000 2563 4073 ingratus
2587 4000 2707 4071 ejus
2735 4000 3137 4067 misericordiae,
3166 4001 3257 4072 qui
3282 4016 3407 4057 eum
3431 4001 3500 4056 ad
3536 4001 3925 4072 episcoporum

2319 4092 2584 4162 judicium
2612 4100 2893 4162 propterea
2923 4091 3188 4163 perduxit,
3220 4100 3280 4148 ut
3308 4091 3425 4148 hzec
3452 4090 3796 4146 anathemata
3829 4091 3932 4147 de-

2326 4182 2542 4240 tendere
2580 4187 2766 4254 postea
2808 4200 2914 4240 non
2957 4183 3216 4250 auderet,
3255 4184 3473 4255 jamque
3518 4182 3834 4239 detestanda
3874 4195 3933 4238 ct

2325 4274 2622 4345 abjicienda
2649 4283 3033 4345 cognosceret,
3065 4278 3268 4346 gratius
3311 4273 3541 4345 accipiet
3582 4273 3789 4329 litteras
3822 4289 3933 4328 no-

2325 4373 2488 4432 stras,
2505 4365 2722 4435 quando
2735 4379 2993 4436 expresso
3013 4365 3239 4421 nomine
3253 4366 3405 4421 ulcus
3423 4363 3721 4419 sanandum
3745 4364 3936 4435 potius

2322 4459 2617 4529 aper’mus,
2632 4472 2793 4529 quam
2811 4458 2928 4513 illas
2943 4457 3044 4530 (a),
3059 4457 3147 4513 ubi
3168 4472 3290 4513 cum
3306 4455 3549 4513 dolorem
3572 4457 3747 4512 facere
3764 4457 3935 4513 time-

2326 4566 2510 4607 remus
2528 4591 2544 4616 ,
2572 4559 2836 4606 tumorem
2858 4593 2873 4617 ,
2902 4549 3044 4622 quod
3073 4565 3173 4606 nos
3199 4550 3419 4621 penitet
3442 4591 3457 4615 ,
3484 4549 3838 4620 augebamus.
3868 4550 3939 4605 Si

2327 4652 2506 4699 autem
2533 4642 2664 4698 mihi
2689 4642 2846 4699 fuerit
2868 4643 3055 4710 iratus,
3075 4658 3234 4713 quam
3261 4643 3440 4715 inique
3470 4643 3900 4697 irascaturatten
3922 4674 3939 4683 -

2329 4735 2441 4800 dat,
2469 4744 2525 4790 et
2547 4742 2605 4789 ut
2627 4735 2805 4790 vincat
2834 4735 2990 4801 iram,
3014 4733 3227 4790 tandem
3254 4732 3542 4805 aliquando
3569 4733 3661 4789 Dei
3689 4733 3944 4803 postulet

2328 4827 2589 4897 gratiam,
2621 4841 2779 4896 quam
2820 4825 2872 4880 in
2914 4825 3016 4880 hoc
3035 4824 3239 4895 judicio
3279 4823 3560 4880 confessus
3582 4833 3671 4879 est
3699 4823 3942 4894 singulis

2333 4920 2530 4975 nostris
2566 4919 2773 4975 actibus
2801 4917 3188 4982 necessariam;
3229 4925 3289 4972 ut
3314 4932 3496 4972 veram
3523 4925 3895 4986 consequatur
3920 4960 3940 4983 ,

2320 5011 2427 5067 -illo
2444 5010 2748 5081 adjuvante,
2780 5010 3079 5065 victoriam.
3105 5007 3244 5078 Quid
3266 5008 3412 5064 enim
3437 5008 3488 5064 ei
3513 5016 3743 5079 prosunt
3769 5017 3950 5064 tantae

2334 5105 2453 5174 ejus
2473 5104 2658 5159 laudes
2681 5104 2733 5158 in
2759 5102 3000 5174 epistolis
3019 5102 3418 5173 episcoporum,
3435 5115 3570 5172 quas
3592 5115 3689 5171 pro
3711 5116 3770 5156 se
3785 5114 3953 5155 com-

2335 5197 2749 5263 memorandas,
2792 5196 2876 5251 vel
2924 5200 3085 5251 etiam
3134 5194 3386 5265 legendas
3427 5204 3588 5266 atque
3625 5194 3956 5265 allegaudas

2335 5288 2569 5360 putavit;
2597 5289 2747 5359 quasi
2774 5303 2897 5343 eum
2925 5286 3042 5343 haec
3073 5302 3327 5357 perversa
3356 5286 3560 5342 sentire
3579 5327 3594 5351 ,
3625 5299 3824 5340 omnes
3850 5289 3957 5357 qui

2336 5381 2681 5437 vehementes
2732 5388 2787 5435 et
2836 5378 3068 5451 quodam
3116 5378 3280 5434 modo
3329 5376 3581 5433 ardentes
3624 5375 3691 5431 ad
3734 5375 3959 5432 bonam

2404 5563 2879 5638 {suat-.,cogti_i{t9t'l-
3144 5622 3157 5638 .
3225 5624 3235 5635 -

2402 5634 2421 5663 ’
2446 5632 2519 5678 sic
2539 5622 2669 5679 Suar.
2692 5622 2815 5677 Editi
2843 5640 2962 5676 vero
2984 5624 3084 5679 alii.
3109 5622 3363 5677 claritatis.

2405 5695 2425 5725 ³
2457 5692 2760 5740 ιιἸονοιιιίιιιις
2787 5699 2885 5746 \ts.,
2910 5687 3267 5738 subsectioncm.

2405 5757 2420 5783 ι
2462 5763 2577 5802 ςιιίιι·
2601 5790 2613 5809 ,
2641 5751 2897 5813 ﬁ'lt'ritntis.

2408 5818 2480 5876 (Η)
2514 5812 2737 5871 Sulitltttli,
2761 5812 2962 5870 (tt‘t't’nil.
