4170 6522
250 409 332 470 ΣΗ
1753 410 1952 466 LIBER
1997 409 2196 466 UNUS.

250 528 395 581 vitam
422 524 841 580 exhortationes
859 524 976 596 ejus
1000 524 1302 592 audiebant,
1332 524 1484 581 facile
1507 526 1645 583 scire
1669 524 1847 597 p‘otue-

248 621 347 674 t’ittl
363 619 389 671 3
1466 666 1495 695 .

303 708 537 767 CAPUT
578 709 775 766 XXVI.
806 739 879 750 -—
907 711 995 766 51.
1039 710 1105 765 Ει
1135 724 1237 780 ego
1276 710 1490 779 quidem
1534 711 1585 763 in
1620 708 1846 778 epistola

243 820 370 864 mea,
399 817 568 873 quam
597 802 844 871 protulit,
872 817 976 856 non
1007 801 1180 857 solum
1208 802 1276 856 ab
1300 801 1417 871 ejus
1444 800 1691 856 laudibus
1714 810 1848 855 tem-

242 898 454 968 peravi;
482 897 581 951 sed
603 897 768 951 etiam
798 904 1052 966 quantum
1083 895 1250 962 potui,
1280 895 1396 949 sine
1420 894 1537 965 ejus
1560 894 1575 925 ¹
1602 908 1845 948 commo-

242 993 378 1045 tione
400 990 744 1060 qumstiouis,
773 989 840 1043 de
868 989 963 1043 Dei
986 988 1157 1059 gratia
1185 997 1332 1043 recte
1357 1000 1547 1057 sapere
1568 986 1842 1041 admonui.

243 1084 350 1137 Itixi
372 1098 500 1137 cum
527 1082 729 1152 quippe
761 1082 814 1136 in
845 1081 1184 1145 salutatione,
1209 1080 1492 1135 Dominum
1522 1097 1536 1134 :
1565 1079 1707 1150 quod
1728 1079 1844 1149 epi-

241 1176 418 1229 stolari
442 1189 597 1230 more
622 1185 783 1229 etiam
811 1190 918 1229 non
941 1173 1246 1229 christianis
1266 1172 1585 1243 quibusdam
1607 1172 1844 1228 scribere

240 1267 513 1330 solemus;
547 1280 722 1334 neque
753 1264 807 1319 id
836 1263 1188 1331 mendaciter,
1217 1264 1470 1335 quoniam
1501 1263 1749 1318 onmibus
1770 1262 1839 1319 ad

239 1357 486 1417 salutem,
509 1371 631 1425 qua:
654 1357 707 1409 in
732 1354 948 1409 Christo
973 1363 1072 1419 est,
1104 1353 1555 1424 consequendam,
1584 1354 1842 1409 debemus

237 1447 468 1518 quodam
487 1445 649 1500 modo
666 1446 890 1500 liberam
907 1444 1241 1500 servitutem.
1267 1445 1381 1499 Dixi
1398 1443 1802 1499 dilectissimum
1822 1462 1849 1510 :_

235 1540 378 1610 quod
407 1549 464 1595 et
487 1555 631 1594 nime
673 1539 795 1594 dico
816 1580 831 1602 ,
863 1538 963 1592 etsi
1006 1538 1174 1592 iratus
1201 1537 1393 1604 fuerit,
1424 1535 1598 1592 adhuc
1626 1536 1834 1601 dicam;

233 1632 492 1703 quoniam
522 1633 623 1686 nisi
648 1646 775 1700 erga
805 1646 925 1686 eum
952 1630 1293 1686 dilectionem
1324 1639 1578 1696 tenuero,
1609 1629 1699 1683 illo
1730 1629 1839 1684 ira-

233 1732 423 1779 scente
444 1763 461 1789 ,
493 1723 609 1791 ipse
650 1722 783 1776 mihi
814 1720 983 1791 magis
1013 1719 1240 1776 nocebo.
1276 1720 1391 1774 Dixi
1434 1719 1839 1775 Desideratissi-

234 1829 415 1879 mum;
447 1812 701 1885 quoniam
720 1812 876 1868 valde
905 1811 1183 1882 cupiebam
1213 1826 1333 1866 cum
1358 1819 1622 1881 prtesente
1642 1810 1838 1883 aliquid

230 1907 468 1976 colloqui
499 1924 515 1959 :
541 1905 655 1977 jam
698 1905 840 1960 enim
882 1904 1158 1959 audieram
1203 1913 1389 1960 contra
1430 1903 1687 1975 gratiam,
1731 1920 1836 1974 qua

227 1997 609 2068 justiﬁcamur,
629 1994 844 2066 quando
864 1994 988 2049 hinc
1001 1995 1176 2065 aliqua
1198 1994 1640 2051 commemoratio
1662 1996 1834 2060 fieret,

230 2097 421 2156 aperta
464 2102 588 2142 eum
619 2086 966 2140 contentione
1005 2086 1210 2139 conari.
1260 2085 1500 2155 Denique
1539 2087 1836 2140 litterarum

231 2183 473 2251 ipsarum
502 2179 683 2234 brevis
713 2186 888 2233 textus
914 2177 1019 2231 hoc
1048 2178 1245 2233 indicat
1265 2194 1278 2230 :
1299 2194 1420 2232 nam
1449 2193 1571 2233 cum
1603 2178 1836 2248 egissem

230 2273 468 2341 gratias,
499 2271 644 2341 quod
685 2285 772 2324 me
812 2268 1024 2338 scriptis
1059 2269 1171 2323 suis
1209 2269 1557 2323 exhilarasset
1582 2312 1597 2337 ,
1626 2277 1836 2322 certum

234 2363 485 2419 faciendo
506 2363 577 2418 de
600 2377 697 2417 sua
722 2361 895 2416 salute
919 2376 983 2415 ac
1002 2376 1243 2427 suorum,
1273 2378 1406 2431 quos
1432 2361 1615 2431 utique
1641 2361 1684 2415 si
1710 2375 1836 2415 cor-

234 2466 415 2510 rectos
441 2453 722 2517 volumus,
762 2451 922 2506 etiam
971 2452 1238 2520 corporali
1286 2453 1457 2507 salute
1495 2453 1673 2507 salvos
1703 2451 1839 2506 velle

230 2543 530 2608 debemus;
555 2558 679 2598 mox
706 2542 755 2597 ei
782 2544 919 2598 bona
944 2543 1121 2612 optavi
1146 2558 1176 2596 a
1206 2543 1432 2599 Domino
1458 2544 1704 2611 retribui,
1728 2557 1834 2597 non

228 2635 298 2692 ad
326 2635 559 2690 stlutem
589 2633 835 2703 corporis
865 2632 1185 2703 pertinentia
1205 2675 1223 2700 ,
1248 2633 1345 2688 sed
1380 2649 1442 2689 ea
1475 2636 1685 2704 pot'us,
1717 2648 1838 2703 qua:

230 2728 457 2796 putabat
482 2740 607 2781 esse
628 2765 645 2790 ,
678 2723 761 2779 vel
791 2723 933 2779 forte
959 2723 1141 2779 adhuc
1175 2732 1353 2794 putat,
1386 2723 1438 2777 in
1477 2725 1594 2779 splo
1617 2724 1837 2778 arbitrio

229 2816 533 2872 voluntatis
554 2824 611 2871 et
639 2814 854 2886 propria
880 2822 1144 2884 potestate
1170 2814 1359 2883 posita,
1386 2814 1544 2868 simul
1567 2827 1759 2883 optans
1781 2824 1837 2869 et

232 2917 459 2978 prepter
489 2906 595 2961 hoc
621 2907 785 2961 vitam
810 2913 1085 2960 aeternam.
1120 2904 1321 2960 Deinde
1346 2905 1466 2974 quia
1491 2904 1682 2959 litteris
1701 2903 1832 2968 suis,

224 2998 426 3068 quibus
456 2995 875 3067 respondebam,
908 2995 1033 3050 talia
1060 2994 1305 3066 quadam
1334 2995 1388 3050 in
1423 3012 1508 3051 me
1530 2996 1672 3051 bona
1701 2996 1838 3050 mul-

227 3102 343 3147 tum
372 3089 715 3160 benigneque
753 3087 1097 3155 laudaverat;
1129 3088 1291 3144 etiam
1332 3087 1403 3142 ibi
1442 3087 1603 3158 petivi
1632 3089 1701 3142 ab
1737 3101 1834 3154 eo,

225 3192 287 3237 ut
311 3197 416 3253 pro
445 3195 538 3236 me
565 3189 785 3246 oraret,
812 3194 921 3251 quo
946 3179 1126 3250 potius
1154 3195 1182 3233 a
1211 3180 1440 3235 Domino
1467 3180 1585 3235 talis
1613 3181 1797 3248 ﬁerem
1818 3221 1835 3247 ,

225 3275 445 3346 qualem
468 3288 561 3329 me
574 3272 820 3343 essejam
840 3271 1086 3328 crederet
1106 3289 1122 3327 :
1146 3280 1203 3327 ut
1222 3287 1343 3328 eum
1359 3273 1439 3329 sic
1453 3273 1797 3329 admonerem
1818 3316 1834 3342 ,

223 3375 422 3423 contra
471 3364 618 3434 quod
651 3363 740 3418 ille
778 3362 1054 3435 sapiebat,
1095 3374 1265 3433 Ipsam
1307 3378 1521 3434 quoque
1541 3363 1835 3433 justitiam,

223 3472 392 3529 quam
422 3455 480 3510 in
510 3469 598 3509 me
629 3452 948 3509 laudandam
977 3464 1279 3524 putaverat,
1310 3470 1419 3510 non
1443 3468 1565 3510 esse
1585 3454 1836 3524 volentis,

226 3563 408 3618 neque
437 3545 742 3612 currentis,
770 3544 866 3603 sed
895 3545 1200 3602 miserentis
1232 3545 1331 3601 Dei
1371 3545 1569 3615 (Rom.
1594 3562 1674 3613 rx,
1707 3544 1835 3618 16).

222 3639 345 3702 Hoc
365 3650 455 3693 est
474 3644 668 3706 totum,
689 3631 851 3708 quod~
863 3636 1042 3692 brevis
1070 3637 1158 3691 illa
1182 3636 1410 3707 epistola
1437 3651 1555 3692 mea
1574 3637 1837 3698 continet.

225 3747 403 3801 eaque
435 3729 739 3786 intentione
767 3728 965 3784 dictata
992 3737 1077 3785 est
1108 3747 1122 3783 :
1152 3745 1274 3784 nam
1304 3730 1375 3784 ita
1400 3744 1460 3786 se
1491 3729 1651 3786 habet
1678 3748 1693 3785 :

296 3820 537 3879 CAPUT
565 3819 762 3877 XXVII
790 3828 838 3875 et
871 3819 1113 3880 XXVIII.
1138 3850 1211 3861 —
1238 3820 1329 3876 52.
1375 3838 1395 3873 t
1443 3821 1673 3878 Domino
1705 3820 1837 3878 dile—

225 3915 514 3984 ctissime,
547 3921 604 3972 et
651 3912 1110 3970 desideratissimo
1159 3912 1309 3968 fratri
1357 3912 1607 3985 Pelagio,
1650 3914 1837 3984 Augu-

225 4008 445 4073 stinus,
480 4006 535 4060 in
575 4004 802 4059 Domino
839 4003 1093 4060 salutem.
1124 4001 1335 4059 Gratias
1371 4017 1474 4074 ago
1510 4003 1796 4075 plurimum
1821 4044 1837 4070 ,

225 4099 380 4170 quod
399 4114 492 4153 me
514 4097 708 4153 litteris
730 4096 836 4151 tuis
858 4096 1161 4152 exhilarare
1183 4093 1431 4166 dignatus
1451 4109 1533 4161 es,
1562 4103 1616 4149 et
1630 4102 1837 4150 certum

229 4191 420 4247 facere
442 4190 515 4247 de
539 4189 715 4244 salute
733 4198 931 4244 vestra.
954 4188 1235 4245 Retribuat
1268 4187 1362 4243 tibi
1391 4187 1647 4244 Dominus
1676 4187 1836 4254 bona,

227 4282 436 4352 quibus
464 4294 685 4350 semper
706 4278 783 4334 sis
813 4279 1008 4346 bonus,
1039 4287 1240 4335 etcum
1268 4279 1363 4334 illo
1385 4288 1590 4335 sterno
1616 4278 1765 4333 vivas
1786 4279 1838 4333 in

227 4383 531 4436 a-ternum,
587 4370 807 4428 domine
857 4371 1202 4428 dilectissime
1226 4412 1243 4437 ,
1289 4381 1345 4429 et
1384 4371 1841 4430 desideratissime

228 4464 428 4523 frater.
456 4461 575 4534 Ego
600 4472 779 4519 autem
800 4503 816 4527 ,
844 4463 944 4518 etsi
972 4463 1024 4518 in
1054 4478 1143 4519 me
1172 4478 1277 4519 non
1312 4477 1546 4535 agnosco
1572 4465 1840 4534 prueonia

226 4554 301 4610 de
328 4568 421 4609 me
446 4561 538 4608 tua
559 4591 580 4620 ,
604 4567 727 4623 qua:
766 4561 872 4608 tua:
914 4553 1263 4624 Benignitatis
1299 4554 1525 4626 epistola
1563 4555 1838 4629 continet;

228 4644 507 4707 benevolo
528 4652 708 4706 tamen
733 4643 915 4703 animo
933 4659 1059 4714 erga
1081 4643 1427 4715 exiguitatem
1447 4661 1645 4714 meam,
1667 4646 1841 4717 ingra-

229 4748 320 4795 tus
351 4751 482 4795 esse
512 4752 621 4796 non
644 4751 865 4807 possum
887 4736 1075 4792 :simul
1100 4737 1418 4804 admonens,
1440 4749 1500 4795 ut
1528 4740 1704 4810 potius
1719 4755 1841 4795 ores

229 4845 337 4900 pro
364 4844 481 4897 me,
519 4843 629 4899 quo
660 4828 779 4884 talis
815 4843 848 4883 a
898 4827 1128 4884 Domino
1172 4829 1329 4897 llam,
1359 4830 1572 4901 qualem
1618 4847 1706 4887 me
1728 4830 1839 4901 jam

229 4936 361 4977 asc
392 4919 701 4979 arbitraris.
744 4917 812 4974 Et
839 4920 945 4975 alia
990 4937 1143 4975 manu
1172 4935 1193 4976 :
1228 4920 1432 4976 Memor
1457 4920 1662 4988 nostri,
1690 4920 1840 4977 inco-

231 5016 398 5071 lumis
430 5012 663 5095 Domino
693 5012 934 5081 placeas,
963 5012 1180 5070 domine
1208 5012 1586 5074 dilectissime.
1611 5021 1668 5069 et
1694 5013 1840 5069 desi-

137 5132 149 5137 -
228 5106 589 5161 dcratissime
625 5103 791 5159 frater
826 5123 847 5157 ι
883 5100 1074 5176 (Epist.
1106 5104 1256 5176 M6).

301 5196 540 5255 CAPUT
569 5194 765 5252 XXIX.
786 5225 859 5236 —
877 5195 965 5254 55.
999 5195 1055 5252 In
1084 5196 1196 5266 ipsa
1213 5212 1424 5267 quoque
1450 5197 1842 5267 subscriptione

224 5289 375 5360 quod
403 5288 586 5360 posui,
612 5298 674 5343 ut
699 5288 927 5344 Domino
953 5289 1180 5358 placeat,
1211 5289 1379 5360 magis
1405 5291 1507 5346 hoc
1535 5305 1656 5345 esse
1676 5291 1841 5360 signi-

226 5384 387 5443 ticavi
420 5383 475 5436 in
504 5381 628 5450 ejus
651 5379 850 5451 gratia.
877 5396 1036 5449 quam
1068 5380 1120 5435 in
1147 5381 1262 5435 sola
1292 5380 1526 5436 hominis
1547 5381 1839 5449 voluntate,

223 5476 450 5546 quando
476 5474 532 5529 id
566 5487 671 5528 nec
698 5473 943 5526 hortatus
967 5487 1108 5538 sum,
1138 5487 1235 5528 nec
1262 5472 1512 5543 prteccpi,
1542 5487 1642 5528 nec
1661 5471 1839 5535 docui,

222 5568 318 5622 scd
366 5563 582 5636 aptavi.
641 5562 1102 5632 Quemadmodum
1154 5578 1285 5619 vero
1332 5564 1377 5619 si
1420 5563 1696 5627 hortarer,
1754 5572 1844 5615 aut

223 5662 591 5733 prmeipercm
620 5698 636 5717 ,
693 5655 781 5710 vel
838 5654 1123 5722 docerem,
1194 5654 1459 5726 pertinere
1511 5655 1612 5709 hoc
1663 5664 1719 5711 et
1775 5655 1839 5708 ad

285 5832 303 5849 ο
342 5826 595 5865 «instantis
631 5819 737 5869 eis”
766 5810 925 5859 uilius.
967 5809 1287 5865 rolbertinns,
1330 5806 1456 5858 illius
1494 5820 1839 5859 (annuenter

220 5877 370 5931 ιίυηε,
416 5876 555 5927 alius
578 5872 782 5935 quidam
807 5870 959 5920 codex
978 5906 992 5928 ,
1019 5870 1390 5926 rommoniiimzc.

3447 420 3554 474 3330

1963 525 2187 580 liberum
2243 526 2520 583 arbitrium
2573 528 3028 595 demonstrarent,
3085 546 3185 585 nec
3233 541 3409 587 tamen
3456 534 3548 589 Dei

1956 619 2141 689 gratim
2189 619 2503 692 derogarem
2554 638 2572 675 :
2629 623 2700 677 ita
2747 624 2867 694 quia
2920 626 3139 695 Optavi,
3192 625 3284 679 Dei
3330 626 3547 696 quidem

1955 710 2323 766 commendavi
2385 712 2650 782 gratiam,
2712 729 2817 768 non
2878 725 3052 771 tamen
3117 716 3396 770 arbitrium
3452 731 3550 769 vo-

1955 802 2175 858 luntatis
2197 803 2447 858 exstinxi.
2480 804 2679 875 thuid
2715 821 2845 877 ergo
2890 796 2941 860 in
2979 806 3080 861 hoc
3101 807 3304 877 judicio
3333 808 3551 878 protulit

1956 893 2093 951 hanc
2121 896 2436 965 epistolam“!
2465 899 2760 953 secundum
2787 915 2945 969 quam
2981 900 3026 954 si
3063 900 3131 954 ab
3160 901 3312 954 initio
3341 900 3546 969 sapuis‘

1951 993 2053 1047 set,
2086 986 2232 1039 nullo
2259 986 2420 1041 modo
2445 986 2713 1067 fortassis,
2748 989 2872 1044 licet
2899 1005 2928 1043 a
2957 989 3114 1044 bonis
3144 988 3417 1067 fratribus,
3449 992 3544 1044 sed

1952 1084 2131 1131 tamen
2175 1062 2523 1147 perversitate
2564 1080 2987 1151 disputationum
3039 1081 3155 1150 ejus
3195 1062 3451 1144 offensis,
3480 1084 3547 1134 ad

1949 1170 2253 1239 episcOpale
2292 1171 2554 1240 judicium
2598 1181 2900 1228 vocaretur.
2954 1172 3123 1227 Porro
3164 1182 3364 1237 autem,
3411 1174 3548 1226 sient

1948 1274 2049 1331 ego
2069 1262 2332 1317 rationem
2352 1262 2421 1317 de
2443 1262 2542 1317 hac
2563 1278 2683 1318 mea
2703 1264 2927 1334 epistola
2960 1264 3195 1329 reddidi;
3225 1265 3297 1319 ita
3322 1264 3390 1319 de
3410 1265 3543 1325 suis,

1946 1352 1989 1405 si
2012 1361 2155 1407 esset
2180 1368 2426 1419 necesse,
2450 1354 2740 1410 redderent
2763 1370 2990 1428 quorum
3013 1356 3279 1427 allegavit,
3306 1355 3546 1412 dicentes

1947 1443 2031 1497 vel
2068 1442 2196 1514 quid
2228 1445 2564 1514 putaverint,
2597 1446 2683 1500 Vc]
2725 1446 2852 1516 quid
2894 1446 3290 1517 ignoraverint,
3322 1446 3405 1500 vel
3441 1462 3544 1516 qua

1946 1534 2153 1590 ratione
2189 1535 2522 1605 scripserint.
2558 1535 2787 1592 Proinde
2817 1536 3064 1608 Pelagius
3090 1536 3158 1591 de
3185 1536 3547 1607 quorumlibet

1945 1632 2253 1680 sanctorum
2275 1625 2512 1681 amicitia
2540 1641 2600 1681 se
2625 1626 2930 1696 jactaverit,
2959 1627 3319 1697 quorumlibet
3343 1626 3409 1681 de
3431 1628 3545 1681 suis

1945 1714 2191 1771 laudibus
2239 1717 2443 1771 litteras
2491 1716 2718 1787 legerit,
2760 1716 3014 1786 quaelibet
3058 1716 3386 1786 purgationis
3431 1732 3545 1770 sua:

1942 1818 2090 1878 gesta
2123 1808 2427 1878 protulerit,
2460 1810 2560 1864 nisi
2591 1826 2655 1865 ea
2683 1825 2803 1880 quae
2830 1821 3020 1865 contra
3043 1811 3137 1865 Dci
3167 1811 3413 1881 gratiam,
3439 1825 3542 1879 qua

1945 1915 2201 1955 vocamur
2244 1909 2299 1956 et
2336 1900 2724 1970 justifieamur,
2770 1903 3017 1968 posuisse
3069 1903 3122 1957 in
3177 1902 3328 1957 libris
3370 1904 3387 1935 ¹
3427 1903 3542 1957 suis

1943 1991 2260 2048 idoneorum
2293 2003 2508 2048 testium
2538 1994 2655 2048 'flde
2699 1993 2982 2064 probatur,
3014 1993 3294 2049 confessus
3318 1992 3541 2047 anathe-

1943 2084 2307 2151 matizaverit,
2347 2101 2411 2140 ac
2464 2085 2661 2141 deinde
2690 2087 2712 2118 ³
2738 2097 2923 2140 contra
2961 2085 3078 2141 haec
3119 2087 3231 2157 ipsa
3269 2085 3544 2158 scripserit

1942 2186 1995 2231 et
2024 2176 2395 2246 disputavet'il,
2429 2192 2768 2247 nequaquam
2797 2176 2885 2234 bis
2913 2178 3107 2248 quibus
3137 2178 3346 2248 plenius
3379 2188 3536 2233 notus

1940 2280 2044 2337 est,
2073 2268 2340 2324 videbitur
2372 2285 2494 2325 esse
2523 2280 2819 2325 correctus.

2009 2359 2240 2416 CAPUT
2267 2359 2439 2415 XXX.
2464 2391 2537 2400 —
2562 2362 2651 2416 54.
2683 2361 2802 2417 Iam
2833 2362 2999 2428 enim,
3022 2378 3142 2434 qum
3172 2371 3293 2434 post
3322 2363 3424 2419 hoc
3447 2364 3538 2434 ju-

1950 2450 2148 2505 dicium
2178 2459 2465 2506 consecuta
2496 2452 2620 2516 sint,
2654 2468 2774 2522 qua:
2810 2451 2951 2508 hanc
2980 2453 3340 2523 suspicionem
3372 2458 3539 2526 magis

1939 2551 2187 2611 augeant,
2220 2556 2326 2596 non
2355 2543 2561 2598 tacebo.
2592 2543 2843 2599 Pervenit
2870 2543 2924 2599 in
2950 2559 3143 2600 manus
3170 2557 3379 2600 nostras
3404 2561 3542 2600 non-

1942 2635 2083 2689 nulla
2109 2636 2351 2705 epistola,
2374 2651 2494 2707 qua:
2515 2635 2682 2705 ipsius
2708 2635 2906 2707 Pelagii
2933 2636 3224 2705 diceretur,
3249 2639 3540 2694 scribentis

1940 2726 2006 2780 ad
2036 2726 2264 2781 amicmn
2309 2743 2461 2781 snmn
2503 2726 2788 2797 quemdam
2836 2729 3244 2800 presbyterum,
3284 2730 3375 2799 qui
3414 2744 3536 2783 eum

1942 2816 2153 2884 litteris,
2183 2817 2321 2872 sicut
2345 2817 2532 2872 eadem
2571 2818 2793 2885 epistola
2832 2820 3155 2883 continetur,
3183 2819 3412 2890 benigne
3439 2821 3538 2873 ad-

1939 2919 2255 2978 monuerat,
2282 2926 2350 2965 ne
2375 2926 2471 2981 per
2496 2911 2615 2982 ejus
2648 2913 2989 2983 occasionem
3034 2927 3095 2969 se
3122 2913 3314 2983 aliquis
3352 2929 3383 2968 a
3412 2928 3537 2970 cor-

1941 3017 2070 3072 pore
2087 3002 2342 3059 Ecclesiae
2358 3014 2656 3074 separaret.
2674 3002 2749 3059 Ibi
2772 3005 2914 3061 inter
2928 3014 3146 3072 cmtera,
3164 3021 3282 3076 qua}
3301 3006 3539 3062 inserere

1940 3092 2157 3162 longum
2187 3102 2290 3159 est,
2322 3108 2421 3149 nec
2447 3108 2583 3165 opus
2620 3104 2738 3159 est,
2770 3095 2845 3149 ait
2870 3095 3115 3166 Pelagius
3150 3112 3164 3151 :
3199 3113 3221 3147 ι
3267 3096 3538 3164 Quatuor-

1940 3182 2118 3238 decim
2149 3184 2525 3255 episeoporum
2570 3185 2835 3241 sententia
2879 3185 3122 3240 definitio
3165 3197 3344 3241 nostra
3387 3204 3539 3242 eom-

1941 3274 2161 3344 probata
2187 3285 2299 3343 est,
2328 3289 2431 3344 qua
2461 3274 2696 3330 diximus
2718 3316 2733 3341 ,
2762 3289 2922 3346 posse
2956 3274 3228 3330 hominem
3256 3277 3373 3333 sine
3404 3293 3532 3347 pee-

1942 3373 2065 3421 cato
2101 3380 2221 3420 esse
2244 3407 2258 3429 ,
2289 3376 2347 3421 et
2379 3366 2471 3421 Dei
2502 3365 2752 3421 mandata
2793 3366 2951 3421 facile
2993 3366 3284 3431 custodire,
3309 3368 3353 3422 si
3388 3368 3535 3423 velit.

1941 3456 2073 3525 Quae
2094 3457 2390 3522 sententia,
2439 3475 2460 3509 ι
2503 3456 2704 3527 inquit,
2752 3476 2772 3510 ι
2817 3456 3258 3512 contradictionis
3279 3472 3340 3512 os
3361 3457 3383 3489 ³
3408 3473 3541 3512 con-

1943 3545 2152 3601 fusione
2186 3545 2452 3615 perfudit,
2492 3558 2547 3601 et
2572 3561 2787 3602 omnem
2819 3547 2872 3601 in
2903 3547 3102 3602 malum
3139 3547 3537 3616 conspirantem

1942 3638 2255 3692 societatem
2291 3636 2361 3691 ab
2399 3637 2626 3692 invicem
2667 3638 2962 3707 separavit.
3007 3656 3028 3690 ι
3071 3638 3196 3695 Sive
3224 3654 3352 3709 ergo
3380 3639 3535 3693 istam

1939 3727 2222 3797 epistolam
2253 3727 2499 3798 Pelagius
2536 3743 2662 3782 vere
2685 3728 2993 3799 scripserit,
3023 3730 3138 3785 sive
3165 3731 3265 3785 sub
3289 3730 3407 3800 ejus
3438 3746 3535 3783 no-

1940 3820 2087 3875 mine
2105 3835 2135 3874 a
2151 3834 2489 3891 quocumque
2505 3820 2729 3875 conllcta
2756 3820 2846 3886 sit,
2864 3820 2985 3891 quis
3002 3836 3107 3876 non
3128 3820 3328 3888 videat,
3350 3836 3540 3892 quem-

1940 3910 2230 3966 admodum
2257 3910 2346 3966 bie
2369 3925 2523 3966 error
2547 3918 2604 3966 et
2628 3910 2697 3966 de
2719 3911 2922 3982 judicio
2947 3913 3036 3967 ubi
3067 3912 3350 3968 convictus
3377 3921 3540 3981 atque

1942 4002 2228 4058 damnatus
2274 4011 2398 4069 est,
2446 4012 2696 4074 tanquam
2739 4002 2809 4059 de
2844 4004 3067 4059 victoria
3109 4003 3407 4075 glorietur?
3447 4004 3540 4060 Sic

1941 4093 2085 4148 enim
2113 4092 2291 4163 posuit
2327 4093 2443 4148 lucc
2479 4093 2674 4157 verba,
2705 4093 3155 4164 quemadmodum
3204 4095 3452 4165 leguntur
3478 4097 3537 4149 in

1942 4183 2082 4239 libro
2111 4183 2227 4255 ejus
2249 4225 2264 4251 ,
2305 4184 2394 4256 qui
2438 4184 2803 4256 Capitulorum
2832 4194 3092 4254 vocatur,
3134 4202 3241 4242 nou
3284 4188 3540 4257 quemad-

1942 4274 2160 4330 modum
2185 4275 2393 4346 objecta
2433 4284 2561 4330 sunt
2601 4276 2653 4330 in
2692 4276 2930 4347 judicio,
2963 4277 3045 4332 vel
3087 4276 3204 4347 ejus
3244 4278 3415 4332 etiam
3454 4293 3542 4332 rc-

1943 4370 2233 4447 Sponsione
2257 4367 2503 4438 repetita.
2532 4367 2665 4423 Nam
2694 4377 2749 4424 et
2772 4367 2849 4423 illi
2873 4369 2963 4439 qui
2990 4367 3328 4439 objecerunt,
3358 4369 3541 4425 nescio

1943 4478 2046 4532 qua
2077 4461 2280 4517 incuria
2304 4503 2320 4526 ,
2348 4461 2527 4515 minus
2570 4469 2865 4531 posuerunt
2901 4461 3123 4517 verbum
3149 4503 3164 4529 ,
3196 4461 3265 4516 de
3290 4476 3400 4532 quo
3427 4478 3535 4518 non

1943 4567 2108 4622 parva
2134 4560 2219 4608 est
2239 4552 2622 4609 controversia.
2659 4552 2960 4608 Posuerunt
2983 4552 3142 4609 enim‘
3158 4569 3280 4608 υιιιη
3305 4552 3537 4618 dixisse,

1950 4663 1970 4697 ι
2018 4644 2181 4700 Posse
2211 4643 2506 4711 hominem,
2541 4645 2585 4699 si
2616 4645 2762 4711 velit,
2792 4658 2914 4701 esse
2938 4646 3056 4701 sine
3081 4653 3330 4715 peccato,
3361 4653 3414 4700 et
3446 4646 3539 4699 Dei

1946 4734 2193 4790 mandata
2219 4733 2511 4805 custodire,
2530 4735 2576 4789 si
2617 4735 2784 4790 velit:
2827 4753 2847 4789 ι
2885 4735 2956 4792 de
2996 4734 3248 4791 facilitate
3287 4735 3419 4790 nihil
3459 4747 3540 4790 est

1944 4826 2167 4882 dictum.
2209 4825 2411 4882 Deinde
2437 4826 2550 4897 ipse
2573 4826 2907 4896 respondens
2932 4826 3039 4890 ait,
3074 4843 3094 4878 ι
3134 4825 3298 4880 Posse
3321 4824 3538 4895 quidem

1947 4920 2217 4976 hominem
2236 4933 2356 4974 esse
2376 4918 2501 4983 sine.
2513 4927 2753 4990 peccato,
2776 4928 2832 4973 et
2855 4917 2945 4971 Dei
2969 4916 3218 4972 mandata
3240 4915 3530 4972 custodire.

1944 5015 1989 5069 si
2019 5013 2174 5078 velit,
2206 5011 2439 5066 diximus
2472 5031 2487 5066 ;
2524 5030 2543 5064 ι
2579 5011 2897 5082 nequeipse
2921 5009 3079 5077 dixit,
3116 5030 3136 5063 ι
3176 5009 3332 5067 facile
3360 5022 3541 5067 custo-

1945 5103 2099 5168 dire;
2140 5084 2289 5156 {sed
2314 5101 2702 5166 tantummodo,
2740 5118 2759 5151 t
2798 5101 3090 5156 custodire.
3129 5120 3149 5152 ι
3189 5101 3263 5156 Ita
3289 5101 3394 5157 alio
3422 5103 3541 5158 loco

1947 5195 2086 5251 inter
2121 5194 2208 5248 illa
2238 5193 2306 5248 de
2334 5193 2528 5263 quibus
2563 5209 2649 5247 me
2679 5192 2911 5247 Hilarius
2935 5192 3243 5258 consuluit,
3274 5202 3434 5264 atque
3456 5209 3540 5249 re.

1946 5287 2158 5359 scripsi,
2177 5287 2257 5342 sic
2274 5286 2542 5356 objectum
2570 5294 2652 5340 est
2683 5303 2698 5338 :
2736 5304 2756 5337 ι
2796 5285 2963 5341 Posse
2990 5285 3265 5342 hominem
3282 5301 3403 5341 esse
3423 5287 3541 5343 sine

1949 5391 2188 5453 peccato,
2207 5380 2251 5433 si
2265 5378 2411 5433 velit.
2438 5397 2456 5430 ο
2482 5377 2564 5432 Ad
2578 5377 2721 5448 quod
2743 5379 2860 5448 ipse
2884 5383 2956 5434 ita
2980 5379 3257 5449 respondit
3281 5396 3294 5432 :
3327 5398 3347 5431 ι
3375 5378 3539 5434 Posse

1948 5474 2162 5545 quidem
2190 5472 2461 5528 hominem
2502 5471 2617 5526 sine
2647 5481 2865 5541 peccato
2909 5486 3029 5527 esse
3050 5514 3067 5539 ,
3099 5472 3301 5527 dictum
3331 5481 3414 5525 est
3440 5486 3538 5524 su-

1951 5565 2149 5635 perius.
2191 5582 2209 5615 ι
2240 5562 2424 5633 Neque
2453 5562 2538 5616 hic
2563 5577 2714 5633 ergo,
2742 5564 2823 5618 vel
2852 5563 2921 5617 ab
2951 5562 3031 5618 eis
3056 5562 3145 5634 qui
3182 5561 3496 5632 olijecerunt
3520 5601 3534 5626 ,

2016 5743 2031 5774 ¹
2068 5750 2199 5791 Suar.
2220 5746 2271 5791 ct
2282 5736 2585 5788 Colbertinus
2608 5745 2709 5796 δίδη
2736 5737 2925 5789 litteris.

2014 5806 2034 5835 ³
2060 5812 2291 5852 nonmnns
2314 5808 2416 5857 ius,
2440 5814 2498 5850 ac
2523 5801 2732 5850 denumt.

2019 5869 2036 5895 ³
2060 5865 2361 5914 (τοιιμξι-ιὶιιιις
2383 5869 2447 5911 Ms
2473 5896 2485 5920 ,
2512 5869 2617 5911 runt
2640 5859 2909 5912 edictiones
2925 5873 3104 5911 onum.
