4170 6566
617 459 714 514 ὃδί
817 483 821 488 ·

620 571 698 624 vel
723 571 790 625 ab
815 569 930 639 ipso
953 566 1043 636 qui
1066 558 1358 632 respondit,
1382 539 1620 610 additum
1645 561 1748 617 est,
1782 568 1800 602 ι
1837 547 2010 602 facile.
2052 563 2072 596 ι
2105 539 2207 596 Su-

620 662 802 732 perius
831 635 990 713 etiam
1022 658 1072 710 in
1106 653 1414 709 narratione
1439 645 1609 701 sancti
1635 641 1857 699 .imnnis
1879 636 2116 709 cpi3copi
2141 635 2210 687 ita

620 727 1096 806 commemoratum
1123 753 1246 798 est:
1285 759 1304 792 ι
1343 739 1484 802 Illis,
1521 755 1539 788 ι
1575 736 1782 804 inquit,
1830 749 1850 784 ι
1889 727 2212 784 instantibus

623 850 677 898 et
697 839 1018 904 dicentibus,
1042 836 1174 904 Quia
1201 831 1485 887 luet-sticus
1504 835 1586 883 est
1609 842 1624 890 ;
1649 824 1778 880 dicit
1793 823 1936 878 enim
1958 815 2212 890 quoniam

625 940 802 1001 potest
829 932 1008 992 homo,
1037 927 1083 981 si
1109 923 1357 988 Volnerit,
1383 937 1504 976 esse
1525 919 1642 972 sine
1663 923 1882 987 peccato
1909 929 1923 968 :
1945 921 2000 966 et
2022 909 2090 964 de
2112 908 2214 962 hoc

625 1020 1081 1092 interrogantibus
1105 1016 1259 1072 nobis
1287 1029 1433 1079 eum,
1466 1007 1760 1080 respondit,
1789 1004 1907 1061 Non
1934 1001 2045 1058 dixi
2075 1014 2214 1071 quo-

629 1113 769 1167 niam
794 1088 996 1180 recepit
1025 1109 1043 1142 ⁸
1073 1115 1259 1162 natura
1278 1101 1513 1160 hominis
1534 1109 1592 1156 ut
1611 1095 1972 1168 impeccabilis
1993 1093 2094 1156 sit;
2119 1088 2216 1146 sed

629 1203 735 1258 dixi
765 1202 1016 1274 quoniam
1037 1199 1131 1270 qui
1157 1197 1328 1252 volucr
1344 1196 1384 1250 it
1413 1209 1510 1264 pro
1538 1189 1752 1262 propria
1777 1187 1948 1242 salute
1972 1185 2218 1240 laborare

629 1303 685 1348 et
709 1294 1020 1363 agonizare,
1053 1299 1109 1344 ut
1133 1305 1242 1344 non
1273 1295 1458 1356 peccet
1509 1293 1564 1340 et
1588 1279 1824 1337 ambulet
1850 1280 1902 1334 in
1935 1275 2219 1347 praeceptis

629 1389 724 1444 Dei
750 1429 766 1452 ,
807 1387 1007 1442 habere
1043 1400 1166 1440 eum
1198 1381 1337 1440 hanc
1379 1377 1780 1448 possibilitatem
1823 1389 1854 1427 a
1895 1373 2025 1427 Deo.
2067 1369 2219 1424 Tunc

627 1479 944 1551 quibusdam
971 1474 1375 1532 susurrantibus
1393 1481 1449 1528 et
1472 1469 1773 1525 dicentibus
1791 1509 1808 1535 ,
1829 1465 1972 1541 quod
1991 1465 2107 1519 sine
2125 1461 2220 1516 Dei

629 1573 798 1643 gratia
827 1573 1032 1626 diceret
1061 1567 1308 1638 Pelagius
1335 1579 1492 1634 posse
1521 1561 1793 1618 hominem
1825 1557 2008 1628 perlici
2045 1575 2060 1612 :
2091 1553 2219 1609 Cul-

633 1677 786 1732 pans,
821 1679 842 1714 ι
879 1662 1069 1730 inquit,
1105 1677 1126 1710 ι
1165 1672 1326 1726 super
1352 1655 1452 1710 hoc
1474 1653 1635 1709 etiam
1663 1651 1838 1716 intuli,
1863 1649 1984 1720 quia
2008 1657 2063 1702 et
2085 1662 2220 1716 apo-

629 1754 799 1808 stolus
828 1751 1024 1806 Paulus
1063 1747 1290 1802 multum
1328 1745 1582 1800 laborans
1605 1784 1621 1808 ,
1653 1741 1745 1797 sed
1789 1756 1895 1796 non
1926 1737 2222 1795 secundum

632 1859 782 1897 suam
823 1843 1072 1896 virtutem
1097 1879 1112 1904 ,
1144 1838 1238 1892 sed
1279 1835 1573 1890 secundum
1617 1833 1845 1904 gratiam
1893 1831 2026 1896 Dei,
2053 1827 2222 1891 dixit,

633 1934 870 2002 Amplius
899 1932 1130 1988 omnibus
1163 1928 1268 1984 iliis
1319 1927 1576 1992 laboravi,
1610 1941 1713 1978 non
1757 1938 1848 1995 rgo
1889 1930 2093 1982 autem,
2134 1917 2222 1972 sed

631 2027 797 2096 gratia
827 2024 918 2080 Dei
962 2039 1159 2078 mecum
1202 2039 1222 2074 ι
1264 2020 1319 2092 (1
1346 2017 1466 2075 Cor.
1494 2033 1584 2078 av,
1621 2017 1744 2086 l0.)
1773 2030 1788 2068 :
1815 2023 1869 2070 et
1885 2023 2080 2068 caetera
2105 2023 2227 2082 quae

631 2121 742 2188 jam
767 2115 1184 2173 commemoravi
1205 2113 1432 2183 (Supra,
1465 2127 1516 2164 η.
1547 2108 1660 2180 37).

709 2212 799 2268 55.
842 2209 978 2278 Quid
1009 2207 1110 2262 sibi
1148 2221 1278 2276 ergo
1307 2205 1456 2270 vult,
1501 2200 1641 2271 quod
1683 2200 1734 2254 in
1769 2199 1867 2253 hac
1902 2196 2127 2268 epistula
2155 2195 2228 2250 ita

637 2302 855 2376 gloriari
886 2301 1000 2355 ausi
1044 2305 1203 2362 sunt,
1235 2307 1290 2350 ιιι
1322 2311 1427 2350 non
1459 2293 1633 2348 solum
1679 2289 2090 2364 pOssibiIitatcm
2123 2301 2228 2342 non

644 2391 918 2466 peccandi,
943 2389 1040 2446 sed
1063 2389 1228 2444 etiam
1257 2385 1590 2451 facilitatem,
1613 2383 1751 2438 sicut
1777 2381 1830 2436 in
1858 2380 1994 2435 libro
2013 2377 2234 2449 Capitu—

641 2488 814 2541 lorum
841 2481 1080 2552 ejusdem
1107 2477 1308 2548 Pelagii
1337 2476 1566 2547 positum
1587 2481 1690 2538 est,
1715 2470 2078 2544 iudicantibus
2095 2483 2234 2538 qua-

643 2573 938 2629 tuor-decim
979 2568 1248 2642 episcopis
1294 2583 1354 2623 se
1399 2566 1730 2636 persuasisse
1763 2563 2065 2632 jactarent,
2110 2575 2232 2616 cum

643 2667 802 2722 toties
837 2663 1028 2720 eadem
1061 2661 1272 2731 objecta
1313 2659 1480 2730 gestis
1527 2665 1686 2726 atque
1716 2655 1940 2726 repetita
1971 2666 2234 2724 nusquam

645 2758 749 2814 hoc
785 2755 983 2810 habere
1017 2751 1392 2808 inveniantur?
1421 2746 1702 2819 Quomodo
1742 2747 1887 2802 enim
1927 2745 2088 2800 etiam
2133 2742 2236 2814 ipsi

645 2847 942 2906 defensioni
964 2854 1018 2902 et
1042 2842 1381 2915 responsioni
1411 2840 1612 2911 Pelagii
1641 2855 1746 2894 non
1771 2848 1855 2894 est
1883 2836 1989 2892 hoc
2012 2835 2236 2892 verbum

645 2940 996 3006 contrarium,
1013 2953 1135 2993 cum
1152 2946 1205 2991 et
1222 2935 1508 3005 episcopus
1524 2932 1756 2988 Joannes
1781 2930 1857 2984 sic
1877 2944 1999 2984 eum
2019 2925 2160 2998 apud
2177 2940 2240 2982 se

647 3030 986 3101 respondisse
1024 3027 1251 3092 dixerit,
1289 3010 1414 3081 ut}
1461 3039 1583 3079 eum
1611 3022 1776 3077 vellet
1815 3019 2040 3090 intelligi
2079 3032 2241 3089 posse

647 3143 754 3181 non
771 3139 1006 3196 peccare,
1027 3121 1116 3193 qui
1134 3119 1364 3176 voluerit
1381 3132 1476 3187 pro
1493 3115 1664 3170 salute
1679 3129 1774 3168 sua
1790 3113 2031 3167 laborare
2043 3120 2096 3166 et
2113 3124 2244 3182 ago-

652 3204 858 3282 nizare;
887 3237 903 3268 ι
925 3217 1111 3284 etipsc
1140 3217 1242 3282 iam
1257 3211 1423 3283 gestis
1441 3222 1606 3280 agens
1633 3207 1708 3278 (α)
1739 3221 1904 3278 seque
1921 3202 2241 3270 defendens,

657 3331 678 3364 ι
705 3313 920 3382 proprio
947 3310 1128 3363 labore
1156 3315 1211 3362 et
1239 3305 1334 3361 Dei
1360 3303 1528 3374 gratia
1553 3341 1569 3367 ,
1606 3319 1626 3353 ι
1660 3299 1877 3360 dixerit,
1912 3315 1932 3348 ι
1973 3295 2246 3351 hominem

654 3418 812 3475 posse
839 3417 960 3458 esse
987 3402 1103 3455 sine
1134 3395 1390 3470 peccato?
1424 3413 1444 3447 ι
1486 3391 1770 3461 Quomodo
1807 3404 1937 3460 ergo
1978 3387 2133 3444 facile
2162 3387 2240 3456 Iit,

651 3497 696 3550 si
723 3495 995 3550 laboratur
1023 3501 1081 3546 ut
1125 3488 1252 3544 ttat?
1279 3487 1416 3543 Puto
1454 3485 1596 3541 enim
1637 3497 1853 3538 omnem
1893 3495 2113 3537 sensum
2143 3479 2248 3535 ho-

654 3588 856 3642 minum
893 3585 1170 3639 nobiscum
1199 3593 1492 3652 agnoscere
1515 3575 1658 3649 quod
1684 3575 1771 3631 ubi
1805 3575 1957 3630 labor
1976 3583 2080 3640 est,
2113 3572 2248 3628 faei-

655 3681 778 3734 Iltas
800 3693 908 3732 non
937 3684 1037 3730 est.
1081 3673 1152 3729 Et
1177 3682 1354 3728 tamen
1395 3668 1623 3738 epistola
1661 3665 1891 3722 carnalis
1917 3663 2252 3720 ventositatis

655 3780 710 3825 et
739 3769 985 3824 elationis
1011 3765 1153 3820 volat
1181 3805 1197 3827 ,
1241 3771 1298 3819 et
1337 3773 1610 3832 gestorum
1643 3756 1893 3812 tarditate
1931 3761 2213 3825 procurata
2235 3795 2250 3820 ,

657 3857 930 3932 celeritate
959 3853 1303 3922 pra-cedens,
1332 3851 1386 3904 in
1411 3863 1603 3904 manus
1642 3846 1920 3902 hominum
1961 3845 2215 3922 pmvoiat
2235 3887 2251 3912 ,

663 3960 721 4004 ut
745 3947 1151 4019 qoatuordccim
1178 3942 1449 4014 episcopis
1485 3938 1836 3996 Orientalibus
1865 3937 2131 4008 placuisse
2167 3936 2256 3992 di-

646 4050 833 4106 catur,
858 4054 966 4093 non
987 4037 1159 4092 solum
1191 4053 1218 4090 ι
1251 4047 1411 4104 posse
1439 4047 1560 4088 esse
1581 4031 1854 4086 hominem
1871 4029 1994 4084 sine
2014 4033 2255 4098 peccato,

663 4143 712 4188 et
743 4132 840 4187 Dei
885 4129 1130 4186 mundata
1170 4125 1442 4184 custodire
1464 4167 1480 4190 ,
1519 4143 1540 4178 ι
1571 4122 1670 4180 sed
1710 4130 1767 4178 et
1814 4139 1834 4175 ι
1871 4120 2030 4177 facile
2067 4131 2257 4176 custo-

664 4225 816 4290 dire;
851 4243 871 4276 ι
906 4237 1008 4278 nec
1035 4221 1306 4276 nominato
1338 4220 1446 4274 Deo
1469 4216 1690 4290 juvante
1711 4258 1728 4284 ,
1759 4215 1852 4272 sed
1895 4224 2118 4280 tantum,
2157 4232 2177 4266 ι
2213 4213 2261 4268 si

668 4315 838 4372 velit:
875 4333 896 4367 ι
928 4322 986 4368 ιιι
1011 4311 1260 4367 videiicet
1289 4310 1446 4366 tacita
1468 4351 1482 4376 ,
1523 4321 1623 4379 pro
1649 4322 1752 4378 qua
1791 4305 2262 4362 vehementissime

669 4406 1036 4478 (iugulabatur,
1059 4403 1238 4458 divina
1259 4403 1428 4474 gratia
1445 4443 1462 4468 ,
1489 4408 1690 4466 restet,
1719 4407 1779 4454 ut
1806 4399 1919 4452 sola
1956 4398 2010 4452 in
2038 4397 2261 4466 epistola

671 4501 878 4569 iugatur
899 4495 1097 4559 infelix,
1117 4503 1174 4550 et
1198 4509 1257 4549 se
1275 4493 1442 4564 ipsam
1464 4491 1740 4561 decipiens
1764 4490 1908 4544 velut
1927 4488 2138 4551 victrix,
2168 4487 2265 4542 lm-

671 4603 830 4645 inana
861 4585 1129 4657 superbia.
1177 4583 1340 4652 Quasi
1387 4597 1494 4638 non
1543 4581 1648 4637 hoc
1690 4594 1750 4636 se
1791 4579 1987 4634 dixerit
2019 4580 2266 4649 culpasse

670 4683 908 4738 Joannes
924 4677 1230 4749 epiSCOpus,
1253 4683 1310 4732 et
1332 4674 1478 4730 velut
1493 4674 1769 4744 giganteos
1787 4681 1994 4726 montes
2010 4671 2268 4726 adversus

671 4771 1182 4842 supereminentiam
1204 4767 1391 4839 gratia:
1411 4765 1648 4822 caelestis
1675 4772 1908 4818 structos
1936 4764 2106 4820 tribus
2133 4763 2270 4818 divi-

673 4881 868 4923 norum
915 4862 1350 4920 testimoniorum
1414 4867 1666 4928 tanquam
1730 4855 2010 4910 fulminum
2077 4855 2271 4909 ictibus

675 4961 937 5030 deiecisse
952 4974 968 5010 :
982 4966 1078 5012 aut
1091 4971 1224 5012 vero
1239 4968 1362 5010 cum
1382 4953 1474 5007 illo
1494 4951 1656 5007 etiam
1678 4951 1857 5005 cmteri
1875 4949 2110 5020 episc0pi
2127 4947 2273 5019 judi-

675 5065 787 5114 ces,
803 5049 883 5104 vel
902 5057 1099 5111 mente,
1115 5049 1194 5102 vel
1211 5045 1342 5114 ipsis
1355 5043 1576 5099 auribus
1594 5040 1793 5096 ferrent
1811 5039 2076 5108 Pelagium
2089 5038 2274 5094 dicen-

681 5154 816 5209 tem,
843 5159 862 5193 ι
896 5141 1058 5196 Posse
1074 5139 1288 5208 quidem
1307 5137 1580 5192 hominem
1597 5134 1713 5188 sine
1727 5141 1944 5202 peccato
1953 5145 2096 5195 esse,
2113 5140 2166 5184 et
2179 5128 2273 5184 Dei

686 5232 936 5292 mandata
955 5229 1248 5294 custodire,
1275 5229 1320 5282 si
1348 5229 1498 5292 Velit,
1525 5225 1793 5288 diximus;
1831 5241 1852 5274 ι
1887 5221 1990 5276 nisi
2019 5219 2276 5276 continuo

685 5331 998 5396 sequeretur
1021 5363 1036 5388 ,
1087 5339 1108 5373 ι
1165 5319 1312 5375 lianc
1355 5319 1498 5373 erum
1553 5313 1965 5386 possibilitatem
2015 5311 2156 5366 Deus
2203 5309 2278 5365 illi

687 5416 834 5471 dedit
871 5433 892 5467 ι
929 5411 1102 5484 (quod
1132 5409 1441 5466 nesciebant
1463 5407 1559 5472 illi,
1587 5421 1710 5464 eum
1749 5405 1932 5460 dicere
1955 5403 2024 5460 de
2051 5411 2239 5458 natura
2259 5443 2275 5469 ,

691 5521 799 5566 non
821 5504 892 5560 dc
919 5503 1006 5559 illa
1028 5545 1042 5570 ,
1081 5517 1238 5573 quam
1287 5501 1339 5556 in
1370 5499 1660 5570 apostolica
1699 5495 2082 5569 praedicatione
2116 5508 2281 5549 nove-

760 5728 773 5758 ¹
801 5733 862 5774 Ex
887 5732 1043 5780 Suae,
1071 5722 1266 5785 recepit.
1289 5727 1349 5785 _At
1374 5719 1420 5768 in
1445 5716 1552 5768 aliis
1590 5717 1912 5785 editionibqs,
1947 5713 2136 5785 recipit.

761 5788 833 5894 (ﬂ?
866 5777 1053 5835 scilicet
1075 5777 1198 5844 apud
1222 5797 1268 5844 ej
1285 5783 1471 5844 iscrqms
1493 5780 1658 5844 synodi
1676 5777 2027 5838 Diaspolitante,
2051 5777 2132 5840 qui
2157 5777 2290 5840 prius

762 5862 803 5894 Ut
847 5856 1096 5894 .ttuntztem.
1126 5859 1217 5892 non
1243 5843 1478 5893 confectis
1498 5842 1668 5894 uestis,
1695 5841 1752 5890 ad
1771 5840 1866 5890 sibi
1887 5841 2290 5894 obiectumst-on-

703 5865 742 5905 :q
762 5840 826 5896 uti
847 5840 1217 5902 .ltuntztem,'nrm
1243 5840 1478 5906 confectis
1498 5840 1668 5906 gestis,
1695 5841 1752 5890 ad
1771 5840 1866 5890 sibi
1887 5841 2074 5897 obiecta
2090 5852 2291 5900 respon-

699 5915 886 5976 ib-taat.
920 5908 1029 5958 ‘iJv
1051 5920 1124 5969 su;
1142 5920 1212 5967 ra,
1238 5919 1285 5953 ιι.
1313 5905 1386 5953 59.

1651 437 1739 492 Dii
1780 431 2021 492 GLSTlS
2059 423 2352 490 i’iiLAblI,
2391 423 2452 480 S.
2495 419 2858 478 AUGUSTINI

3803 413 3910 468 33?.

2323 546 2476 603 rant,
2499 535 2738 608 gratia);
2777 552 2840 590 ac
2876 533 3069 590 deinde
3107 532 3484 604 conjungeret,
3522 549 3542 584 ι
3580 530 3700 586 Non
3731 541 3912 586 autem

2320 628 2585 694 diximus,
2603 627 2754 721 quod
2799 627 3097 682 inveniatur
3126 625 3350 696 aliquis,
3379 624 3448 682 ab
3489 622 3708 678 infantia
3741 638 3913 692 usque

2320 719 2388 776 ad
2416 713 2686 776 senectam
2705 762 2722 786 ,
2749 719 2839 790 qui
2863 733 3134 788 nunquam
3177 716 3506 786 peccaverit;
3535 713 3632 770 sed
3655 715 3913 785 quoniam

2322 827 2354 867 a
2397 813 2632 884 peccatis
2675 825 2968 868 conversus
2991 851 3007 876 ,
3040 810 3256 880 proprio
3301 810 3484 864 labore
3513 817 3568 864 et
3607 809 3699 864 Dei
3739 808 3913 878 gratia

2326 904 2494 974 possit
2515 918 2636 959 esse
2655 903 2771 958 sine
2793 911 3030 972 peccato.
3067 920 3088 955 ι
3122 901 3274 968 Quod
3295 899 3456 955 etiam
3486 901 3502 932 ³
3531 915 3624 954 sua
3645 902 3915 955 sententia

2323 995 2688 1063 declararunt,
2719 995 2958 1050 dicentes
2977 1036 2992 1059 ,
3021 1010 3143 1049 eum
3175 1002 3318 1048 recte
3346 992 3709 1062 resiiondisse,
3739 991 3917 1046 homi-

2327 1104 2450 1144 nem
2477 1104 2601 1144 cum
2627 1088 2892 1158 adjutorio
2920 1087 3011 1143 Dei
3043 1097 3096 1142 et
3121 1087 3289 1156 gratia
3315 1099 3472 1154 posse
3498 1098 3623 1140 esse
3647 1085 3764 1140 sine
3787 1067 3906 1153 pec-

2325 1190 2446 1235 cato
2477 1197 2490 1234 :
2526 1198 2547 1232 ι
2581 1181 2704 1250 quid
2735 1179 2876 1234 aliud
2915 1188 3252 1239 metuentes,
3287 1177 3386 1231 nisi
3417 1193 3484 1232 ne
3506 1177 3608 1231 hoc
3631 1175 3879 1247 negando

2327 1287 2432 1325 non
2461 1271 2794 1340 possibilitati
2825 1269 3060 1325 hominis
3083 1309 3098 1333 ,
3130 1267 3224 1325 sed
3269 1267 3370 1338 ipsi
3411 1267 3502 1320 Dei
3531 1266 3716 1338 gratizc
3741 1266 3920 1321 facere

2329 1361 2639 1418 viderentur
2666 1362 2950 1431 iujuriam?
2982 1361 3089 1417 Nec
3125 1371 3303 1416 tamen
3329 1359 3604 1414 definitum
3627 1367 3728 1424 est,
3756 1373 3923 1429 quan-

2327 1453 2399 1508 do
2421 1454 2511 1508 tiat
2537 1453 2700 1507 homo
2727 1454 2844 1508 sine
2869 1460 3110 1523 peccato,
3135 1451 3276 1520 quod
3309 1450 3422 1506 tieri
3451 1463 3610 1518 posse
3634 1448 3921 1518 adjuvanto

2332 1545 2424 1600 Dei
2439 1547 2630 1618 gratia,
2649 1545 2943 1616 judicatum
2965 1554 3045 1600 est
3071 1562 3086 1596 :
3112 1557 3217 1599 non
3238 1549 3340 1608 est,
3359 1541 3595 1612 inquam,
3614 1539 3919 1606 definitum,

2331 1647 2507 1691 utrum
2531 1637 2582 1691 in
2615 1635 2712 1690 hac
2735 1651 2898 1691 carne
2921 1636 3338 1703 eoneuplscente
3365 1633 3626 1688 adversus
3647 1631 3924 1701 spiritum,

2330 1727 2494 1784 fuerit
2517 1770 2532 1793 ,
2560 1727 2644 1783 vel
2687 1729 2794 1792 sit,
2825 1729 2911 1782 vel
2941 1727 3152 1782 futurus
3199 1726 3272 1781 sit
3317 1724 3512 1796 aliquis
3532 1767 3548 1791 ,
3571 1725 3682 1796 jam
3715 1728 3925 1780 ratione

2333 1831 2492 1876 utens
2520 1830 2576 1875 et
2611 1819 2899 1874 voluntatis
2943 1818 3166 1874 arbitrio
3188 1857 3205 1884 ,
3242 1817 3357 1872 sive
3401 1817 3453 1870 in
3491 1817 3592 1871 ista
3621 1815 3921 1886 frequentia

2333 1911 2610 1968 hominum
2633 1951 2648 1977 ,
2679 1911 2792 1967 sive
2832 1911 2884 1966 in
2915 1893 3202 1965 solitudine
3242 1908 3664 1974 monachorum,
3695 1908 3784 1962 cui
3815 1923 3924 1962 non

2331 2005 2404 2059 sit
2441 2005 2552 2075 jam
2591 2005 2986 2070 necessarium,
3025 2017 3132 2056 non
3183 2009 3401 2072 propter
3425 2003 3598 2067 alios,
3635 2000 3735 2058 sed
3761 2001 3924 2057 etiam

2337 2103 2554 2164 propter
2577 2110 2638 2148 se
2663 2095 2836 2164 ipsum
2867 2093 3048 2148 dicere
3070 2092 3121 2148 iu
3149 2095 3414 2158 oratione,
3445 2091 3652 2148 Dimitte
3679 2093 3822 2146 nobis
3845 2093 3931 2146 de-

2334 2185 2438 2238 bita
2460 2193 2632 2239 nostra
2661 2184 2882 2254 (Matth.
2921 2200 2973 2240 vr
2993 2225 3010 2250 ,
3045 2183 3145 2254 12)
3174 2201 3188 2236 :
3216 2199 3286 2240 an
3309 2199 3438 2238 vero
3470 2191 3596 2239 tunc
3623 2183 3934 2252 perficiatur

2337 2276 2439 2334 hoc
2465 2276 2686 2342 donum,
2713 2276 2928 2347 quando
2965 2275 3170 2332 similes
3195 2275 3247 2331 ei
3281 2276 3505 2344 erimus,
3536 2276 3750 2346 quando
3775 2277 3926 2332 vide-

2339 2370 2515 2426 bimus
2533 2385 2688 2436 eum,
2718 2369 2874 2424 sicuti
2903 2378 2987 2424 est
3031 2368 3085 2440 (I
3111 2367 3272 2423 Joan.
3299 2383 3378 2434 tu,
3405 2367 3506 2438 9);
3536 2367 3748 2438 quando
3777 2369 3930 2423 dice-

2341 2474 2448 2530 tur,
2473 2480 2579 2519 non
2607 2478 2637 2517 a
2666 2462 3040 2534 pugnantibus,
3079 2459 3236 2515 Video
3260 2461 3417 2514 aliam
3439 2462 3600 2530 legem
3619 2461 3674 2514 in
3695 2460 3934 2514 membris

2341 2558 2463 2611 meis
2484 2563 2852 2626 repugnantem
2879 2553 2976 2626 legi
3003 2553 3186 2608 utentia
3208 2568 3332 2609 mea
3357 2551 3533 2626 (Rom.
3558 2567 3654 2618 vn,
3679 2553 3806 2623 23);
3836 2553 3938 2609 sed

2339 2666 2372 2706 a
2400 2647 2867 2720 triumphantibus,
2901 2645 2998 2704 Ubi
3022 2654 3116 2714 est,
3144 2662 3280 2701 mora
3297 2687 3312 2712 ,
3339 2645 3548 2700 victoria
3572 2655 3660 2700 tua
3680 2645 3708 2700 .’
3734 2647 3822 2700 ubi
3837 2656 3934 2710 eat,

2341 2757 2510 2808 mors,
2535 2740 2741 2796 aculeus
2779 2750 2897 2794 tuus
2935 2738 2995 2810 (l
3021 2736 3142 2794 Cor.
3175 2753 3264 2803 xv,
3293 2737 3442 2810 δεμ
3468 2737 3622 2805 Quod
3650 2755 3756 2794 non
3795 2739 3939 2795 inter

2341 2831 2650 2889 Catholieos
2684 2840 2742 2887 et
2787 2830 3071 2886 haereticos
3094 2871 3110 2896 ,
3147 2829 3242 2886 sed
3291 2829 3431 2886 inter
3457 2831 3602 2900 ipsos
3629 2829 3940 2888 Catholich

2345 2923 2574 2979 fortasse
2597 2924 2620 2956 ⁸
2651 2923 2870 2994 pacilice
2895 2922 3278 2994 requirendum
3306 2931 3391 2978 est
3415 2922 3519 2995 (α).

2417 3015 2643 3072 CAPUT
2665 3013 2860 3073 XXXI.
2879 3045 2952 3056 —
2969 3013 3058 3072 56.
3081 3013 3363 3084 Quomodo
3389 3013 3546 3086 igitur
3566 3015 3714 3072 credi
3737 3026 3942 3088 potest,

2329 3097 2620 3180 Pelagium
2665 3107 2754 3179 (si
2803 3116 2981 3162 tamen
3027 3106 3142 3162 haec
3188 3105 3412 3176 epistola
3457 3107 3574 3178 ejus
3609 3107 3734 3177 est)
3761 3116 3817 3163 et
3845 3109 3946 3165 Dei

2345 3199 2609 3273 gratiam,
2635 3213 2760 3270 qua
2781 3213 2956 3269 neque
2979 3207 3167 3254 natura
3209 3205 3294 3254 est
3329 3213 3451 3253 cum
3490 3197 3660 3254 libero
3695 3198 3945 3264 arbitrio.

2349 3310 2526 3366 neque
2554 3293 2686 3366 legis
2707 3294 2954 3362 scientia,
2983 3304 3162 3363 neque
3191 3299 3394 3346 tantum
3422 3291 3667 3346 remissio
3695 3299 3955 3362 peccato-

2352 3404 2471 3448 rum
2491 3431 2507 3458 ,
2544 3391 2640 3449 sed
2667 3405 2730 3448 ea
2761 3403 2882 3462 qua:
2915 3389 2966 3443 in
2997 3387 3222 3458 singulis
3255 3386 3455 3441 nostris
3493 3394 3578 3441 est
3610 3385 3817 3440 actibus
3846 3400 3946 3440 ne-

2351 3481 2608 3549 cessaria,
2631 3481 2894 3536 veraciter
2921 3479 3084 3537 fuisse
3100 3477 3430 3544 confessum,
3453 3483 3511 3532 et
3532 3476 3796 3532 veraciter
3818 3491 3954 3531 ana-

2357 3572 2730 3629 thematiznsso
2755 3570 2998 3642 quisquis
3020 3576 3207 3625 contra
3234 3567 3334 3626 ista
3363 3565 3620 3633 sentiret;
3652 3565 3870 3637 quando
3897 3567 3954 3620 in

2356 3662 2580 3735 epistola
2621 3675 2714 3718 sua
2758 3669 2815 3717 et
2855 3660 3164 3716 facilitatem
3203 3661 3385 3731 posuit
3425 3675 3530 3715 non
3573 3659 3852 3729 peccandi,
3885 3659 3957 3715 de

2357 3771 2462 3826 qua
2488 3751 2630 3810 milia
2659 3753 2714 3808 in
2737 3753 2844 3808 hoc
2865 3752 3068 3824 judicio
3091 3751 3318 3822 qumstio
3345 3750 3472 3816 fuit,
3500 3752 3651 3821 quasi
3677 3751 3960 3821 judicibus

2359 3845 2520 3902 etiam
2547 3845 2617 3902 de
2641 3846 2745 3900 hoc
2765 3845 2931 3900 verbo
2959 3843 3236 3916 placuerit,
3263 3851 3321 3898 et
3345 3843 3568 3913 gratiam
3599 3841 3692 3898 Dei
3724 3859 3830 3898 non
3860 3858 3964 3913 po-

2359 3939 2502 4007 suit,
2539 3950 2697 4008 quam
2729 3932 3038 3992 confitendo
3063 3943 3117 3990 et
3145 3932 3414 4001 addendo,
3451 3947 3665 4004 pronam
3695 3934 3966 3990 ecclesia-

2359 4030 2511 4085 sticre
2536 4026 2895 4084 damnationis
2917 4025 3087 4081 evasit
3101 4023 3128 4078 ἲ

2433 4118 2661 4176 CAPUT
2690 4115 2908 4173 XXXII.
2929 4145 3004 4158 --
3027 4117 3118 4172 57.
3140 4112 3236 4171 Est
3251 4125 3311 4172 et
3333 4115 3478 4170 aliud
3499 4113 3646 4188 quod
3667 4115 3829 4172 silere
3852 4130 3967 4171 non

2363 4213 2557 4270 debeo.
2597 4212 2654 4266 In
2693 4211 2937 4267 chartula
2977 4208 3308 4266 defensionis
3333 4215 3473 4276 suis,
3503 4223 3664 4280 quam
3699 4209 3832 4264 mihi
3867 4226 3971 4282 per

2365 4305 2650 4378 quemdam
2691 4303 2927 4360 Cbarum
2977 4311 3226 4357 nostrum
3259 4300 3282 4333 ⁸
3315 4299 3715 4372 Hipponensem
3761 4302 3968 4368 civem,

2367 4397 2682 4454 orientaietn
2703 4405 2880 4451 autem
2903 4393 3209 4460 diaconum,
3231 4392 3395 4460 misit,
3419 4391 3547 4448 fecit
3573 4391 3794 4463 aliquid,
3816 4397 3970 4464 quod

2353 4490 2530 4546 aliter
2555 4503 2616 4544 se
2639 4487 2868 4552 habeat,
2897 4500 3056 4557 quam
3085 4484 3251 4557 gestis
3287 4484 3680 4556 episcopalibus
3713 4486 3973 4542 contine-

2373 4594 2478 4639 tur.
2508 4581 2662 4652 Quod
2700 4589 2878 4635 autem
2919 4577 3120 4634 habent
3155 4585 3324 4648 gesta,
3355 4577 3510 4647 lange
3547 4575 3739 4631 melius
3778 4585 3865 4631 est
3906 4593 3978 4634 ac

2373 4677 2598 4739 limitis,
2636 4682 2692 4728 et
2729 4672 2950 4728 coruino
2987 4669 3268 4726 enodatius
3306 4681 3406 4738 pro
3442 4665 3704 4724 catholica
3741 4669 3982 4723 veritate

2375 4774 2559 4822 contra
2610 4765 2756 4820 illius
2801 4761 3024 4817 haeresis
3077 4771 3302 4830 pes-tem.
3336 4758 3502 4826 Nam,
3549 4773 3669 4814 cum
3721 4759 3980 4816 eamdem

2375 4857 2676 4914 chartulam
2701 4856 2955 4926 legerem,
2975 4853 3286 4923 priusquam
3305 4851 3370 4905 ad
3393 4865 3491 4906 nos
3512 4859 3655 4924 gesta
3671 4851 3986 4911 venissent.

2379 4951 2683 5006 nesciebam
2724 4959 2786 5002 ea
2823 4945 2941 5016 ipsa
2974 4943 3134 4998 verba
3167 4943 3437 5014 posuisse,
3463 4942 3686 5012 quibus,
3717 4953 3844 4998 cum
3876 4943 3990 4998 silxi

2379 5043 2614 5105 adesset,
2636 5053 2767 5094 usus
2795 5045 2879 5094 est
2908 5037 2962 5091 in
2985 5035 3186 5107 judicio
3212 5053 3226 5090 :
3249 5047 3414 5105 pauca
3441 5033 3608 5101 enim,
3632 5043 3686 5089 et
3705 5047 3811 5088 non
3837 5035 3994 5090 mul-

2383 5146 2492 5192 tum
2523 5135 2678 5188 aliter
2704 5147 2763 5186 se
2789 5131 3017 5196 habent,
3043 5127 3112 5184 de
3136 5127 3327 5197 quibus
3354 5141 3462 5182 non
3495 5125 3652 5182 nimis
3677 5139 3830 5181 curo.

2452 5226 2681 5283 CAPUT
2717 5221 2958 5279 XXXIII.
2983 5251 3058 5262 —
3077 5220 3299 5278 Moleste
3327 5229 3503 5274 autem
3531 5216 3770 5272 ferebam
3789 5258 3806 5284 ,
3835 5217 3994 5288 quod

2385 5323 2679 5392 aliquarum
2697 5315 3083 5373 sententiarum
3099 5309 3360 5378 Calestii,
3376 5325 3511 5381 quas
3523 5323 3645 5365 cum
3661 5307 3830 5379 gestis
3846 5321 3996 5361 ana-

2389 5411 2764 5469 thematizasse
2791 5406 3133 5480 perspicuum
3157 5411 3262 5471 est,
3287 5415 3540 5458 servasse
3573 5399 3675 5456 sibi
3705 5397 4000 5454 defensio-

2457 5588 2476 5622 ⁸
2501 5594 2737 5636 smnus
2759 5580 2966 5646 ms",qu
2984 5579 3147 5632 etiam

2455 5652 2476 5682 ²
2499 5649 2582 5698 Hic
2603 5651 2804 5712 fortasse
2824 5637 3109 5702 addidimus,
3135 5654 3196 5692 cx
3220 5637 3353 5690 Colb.
3374 5646 3454 5689 tta.

2457 5713 2480 5744 ³
2501 5717 2736 5758 ttonianns
2758 5714 2862 5767 διε»,
2889 5713 3114 5757 vestrum.

2459 5773 2532 5834 (τι)
2548 5757 2660 5834 ίιιεὲδ
2679 5757 2782 5820 lucc
2796 5757 2914 5834 post
2936 5780 3085 5834 qutun
3124 5769 3226 5834 aut_
3243 5761 3450 5834 alterqm
3469 5772 3646 5834 stutum
3664 5757 3875 5834 deﬁnita
3917 5759 4020 5808 fuit

2399 5848 2425 5884 a
2445 5820 3050 5894 t‘zirtliagincnsi'cottcilio,
3071 5839 3188 5894 can.
3250 5823 3430 5894 8._\‘idc
3449 5834 3600 5894 supra
3612 5820 4021 5870 Adrnouitioneni

2401 5899 2451 5949 in
2472 5885 2645 5944 lilzruni
2668 5894 2731 5941 de
2757 5885 3058 5944 t‘ct'l'eetimte
3077 5889 3274 5952 iustitiae
3297 5885 3522 5936 hominis.
