4202 6542
246 411 335 470 353

247 537 375 586 nem,
393 523 567 592 potest
594 513 781 570 videri.
805 511 936 568 Nam
964 524 1150 594 earum
1171 509 1423 580 quasdam
1453 521 1581 563 suas
1605 507 1818 578 negavit

249 628 371 677 esse,
407 609 590 665 dicens
633 601 1024 668 tantummodo,
1059 619 1079 654 ς
1111 614 1210 671 pro
1253 598 1333 655 eis
1370 613 1478 653 non
1519 613 1580 654 se
1621 597 1821 655 debere

246 699 640 760 satisfactionem
681 711 696 750 :
747 713 767 748 ι
799 691 1252 750 anathematizare
1297 698 1476 746 autem
1529 689 1582 745 in
1631 688 1820 746 eadem

246 791 461 850 chartula
483 787 676 854 noluit,
695 801 814 858 qua:
843 785 960 840 ista:
978 791 1140 840 sunt:
1165 798 1187 835 ι
1207 779 1376 837 Adam
1399 779 1678 836 mortalem
1699 793 1822 850 esse

245 887 442 949 factm,
481 879 574 950 qui
617 874 732 936 sive
776 883 1046 947 peccaret,
1081 873 1197 931 sive
1233 887 1340 930 non
1376 879 1646 943 peccaret,
1675 877 1821 926 esset

246 973 535 1031 moriturus.
559 967 714 1036 Quod
743 975 1018 1038 peccatum
1043 963 1174 1022 Adae
1204 963 1376 1018 solum
1405 963 1586 1032 ipsum
1617 976 1816 1020 nocue.

245 1070 305 1124 rit
335 1075 386 1122 et
425 1078 532 1120 non
567 1075 738 1133 genus
777 1058 1092 1116 humanum.
1116 1055 1270 1124 Quod
1309 1055 1396 1112 lex
1433 1055 1513 1112 sic
1549 1054 1724 1112 mittat
1749 1053 1818 1110 ad

246 1175 442 1232 regnum
491 1157 755 1214 oculorum
779 1195 797 1222 ,
839 1149 1292 1227 quemadmodum
1342 1157 1398 1206 et
1441 1148 1815 1220 Evangelinm.

242 1251 376 1323 Quod
401 1247 633 1306 infames
653 1260 828 1317 nuper
851 1245 960 1302 nati
989 1244 1042 1301 in
1071 1243 1163 1300 illo
1191 1250 1336 1301 statu
1363 1241 1490 1304 sint.
1513 1241 1565 1294 in
1594 1255 1702 1310 quo
1723 1238 1821 1296 fuit

243 1343 395 1398 Adam
435 1349 561 1404 ante
605 1335 1124 1410 praevaricationem.
1151 1332 1304 1402 Quod
1334 1346 1509 1403 neque
1543 1347 1638 1402 per
1668 1347 1820 1388 mor-

239 1447 334 1494 tem
359 1433 438 1490 vel
463 1429 966 1503 prmvaricationem
981 1425 1115 1484 Adae
1141 1439 1301 1482 cinae
1327 1438 1500 1495 genus
1523 1422 1818 1480 humanum

237 1526 499 1588 moriatur,
525 1537 700 1594 neque
724 1535 821 1596 per
847 1519 1296 1578 resurrectionem
1320 1515 1515 1572 Christi
1537 1531 1699 1572 omne
1725 1529 1821 1586 ge-

236 1635 328 1676 nus
353 1619 644 1676 humanum
683 1621 950 1685 resurgat.
974 1611 1236 1686 latentes,
1273 1609 1482 1672 etiamsi
1511 1624 1616 1664 non
1647 1607 1822 1677 bapti-

233 1719 427 1776 zentur,
469 1708 671 1768 habere
710 1706 874 1765 vitam
919 1713 1201 1762 aeternam.
1240 1700 1448 1760 Divites
1490 1699 1815 1770 baptizatos,

233 1803 326 1858 nisi
350 1799 603 1858 omnibus
625 1794 1142 1859 abrenuntieverint,
1171 1792 1218 1848 si
1243 1791 1372 1863 quid
1410 1790 1536 1850 boni
1570 1789 1818 1849 videntur

231 1893 418 1958 facere,
453 1904 564 1946 non
603 1889 710 1949 illis
749 1885 1020 1958 reputari,
1047 1898 1223 1955 neque
1252 1881 1530 1942 habituros
1569 1880 1695 1938 illos
1728 1893 1818 1937 re-

229 2001 382 2057 gnum
417 1982 684 2042 caelorum
720 1999 740 2032 ι
773 1979 878 2052 (α).
903 1977 986 2036 Ad
1017 1977 1117 2033 ista
1145 1975 1344 2046 quippe
1371 1973 1424 2028 in
1455 1970 1698 2032 chartula
1725 1970 1814 2026 illa

229 2079 298 2136 ita
320 2075 600 2148 respondit
621 2091 636 2129 :
665 2091 686 2127 σ
715 2072 841 2131 ilice
862 2069 1044 2128 omnia
1070 2066 1362 2129 secundqu
1391 2065 1632 2135 ipsorum
1661 2062 1814 2120 testi-

231 2173 458 2228 monium
486 2186 519 2226 a
550 2184 644 2232 me
669 2167 810 2227 dicta
841 2181 949 2224 non
988 2170 1133 2227 sunt,
1162 2175 1262 2220 nec
1286 2175 1384 2232 pro
1410 2161 1492 2218 eis
1516 2158 1690 2218 debeo
1724 2172 1816 2214 sa-

230 2262 605 2320 tisfactionem.
637 2277 660 2314 ι
687 2256 748 2316 la
773 2257 936 2331 gestis
965 2263 1143 2314 autem
1170 2252 1241 2311 ad
1268 2249 1458 2312 eadem
1489 2251 1600 2322 ipsa
1629 2251 1702 2304 ita
1729 2248 1814 2304 lo.

228 2363 376 2412 ciliis
413 2362 535 2410 est:
573 2370 592 2406 ι
627 2348 936 2408 Secundum
981 2347 1222 2424 ipsorum
1270 2343 1634 2405 testinmnium
1665 2357 1696 2398 a
1726 2357 1816 2400 me

227 2447 362 2504 dicta
389 2459 496 2502 non
525 2453 674 2508 sunt,
695 2458 796 2514 pro
811 2441 1013 2513 quibus
1026 2454 1126 2512 ego
1154 2436 1462 2498 satisfacere
1483 2451 1590 2492 non
1609 2435 1812 2501 debeo;

227 2539 316 2595 sed
349 2547 530 2596 tamen
563 2537 633 2594 ad
668 2535 1085 2593 satisfactionem
1125 2539 1325 2590 sanctae
1351 2528 1556 2602 Synodi
1593 2527 1818 2588 anathe-

226 2630 414 2688 matizo
443 2644 542 2688 eos
567 2629 659 2700 qui
686 2629 766 2686 sic
795 2635 1003 2691 tenent,
1028 2633 1121 2684 aut
1146 2623 1432 2696 aliquando
1453 2630 1757 2681 tenuerunt.
1787 2641 1808 2676 ι

223 2721 326 2777 Cur
340 2738 468 2794 ergo
487 2737 598 2777 nou
627 2721 700 2776 ita
724 2729 780 2778 et
803 2719 857 2776 in
888 2719 980 2780 ille
1005 2715 1246 2774 chartula
1271 2716 1528 2786 scriptum
1554 2715 1678 2772 est?
1695 2714 1819 2775 Non

223 2813 462 2880 rutilium,
501 2823 563 2870 ut
600 2813 816 2883 opinor,
851 2809 1178 2875 atramenti,
1209 2822 1312 2868 nec
1351 2807 1672 2872 litterarum.
1714 2821 1816 2865 nec

224 2906 400 2972 moi-te,
425 2921 529 2962 nec
551 2904 722 2975 ipsius
735 2903 1013 2969 chartulae,
1031 2902 1076 2962 si
1101 2900 1175 2956 ita
1195 2899 1374 2966 ﬁeret,
1391 2897 1812 2969 impenderetur.

221 2995 322 3054 Sed
337 2997 459 3068 quis
475 3013 592 3052 non
609 2994 796 3052 credat
820 2993 874 3050 id
900 2991 1064 3050 fuisse
1086 2999 1452 3063 procuratum,
1482 2998 1540 3045 ut
1565 2998 1816 3060 tanquam

223 3103 314 3156 pro
341 3099 623 3159 gestorum
651 3086 866 3144 illorum
889 3083 1242 3149 breviatione,
1279 3083 1376 3138 ista
1409 3079 1598 3142 charta
1625 3097 1818 3151 nsque-

219 3195 422 3251 quaque
443 3180 778 3236 discurreret
800 3175 859 3230 “?
879 3176 968 3238 ubi
994 3183 1290 3246 putaretur,
1314 3187 1422 3234 non
1442 3187 1562 3230 esse
1587 3171 1816 3234 ablatam

219 3273 508 3342 quamlibet
533 3287 726 3330 earum
761 3269 1144 3331 sententiarum
1174 3265 1818 3333 defendendi-licentiam,

217 3364 352 3434 quod
382 3366 433 3421 ei
465 3362 845 3422 tantummodo
871 3361 1128 3432 objecta,
1153 3374 1254 3416 nec
1274 3359 1394 3429 ejus
1421 3358 1654 3428 probata:
1686 3356 1819 3419 fuis-

219 3467 353 3522 sent,
386 3473 496 3513 non
529 3465 710 3512 tamen
737 3451 1202 3512 anatltcmatizatae
1222 3459 1383 3520 atque
1406 3449 1695 3506 damnatae.

283 3550 372 3606 58.
417 3550 628 3608 Pes-tea
673 3549 833 3622 etiam
876 3547 948 3604 de
991 3546 1128 3604 libro
1165 3543 1402 3604 Calestii
1447 3541 1678 3612 capitula
1719 3541 1822 3599 sihi

217 3641 422 3711 objecta
452 3642 508 3696 in
536 3639 731 3700 eadem
751 3637 995 3698 chartula
1020 3635 1188 3694 multa
1211 3635 1518 3706 congessit;
1543 3647 1716 3704 neque
1740 3633 1823 3692 his

221 3733 528 3794 illex-vallis
565 3748 690 3804 qua:
731 3731 1011 3788 continent
1047 3739 1218 3798 gesta,
1246 3729 1381 3785 duas
1420 3727 1825 3798 responsiones,

213 3826 406 3895 quibus
449 3825 652 3884 eadem
697 3825 926 3894 capitula
971 3821 1436 3880 anathematizavit
1461 3862 1477 3884 ,
1523 3819 1616 3877 sed
1663 3835 1820 3876 unam

214 3917 370 3974 simul
389 3917 660 3974 omnibus
675 3915 930 3972 subdidit.
949 3913 1102 3983 Quod
1122 3913 1301 3972 studio
1319 3911 1596 3972 brevitatis
1625 3909 1822 3970 factum

214 4019 483 4079 putarem,
511 4011 620 4065 nisi
650 4009 935 4082 plurimum
971 4007 1038 4062 ad
1067 4005 1117 4061 id
1145 4005 1286 4076 quod
1315 4021 1413 4061 nos
1437 4014 1638 4070 movet,
1656 4003 1824 4079 inter-

213 4119 330 4160 esse
370 4105 766 4176 perspicerem.
808 4101 884 4157 Ita
925 4099 1068 4158 enim
1107 4099 1298 4162 clausit
1341 4115 1356 4154 :
1389 4116 1410 4152 ι
1455 4097 1651 4154 lterum
1679 4095 1822 4162 dico,

211 4196 466 4266 quoniam
517 4197 626 4250 ista
675 4203 730 4250 et
773 4191 1066 4252 secundu
1106 4206 1292 4246 eorum
1325 4188 1686 4246 testimonium
1716 4203 1822 4244 non

213 4297 335 4342 sunt
365 4303 517 4350 mea,
551 4301 656 4356 pro
678 4284 894 4356 quibus,
921 4293 976 4340 ut
1002 4282 1134 4346 dixi,
1165 4281 1582 4342 satisfactionem
1611 4295 1716 4335 non
1738 4279 1826 4338 de-

211 4379 344 4444 beo;
376 4396 507 4449 ιιιιω
537 4387 726 4439 autem
755 4391 873 4434 mea
900 4391 1022 4432 esse
1045 4373 1324 4432 confessus
1351 4388 1469 4431 sum
1490 4415 1506 4438 ,
1538 4373 1652 4432 haec
1682 4381 1827 4430 recte

213 4487 298 4526 me
340 4472 534 4528 dicere
581 4469 798 4526 afﬁrmo
828 4487 841 4522 :
873 4483 994 4539 qua:
1033 4476 1212 4525 autem
1248 4465 1359 4526 disi
1400 4481 1518 4524 mea
1546 4479 1651 4522 non
1681 4478 1822 4528 esse,

209 4565 518 4620 secundum
567 4562 828 4634 judicium
873 4569 1073 4619 saucia:
1113 4557 1366 4618 Ecclesia:
1417 4556 1666 4626 reprobo,
1697 4571 1828 4610 ana-

212 4655 390 4712 thema
415 4655 618 4712 dicens
637 4654 784 4712 omni
809 4650 1224 4712 eontravenienti
1253 4659 1452 4708 sortem:
1474 4659 1530 4705 et
1547 4647 1830 4706 catholica}

211 4749 478 4806 Ecclesiae
508 4747 814 4810 doctrinis;
841 4744 1088 4805 similiter
1119 4751 1176 4800 ct
1209 4742 1290 4802 his
1319 4742 1408 4812 qui
1451 4741 1579 4796 falsa
1617 4740 1828 4812 fingen-

212 4849 311 4905 tes,
337 4842 504 4898 nobis
531 4839 860 4895 calumniam
889 4845 1315 4894 commoverunt.
1347 4852 1366 4886 ›
1400 4834 1551 4894 Hunc
1579 4833 1828 4894 ultimum

210 4949 429 4990 versum
461 4949 582 4990 non
612 4931 815 4988 habent
851 4939 999 5016 gesta
1021 4971 1036 4994 ,
1075 4929 1172 4986 sed
1207 4929 1345 4988 nihil
1375 4927 1440 4983 ad
1472 4943 1586 4984 rem
1623 4927 1693 4984 de
1724 4943 1830 4998 qua

210 5026 428 5081 solliciti
473 5040 609 5082 esse
649 5023 1072 5080 debemus.Sint
1110 5023 1256 5078 enim
1288 5036 1509 5092 prorsus
1545 5021 1830 5076 anathema

209 5121 264 5169 et
309 5117 366 5170 hi
416 5117 516 5186 qui
575 5113 705 5170 falsa
753 5115 1040 5184 tingentes,
1065 5113 1148 5172 eis
1173 5113 1494 5169 calumniam
1522 5126 1834 5170 commove»

209 5215 354 5262 runt.
389 5207 508 5264 Sed
541 5221 670 5262 cum
704 5209 933 5276 primum
975 5204 1098 5274 legi,
1134 5223 1154 5258 ι
1180 5203 1310 5272 Qum
1347 5213 1528 5262 autem
1563 5202 1674 5258 dixi
1712 5219 1832 5262 mea

208 5315 314 5354 non
353 5314 516 5366 esse,
563 5295 861 5354 secundum
903 5295 1163 5366 judicium
1209 5304 1408 5351 sanctae
1452 5293 1703 5353 Ecclesia
1741 5310 1832 5350 rc-

210 5397 413 5463 prolio:
437 5415 462 5449 ι
491 5397 700 5450 factum
729 5392 855 5448 illud
880 5392 1274 5462 essejndicitrm
1294 5389 1542 5446 Ecclesia:
1561 5389 1830 5452 nesciens.

208 5489 472 5556 quoniam
508 5486 612 5541 hic
635 5485 853 5541 tacitum
881 5494 988 5550 est,
1011 5494 1064 5540 et
1092 5491 1242 5554 gesta
1270 5498 1376 5542 neu
1407 5482 1638 5553 legeram
1659 5521 1674 5540 .
1701 5481 1830 5537 nihil

211 5582 352 5637 aliud
393 5579 744 5646 existimavi,
783 5592 940 5648 quam
974 5593 1098 5632 cum
1135 5575 1296 5632 fuisse
1324 5574 1614 5646 pollicitum
1644 5572 1746 5630 hoc
1774 5589 1835 5631 se

271 5741 286 5772 '
312 5737 650 5790 minet-tinus
669 5743 777 5790 ης..
801 5741 1036 5785 curreret.

269 5815 347 5862 tu)
380 5801 620 5849 Itaeresis
640 5797 913 5862 θυι-λείπω
949 5797 1186 5859 [ra'cipna
1219 5794 1442 5860 dogmata
1467 5795 1650 5858 rcrctit
1676 5803 1836 5858 Augu-

212 5860 369 5914 stinus
393 5864 532 5912 itura
557 5874 610 5909 η.
637 5860 714 5909 (iii

1643 389 1842 450 LIBER
1875 390 2075 452 CNUS.

3410 396 3520 457 354

1923 507 1991 564 de
2035 507 2118 562 his
2158 522 2439 563 sensurum
2484 523 2606 566 esse
2649 510 2925 582 capitulis,
2955 513 3096 584 quod
3127 513 3363 570 Ecclesia
3400 517 3512 586 jam

1921 613 2028 654 non
2055 599 2368 668 judicassct,
2392 601 2485 658 sed
2513 601 2834 673 quandoque
2854 604 3149 675 judicarct,
3176 617 3229 662 et
3255 622 3320 665 ca
3344 624 3403 664 se
3425 626 3512 665 re-

1923 691 2293 759 probaturutn,
2321 708 2442 764 qua:
2470 693 2560 750 illa
2582 695 2692 764 jam
2721 710 2829 751 non
2855 697 3212 768 reprohasret,
3233 698 3332 754 sed
3349 715 3514 768 quan.

1921 781 2097 852 doque
2133 785 2482 855 reproharet;
2510 795 2570 842 ut
2606 785 2672 842 ad
2716 786 2817 844 hoc
2856 789 3147 859 pertineret
3185 791 3344 846 etiam
3371 792 3514 861 quod

1920 873 2162 944 adjunxit
2181 916 2196 940 ,
2234 893 2254 930 ι
2283 875 2566 935 anathema
2593 876 2780 934 dicens
2805 879 2948 936 omni
2977 883 3400 939 contrareuienti
3431 884 3512 938 vel

1921 965 2302 1025 contradicenti
2348 976 2548 1024 sanctae
2586 967 2862 1026 catholica:
2889 969 3144 1028 Ecclesia:
3171 971 3450 1029 doetrinis.
3487 993 3510 1028 ι

1926 1052 2119 1116 Verum
2148 1066 2348 1126 autem,
2380 1067 2438 1115 ut
2463 1070 2608 1130 gesta
2651 1069 2932 1132 testantur,
2963 1061 3073 1131 jam
3113 1061 3182 1118 de
3221 1062 3306 1118 his
3333 1065 3508 1124 eccle-

1921 1145 2194 1205 siasticum
2219 1147 2479 1218 judicium
2504 1149 2574 1208 ab
2595 1151 2862 1225 episcopis
2885 1153 3289 1224 quatuordecim
3315 1155 3510 1214 factum

1920 1248 2058 1305 erat,
2085 1241 2378 1299 secandum
2403 1243 2544 1312 quod
2565 1243 2825 1314 judicium
2853 1259 2914 1302 se
2935 1245 3070 1305 dixit
3099 1246 3197 1304 ista
3225 1249 3402 1304 omnia
3429 1265 3512 1304 τοι

1920 1333 2168 1402 probare,
2199 1341 2254 1390 et
2279 1334 2564 1394 anathema
2605 1337 2784 1394 dicere
2820 1338 2902 1396 his
2927 1339 3022 1410 uti
3058 1341 3180 1396 talia
3208 1342 3507 1405 sentiendo.

1919 1433 2106 1480 contra
2129 1424 2386 1494 judicium
2413 1428 2654 1494 veniunt,
2677 1429 2816 1498 quod
2832 1429 2943 1500 jam
2967 1431 3162 1488 factum
3183 1430 3346 1487 fuisse
3363 1443 3513 1504 gesta

1920 1515 2178 1573 indicant.
2205 1519 2324 1574 .lam
2349 1522 2493 1576 enim
2515 1521 2762 1582 dixerant
2780 1522 3009 1594 jndiees,
3043 1543 3070 1578 ι
3093 1525 3232 1592 Quid
3259 1526 3327 1582 ad
3358 1527 3476 1582 luce
3495 1569 3512 1592 ,

1919 1625 2038 1681 quin
2070 1611 2208 1667 lucta
2229 1624 2352 1668 sunt
2377 1615 2632 1684 capitula,
2655 1616 2786 1672 dicit
2808 1633 3046 1687 przrseus
3066 1619 3310 1692 Pelagius
3331 1633 3514 1676 momi-

1919 1703 2090 1759 chus?
2116 1704 2240 1760 Haec
2277 1705 2419 1761 enim
2459 1707 2716 1777 reprobat
2743 1718 2927 1765 sancta
2954 1710 3222 1784 Synodus,
3251 1720 3303 1768 et
3329 1723 3514 1770 sancta

1922 1796 2014 1853 Dei
2043 1798 2310 1853 catholica
2356 1798 2620 1860 Ecclesia.
2660 1819 2681 1853 ι
2727 1800 2834 1856 Sed
2882 1801 2986 1858 hoc
3029 1804 3122 1874 qui
3168 1804 3430 1868 nesciunt,
3461 1815 3517 1860 ct

1919 1887 2079 1944 istam
2123 1890 2366 1950 ch‘artam
2413 1891 2620 1962 legunt,
2659 1901 2848 1963 putant
2887 1895 3084 1966 aliquid
3127 1897 3336 1952 illorum
3374 1897 3516 1953 licite

1919 1997 2078 2052 posse
2101 1983 2339 2050 defendi,
2372 1992 2626 2056 tanquam
2657 2001 2762 2040 non
2801 1986 2962 2042 fuerit
2995 1988 3288 2058 judicutmn
3327 1992 3516 2046 ozttlt0~

1918 2073 2036 2130 licce
2073 2076 2402 2131 contrarium
2442 2093 2562 2133 esse
2588 2078 2869 2147 doctrinm,
2903 2090 3256 2152 paratumque
3279 2098 3339 2136 se
3364 2083 3518 2138 Pela-

1923 2167 2044 2238 gius
2081 2168 2295 2235 dixerit,
2340 2169 2392 2224 id
2431 2169 2498 2224 de
2543 2169 2626 2225 his
2669 2169 2830 2226 rebus
2869 2187 3076 2241 sapere,
3109 2173 3252 2244 quod
3279 2173 3516 2228 Ecclesia

1925 2273 2035 2314 non
2054 2257 2332 2329 judicavit,
2360 2261 2456 2316 sed
2483 2261 2820 2331 judicaverit.
2841 2261 2954 2317 Non
2985 2263 3164 2334 itaque
3190 2264 3271 2320 sic
3305 2267 3520 2334 scripsit

1923 2351 1978 2406 in
2008 2366 2092 2414 ea,
2122 2350 2192 2408 de
2219 2367 2322 2424 qua
2355 2367 2500 2407 nunc
2526 2355 2736 2424 agimus
2762 2353 3026 2416 chartula,
3055 2362 3116 2408 ut
3141 2367 3522 2426 agnosceretur

1923 2443 2065 2515 quod
2088 2445 2251 2506 habet
2273 2456 2544 2517 gestorum
2573 2445 2727 2510 fides,
2749 2447 2928 2500 omnia
2951 2446 3158 2503 scilicet
3187 2447 3276 2502 illa
3301 2447 3524 2518 dogma-

1920 2543 1990 2601 ta,
2015 2535 2211 2606 quibus
2239 2537 2428 2592 eadem
2457 2535 2681 2592 haeresis
2709 2537 3078 2607 proscrpebat,
3106 2546 3162 2594 et
3185 2538 3521 2594 contentiosa

1920 2628 2330 2684 convalescebat
2352 2627 2594 2698 audacia,
2617 2629 2986 2685 ecclesiastico
3003 2629 3206 2701 judicio
3230 2631 3523 2699 praesiden-

1921 2719 2065 2774 tibus
2109 2719 2516 2789 quatuordecim
2559 2719 2826 2790 episcopis
2869 2733 2992 2776 esse
3038 2719 3309 2776 damnata.
3351 2721 3522 2790 Quam

1925 2824 2064 2876 rem,
2098 2809 2145 2864 si
2175 2819 2234 2865 ut
2257 2820 2360 2877 est,
2391 2810 2726 2866 innotescere
2758 2809 2956 2878 timuit,
2977 2824 3036 2865 se
3067 2811 3242 2880 potius
3269 2811 3545 2882 corrigat,

1921 2915 2084 2970 etiam
2117 2909 2316 2956 nostrae
2347 2901 2471 2958 licet
2513 2915 2648 2958 sem
2679 2901 2968 2972 vigilantiae
2999 2903 3300 2974 qualicnmq
3328 2918 3373 2958 -e
3401 2918 3525 2958 sue-

1924 2982 2170 3049 censeat.
2191 2994 2247 3050 Si
2295 3003 2474 3050 autem
2519 2995 2622 3050 hoc
2649 3010 2772 3050 eum
2813 2995 3053 3053 timuisse
3096 2995 3288 3052 falsum
3333 3006 3436 3064 est,
3470 3008 3527 3054 ct

1925 3085 2066 3140 sicut
2107 3086 2354 3142 homines
2394 3087 2749 3156 suspicamur,
2788 3087 3046 3157 ignoscat,
3075 3087 3202 3145 dum
3243 3099 3421 3146 tamen
3461 3107 3525 3146 ea

1927 3190 2049 3246 qum
2073 3177 2260 3246 gestis,
2289 3177 2484 3248 quibus
2509 3177 2726 3232 auditus
2750 3187 2852 3244 est,
2879 3168 3322 3239 anathematizato
3351 3190 3408 3237 et
3434 3198 3524 3237 reo

1929 3267 2154 3338 probata
2203 3277 2364 3334 sum,
2407 3267 2478 3324 de
2523 3279 2724 3325 emero
2770 3279 3085 3340 oppugnet;
3135 3285 3207 3326 ne
3259 3271 3528 3341 parcendo

1927 3359 2053 3426 illis,
2101 3374 2208 3414 non
2252 3359 2426 3416 solum
2471 3359 2587 3414 hanc
2631 3368 2788 3416 antea
2829 3361 3143 3428 credidisse,
3172 3361 3268 3418 sed
3299 3362 3526 3418 credere

1925 3453 2188 3505 videatur.
3265 3473 3270 3478 ’

1995 3543 2222 3602 CAPUT
2259 3543 2501 3599 XXXIV.
2527 3573 2597 3586 -—
2622 3544 2712 3600 59.
2747 3545 2976 3601 Proinde
3007 3545 3166 3602 istum
3205 3545 3402 3602 librum
3422 3590 3436 3610 ,
3470 3547 3525 3602 in

1928 3646 2035 3690 tam
2063 3637 2208 3704 gravi
2245 3646 2297 3691 et
2335 3636 2522 3707 grandi
2563 3652 2721 3692 causa
2754 3653 2860 3692 non
2891 3636 3088 3692 frustra
3129 3637 3358 3694 fortasse
3393 3655 3524 3711 prn-

1928 3727 2113 3792 llsiun,
2145 3727 2215 3781 ob
2243 3727 2344 3788 hoc
2373 3728 2441 3782 ad
2471 3737 2616 3782 tuam
2650 3727 3058 3783 Venerationem
3087 3729 3330 3786 scribere
3356 3730 3520 3794 νυιιιὶ,

1931 3829 1983 3872 ιιι
2011 3819 2055 3872 si
2086 3819 2189 3872 tuis
2212 3817 2462 3873 sensibus
2485 3834 2598 3872 non
2621 3818 2974 3890 disnlicuerit,
3003 3819 3322 3877 auctoritate
3351 3823 3526 3892 pullus

1931 3919 2040 3975 tua,
2071 3927 2190 3978 quae
2221 3909 2378 3981 longe
2403 3911 2576 3978 major
2593 3919 2678 3966 est
2695 3927 2859 3981 quam
2885 3923 3084 3967 nostrae
3109 3913 3418 3984 exiguitatis
3447 3914 3528 3970 in-

1929 3999 2156 4068 dustria,
2179 3999 2374 4068 quibus
2394 4003 2756 4056 necessarium
2776 4002 3181 4069 existimaverit,
3205 4004 3524 4070 innotescat,

1929 4090 1998 4146 ad
2025 4106 2209 4148 eorum
2233 4092 2492 4148 vanitates
2513 4093 2986 4163 contentionesque
3007 4095 3408 4166 opprimendas,
3431 4101 3528 4170 qui

1931 4191 2118 4252 putant
2141 4183 2388 4238 absoluto
2414 4183 2648 4254 Pelagio,
2680 4184 2952 4254 judicibus
2979 4187 3244 4260 episcopis
3282 4189 3524 4246 orientu-

1932 4276 2070 4332 libus
2098 4277 2185 4330 illa
2215 4276 2465 4347 dogmata
2497 4275 2778 4346 placuisse,
2815 4293 2934 4348 qua:
2963 4279 3248 4336 adversum
3275 4279 3529 4338 christia-

1932 4382 2053 4422 nam
2094 4367 2251 4423 iidem
2269 4409 2283 4432 ,
2312 4377 2364 4423 et
2401 4367 2492 4423 Dei
2521 4368 2746 4438 gratiam
2771 4383 2874 4437 qua
2905 4384 3161 4426 vocamur
3185 4379 3240 4427 et
3263 4371 3526 4440 justified-

1932 4475 2084 4526 nntr,
2126 4459 2577 4530 perniniosissime
2614 4459 2960 4531 pullulentia,
2989 4459 3278 4516 christiana
3315 4477 3529 4533 semper

1931 4553 2132 4608 veritas
2157 4552 2408 4616 damnat,
2437 4560 2494 4607 ct
2531 4552 2752 4608 istorum
2779 4552 2940 4608 etiam
2970 4552 3372 4623 quatuortlecini
3409 4556 3530 4626 epi-

1933 4657 2218 4713 scoporum
2262 4642 2580 4700 auctoritate
2619 4642 2838 4700 damnai
2853 4642 2922 4707 it,
2953 4659 3072 4710 qum
3109 4643 3272 4700 simul
3291 4654 3341 4700 et
3370 4645 3522 4700 Pola.

1933 4735 2079 4807 gium
2097 4776 2114 4801 ,
2142 4735 2244 4789 nisi
2275 4734 2343 4790 ab
2368 4734 2458 4790 illo
2485 4743 2665 4790 essent
2691 4733 3134 4790 anathematizato
3153 4776 3170 4802 ,
3198 4735 3528 4793 domitasse!»

1933 4827 2230 4896 Nuncjam,
2244 4825 2496 4896 quoidam
2515 4824 2844 4880 reddidimus
2865 4823 3068 4878 homini
3085 4839 3265 4880 curam
3280 4826 3535 4882 fraterna

1935 4919 2248 4986 charitatis,
2275 4926 2331 4974 et
2367 4916 2436 4972 de
2461 4917 2556 4972 illo
2583 4931 2646 4972 ac
2675 4930 2772 4986 pro
2797 4915 2889 4970 illo
2928 4925 3164 4971 nostrum
3209 4917 3531 4974 sollicitudio

1937 5028 2058 5070 nem
2089 5010 2314 5068 ﬁdeliter
2343 5009 2724 5080 prompsimus,
2750 5007 3028 5064 videamus
3050 5009 3320 5080 quomodo
3350 5009 3536 5066 brevi.-

1939 5115 2020 5162 ter
2047 5105 2216 5177 possit
2243 5102 2466 5168 adverti,
2499 5103 2660 5160 etiam
2692 5100 2806 5166 illo,
2839 5101 2980 5171 quod
3005 5102 3236 5170 clarum,
3263 5103 3406 5174 apud
3432 5104 3531 5158 ho-

1939 5198 2114 5255 mines
2137 5195 2413 5260 absoluto.
2447 5193 2694 5252 haeresim
2724 5204 2900 5250 tamen
2933 5193 3101 5262 ipsam
3127 5195 3308 5252 divino
3332 5196 3540 5264 judicio

1937 5307 2153 5363 semper
2175 5289 2552 5353 damnabilem,
2585 5276 2746 5344 etiam
2761 5287 2964 5358 judicio
2984 5289 3387 5358 quattuordecim
3415 5291 3530 5360 cpi—

1939 5400 2224 5456 scoparum
2249 5380 2596 5438 orientalium
2625 5394 2748 5436 esse
2774 5379 3100 5437 damnatam.

2013 5475 2239 5532 CAPUT
2279 5472 2498 5530 XXXV.
2523 5503 2594 5513 --
2632 5473 2720 5528 ϐο.
2754 5471 2878 5528 lla-e'
2907 5483 2988 5528 est
3029 5473 3168 5530 illius
3209 5473 3391 5540 judicii
3431 5488 3533 5548 po-
3629 5506 3647 5522 ,

1939 5579 2137 5625 strcma
2169 5566 2455 5621 sententia.
2485 5563 2732 5638 Synodus
2755 5563 2885 5619 dixit
2909 5583 2922 5618 :
2949 5583 2969 5616 ε
2999 5563 3147 5621 Nunc
3167 5565 3418 5636 quoniam
3445 5579 3534 5619 sa-
3593 5609 3600 5616 .

1942 5663 2207 5718 ιῖεῖτιεῑιιῐη
2237 5668 2318 5714 εει
2347 5657 2501 5712 nobis
2538 5659 3004 5730 prOScmttionihns
3033 5659 3312 5729 [musculis
3340 5654 3540 5724 Pelagii

1944 5750 2226 5816 monachi,
2264 5751 2352 5820 qui
2393 5749 2606 5820 quidem
2649 5749 2748 5819 piis
2780 5749 3041 5804 doctrinis
3077 5748 3372 5820 cons_cntit,
3399 5761 3534 5802 cou-

1946 5845 2105 5900 traria
2133 5859 2259 5897 vero
2290 5841 2543 5896 Ecclesia:
2571 5842 2694 5898 fidei
2721 5844 2968 5914 reprobat
2997 5851 3050 5897 ct
3088 5807 3528 5897 auat‘icmatizrt,
