  <div class='ocr_page' id='page_1' title='image "/cluster/home/n/w/nwhite01/storage/ocr_20150623/44-45/uc1.31175026792435/185.png"; bbox 0 0 4170 6510; ppageno 0'>
   <div class='ocr_carea' id='block_1_1' title="bbox 638 404 743 459">
    <p class='ocr_par' dir='ltr' id='par_1_1' title="bbox 638 404 743 459">
     <span class='ocr_line' id='line_1_1' title="bbox 638 404 743 459; baseline -0.048 0"><span class='ocrx_word' id='word_1_1' title='bbox 638 404 743 459; x_wconf 59' lang='lat'><strong>355</strong></span> 
     </span>
    </p>
   </div>
   <div class='ocr_carea' id='block_1_2' title="bbox 640 499 2227 575">
    <p class='ocr_par' dir='ltr' id='par_1_2' title="bbox 640 499 2227 575">
     <span class='ocr_line' id='line_1_2' title="bbox 640 499 2227 575; baseline -0.017 0"><span class='ocrx_word' id='word_1_2' title='bbox 640 516 1030 575; x_wconf 72' lang='lat' dir='ltr'><strong>communionis</strong></span> <span class='ocrx_word' id='word_1_3' title='bbox 1078 507 1452 568; x_wconf 50' lang='lat' dir='ltr'><strong>ecclesiasticae</strong></span> <span class='ocrx_word' id='word_1_4' title='bbox 1501 521 1621 563; x_wconf 84' lang='lat' dir='ltr'><strong>eum</strong></span> <span class='ocrx_word' id='word_1_5' title='bbox 1672 521 1795 559; x_wconf 73' lang='lat' dir='ltr'><strong>esse</strong></span> <span class='ocrx_word' id='word_1_6' title='bbox 1847 513 1900 557; x_wconf 88' lang='lat' dir='ltr'><strong>et</strong></span> <span class='ocrx_word' id='word_1_7' title='bbox 1950 499 2227 554; x_wconf 68' lang='lat' dir='ltr'><strong>catlmlit-m</strong></span> 
     </span>
    </p>
   </div>
   <div class='ocr_carea' id='block_1_3' title="bbox 646 593 2230 676">
    <p class='ocr_par' dir='ltr' id='par_1_3' title="bbox 646 593 2230 676">
     <span class='ocr_line' id='line_1_3' title="bbox 646 593 2230 676; baseline -0.016 -5"><span class='ocrx_word' id='word_1_8' title='bbox 646 612 984 671; x_wconf 81' lang='lat' dir='ltr'><strong>etmfitemur.</strong></span> <span class='ocrx_word' id='word_1_9' title='bbox 1016 628 1034 661; x_wconf 76' lang='grc' dir='ltr'><strong>ι</strong></span> <span class='ocrx_word' id='word_1_10' title='bbox 1069 608 1181 662; x_wconf 98' lang='lat' dir='ltr'><strong>Duo</strong></span> <span class='ocrx_word' id='word_1_11' title='bbox 1200 604 1440 676; x_wconf 74' lang='lat' dir='ltr'><strong>qutudatu</strong></span> <span class='ocrx_word' id='word_1_12' title='bbox 1468 602 1597 655; x_wconf 90' lang='lat' dir='ltr'><strong>satis</strong></span> <span class='ocrx_word' id='word_1_13' title='bbox 1618 600 1893 669; x_wconf 68' lang='lat' dir='ltr'><strong>perspicua</strong></span> <span class='ocrx_word' id='word_1_14' title='bbox 1919 595 1988 650; x_wconf 90' lang='lat' dir='ltr'><strong>de</strong></span> <span class='ocrx_word' id='word_1_15' title='bbox 2018 593 2230 661; x_wconf 84' lang='lat' dir='ltr'><strong>Pelagio</strong></span> 
     </span>
    </p>
   </div>
   <div class='ocr_carea' id='block_1_4' title="bbox 643 682 2232 766">
    <p class='ocr_par' dir='ltr' id='par_1_4' title="bbox 643 682 2232 766">
     <span class='ocr_line' id='line_1_4' title="bbox 643 682 2232 766; baseline -0.017 -7"><span class='ocrx_word' id='word_1_16' title='bbox 643 701 906 759; x_wconf 82' lang='lat' dir='ltr'><strong>monacho</strong></span> <span class='ocrx_word' id='word_1_17' title='bbox 929 699 1096 755; x_wconf 79' lang='lat' dir='ltr'><strong>sancti</strong></span> <span class='ocrx_word' id='word_1_18' title='bbox 1130 694 1364 766; x_wconf 78' lang='lat' dir='ltr'><strong>episcopi</strong></span> <span class='ocrx_word' id='word_1_19' title='bbox 1386 692 1594 763; x_wconf 91' lang='lat' dir='ltr'><strong>judices</strong></span> <span class='ocrx_word' id='word_1_20' title='bbox 1617 704 1729 745; x_wconf 77' lang='lat' dir='ltr'><strong>sua:</strong></span> <span class='ocrx_word' id='word_1_21' title='bbox 1753 684 2032 741; x_wconf 78' lang='lat' dir='ltr'><strong>sententia:</strong></span> <span class='ocrx_word' id='word_1_22' title='bbox 2052 682 2232 736; x_wconf 89' lang='lat' dir='ltr'><strong>brevi-</strong></span> 
     </span>
    </p>
   </div>
   <div class='ocr_carea' id='block_1_5' title="bbox 644 778 2234 860">
    <p class='ocr_par' dir='ltr' id='par_1_5' title="bbox 644 778 2234 860">
     <span class='ocr_line' id='line_1_5' title="bbox 644 778 2234 860; baseline -0.014 -13"><span class='ocrx_word' id='word_1_23' title='bbox 644 803 753 847; x_wconf 76' lang='lat' dir='ltr'><strong>tate</strong></span> <span class='ocrx_word' id='word_1_24' title='bbox 795 789 1059 860; x_wconf 92' lang='lat' dir='ltr'><strong>complexi</strong></span> <span class='ocrx_word' id='word_1_25' title='bbox 1101 795 1261 842; x_wconf 85' lang='lat' dir='ltr'><strong>sunt:</strong></span> <span class='ocrx_word' id='word_1_26' title='bbox 1302 799 1476 838; x_wconf 59' lang='lat' dir='ltr'><strong>unum.</strong></span> <span class='ocrx_word' id='word_1_27' title='bbox 1499 780 1713 851; x_wconf 86' lang='lat' dir='ltr'><strong>quidem</strong></span> <span class='ocrx_word' id='word_1_28' title='bbox 1757 797 1778 831; x_wconf 80' lang='grc' dir='ltr'><strong>ι</strong></span> <span class='ocrx_word' id='word_1_29' title='bbox 1808 778 1906 847; x_wconf 90' lang='lat' dir='ltr'><strong>piis</strong></span> <span class='ocrx_word' id='word_1_30' title='bbox 1943 789 2064 830; x_wconf 92' lang='lat' dir='ltr'><strong>eum</strong></span> <span class='ocrx_word' id='word_1_31' title='bbox 2102 787 2234 827; x_wconf 89' lang='lat' dir='ltr'><strong>con-</strong></span> 
     </span>
    </p>
   </div>
   <div class='ocr_carea' id='block_1_6' title="bbox 645 864 2236 947">
    <p class='ocr_par' dir='ltr' id='par_1_6' title="bbox 645 864 2236 947">
     <span class='ocr_line' id='line_1_6' title="bbox 645 864 2236 947; baseline -0.013 -7"><span class='ocrx_word' id='word_1_32' title='bbox 645 886 845 940; x_wconf 76' lang='lat' dir='ltr'><strong>s-ntire</strong></span> <span class='ocrx_word' id='word_1_33' title='bbox 879 882 1170 947; x_wconf 81' lang='lat' dir='ltr'><strong>doctrinis;</strong></span> <span class='ocrx_word' id='word_1_34' title='bbox 1198 898 1220 932; x_wconf 77' lang='grc' dir='ltr'><strong>ι</strong></span> <span class='ocrx_word' id='word_1_35' title='bbox 1256 879 1480 933; x_wconf 89' lang='lat' dir='ltr'><strong>alterum</strong></span> <span class='ocrx_word' id='word_1_36' title='bbox 1516 882 1723 936; x_wconf 87' lang='lat' dir='ltr'><strong>autem,</strong></span> <span class='ocrx_word' id='word_1_37' title='bbox 1772 890 1790 923; x_wconf 77' lang='grc' dir='ltr'><strong>ι</strong></span> <span class='ocrx_word' id='word_1_38' title='bbox 1822 869 2075 926; x_wconf 78' lang='lat' dir='ltr'><strong>Ecclesiae</strong></span> <span class='ocrx_word' id='word_1_39' title='bbox 2115 864 2236 920; x_wconf 81' lang='lat' dir='ltr'><strong>ﬁdei</strong></span> 
     </span>
    </p>
   </div>
   <div class='ocr_carea' id='block_1_7' title="bbox 650 957 2238 1046">
    <p class='ocr_par' dir='ltr' id='par_1_7' title="bbox 650 957 2238 1046">
     <span class='ocr_line' id='line_1_7' title="bbox 650 957 2238 1046; baseline -0.012 -17"><span class='ocrx_word' id='word_1_40' title='bbox 650 976 943 1046; x_wconf 62' lang='lat' dir='ltr'><strong>leprohare</strong></span> <span class='ocrx_word' id='word_1_41' title='bbox 996 983 1049 1030; x_wconf 90' lang='lat' dir='ltr'><strong>et</strong></span> <span class='ocrx_word' id='word_1_42' title='bbox 1097 969 1550 1026; x_wconf 86' lang='lat' dir='ltr'><strong>anathematizare</strong></span> <span class='ocrx_word' id='word_1_43' title='bbox 1601 961 1887 1020; x_wconf 90' lang='lat' dir='ltr'><strong>contraria.</strong></span> <span class='ocrx_word' id='word_1_44' title='bbox 1924 979 1942 1012; x_wconf 76' lang='grc' dir='ltr'><strong>ι</strong></span> <span class='ocrx_word' id='word_1_45' title='bbox 1994 957 2238 1027; x_wconf 87' lang='lat' dir='ltr'><strong>Pelagius</strong></span> 
     </span>
    </p>
   </div>
   <div class='ocr_carea' id='block_1_8' title="bbox 652 1051 2240 1140">
    <p class='ocr_par' dir='ltr' id='par_1_8' title="bbox 652 1051 2240 1140">
     <span class='ocr_line' id='line_1_8' title="bbox 652 1051 2240 1140; baseline -0.015 -15"><span class='ocrx_word' id='word_1_46' title='bbox 652 1078 867 1140; x_wconf 90' lang='lat' dir='ltr'><strong>propter</strong></span> <span class='ocrx_word' id='word_1_47' title='bbox 905 1068 1020 1122; x_wconf 78' lang='lat' dir='ltr'><strong>lucc</strong></span> <span class='ocrx_word' id='word_1_48' title='bbox 1047 1065 1153 1120; x_wconf 92' lang='lat' dir='ltr'><strong>duo</strong></span> <span class='ocrx_word' id='word_1_49' title='bbox 1180 1081 1202 1115; x_wconf 69' lang='lat' dir='ltr'><strong>t</strong></span> <span class='ocrx_word' id='word_1_50' title='bbox 1231 1058 1623 1117; x_wconf 84' lang='lat' dir='ltr'><strong>communionis</strong></span> <span class='ocrx_word' id='word_1_51' title='bbox 1655 1051 2026 1112; x_wconf 62' lang='lat' dir='ltr'><strong>ecclesiasticae</strong></span> <span class='ocrx_word' id='word_1_52' title='bbox 2056 1058 2111 1105; x_wconf 92' lang='lat' dir='ltr'><strong>et</strong></span> <span class='ocrx_word' id='word_1_53' title='bbox 2144 1063 2240 1103; x_wconf 85' lang='lat' dir='ltr'><strong>ca-</strong></span> 
     </span>
    </p>
   </div>
   <div class='ocr_carea' id='block_1_9' title="bbox 654 1139 2243 1229">
    <p class='ocr_par' dir='ltr' id='par_1_9' title="bbox 654 1139 2243 1229">
     <span class='ocr_line' id='line_1_9' title="bbox 654 1139 2243 1229; baseline -0.014 -14"><span class='ocrx_word' id='word_1_54' title='bbox 654 1139 866 1217; x_wconf 69' lang='lat' dir='ltr'><strong>tholica:</strong></span> <span class='ocrx_word' id='word_1_55' title='bbox 894 1179 915 1213; x_wconf 70' lang='grc' dir='ltr'><strong>ι</strong></span> <span class='ocrx_word' id='word_1_56' title='bbox 961 1156 1332 1229; x_wconf 74' lang='lat' dir='ltr'><strong>pronuntiatus</strong></span> <span class='ocrx_word' id='word_1_57' title='bbox 1370 1162 1472 1209; x_wconf 89' lang='lat' dir='ltr'><strong>est.</strong></span> <span class='ocrx_word' id='word_1_58' title='bbox 1521 1148 1723 1218; x_wconf 83' lang='lat' dir='ltr'><strong>Quibus</strong></span> <span class='ocrx_word' id='word_1_59' title='bbox 1763 1159 1892 1216; x_wconf 85' lang='lat' dir='ltr'><strong>ergo</strong></span> <span class='ocrx_word' id='word_1_60' title='bbox 1920 1141 2097 1196; x_wconf 83' lang='lat' dir='ltr'><strong>verbis</strong></span> <span class='ocrx_word' id='word_1_61' title='bbox 2124 1139 2243 1209; x_wconf 90' lang='lat' dir='ltr'><strong>ejus</strong></span> 
     </span>
    </p>
   </div>
   <div class='ocr_carea' id='block_1_10' title="bbox 654 1229 2245 1321">
    <p class='ocr_par' dir='ltr' id='par_1_10' title="bbox 654 1229 2245 1321">
     <span class='ocr_line' id='line_1_10' title="bbox 654 1229 2245 1321; baseline -0.014 -14"><span class='ocrx_word' id='word_1_62' title='bbox 654 1253 888 1317; x_wconf 79' lang='lat' dir='ltr'><strong>interim,</strong></span> <span class='ocrx_word' id='word_1_63' title='bbox 921 1257 1174 1321; x_wconf 84' lang='lat' dir='ltr'><strong>quantum</strong></span> <span class='ocrx_word' id='word_1_64' title='bbox 1200 1245 1446 1302; x_wconf 76' lang='lat' dir='ltr'><strong>homines</strong></span> <span class='ocrx_word' id='word_1_65' title='bbox 1471 1245 1524 1296; x_wconf 89' lang='lat' dir='ltr'><strong>in</strong></span> <span class='ocrx_word' id='word_1_66' title='bbox 1554 1237 1834 1310; x_wconf 65' lang='lat' dir='ltr'><strong>praesentia</strong></span> <span class='ocrx_word' id='word_1_67' title='bbox 1857 1234 1928 1290; x_wconf 88' lang='lat' dir='ltr'><strong>de</strong></span> <span class='ocrx_word' id='word_1_68' title='bbox 1946 1229 2245 1288; x_wconf 80' lang='lat' dir='ltr'><strong>manifestis</strong></span> 
     </span>
    </p>
   </div>
   <div class='ocr_carea' id='block_1_11' title="bbox 650 1320 2248 1414">
    <p class='ocr_par' dir='ltr' id='par_1_11' title="bbox 650 1320 2248 1414">
     <span class='ocr_line' id='line_1_11' title="bbox 650 1320 2248 1414; baseline -0.015 -16"><span class='ocrx_word' id='word_1_69' title='bbox 650 1344 894 1414; x_wconf 90' lang='lat' dir='ltr'><strong>judicare</strong></span> <span class='ocrx_word' id='word_1_70' title='bbox 919 1320 1225 1411; x_wconf 84' lang='lat' dir='ltr'><strong>potuerunt,</strong></span> <span class='ocrx_word' id='word_1_71' title='bbox 1250 1344 1537 1403; x_wconf 88' lang='lat' dir='ltr'><strong>utrumque</strong></span> <span class='ocrx_word' id='word_1_72' title='bbox 1558 1328 1835 1391; x_wconf 82' lang='lat' dir='ltr'><strong>claruerit,</strong></span> <span class='ocrx_word' id='word_1_73' title='bbox 1865 1324 2043 1381; x_wconf 85' lang='lat' dir='ltr'><strong>omnia</strong></span> <span class='ocrx_word' id='word_1_74' title='bbox 2069 1320 2248 1377; x_wconf 86' lang='lat' dir='ltr'><strong>brevi-</strong></span> 
     </span>
    </p>
   </div>
   <div class='ocr_carea' id='block_1_12' title="bbox 659 1411 2245 1504">
    <p class='ocr_par' dir='ltr' id='par_1_12' title="bbox 659 1411 2245 1504">
     <span class='ocr_line' id='line_1_12' title="bbox 659 1411 2245 1504; baseline -0.016 -14"><span class='ocrx_word' id='word_1_75' title='bbox 659 1411 741 1490; x_wconf 86' lang='lat' dir='ltr'><strong>ter</strong></span> <span class='ocrx_word' id='word_1_76' title='bbox 763 1431 1161 1504; x_wconf 85' lang='lat' dir='ltr'><strong>recapitulando</strong></span> <span class='ocrx_word' id='word_1_77' title='bbox 1184 1428 1478 1483; x_wconf 88' lang='lat' dir='ltr'><strong>videamus.</strong></span> <span class='ocrx_word' id='word_1_78' title='bbox 1508 1423 1564 1478; x_wconf 86' lang='lat' dir='ltr'><strong>In</strong></span> <span class='ocrx_word' id='word_1_79' title='bbox 1594 1421 1679 1476; x_wconf 88' lang='lat' dir='ltr'><strong>his</strong></span> <span class='ocrx_word' id='word_1_80' title='bbox 1705 1418 1846 1474; x_wconf 88' lang='lat' dir='ltr'><strong>enim</strong></span> <span class='ocrx_word' id='word_1_81' title='bbox 1871 1415 1971 1472; x_wconf 87' lang='lat' dir='ltr'><strong>sibi</strong></span> <span class='ocrx_word' id='word_1_82' title='bbox 2000 1411 2245 1482; x_wconf 87' lang='lat' dir='ltr'><strong>objectis,</strong></span> 
     </span>
    </p>
   </div>
   <div class='ocr_carea' id='block_1_13' title="bbox 659 1504 2252 1597">
    <p class='ocr_par' dir='ltr' id='par_1_13' title="bbox 659 1504 2252 1597">
     <span class='ocr_line' id='line_1_13' title="bbox 659 1504 2252 1597; baseline -0.016 -17"><span class='ocrx_word' id='word_1_83' title='bbox 659 1541 780 1597; x_wconf 73' lang='lat' dir='ltr'><strong>qua:</strong></span> <span class='ocrx_word' id='word_1_84' title='bbox 803 1540 900 1580; x_wconf 88' lang='lat' dir='ltr'><strong>sua</strong></span> <span class='ocrx_word' id='word_1_85' title='bbox 922 1538 1033 1578; x_wconf 87' lang='lat' dir='ltr'><strong>non</strong></span> <span class='ocrx_word' id='word_1_86' title='bbox 1060 1535 1182 1577; x_wconf 87' lang='lat' dir='ltr'><strong>esse</strong></span> <span class='ocrx_word' id='word_1_87' title='bbox 1217 1515 1527 1588; x_wconf 88' lang='lat' dir='ltr'><strong>respondit,</strong></span> <span class='ocrx_word' id='word_1_88' title='bbox 1556 1512 1732 1567; x_wconf 89' lang='lat' dir='ltr'><strong>dictus</strong></span> <span class='ocrx_word' id='word_1_89' title='bbox 1759 1516 1844 1564; x_wconf 88' lang='lat' dir='ltr'><strong>est</strong></span> <span class='ocrx_word' id='word_1_90' title='bbox 1867 1504 2155 1576; x_wconf 88' lang='lat' dir='ltr'><strong>reprobare</strong></span> <span class='ocrx_word' id='word_1_91' title='bbox 2195 1509 2252 1556; x_wconf 89' lang='lat' dir='ltr'><strong>et</strong></span> 
     </span>
    </p>
   </div>
   <div class='ocr_carea' id='block_1_14' title="bbox 658 1594 2253 1671">
    <p class='ocr_par' dir='ltr' id='par_1_14' title="bbox 658 1594 2253 1671">
     <span class='ocr_line' id='line_1_14' title="bbox 658 1594 2253 1671; baseline -0.016 1"><span class='ocrx_word' id='word_1_92' title='bbox 658 1594 1112 1671; x_wconf 54' lang='lat' dir='ltr'><strong>statim&quot;:</strong></span> <span class='ocrx_word' id='word_1_93' title='bbox 1142 1608 1437 1667; x_wconf 71' lang='grc' dir='ltr'><strong>ααιιτπίι.</strong></span> <span class='ocrx_word' id='word_1_94' title='bbox 1474 1602 1723 1659; x_wconf 67' lang='lat' dir='ltr'><strong>Breviter</strong></span> <span class='ocrx_word' id='word_1_95' title='bbox 1747 1614 1879 1670; x_wconf 76' lang='lat' dir='ltr'><strong>ergo</strong></span> <span class='ocrx_word' id='word_1_96' title='bbox 1901 1605 2069 1652; x_wconf 78' lang='lat' dir='ltr'><strong>totam</strong></span> <span class='ocrx_word' id='word_1_97' title='bbox 2094 1594 2253 1649; x_wconf 83' lang='lat' dir='ltr'><strong>istam</strong></span> 
     </span>
    </p>
   </div>
   <div class='ocr_carea' id='block_1_15' title="bbox 659 1695 1765 1773">
    <p class='ocr_par' dir='ltr' id='par_1_15' title="bbox 659 1695 1765 1773">
     <span class='ocr_line' id='line_1_15' title="bbox 659 1695 1765 1773; baseline -0.017 -10"><span class='ocrx_word' id='word_1_98' title='bbox 659 1721 877 1764; x_wconf 81' lang='lat' dir='ltr'><strong>causam</strong></span> <span class='ocrx_word' id='word_1_99' title='bbox 899 1706 992 1769; x_wconf 81' lang='lat' dir='ltr'><strong>ita,</strong></span> <span class='ocrx_word' id='word_1_100' title='bbox 1020 1704 1065 1759; x_wconf 92' lang='lat' dir='ltr'><strong>si</strong></span> <span class='ocrx_word' id='word_1_101' title='bbox 1096 1712 1398 1773; x_wconf 86' lang='lat' dir='ltr'><strong>possumus,</strong></span> <span class='ocrx_word' id='word_1_102' title='bbox 1428 1695 1765 1765; x_wconf 84' lang='lat' dir='ltr'><strong>colligamus.</strong></span> 
     </span>
    </p>
   </div>
   <div class='ocr_carea' id='block_1_16' title="bbox 736 1776 2256 1864">
    <p class='ocr_par' dir='ltr' id='par_1_16' title="bbox 736 1776 2256 1864">
     <span class='ocr_line' id='line_1_16' title="bbox 736 1776 2256 1864; baseline -0.018 -10"><span class='ocrx_word' id='word_1_103' title='bbox 736 1798 825 1854; x_wconf 81' lang='lat' dir='ltr'><strong>6t.</strong></span> <span class='ocrx_word' id='word_1_104' title='bbox 846 1796 1104 1864; x_wconf 85' lang='lat' dir='ltr'><strong>Quoniam</strong></span> <span class='ocrx_word' id='word_1_105' title='bbox 1122 1804 1339 1847; x_wconf 88' lang='lat' dir='ltr'><strong>necesse</strong></span> <span class='ocrx_word' id='word_1_106' title='bbox 1357 1794 1475 1843; x_wconf 86' lang='lat' dir='ltr'><strong>erat</strong></span> <span class='ocrx_word' id='word_1_107' title='bbox 1490 1783 1699 1855; x_wconf 87' lang='lat' dir='ltr'><strong>impleri</strong></span> <span class='ocrx_word' id='word_1_108' title='bbox 1714 1779 1855 1852; x_wconf 92' lang='lat' dir='ltr'><strong>quod</strong></span> <span class='ocrx_word' id='word_1_109' title='bbox 1876 1776 2120 1849; x_wconf 69' lang='lat' dir='ltr'><strong>praedixit</strong></span> <span class='ocrx_word' id='word_1_110' title='bbox 2134 1788 2256 1844; x_wconf 91' lang='lat' dir='ltr'><strong>apo-</strong></span> 
     </span>
    </p>
   </div>
   <div class='ocr_carea' id='block_1_17' title="bbox 660 1866 2258 1955">
    <p class='ocr_par' dir='ltr' id='par_1_17' title="bbox 660 1866 2258 1955">
     <span class='ocr_line' id='line_1_17' title="bbox 660 1866 2258 1955; baseline -0.018 -8"><span class='ocrx_word' id='word_1_111' title='bbox 660 1892 834 1946; x_wconf 86' lang='lat' dir='ltr'><strong>stolus</strong></span> <span class='ocrx_word' id='word_1_112' title='bbox 861 1888 1076 1951; x_wconf 84' lang='lat' dir='ltr'><strong>Paulus,</strong></span> <span class='ocrx_word' id='word_1_113' title='bbox 1103 1886 1311 1955; x_wconf 76' lang='lat' dir='ltr'><strong>Oportet</strong></span> <span class='ocrx_word' id='word_1_114' title='bbox 1333 1889 1378 1935; x_wconf 85' lang='lat' dir='ltr'><strong>et</strong></span> <span class='ocrx_word' id='word_1_115' title='bbox 1407 1879 1625 1934; x_wconf 60' lang='lat' dir='ltr'><strong>hereses</strong></span> <span class='ocrx_word' id='word_1_116' title='bbox 1650 1890 1776 1937; x_wconf 80' lang='lat' dir='ltr'><strong>esse,</strong></span> <span class='ocrx_word' id='word_1_117' title='bbox 1797 1881 1852 1925; x_wconf 88' lang='lat' dir='ltr'><strong>ut</strong></span> <span class='ocrx_word' id='word_1_118' title='bbox 1873 1868 2068 1941; x_wconf 75' lang='lat' dir='ltr'><strong>probati</strong></span> <span class='ocrx_word' id='word_1_119' title='bbox 2091 1866 2258 1920; x_wconf 83' lang='lat' dir='ltr'><strong>mani-</strong></span> 
     </span>
    </p>
   </div>
   <div class='ocr_carea' id='block_1_18' title="bbox 662 1961 2253 2053">
    <p class='ocr_par' dir='ltr' id='par_1_18' title="bbox 662 1961 2253 2053">
     <span class='ocr_line' id='line_1_18' title="bbox 662 1961 2253 2053; baseline -0.019 -14"><span class='ocrx_word' id='word_1_120' title='bbox 662 1984 778 2053; x_wconf 77' lang='lat' dir='ltr'><strong>[esti</strong></span> <span class='ocrx_word' id='word_1_121' title='bbox 803 1982 999 2052; x_wconf 80' lang='lat' dir='ltr'><strong>ﬁantin</strong></span> <span class='ocrx_word' id='word_1_122' title='bbox 1027 1977 1165 2032; x_wconf 77' lang='lat' dir='ltr'><strong>vobis</strong></span> <span class='ocrx_word' id='word_1_123' title='bbox 1189 1975 1228 2047; x_wconf 93' lang='lat' dir='ltr'><strong>(l</strong></span> <span class='ocrx_word' id='word_1_124' title='bbox 1246 1973 1365 2029; x_wconf 88' lang='lat' dir='ltr'><strong>Cor.</strong></span> <span class='ocrx_word' id='word_1_125' title='bbox 1385 1986 1461 2036; x_wconf 86' lang='lat' dir='ltr'><strong>xt,</strong></span> <span class='ocrx_word' id='word_1_126' title='bbox 1480 1967 1571 2042; x_wconf 77' lang='lat' dir='ltr'><strong>i9)</strong></span> <span class='ocrx_word' id='word_1_127' title='bbox 1601 1985 1615 2021; x_wconf 91' lang='lat'><strong>:</strong></span> <span class='ocrx_word' id='word_1_128' title='bbox 1638 1974 1758 2037; x_wconf 91' lang='lat' dir='ltr'><strong>post</strong></span> <span class='ocrx_word' id='word_1_129' title='bbox 1772 1972 1983 2019; x_wconf 85' lang='lat' dir='ltr'><strong>veteres</strong></span> <span class='ocrx_word' id='word_1_130' title='bbox 1999 1961 2253 2024; x_wconf 73' lang='lat' dir='ltr'><strong>haereses,</strong></span> 
     </span>
    </p>
   </div>
   <div class='ocr_carea' id='block_1_19' title="bbox 664 2044 2265 2129">
    <p class='ocr_par' dir='ltr' id='par_1_19' title="bbox 664 2044 2265 2129">
     <span class='ocr_line' id='line_1_19' title="bbox 664 2044 2265 2129; baseline -0.017 0"><span class='ocrx_word' id='word_1_131' title='bbox 664 2044 873 2129; x_wconf 78' lang='lat' dir='ltr'><strong>invecta</strong></span> <span class='ocrx_word' id='word_1_132' title='bbox 903 2071 1063 2125; x_wconf 81' lang='lat' dir='ltr'><strong>etiam</strong></span> <span class='ocrx_word' id='word_1_133' title='bbox 1110 2044 1272 2122; x_wconf 84' lang='lat' dir='ltr'><strong>modo</strong></span> <span class='ocrx_word' id='word_1_134' title='bbox 1298 2061 1525 2118; x_wconf 79' lang='lat' dir='ltr'><strong>lueresis</strong></span> <span class='ocrx_word' id='word_1_135' title='bbox 1553 2069 1637 2115; x_wconf 88' lang='lat' dir='ltr'><strong>est</strong></span> <span class='ocrx_word' id='word_1_136' title='bbox 1657 2100 1671 2125; x_wconf 92' lang='lat'><strong>,</strong></span> <span class='ocrx_word' id='word_1_137' title='bbox 1713 2072 1821 2112; x_wconf 92' lang='lat' dir='ltr'><strong>non</strong></span> <span class='ocrx_word' id='word_1_138' title='bbox 1858 2054 1926 2109; x_wconf 88' lang='lat' dir='ltr'><strong>ab</strong></span> <span class='ocrx_word' id='word_1_139' title='bbox 1950 2044 2265 2121; x_wconf 76' lang='lat' dir='ltr'><strong>episcopis,</strong></span> 
     </span>
    </p>
   </div>
   <div class='ocr_carea' id='block_1_20' title="bbox 663 2142 2256 2233">
    <p class='ocr_par' dir='ltr' id='par_1_20' title="bbox 663 2142 2256 2233">
     <span class='ocr_line' id='line_1_20' title="bbox 663 2142 2256 2233; baseline -0.016 -14"><span class='ocrx_word' id='word_1_140' title='bbox 663 2182 759 2220; x_wconf 79' lang='lat' dir='ltr'><strong>seu</strong></span> <span class='ocrx_word' id='word_1_141' title='bbox 801 2159 1163 2233; x_wconf 79' lang='lat' dir='ltr'><strong>presbyteris,</strong></span> <span class='ocrx_word' id='word_1_142' title='bbox 1206 2156 1289 2212; x_wconf 88' lang='lat' dir='ltr'><strong>vel</strong></span> <span class='ocrx_word' id='word_1_143' title='bbox 1333 2154 1757 2223; x_wconf 83' lang='lat' dir='ltr'><strong>quibuscumque</strong></span> <span class='ocrx_word' id='word_1_144' title='bbox 1798 2144 2044 2209; x_wconf 80' lang='lat' dir='ltr'><strong>clericis;</strong></span> <span class='ocrx_word' id='word_1_145' title='bbox 2088 2142 2182 2197; x_wconf 88' lang='lat' dir='ltr'><strong>sed</strong></span> <span class='ocrx_word' id='word_1_146' title='bbox 2224 2154 2256 2194; x_wconf 89' lang='lat' dir='ltr'><strong>a</strong></span> 
     </span>
    </p>
   </div>
   <div class='ocr_carea' id='block_1_21' title="bbox 665 2232 2254 2327">
    <p class='ocr_par' dir='ltr' id='par_1_21' title="bbox 665 2232 2254 2327">
     <span class='ocr_line' id='line_1_21' title="bbox 665 2232 2254 2327; baseline -0.016 -17"><span class='ocrx_word' id='word_1_147' title='bbox 665 2232 982 2327; x_wconf 77' lang='lat' dir='ltr'><strong>quibusdam</strong></span> <span class='ocrx_word' id='word_1_148' title='bbox 1011 2249 1173 2305; x_wconf 83' lang='lat' dir='ltr'><strong>veluti</strong></span> <span class='ocrx_word' id='word_1_149' title='bbox 1204 2244 1500 2310; x_wconf 85' lang='lat' dir='ltr'><strong>monachis,</strong></span> <span class='ocrx_word' id='word_1_150' title='bbox 1532 2258 1651 2313; x_wconf 69' lang='lat' dir='ltr'><strong>qua:</strong></span> <span class='ocrx_word' id='word_1_151' title='bbox 1675 2249 1861 2296; x_wconf 86' lang='lat' dir='ltr'><strong>contra</strong></span> <span class='ocrx_word' id='word_1_152' title='bbox 1886 2237 1982 2292; x_wconf 88' lang='lat' dir='ltr'><strong>Dei</strong></span> <span class='ocrx_word' id='word_1_153' title='bbox 2007 2232 2254 2305; x_wconf 79' lang='lat' dir='ltr'><strong>gratiam,</strong></span> 
     </span>
    </p>
   </div>
   <div class='ocr_carea' id='block_1_22' title="bbox 666 2330 2253 2418">
    <p class='ocr_par' dir='ltr' id='par_1_22' title="bbox 666 2330 2253 2418">
     <span class='ocr_line' id='line_1_22' title="bbox 666 2330 2253 2418; baseline -0.016 -16"><span class='ocrx_word' id='word_1_154' title='bbox 666 2362 787 2418; x_wconf 78' lang='lat' dir='ltr'><strong>qua:</strong></span> <span class='ocrx_word' id='word_1_155' title='bbox 809 2344 963 2399; x_wconf 90' lang='lat' dir='ltr'><strong>nobis</strong></span> <span class='ocrx_word' id='word_1_156' title='bbox 984 2351 1063 2398; x_wconf 85' lang='lat' dir='ltr'><strong>est</strong></span> <span class='ocrx_word' id='word_1_157' title='bbox 1088 2356 1182 2410; x_wconf 90' lang='lat' dir='ltr'><strong>per</strong></span> <span class='ocrx_word' id='word_1_158' title='bbox 1195 2338 1378 2394; x_wconf 70' lang='lat' dir='ltr'><strong>Iesum</strong></span> <span class='ocrx_word' id='word_1_159' title='bbox 1398 2334 1670 2390; x_wconf 83' lang='lat' dir='ltr'><strong>Christum</strong></span> <span class='ocrx_word' id='word_1_160' title='bbox 1692 2330 1971 2385; x_wconf 89' lang='lat' dir='ltr'><strong>Dominum</strong></span> <span class='ocrx_word' id='word_1_161' title='bbox 1993 2334 2253 2387; x_wconf 90' lang='lat' dir='ltr'><strong>nostrum,</strong></span> 
     </span>
    </p>
   </div>
   <div class='ocr_carea' id='block_1_23' title="bbox 672 2417 2256 2508">
    <p class='ocr_par' dir='ltr' id='par_1_23' title="bbox 672 2417 2256 2508">
     <span class='ocr_line' id='line_1_23' title="bbox 672 2417 2256 2508; baseline -0.015 -17"><span class='ocrx_word' id='word_1_162' title='bbox 672 2417 923 2508; x_wconf 84' lang='lat' dir='ltr'><strong>tanquam</strong></span> <span class='ocrx_word' id='word_1_163' title='bbox 962 2429 1299 2488; x_wconf 89' lang='lat' dir='ltr'><strong>defendendo</strong></span> <span class='ocrx_word' id='word_1_164' title='bbox 1338 2428 1561 2482; x_wconf 90' lang='lat' dir='ltr'><strong>liberum</strong></span> <span class='ocrx_word' id='word_1_165' title='bbox 1591 2421 1901 2485; x_wconf 86' lang='lat' dir='ltr'><strong>arbitrium,</strong></span> <span class='ocrx_word' id='word_1_166' title='bbox 1932 2417 2256 2489; x_wconf 81' lang='lat' dir='ltr'><strong>disputaret,</strong></span> 
     </span>
    </p>
   </div>
   <div class='ocr_carea' id='block_1_24' title="bbox 670 2504 2254 2585">
    <p class='ocr_par' dir='ltr' id='par_1_24' title="bbox 670 2504 2254 2585">
     <span class='ocr_line' id='line_1_24' title="bbox 670 2504 2254 2585; baseline -0.017 -1"><span class='ocrx_word' id='word_1_167' title='bbox 670 2540 726 2584; x_wconf 89' lang='lat' dir='ltr'><strong>et</strong></span> <span class='ocrx_word' id='word_1_168' title='bbox 751 2534 1033 2585; x_wconf 74' lang='lat' dir='ltr'><strong>conaretur</strong></span> <span class='ocrx_word' id='word_1_169' title='bbox 1052 2521 1358 2579; x_wconf 72' lang='lat' dir='ltr'><strong>christiana:</strong></span> <span class='ocrx_word' id='word_1_170' title='bbox 1383 2517 1502 2571; x_wconf 83' lang='lat' dir='ltr'><strong>fidei</strong></span> <span class='ocrx_word' id='word_1_171' title='bbox 1526 2514 1918 2569; x_wconf 85' lang='lat' dir='ltr'><strong>firmamentum</strong></span> <span class='ocrx_word' id='word_1_172' title='bbox 1943 2515 2188 2563; x_wconf 80' lang='lat' dir='ltr'><strong>evertere</strong></span> <span class='ocrx_word' id='word_1_173' title='bbox 2212 2504 2254 2570; x_wconf 87' lang='grc'><strong>¹,</strong></span> 
     </span>
    </p>
   </div>
   <div class='ocr_carea' id='block_1_25' title="bbox 669 2603 2262 2690">
    <p class='ocr_par' dir='ltr' id='par_1_25' title="bbox 669 2603 2262 2690">
     <span class='ocr_line' id='line_1_25' title="bbox 669 2603 2262 2690; baseline -0.018 -15"><span class='ocrx_word' id='word_1_174' title='bbox 669 2621 740 2675; x_wconf 89' lang='lat' dir='ltr'><strong>de</strong></span> <span class='ocrx_word' id='word_1_175' title='bbox 764 2634 870 2690; x_wconf 91' lang='lat' dir='ltr'><strong>quo</strong></span> <span class='ocrx_word' id='word_1_176' title='bbox 894 2617 1149 2683; x_wconf 88' lang='lat' dir='ltr'><strong>scriptum</strong></span> <span class='ocrx_word' id='word_1_177' title='bbox 1175 2620 1280 2678; x_wconf 90' lang='lat' dir='ltr'><strong>est,</strong></span> <span class='ocrx_word' id='word_1_178' title='bbox 1315 2609 1416 2664; x_wconf 82' lang='lat' dir='ltr'><strong>Per</strong></span> <span class='ocrx_word' id='word_1_179' title='bbox 1444 2621 1602 2661; x_wconf 81' lang='lat' dir='ltr'><strong>unum</strong></span> <span class='ocrx_word' id='word_1_180' title='bbox 1630 2603 1885 2659; x_wconf 80' lang='lat' dir='ltr'><strong>hominem</strong></span> <span class='ocrx_word' id='word_1_181' title='bbox 1911 2614 2071 2664; x_wconf 71' lang='lat' dir='ltr'><strong>more,</strong></span> <span class='ocrx_word' id='word_1_182' title='bbox 2101 2604 2148 2650; x_wconf 87' lang='lat' dir='ltr'><strong>et</strong></span> <span class='ocrx_word' id='word_1_183' title='bbox 2174 2609 2262 2665; x_wconf 88' lang='lat' dir='ltr'><strong>per</strong></span> 
     </span>
    </p>
   </div>
   <div class='ocr_carea' id='block_1_26' title="bbox 671 2686 2261 2764">
    <p class='ocr_par' dir='ltr' id='par_1_26' title="bbox 671 2686 2261 2764">
     <span class='ocr_line' id='line_1_26' title="bbox 671 2686 2261 2764; baseline -0.016 0"><span class='ocrx_word' id='word_1_184' title='bbox 671 2726 830 2764; x_wconf 80' lang='lat' dir='ltr'><strong>unum</strong></span> <span class='ocrx_word' id='word_1_185' title='bbox 874 2707 1127 2761; x_wconf 86' lang='lat' dir='ltr'><strong>hominem</strong></span> <span class='ocrx_word' id='word_1_186' title='bbox 1162 2699 1463 2757; x_wconf 80' lang='lat' dir='ltr'><strong>resurrectio</strong></span> <span class='ocrx_word' id='word_1_187' title='bbox 1489 2705 1805 2751; x_wconf 86' lang='lat' dir='ltr'><strong>mortuorum</strong></span> <span class='ocrx_word' id='word_1_188' title='bbox 1825 2707 1845 2746; x_wconf 91' lang='lat'><strong><em>:</em></strong></span> <span class='ocrx_word' id='word_1_189' title='bbox 1889 2690 2020 2746; x_wconf 78' lang='lat' dir='ltr'><strong>sicut</strong></span> <span class='ocrx_word' id='word_1_190' title='bbox 2047 2689 2180 2743; x_wconf 85' lang='lat' dir='ltr'><strong>enim</strong></span> <span class='ocrx_word' id='word_1_191' title='bbox 2208 2686 2261 2740; x_wconf 88' lang='lat' dir='ltr'><strong>in</strong></span> 
     </span>
    </p>
   </div>
   <div class='ocr_carea' id='block_1_27' title="bbox 672 2778 2265 2858">
    <p class='ocr_par' dir='ltr' id='par_1_27' title="bbox 672 2778 2265 2858">
     <span class='ocr_line' id='line_1_27' title="bbox 672 2778 2265 2858; baseline -0.016 -3"><span class='ocrx_word' id='word_1_192' title='bbox 672 2802 839 2855; x_wconf 80' lang='lat' dir='ltr'><strong>Adam</strong></span> <span class='ocrx_word' id='word_1_193' title='bbox 864 2814 1036 2854; x_wconf 81' lang='lat' dir='ltr'><strong>omnes</strong></span> <span class='ocrx_word' id='word_1_194' title='bbox 1061 2795 1367 2858; x_wconf 81' lang='lat' dir='ltr'><strong>moriuntur,</strong></span> <span class='ocrx_word' id='word_1_195' title='bbox 1396 2791 1469 2845; x_wconf 77' lang='lat' dir='ltr'><strong>sic</strong></span> <span class='ocrx_word' id='word_1_196' title='bbox 1506 2798 1552 2842; x_wconf 82' lang='lat' dir='ltr'><strong>et</strong></span> <span class='ocrx_word' id='word_1_197' title='bbox 1575 2789 1630 2842; x_wconf 87' lang='lat' dir='ltr'><strong>in</strong></span> <span class='ocrx_word' id='word_1_198' title='bbox 1666 2785 1870 2842; x_wconf 75' lang='lat' dir='ltr'><strong>Christo</strong></span> <span class='ocrx_word' id='word_1_199' title='bbox 1904 2797 2078 2837; x_wconf 80' lang='lat' dir='ltr'><strong>omnes</strong></span> <span class='ocrx_word' id='word_1_200' title='bbox 2102 2778 2265 2846; x_wconf 78' lang='lat' dir='ltr'><strong>uiuifi-</strong></span> 
     </span>
    </p>
   </div>
   <div class='ocr_carea' id='block_1_28' title="bbox 673 2868 2265 2960">
    <p class='ocr_par' dir='ltr' id='par_1_28' title="bbox 673 2868 2265 2960">
     <span class='ocr_line' id='line_1_28' title="bbox 673 2868 2265 2960; baseline -0.015 -14"><span class='ocrx_word' id='word_1_201' title='bbox 673 2893 923 2947; x_wconf 84' lang='lat' dir='ltr'><strong>cabuntur</strong></span> <span class='ocrx_word' id='word_1_202' title='bbox 951 2887 1059 2960; x_wconf 85' lang='lat' dir='ltr'><strong>(Id.</strong></span> <span class='ocrx_word' id='word_1_203' title='bbox 1088 2901 1193 2949; x_wconf 87' lang='lat' dir='ltr'><strong>xv,</strong></span> <span class='ocrx_word' id='word_1_204' title='bbox 1231 2884 1293 2939; x_wconf 73' lang='lat'><strong>21</strong></span> <span class='ocrx_word' id='word_1_205' title='bbox 1317 2925 1333 2951; x_wconf 92' lang='lat'><strong>,</strong></span> <span class='ocrx_word' id='word_1_206' title='bbox 1370 2880 1463 2951; x_wconf 70' lang='lat'><strong>22)</strong></span> <span class='ocrx_word' id='word_1_207' title='bbox 1492 2898 1507 2935; x_wconf 89' lang='lat'><strong>:</strong></span> <span class='ocrx_word' id='word_1_208' title='bbox 1538 2888 1594 2934; x_wconf 89' lang='lat' dir='ltr'><strong>et</strong></span> <span class='ocrx_word' id='word_1_209' title='bbox 1630 2878 1682 2932; x_wconf 92' lang='lat' dir='ltr'><strong>in</strong></span> <span class='ocrx_word' id='word_1_210' title='bbox 1708 2875 1918 2931; x_wconf 82' lang='lat' dir='ltr'><strong>actibus</strong></span> <span class='ocrx_word' id='word_1_211' title='bbox 1945 2871 2143 2927; x_wconf 87' lang='lat' dir='ltr'><strong>nostris</strong></span> <span class='ocrx_word' id='word_1_212' title='bbox 2167 2868 2265 2924; x_wconf 87' lang='lat' dir='ltr'><strong>Dei</strong></span> 
     </span>
    </p>
   </div>
   <div class='ocr_carea' id='block_1_29' title="bbox 674 2970 2263 3053">
    <p class='ocr_par' dir='ltr' id='par_1_29' title="bbox 674 2970 2263 3053">
     <span class='ocr_line' id='line_1_29' title="bbox 674 2970 2263 3053; baseline -0.015 -15"><span class='ocrx_word' id='word_1_213' title='bbox 674 2980 997 3053; x_wconf 88' lang='lat' dir='ltr'><strong>adjutorium</strong></span> <span class='ocrx_word' id='word_1_214' title='bbox 1035 2978 1348 3047; x_wconf 78' lang='lat' dir='ltr'><strong>denegaret,</strong></span> <span class='ocrx_word' id='word_1_215' title='bbox 1376 2970 1634 3035; x_wconf 87' lang='lat' dir='ltr'><strong>dicendo,</strong></span> <span class='ocrx_word' id='word_1_216' title='bbox 1679 2986 1699 3020; x_wconf 79' lang='grc' dir='ltr'><strong>ι</strong></span> <span class='ocrx_word' id='word_1_217' title='bbox 1728 2975 1916 3021; x_wconf 90' lang='lat' dir='ltr'><strong>utnon</strong></span> <span class='ocrx_word' id='word_1_218' title='bbox 1947 2974 2263 3034; x_wconf 88' lang='lat' dir='ltr'><strong>peccemus,</strong></span> 
     </span>
    </p>
   </div>
   <div class='ocr_carea' id='block_1_30' title="bbox 681 3053 2264 3147">
    <p class='ocr_par' dir='ltr' id='par_1_30' title="bbox 681 3053 2264 3147">
     <span class='ocr_line' id='line_1_30' title="bbox 681 3053 2264 3147; baseline -0.016 -16"><span class='ocrx_word' id='word_1_219' title='bbox 681 3076 1103 3147; x_wconf 78' lang='lat' dir='ltr'><strong>impleamusque</strong></span> <span class='ocrx_word' id='word_1_220' title='bbox 1124 3068 1407 3139; x_wconf 87' lang='lat' dir='ltr'><strong>justitiam,</strong></span> <span class='ocrx_word' id='word_1_221' title='bbox 1436 3078 1593 3136; x_wconf 83' lang='lat' dir='ltr'><strong>posse</strong></span> <span class='ocrx_word' id='word_1_222' title='bbox 1619 3059 1867 3117; x_wconf 88' lang='lat' dir='ltr'><strong>suflicere</strong></span> <span class='ocrx_word' id='word_1_223' title='bbox 1892 3066 2132 3112; x_wconf 88' lang='lat' dir='ltr'><strong>naturam</strong></span> <span class='ocrx_word' id='word_1_224' title='bbox 2162 3053 2264 3107; x_wconf 89' lang='lat' dir='ltr'><strong>hu-</strong></span> 
     </span>
    </p>
   </div>
   <div class='ocr_carea' id='block_1_31' title="bbox 677 3150 2270 3237">
    <p class='ocr_par' dir='ltr' id='par_1_31' title="bbox 677 3150 2270 3237">
     <span class='ocr_line' id='line_1_31' title="bbox 677 3150 2270 3237; baseline -0.016 -12"><span class='ocrx_word' id='word_1_225' title='bbox 677 3184 912 3235; x_wconf 90' lang='lat' dir='ltr'><strong>manam,</strong></span> <span class='ocrx_word' id='word_1_226' title='bbox 941 3182 1060 3237; x_wconf 67' lang='lat' dir='ltr'><strong>quae</strong></span> <span class='ocrx_word' id='word_1_227' title='bbox 1081 3162 1295 3219; x_wconf 88' lang='lat' dir='ltr'><strong>condita</strong></span> <span class='ocrx_word' id='word_1_228' title='bbox 1319 3170 1403 3215; x_wconf 89' lang='lat' dir='ltr'><strong>est</strong></span> <span class='ocrx_word' id='word_1_229' title='bbox 1425 3173 1547 3213; x_wconf 90' lang='lat' dir='ltr'><strong>cum</strong></span> <span class='ocrx_word' id='word_1_230' title='bbox 1574 3156 1745 3211; x_wconf 89' lang='lat' dir='ltr'><strong>libero</strong></span> <span class='ocrx_word' id='word_1_231' title='bbox 1764 3150 2017 3214; x_wconf 89' lang='lat' dir='ltr'><strong>arbitrio;</strong></span> <span class='ocrx_word' id='word_1_232' title='bbox 2043 3160 2270 3217; x_wconf 89' lang='lat' dir='ltr'><strong>eamque</strong></span> 
     </span>
    </p>
   </div>
   <div class='ocr_carea' id='block_1_32' title="bbox 586 3240 2269 3338">
    <p class='ocr_par' dir='ltr' id='par_1_32' title="bbox 586 3240 2269 3338">
     <span class='ocr_line' id='line_1_32' title="bbox 586 3240 2269 3338; baseline -0.015 -20"><span class='ocrx_word' id='word_1_233' title='bbox 586 3334 591 3338; x_wconf 24' lang='lat'>&#39;</span> <span class='ocrx_word' id='word_1_234' title='bbox 676 3276 797 3317; x_wconf 79' lang='lat' dir='ltr'><strong>esse</strong></span> <span class='ocrx_word' id='word_1_235' title='bbox 826 3260 921 3315; x_wconf 88' lang='lat' dir='ltr'><strong>Dei</strong></span> <span class='ocrx_word' id='word_1_236' title='bbox 945 3257 1191 3329; x_wconf 77' lang='lat' dir='ltr'><strong>gratiam,</strong></span> <span class='ocrx_word' id='word_1_237' title='bbox 1223 3253 1343 3325; x_wconf 88' lang='lat' dir='ltr'><strong>quia</strong></span> <span class='ocrx_word' id='word_1_238' title='bbox 1374 3252 1452 3305; x_wconf 91' lang='lat' dir='ltr'><strong>sic</strong></span> <span class='ocrx_word' id='word_1_239' title='bbox 1492 3247 1691 3305; x_wconf 85' lang='lat' dir='ltr'><strong>conditi</strong></span> <span class='ocrx_word' id='word_1_240' title='bbox 1720 3258 1928 3310; x_wconf 90' lang='lat' dir='ltr'><strong>sumus,</strong></span> <span class='ocrx_word' id='word_1_241' title='bbox 1959 3249 2017 3296; x_wconf 94' lang='lat' dir='ltr'><strong>ut</strong></span> <span class='ocrx_word' id='word_1_242' title='bbox 2043 3240 2147 3295; x_wconf 89' lang='lat' dir='ltr'><strong>hoc</strong></span> <span class='ocrx_word' id='word_1_243' title='bbox 2171 3253 2269 3294; x_wconf 89' lang='lat' dir='ltr'><strong>vo-</strong></span> 
     </span>
    </p>
   </div>
   <div class='ocr_carea' id='block_1_33' title="bbox 679 3330 2270 3421">
    <p class='ocr_par' dir='ltr' id='par_1_33' title="bbox 679 3330 2270 3421">
     <span class='ocr_line' id='line_1_33' title="bbox 679 3330 2270 3421; baseline -0.016 -12"><span class='ocrx_word' id='word_1_244' title='bbox 679 3356 882 3409; x_wconf 89' lang='lat' dir='ltr'><strong>luntate</strong></span> <span class='ocrx_word' id='word_1_245' title='bbox 908 3351 1195 3421; x_wconf 86' lang='lat' dir='ltr'><strong>possimus,</strong></span> <span class='ocrx_word' id='word_1_246' title='bbox 1220 3355 1277 3402; x_wconf 89' lang='lat' dir='ltr'><strong>et</strong></span> <span class='ocrx_word' id='word_1_247' title='bbox 1302 3343 1440 3414; x_wconf 88' lang='lat' dir='ltr'><strong>quod</strong></span> <span class='ocrx_word' id='word_1_248' title='bbox 1466 3339 1787 3411; x_wconf 89' lang='lat' dir='ltr'><strong>adjutorium</strong></span> <span class='ocrx_word' id='word_1_249' title='bbox 1817 3336 1948 3406; x_wconf 80' lang='lat' dir='ltr'><strong>legis</strong></span> <span class='ocrx_word' id='word_1_250' title='bbox 1988 3330 2270 3388; x_wconf 83' lang='lat' dir='ltr'><strong>mandato-</strong></span> 
     </span>
    </p>
   </div>
   <div class='ocr_carea' id='block_1_34' title="bbox 677 3424 2274 3514">
    <p class='ocr_par' dir='ltr' id='par_1_34' title="bbox 677 3424 2274 3514">
     <span class='ocr_line' id='line_1_34' title="bbox 677 3424 2274 3514; baseline -0.017 -14"><span class='ocrx_word' id='word_1_251' title='bbox 677 3459 903 3514; x_wconf 88' lang='lat' dir='ltr'><strong>rumque</strong></span> <span class='ocrx_word' id='word_1_252' title='bbox 931 3455 1150 3496; x_wconf 89' lang='lat' dir='ltr'><strong>suorum</strong></span> <span class='ocrx_word' id='word_1_253' title='bbox 1181 3436 1454 3511; x_wconf 34' lang='lat' dir='ltr'><strong>dedituet</strong></span> <span class='ocrx_word' id='word_1_254' title='bbox 1478 3430 1618 3503; x_wconf 89' lang='lat' dir='ltr'><strong>quod</strong></span> <span class='ocrx_word' id='word_1_255' title='bbox 1644 3428 1711 3483; x_wconf 94' lang='lat' dir='ltr'><strong>ad</strong></span> <span class='ocrx_word' id='word_1_256' title='bbox 1746 3442 1805 3482; x_wconf 89' lang='lat' dir='ltr'><strong>se</strong></span> <span class='ocrx_word' id='word_1_257' title='bbox 1843 3424 2117 3480; x_wconf 83' lang='lat' dir='ltr'><strong>conversis</strong></span> <span class='ocrx_word' id='word_1_258' title='bbox 2144 3432 2274 3492; x_wconf 88' lang='lat' dir='ltr'><strong>pec-</strong></span> 
     </span>
    </p>
   </div>
   <div class='ocr_carea' id='block_1_35' title="bbox 673 3514 2270 3606">
    <p class='ocr_par' dir='ltr' id='par_1_35' title="bbox 673 3514 2270 3606">
     <span class='ocr_line' id='line_1_35' title="bbox 673 3514 2270 3606; baseline -0.016 -14"><span class='ocrx_word' id='word_1_259' title='bbox 673 3544 789 3592; x_wconf 87' lang='lat' dir='ltr'><strong>cata</strong></span> <span class='ocrx_word' id='word_1_260' title='bbox 815 3533 1079 3606; x_wconf 73' lang='lat' dir='ltr'><strong>przeterita</strong></span> <span class='ocrx_word' id='word_1_261' title='bbox 1110 3528 1368 3600; x_wconf 89' lang='lat' dir='ltr'><strong>ignoscit;</strong></span> <span class='ocrx_word' id='word_1_262' title='bbox 1401 3546 1421 3578; x_wconf 71' lang='grc' dir='ltr'><strong>ι</strong></span> <span class='ocrx_word' id='word_1_263' title='bbox 1454 3524 1507 3579; x_wconf 90' lang='lat' dir='ltr'><strong>in</strong></span> <span class='ocrx_word' id='word_1_264' title='bbox 1531 3523 1615 3579; x_wconf 88' lang='lat' dir='ltr'><strong>his</strong></span> <span class='ocrx_word' id='word_1_265' title='bbox 1633 3521 1764 3575; x_wconf 91' lang='lat' dir='ltr'><strong>solis</strong></span> <span class='ocrx_word' id='word_1_266' title='bbox 1785 3532 1906 3574; x_wconf 89' lang='lat' dir='ltr'><strong>esse</strong></span> <span class='ocrx_word' id='word_1_267' title='bbox 1928 3515 2022 3571; x_wconf 89' lang='lat' dir='ltr'><strong>Dei</strong></span> <span class='ocrx_word' id='word_1_268' title='bbox 2044 3514 2270 3587; x_wconf 88' lang='lat' dir='ltr'><strong>gratiam</strong></span> 
     </span>
    </p>
   </div>
   <div class='ocr_carea' id='block_1_36' title="bbox 676 3605 2274 3700">
    <p class='ocr_par' dir='ltr' id='par_1_36' title="bbox 676 3605 2274 3700">
     <span class='ocr_line' id='line_1_36' title="bbox 676 3605 2274 3700; baseline -0.017 -15"><span class='ocrx_word' id='word_1_269' title='bbox 676 3605 1059 3700; x_wconf 84' lang='lat' dir='ltr'><strong>deputandam,</strong></span> <span class='ocrx_word' id='word_1_270' title='bbox 1087 3638 1194 3678; x_wconf 90' lang='lat' dir='ltr'><strong>non</strong></span> <span class='ocrx_word' id='word_1_271' title='bbox 1217 3622 1269 3675; x_wconf 91' lang='lat' dir='ltr'><strong>in</strong></span> <span class='ocrx_word' id='word_1_272' title='bbox 1294 3617 1559 3689; x_wconf 89' lang='lat' dir='ltr'><strong>adjutorio</strong></span> <span class='ocrx_word' id='word_1_273' title='bbox 1586 3621 1894 3669; x_wconf 91' lang='lat' dir='ltr'><strong>nostrorum</strong></span> <span class='ocrx_word' id='word_1_274' title='bbox 1922 3617 2135 3663; x_wconf 88' lang='lat' dir='ltr'><strong>actuum</strong></span> <span class='ocrx_word' id='word_1_275' title='bbox 2162 3605 2274 3659; x_wconf 72' lang='lat' dir='ltr'><strong>sin-</strong></span> 
     </span>
    </p>
   </div>
   <div class='ocr_carea' id='block_1_37' title="bbox 676 3703 2274 3794">
    <p class='ocr_par' dir='ltr' id='par_1_37' title="bbox 676 3703 2274 3794">
     <span class='ocr_line' id='line_1_37' title="bbox 676 3703 2274 3794; baseline -0.017 -16"><span class='ocrx_word' id='word_1_276' title='bbox 676 3724 942 3794; x_wconf 89' lang='lat' dir='ltr'><strong>gulorum.</strong></span> <span class='ocrx_word' id='word_1_277' title='bbox 976 3736 996 3769; x_wconf 74' lang='grc' dir='ltr'><strong>ι</strong></span> <span class='ocrx_word' id='word_1_278' title='bbox 1027 3718 1192 3772; x_wconf 87' lang='lat' dir='ltr'><strong>Posse</strong></span> <span class='ocrx_word' id='word_1_279' title='bbox 1210 3713 1354 3769; x_wconf 89' lang='lat' dir='ltr'><strong>enim</strong></span> <span class='ocrx_word' id='word_1_280' title='bbox 1377 3709 1647 3764; x_wconf 85' lang='lat' dir='ltr'><strong>hominem</strong></span> <span class='ocrx_word' id='word_1_281' title='bbox 1668 3719 1790 3760; x_wconf 87' lang='lat' dir='ltr'><strong>esse</strong></span> <span class='ocrx_word' id='word_1_282' title='bbox 1809 3703 1927 3758; x_wconf 87' lang='lat' dir='ltr'><strong>sine</strong></span> <span class='ocrx_word' id='word_1_283' title='bbox 1947 3708 2190 3770; x_wconf 85' lang='lat' dir='ltr'><strong>peccato,</strong></span> <span class='ocrx_word' id='word_1_284' title='bbox 2218 3705 2274 3752; x_wconf 90' lang='lat' dir='ltr'><strong>et</strong></span> 
     </span>
    </p>
   </div>
   <div class='ocr_carea' id='block_1_38' title="bbox 678 3796 2159 3870">
    <p class='ocr_par' dir='ltr' id='par_1_38' title="bbox 678 3796 2159 3870">
     <span class='ocr_line' id='line_1_38' title="bbox 678 3796 2159 3870; baseline -0.022 1"><span class='ocrx_word' id='word_1_285' title='bbox 678 3813 926 3870; x_wconf 84' lang='lat' dir='ltr'><strong>mandata</strong></span> <span class='ocrx_word' id='word_1_286' title='bbox 960 3810 1052 3865; x_wconf 90' lang='lat' dir='ltr'><strong>Dei</strong></span> <span class='ocrx_word' id='word_1_287' title='bbox 1081 3807 1234 3862; x_wconf 83' lang='lat' dir='ltr'><strong>facile</strong></span> <span class='ocrx_word' id='word_1_288' title='bbox 1258 3800 1549 3866; x_wconf 90' lang='lat' dir='ltr'><strong>custodire,</strong></span> <span class='ocrx_word' id='word_1_289' title='bbox 1581 3798 1626 3853; x_wconf 91' lang='lat' dir='ltr'><strong>si</strong></span> <span class='ocrx_word' id='word_1_290' title='bbox 1649 3796 1795 3851; x_wconf 87' lang='lat' dir='ltr'><strong>velit.</strong></span> <span class='ocrx_word' id='word_1_291' title='bbox 1828 3812 1847 3845; x_wconf 76' lang='grc' dir='ltr'><strong>ι</strong></span> <span class='ocrx_word' id='word_1_292' title='bbox 2154 3799 2159 3807; x_wconf 62' lang='grc'><em>³</em></span> 
     </span>
    </p>
   </div>
   <div class='ocr_carea' id='block_1_39' title="bbox 753 3881 2271 3965">
    <p class='ocr_par' dir='ltr' id='par_1_39' title="bbox 753 3881 2271 3965">
     <span class='ocr_line' id='line_1_39' title="bbox 753 3881 2271 3965; baseline -0.018 -4"><span class='ocrx_word' id='word_1_293' title='bbox 753 3905 842 3962; x_wconf 81' lang='grc'>62.</span> <span class='ocrx_word' id='word_1_294' title='bbox 860 3905 960 3959; x_wconf 86' lang='lat' dir='ltr'><strong>Ista</strong></span> <span class='ocrx_word' id='word_1_295' title='bbox 978 3900 1200 3956; x_wconf 76' lang='lat' dir='ltr'><strong>haeresis</strong></span> <span class='ocrx_word' id='word_1_296' title='bbox 1219 3913 1340 3952; x_wconf 91' lang='lat' dir='ltr'><strong>cum</strong></span> <span class='ocrx_word' id='word_1_297' title='bbox 1364 3893 1622 3965; x_wconf 91' lang='lat' dir='ltr'><strong>plurimos</strong></span> <span class='ocrx_word' id='word_1_298' title='bbox 1641 3886 1961 3957; x_wconf 88' lang='lat' dir='ltr'><strong>decepisset,</strong></span> <span class='ocrx_word' id='word_1_299' title='bbox 1984 3891 2039 3939; x_wconf 93' lang='lat' dir='ltr'><strong>et</strong></span> <span class='ocrx_word' id='word_1_300' title='bbox 2056 3881 2271 3946; x_wconf 89' lang='lat' dir='ltr'><strong>fratres,</strong></span> 
     </span>
    </p>
   </div>
   <div class='ocr_carea' id='block_1_40' title="bbox 680 3972 2273 4070">
    <p class='ocr_par' dir='ltr' id='par_1_40' title="bbox 680 3972 2273 4070">
     <span class='ocr_line' id='line_1_40' title="bbox 680 3972 2273 4070; baseline -0.018 -18"><span class='ocrx_word' id='word_1_301' title='bbox 680 4013 816 4070; x_wconf 88' lang='lat' dir='ltr'><strong>quos</strong></span> <span class='ocrx_word' id='word_1_302' title='bbox 846 4011 951 4050; x_wconf 92' lang='lat' dir='ltr'><strong>non</strong></span> <span class='ocrx_word' id='word_1_303' title='bbox 989 3993 1304 4061; x_wconf 83' lang='lat' dir='ltr'><strong>deceperat,</strong></span> <span class='ocrx_word' id='word_1_304' title='bbox 1334 3984 1713 4044; x_wconf 87' lang='lat' dir='ltr'><strong>conturbaret;</strong></span> <span class='ocrx_word' id='word_1_305' title='bbox 1748 3975 2029 4033; x_wconf 60' lang='lat' dir='ltr'><strong>Caelestius</strong></span> <span class='ocrx_word' id='word_1_306' title='bbox 2057 3972 2273 4044; x_wconf 90' lang='lat' dir='ltr'><strong>quidam</strong></span> 
     </span>
    </p>
   </div>
   <div class='ocr_carea' id='block_1_41' title="bbox 683 4066 2276 4149">
    <p class='ocr_par' dir='ltr' id='par_1_41' title="bbox 683 4066 2276 4149">
     <span class='ocr_line' id='line_1_41' title="bbox 683 4066 2276 4149; baseline -0.014 -6"><span class='ocrx_word' id='word_1_307' title='bbox 683 4066 806 4143; x_wconf 80' lang='lat' dir='ltr'><strong>talia</strong></span> <span class='ocrx_word' id='word_1_308' title='bbox 847 4086 1085 4142; x_wconf 89' lang='lat' dir='ltr'><strong>sentiens</strong></span> <span class='ocrx_word' id='word_1_309' title='bbox 1106 4124 1118 4145; x_wconf 85' lang='lat'><strong>,</strong></span> <span class='ocrx_word' id='word_1_310' title='bbox 1150 4080 1218 4136; x_wconf 87' lang='lat' dir='ltr'><strong>ad</strong></span> <span class='ocrx_word' id='word_1_311' title='bbox 1259 4078 1516 4149; x_wconf 86' lang='lat' dir='ltr'><strong>judicium</strong></span> <span class='ocrx_word' id='word_1_312' title='bbox 1544 4069 1984 4142; x_wconf 82' lang='lat' dir='ltr'><strong>Carthagineusis</strong></span> <span class='ocrx_word' id='word_1_313' title='bbox 2020 4066 2276 4122; x_wconf 62' lang='lat' dir='ltr'><strong>Ecclesiae</strong></span> 
     </span>
    </p>
   </div>
   <div class='ocr_carea' id='block_1_42' title="bbox 684 4156 2271 4250">
    <p class='ocr_par' dir='ltr' id='par_1_42' title="bbox 684 4156 2271 4250">
     <span class='ocr_line' id='line_1_42' title="bbox 684 4156 2271 4250; baseline -0.017 -15"><span class='ocrx_word' id='word_1_314' title='bbox 684 4178 992 4250; x_wconf 86' lang='lat' dir='ltr'><strong>perductus,</strong></span> <span class='ocrx_word' id='word_1_315' title='bbox 1010 4174 1381 4245; x_wconf 88' lang='lat' dir='ltr'><strong>episcoporum</strong></span> <span class='ocrx_word' id='word_1_316' title='bbox 1397 4166 1657 4223; x_wconf 88' lang='lat' dir='ltr'><strong>sententia</strong></span> <span class='ocrx_word' id='word_1_317' title='bbox 1674 4162 2058 4218; x_wconf 89' lang='lat' dir='ltr'><strong>condemnatus</strong></span> <span class='ocrx_word' id='word_1_318' title='bbox 2074 4168 2156 4213; x_wconf 72' lang='grc' dir='ltr'><strong>ρει</strong></span> <span class='ocrx_word' id='word_1_319' title='bbox 2174 4156 2271 4228; x_wconf 87' lang='lat' dir='ltr'><strong>(a).</strong></span> 
     </span>
    </p>
   </div>
   <div class='ocr_carea' id='block_1_43' title="bbox 686 4248 2275 4339">
    <p class='ocr_par' dir='ltr' id='par_1_43' title="bbox 686 4248 2275 4339">
     <span class='ocr_line' id='line_1_43' title="bbox 686 4248 2275 4339; baseline -0.016 -13"><span class='ocrx_word' id='word_1_320' title='bbox 686 4248 887 4326; x_wconf 80' lang='lat' dir='ltr'><strong>Deinde</strong></span> <span class='ocrx_word' id='word_1_321' title='bbox 912 4276 1032 4339; x_wconf 90' lang='lat' dir='ltr'><strong>post</strong></span> <span class='ocrx_word' id='word_1_322' title='bbox 1055 4266 1255 4334; x_wconf 79' lang='lat' dir='ltr'><strong>aliquot</strong></span> <span class='ocrx_word' id='word_1_323' title='bbox 1293 4275 1462 4315; x_wconf 89' lang='lat' dir='ltr'><strong>annos</strong></span> <span class='ocrx_word' id='word_1_324' title='bbox 1488 4256 1723 4325; x_wconf 82' lang='lat' dir='ltr'><strong>Pelagio,</strong></span> <span class='ocrx_word' id='word_1_325' title='bbox 1759 4253 1849 4323; x_wconf 92' lang='lat' dir='ltr'><strong>qui</strong></span> <span class='ocrx_word' id='word_1_326' title='bbox 1875 4251 2129 4321; x_wconf 85' lang='lat' dir='ltr'><strong>magister</strong></span> <span class='ocrx_word' id='word_1_327' title='bbox 2157 4248 2275 4316; x_wconf 87' lang='lat' dir='ltr'><strong>ejus</strong></span> 
     </span>
    </p>
   </div>
   <div class='ocr_carea' id='block_1_44' title="bbox 684 4337 2274 4435">
    <p class='ocr_par' dir='ltr' id='par_1_44' title="bbox 684 4337 2274 4435">
     <span class='ocr_line' id='line_1_44' title="bbox 684 4337 2274 4435; baseline -0.018 -15"><span class='ocrx_word' id='word_1_328' title='bbox 684 4337 1077 4435; x_wconf 85' lang='lat' dir='ltr'><strong>perhiberetur,</strong></span> <span class='ocrx_word' id='word_1_329' title='bbox 1118 4370 1240 4411; x_wconf 90' lang='lat' dir='ltr'><strong>cum</strong></span> <span class='ocrx_word' id='word_1_330' title='bbox 1288 4354 1386 4407; x_wconf 89' lang='lat' dir='ltr'><strong>ista</strong></span> <span class='ocrx_word' id='word_1_331' title='bbox 1430 4348 1652 4405; x_wconf 64' lang='lat' dir='ltr'><strong>hmresis</strong></span> <span class='ocrx_word' id='word_1_332' title='bbox 1694 4343 1886 4400; x_wconf 88' lang='lat' dir='ltr'><strong>fuisset</strong></span> <span class='ocrx_word' id='word_1_333' title='bbox 1923 4341 2163 4410; x_wconf 86' lang='lat' dir='ltr'><strong>objecta,</strong></span> <span class='ocrx_word' id='word_1_334' title='bbox 2208 4337 2274 4392; x_wconf 92' lang='lat' dir='ltr'><strong>ad</strong></span> 
     </span>
    </p>
   </div>
   <div class='ocr_carea' id='block_1_45' title="bbox 685 4432 2275 4527">
    <p class='ocr_par' dir='ltr' id='par_1_45' title="bbox 685 4432 2275 4527">
     <span class='ocr_line' id='line_1_45' title="bbox 685 4432 2275 4527; baseline -0.018 -16"><span class='ocrx_word' id='word_1_335' title='bbox 685 4432 991 4527; x_wconf 68' lang='lat' dir='ltr'><strong>episcopale</strong></span> <span class='ocrx_word' id='word_1_336' title='bbox 1026 4449 1280 4521; x_wconf 87' lang='lat' dir='ltr'><strong>judicium</strong></span> <span class='ocrx_word' id='word_1_337' title='bbox 1311 4445 1470 4501; x_wconf 89' lang='lat' dir='ltr'><strong>etiam</strong></span> <span class='ocrx_word' id='word_1_338' title='bbox 1513 4442 1629 4512; x_wconf 73' lang='lat' dir='ltr'><strong>ipse</strong></span> <span class='ocrx_word' id='word_1_339' title='bbox 1669 4437 1911 4508; x_wconf 88' lang='lat' dir='ltr'><strong>pervenit</strong></span> <span class='ocrx_word' id='word_1_340' title='bbox 1938 4434 2010 4507; x_wconf 91' lang='lat' dir='ltr'><strong>(b)</strong></span> <span class='ocrx_word' id='word_1_341' title='bbox 2036 4450 2049 4486; x_wconf 91' lang='lat'>:</span> <span class='ocrx_word' id='word_1_342' title='bbox 2079 4432 2275 4487; x_wconf 87' lang='lat' dir='ltr'><strong>recita-</strong></span> 
     </span>
    </p>
   </div>
   <div class='ocr_carea' id='block_1_46' title="bbox 685 4524 2279 4618">
    <p class='ocr_par' dir='ltr' id='par_1_46' title="bbox 685 4524 2279 4618">
     <span class='ocr_line' id='line_1_46' title="bbox 685 4524 2279 4618; baseline -0.016 -15"><span class='ocrx_word' id='word_1_343' title='bbox 685 4524 861 4618; x_wconf 80' lang='lat' dir='ltr'><strong>lisque</strong></span> <span class='ocrx_word' id='word_1_344' title='bbox 874 4524 1133 4599; x_wconf 86' lang='lat' dir='ltr'><strong>omnibus</strong></span> <span class='ocrx_word' id='word_1_345' title='bbox 1156 4554 1276 4610; x_wconf 72' lang='lat' dir='ltr'><strong>qua:</strong></span> <span class='ocrx_word' id='word_1_346' title='bbox 1304 4537 1356 4591; x_wconf 92' lang='lat' dir='ltr'><strong>in</strong></span> <span class='ocrx_word' id='word_1_347' title='bbox 1388 4533 1566 4589; x_wconf 81' lang='lat' dir='ltr'><strong>libello</strong></span> <span class='ocrx_word' id='word_1_348' title='bbox 1594 4536 1781 4586; x_wconf 87' lang='lat' dir='ltr'><strong>contra</strong></span> <span class='ocrx_word' id='word_1_349' title='bbox 1807 4542 1929 4583; x_wconf 91' lang='lat' dir='ltr'><strong>eum</strong></span> <span class='ocrx_word' id='word_1_350' title='bbox 1954 4526 2080 4580; x_wconf 90' lang='lat' dir='ltr'><strong>dato</strong></span> <span class='ocrx_word' id='word_1_351' title='bbox 2106 4524 2279 4579; x_wconf 82' lang='lat' dir='ltr'><strong>lieres</strong></span> 
     </span>
    </p>
   </div>
   <div class='ocr_carea' id='block_1_47' title="bbox 682 4615 2274 4704">
    <p class='ocr_par' dir='ltr' id='par_1_47' title="bbox 682 4615 2274 4704">
     <span class='ocr_line' id='line_1_47' title="bbox 682 4615 2274 4704; baseline -0.018 -6"><span class='ocrx_word' id='word_1_352' title='bbox 682 4649 739 4698; x_wconf 89' lang='lat' dir='ltr'><strong>et</strong></span> <span class='ocrx_word' id='word_1_353' title='bbox 767 4615 1002 4695; x_wconf 67' lang='lat' dir='ltr'><strong>Lazarus</strong></span> <span class='ocrx_word' id='word_1_354' title='bbox 1031 4632 1266 4704; x_wconf 75' lang='lat' dir='ltr'><strong>episcopi</strong></span> <span class='ocrx_word' id='word_1_355' title='bbox 1299 4628 1433 4685; x_wconf 87' lang='lat' dir='ltr'><strong>Galli</strong></span> <span class='ocrx_word' id='word_1_356' title='bbox 1463 4632 1782 4697; x_wconf 88' lang='lat' dir='ltr'><strong>posuerant;</strong></span> <span class='ocrx_word' id='word_1_357' title='bbox 1812 4620 1915 4674; x_wconf 86' lang='lat' dir='ltr'><strong>illis</strong></span> <span class='ocrx_word' id='word_1_358' title='bbox 1938 4618 2151 4690; x_wconf 82' lang='lat' dir='ltr'><strong>quidem</strong></span> <span class='ocrx_word' id='word_1_359' title='bbox 2178 4615 2274 4670; x_wconf 86' lang='lat' dir='ltr'><strong>ab-</strong></span> 
     </span>
    </p>
   </div>
   <div class='ocr_carea' id='block_1_48' title="bbox 684 4708 2275 4796">
    <p class='ocr_par' dir='ltr' id='par_1_48' title="bbox 684 4708 2275 4796">
     <span class='ocr_line' id='line_1_48' title="bbox 684 4708 2275 4796; baseline -0.018 -7"><span class='ocrx_word' id='word_1_360' title='bbox 684 4732 944 4796; x_wconf 85' lang='lat' dir='ltr'><strong>sentibus,</strong></span> <span class='ocrx_word' id='word_1_361' title='bbox 976 4736 1031 4783; x_wconf 91' lang='lat' dir='ltr'><strong>et</strong></span> <span class='ocrx_word' id='word_1_362' title='bbox 1058 4725 1125 4781; x_wconf 88' lang='lat' dir='ltr'><strong>de</strong></span> <span class='ocrx_word' id='word_1_363' title='bbox 1146 4720 1461 4793; x_wconf 79' lang='lat' dir='ltr'><strong>:rgritudine</strong></span> <span class='ocrx_word' id='word_1_364' title='bbox 1482 4718 1638 4772; x_wconf 92' lang='lat' dir='ltr'><strong>unius</strong></span> <span class='ocrx_word' id='word_1_365' title='bbox 1658 4728 1846 4772; x_wconf 88' lang='lat' dir='ltr'><strong>eorum</strong></span> <span class='ocrx_word' id='word_1_366' title='bbox 1877 4708 2275 4772; x_wconf 80' lang='lat' dir='ltr'><strong>excusantibus,</strong></span> 
     </span>
    </p>
   </div>
   <div class='ocr_carea' id='block_1_49' title="bbox 684 4801 2277 4894">
    <p class='ocr_par' dir='ltr' id='par_1_49' title="bbox 684 4801 2277 4894">
     <span class='ocr_line' id='line_1_49' title="bbox 684 4801 2277 4894; baseline -0.018 -12"><span class='ocrx_word' id='word_1_367' title='bbox 684 4823 953 4894; x_wconf 81' lang='lat' dir='ltr'><strong>Pelagium</strong></span> <span class='ocrx_word' id='word_1_368' title='bbox 1004 4818 1069 4872; x_wconf 87' lang='lat' dir='ltr'><strong>ad</strong></span> <span class='ocrx_word' id='word_1_369' title='bbox 1128 4814 1304 4870; x_wconf 88' lang='lat' dir='ltr'><strong>omnia</strong></span> <span class='ocrx_word' id='word_1_370' title='bbox 1370 4808 1822 4880; x_wconf 86' lang='lat' dir='ltr'><strong>respondentem,</strong></span> <span class='ocrx_word' id='word_1_371' title='bbox 1876 4801 2277 4874; x_wconf 86' lang='lat' dir='ltr'><strong>quatuordecim</strong></span> 
     </span>
    </p>
   </div>
   <div class='ocr_carea' id='block_1_50' title="bbox 687 4896 2280 4986">
    <p class='ocr_par' dir='ltr' id='par_1_50' title="bbox 687 4896 2280 4986">
     <span class='ocr_line' id='line_1_50' title="bbox 687 4896 2280 4986; baseline -0.014 -14"><span class='ocrx_word' id='word_1_372' title='bbox 687 4916 921 4986; x_wconf 79' lang='lat' dir='ltr'><strong>episcopi</strong></span> <span class='ocrx_word' id='word_1_373' title='bbox 948 4910 1232 4983; x_wconf 77' lang='lat' dir='ltr'><strong>provinciae</strong></span> <span class='ocrx_word' id='word_1_374' title='bbox 1256 4904 1553 4961; x_wconf 65' lang='lat' dir='ltr'><strong>Palmstiua:</strong></span> <span class='ocrx_word' id='word_1_375' title='bbox 1581 4899 1872 4956; x_wconf 89' lang='lat' dir='ltr'><strong>secundum</strong></span> <span class='ocrx_word' id='word_1_376' title='bbox 1902 4896 2280 4966; x_wconf 76' lang='lat' dir='ltr'><strong>reSponsiones</strong></span> 
     </span>
    </p>
   </div>
   <div class='ocr_carea' id='block_1_51' title="bbox 689 4985 2279 5079">
    <p class='ocr_par' dir='ltr' id='par_1_51' title="bbox 689 4985 2279 5079">
     <span class='ocr_line' id='line_1_51' title="bbox 689 4985 2279 5079; baseline -0.016 -16"><span class='ocrx_word' id='word_1_377' title='bbox 689 5010 806 5079; x_wconf 82' lang='lat' dir='ltr'><strong>ejus</strong></span> <span class='ocrx_word' id='word_1_378' title='bbox 828 4985 1056 5061; x_wconf 77' lang='lat' dir='ltr'><strong>alienant</strong></span> <span class='ocrx_word' id='word_1_379' title='bbox 1092 5018 1119 5055; x_wconf 92' lang='lat' dir='ltr'><strong>a</strong></span> <span class='ocrx_word' id='word_1_380' title='bbox 1150 4999 1499 5072; x_wconf 83' lang='lat' dir='ltr'><strong>perversitate</strong></span> <span class='ocrx_word' id='word_1_381' title='bbox 1528 4995 1686 5065; x_wconf 91' lang='lat' dir='ltr'><strong>hujus</strong></span> <span class='ocrx_word' id='word_1_382' title='bbox 1717 4991 1939 5047; x_wconf 77' lang='lat' dir='ltr'><strong>haeresis</strong></span> <span class='ocrx_word' id='word_1_383' title='bbox 1965 4985 2279 5059; x_wconf 84' lang='lat' dir='ltr'><strong>pronuntia-</strong></span> 
     </span>
    </p>
   </div>
   <div class='ocr_carea' id='block_1_52' title="bbox 690 5078 2278 5165">
    <p class='ocr_par' dir='ltr' id='par_1_52' title="bbox 690 5078 2278 5165">
     <span class='ocr_line' id='line_1_52' title="bbox 690 5078 2278 5165; baseline -0.015 -10"><span class='ocrx_word' id='word_1_384' title='bbox 690 5109 844 5165; x_wconf 89' lang='lat' dir='ltr'><strong>runt;</strong></span> <span class='ocrx_word' id='word_1_385' title='bbox 872 5113 991 5153; x_wconf 89' lang='lat' dir='ltr'><strong>eam</strong></span> <span class='ocrx_word' id='word_1_386' title='bbox 1019 5106 1195 5151; x_wconf 90' lang='lat' dir='ltr'><strong>tamen</strong></span> <span class='ocrx_word' id='word_1_387' title='bbox 1226 5092 1473 5147; x_wconf 63' lang='lat' dir='ltr'><strong>hatresim</strong></span> <span class='ocrx_word' id='word_1_388' title='bbox 1501 5089 1618 5143; x_wconf 88' lang='lat' dir='ltr'><strong>sine</strong></span> <span class='ocrx_word' id='word_1_389' title='bbox 1644 5085 1750 5140; x_wconf 91' lang='lat' dir='ltr'><strong>ulla</strong></span> <span class='ocrx_word' id='word_1_390' title='bbox 1771 5082 2100 5138; x_wconf 81' lang='lat' dir='ltr'><strong>dubitatione</strong></span> <span class='ocrx_word' id='word_1_391' title='bbox 2124 5078 2278 5133; x_wconf 87' lang='lat' dir='ltr'><strong>dam-</strong></span> 
     </span>
    </p>
   </div>
   <div class='ocr_carea' id='block_1_53' title="bbox 694 5170 2280 5257">
    <p class='ocr_par' dir='ltr' id='par_1_53' title="bbox 694 5170 2280 5257">
     <span class='ocr_line' id='line_1_53' title="bbox 694 5170 2280 5257; baseline -0.015 -10"><span class='ocrx_word' id='word_1_392' title='bbox 694 5202 900 5247; x_wconf 87' lang='lat' dir='ltr'><strong>nantes.</strong></span> <span class='ocrx_word' id='word_1_393' title='bbox 936 5186 1372 5257; x_wconf 77' lang='lat' dir='ltr'><strong>Approbaverunt</strong></span> <span class='ocrx_word' id='word_1_394' title='bbox 1402 5182 1545 5238; x_wconf 85' lang='lat' dir='ltr'><strong>enim</strong></span> <span class='ocrx_word' id='word_1_395' title='bbox 1585 5176 1881 5234; x_wconf 85' lang='lat' dir='ltr'><strong>secundum</strong></span> <span class='ocrx_word' id='word_1_396' title='bbox 1910 5172 2051 5244; x_wconf 90' lang='lat' dir='ltr'><strong>quod</strong></span> <span class='ocrx_word' id='word_1_397' title='bbox 2079 5173 2170 5227; x_wconf 90' lang='lat' dir='ltr'><strong>ille</strong></span> <span class='ocrx_word' id='word_1_398' title='bbox 2213 5170 2280 5225; x_wconf 87' lang='lat' dir='ltr'><strong>ad</strong></span> 
     </span>
    </p>
   </div>
   <div class='ocr_carea' id='block_1_54' title="bbox 694 5263 2280 5353">
    <p class='ocr_par' dir='ltr' id='par_1_54' title="bbox 694 5263 2280 5353">
     <span class='ocr_line' id='line_1_54' title="bbox 694 5263 2280 5353; baseline -0.015 -14"><span class='ocrx_word' id='word_1_399' title='bbox 694 5300 753 5339; x_wconf 77' lang='lat' dir='ltr'><strong>ea</strong></span> <span class='ocrx_word' id='word_1_400' title='bbox 775 5296 891 5353; x_wconf 65' lang='lat' dir='ltr'><strong>quae</strong></span> <span class='ocrx_word' id='word_1_401' title='bbox 912 5280 1120 5348; x_wconf 87' lang='lat' dir='ltr'><strong>objecta</strong></span> <span class='ocrx_word' id='word_1_402' title='bbox 1140 5285 1283 5339; x_wconf 89' lang='lat' dir='ltr'><strong>sunt,</strong></span> <span class='ocrx_word' id='word_1_403' title='bbox 1307 5271 1682 5342; x_wconf 85' lang='lat' dir='ltr'><strong>respondebat,</strong></span> <span class='ocrx_word' id='word_1_404' title='bbox 1712 5287 1731 5320; x_wconf 78' lang='grc' dir='ltr'><strong>ι</strong></span> <span class='ocrx_word' id='word_1_405' title='bbox 1754 5265 1990 5337; x_wconf 88' lang='lat' dir='ltr'><strong>adjuvari</strong></span> <span class='ocrx_word' id='word_1_406' title='bbox 2010 5263 2280 5317; x_wconf 91' lang='lat' dir='ltr'><strong>hominem</strong></span> 
     </span>
    </p>
   </div>
   <div class='ocr_carea' id='block_1_55' title="bbox 698 5354 2279 5447">
    <p class='ocr_par' dir='ltr' id='par_1_55' title="bbox 698 5354 2279 5447">
     <span class='ocr_line' id='line_1_55' title="bbox 698 5354 2279 5447; baseline -0.015 -17"><span class='ocrx_word' id='word_1_407' title='bbox 698 5390 794 5447; x_wconf 90' lang='lat' dir='ltr'><strong>per</strong></span> <span class='ocrx_word' id='word_1_408' title='bbox 819 5373 951 5443; x_wconf 85' lang='lat' dir='ltr'><strong>legis</strong></span> <span class='ocrx_word' id='word_1_409' title='bbox 971 5367 1245 5425; x_wconf 85' lang='lat' dir='ltr'><strong>scientiam</strong></span> <span class='ocrx_word' id='word_1_410' title='bbox 1275 5364 1340 5418; x_wconf 90' lang='lat' dir='ltr'><strong>ad</strong></span> <span class='ocrx_word' id='word_1_411' title='bbox 1363 5378 1467 5418; x_wconf 89' lang='lat' dir='ltr'><strong>non</strong></span> <span class='ocrx_word' id='word_1_412' title='bbox 1489 5360 1840 5433; x_wconf 88' lang='lat' dir='ltr'><strong>peccandum,</strong></span> <span class='ocrx_word' id='word_1_413' title='bbox 1863 5357 1998 5411; x_wconf 90' lang='lat' dir='ltr'><strong>sicut</strong></span> <span class='ocrx_word' id='word_1_414' title='bbox 2023 5354 2279 5424; x_wconf 89' lang='lat' dir='ltr'><strong>scriptum</strong></span> 
     </span>
    </p>
   </div>
   <div class='ocr_carea' id='block_1_56' title="bbox 755 5485 2280 5565">
    <p class='ocr_par' dir='ltr' id='par_1_56' title="bbox 755 5485 2280 5565">
     <span class='ocr_line' id='line_1_56' title="bbox 755 5485 2280 5565; baseline -0.016 -6"><span class='ocrx_word' id='word_1_415' title='bbox 755 5512 771 5544; x_wconf 77' lang='grc' dir='ltr'><strong>ι</strong></span> <span class='ocrx_word' id='word_1_416' title='bbox 796 5508 946 5558; x_wconf 81' lang='lat' dir='ltr'><strong>Editio</strong></span> <span class='ocrx_word' id='word_1_417' title='bbox 968 5513 1122 5562; x_wconf 85' lang='lat' dir='ltr'><strong>Suar.,</strong></span> <span class='ocrx_word' id='word_1_418' title='bbox 1158 5499 1785 5565; x_wconf 65' lang='lat' dir='ltr'><strong>ﬁmdamrntmu__evertere.</strong></span> <span class='ocrx_word' id='word_1_419' title='bbox 1830 5488 2021 5550; x_wconf 69' lang='lat' dir='ltr'><strong>Confer,</strong></span> <span class='ocrx_word' id='word_1_420' title='bbox 2045 5486 2186 5547; x_wconf 89' lang='lat' dir='ltr'><strong>infra,</strong></span> <span class='ocrx_word' id='word_1_421' title='bbox 2219 5485 2280 5535; x_wconf 91' lang='lat' dir='ltr'><strong>li-</strong></span> 
     </span>
    </p>
   </div>
   <div class='ocr_carea' id='block_1_57' title="bbox 690 5557 1566 5624">
    <p class='ocr_par' dir='ltr' id='par_1_57' title="bbox 690 5557 1566 5624">
     <span class='ocr_line' id='line_1_57' title="bbox 690 5557 1566 5624; baseline -0.024 0"><span class='ocrx_word' id='word_1_422' title='bbox 690 5557 911 5624; x_wconf 83' lang='lat' dir='ltr'><strong>brumde</strong></span> <span class='ocrx_word' id='word_1_423' title='bbox 934 5557 1131 5617; x_wconf 73' lang='lat' dir='ltr'><strong>Peccato</strong></span> <span class='ocrx_word' id='word_1_424' title='bbox 1149 5557 1367 5624; x_wconf 77' lang='lat' dir='ltr'><strong>originali</strong></span> <span class='ocrx_word' id='word_1_425' title='bbox 1383 5572 1465 5624; x_wconf 85' lang='lat' dir='ltr'><strong>,_n.</strong></span> <span class='ocrx_word' id='word_1_426' title='bbox 1488 5557 1566 5605; x_wconf 73' lang='lat'><strong>26.</strong></span> 
     </span>
    </p>
   </div>
   <div class='ocr_carea' id='block_1_58' title="bbox 753 5609 2281 5697">
    <p class='ocr_par' dir='ltr' id='par_1_58' title="bbox 753 5609 2281 5697">
     <span class='ocr_line' id='line_1_58' title="bbox 753 5609 2281 5697; baseline -0.041 -12"><span class='ocrx_word' id='word_1_427' title='bbox 753 5609 832 5697; x_wconf 46' lang='lat' dir='ltr'><strong>Ed.)-</strong></span> <span class='ocrx_word' id='word_1_428' title='bbox 847 5609 1257 5697; x_wconf 52' lang='lat' dir='ltr'><strong>istud</strong></span> <span class='ocrx_word' id='word_1_429' title='bbox 1281 5609 1471 5697; x_wconf 49' lang='lat' dir='ltr'><strong>Altl&#39;tél‘ig</strong></span> <span class='ocrx_word' id='word_1_430' title='bbox 1491 5616 1853 5697; x_wconf 51' lang='lat' dir='ltr'><strong>mrlllaginp9§i</strong></span> <span class='ocrx_word' id='word_1_431' title='bbox 1897 5613 2124 5697; x_wconf 51' lang='grc' dir='ltr'><strong>(ρίεὲομί</strong></span> <span class='ocrx_word' id='word_1_432' title='bbox 2146 5609 2281 5697; x_wconf 49' lang='lat' dir='ltr'><strong>limbi;</strong></span> 
     </span>
    </p>
   </div>
   <div class='ocr_carea' id='block_1_59' title="bbox 694 5671 2279 5748">
    <p class='ocr_par' dir='ltr' id='par_1_59' title="bbox 694 5671 2279 5748">
     <span class='ocr_line' id='line_1_59' title="bbox 694 5671 2279 5748; baseline -0.016 -1"><span class='ocrx_word' id='word_1_433' title='bbox 694 5671 1221 5748; x_wconf 55' lang='lat' dir='ltr'><strong>le’céfEiB&#39;iiiiuﬁht</strong></span> <span class='ocrx_word' id='word_1_434' title='bbox 1244 5684 1353 5748; x_wconf 72' lang='lat' dir='ltr'><strong>anni</strong></span> <span class='ocrx_word' id='word_1_435' title='bbox 1380 5680 1486 5740; x_wconf 70' lang='grc'><strong>412,</strong></span> <span class='ocrx_word' id='word_1_436' title='bbox 1511 5686 1567 5729; x_wconf 91' lang='lat' dir='ltr'><strong>ut</strong></span> <span class='ocrx_word' id='word_1_437' title='bbox 1602 5671 1891 5748; x_wconf 35' lang='lat' dir='ltr'><strong>iutillligitur</strong></span> <span class='ocrx_word' id='word_1_438' title='bbox 1989 5671 2204 5748; x_wconf 50' lang='lat' dir='ltr'><strong>Epistula</strong></span> <span class='ocrx_word' id='word_1_439' title='bbox 2220 5672 2279 5722; x_wconf 83' lang='lat' dir='ltr'><strong>ad</strong></span> 
     </span>
    </p>
   </div>
   <div class='ocr_carea' id='block_1_60' title="bbox 690 5738 2076 5808">
    <p class='ocr_par' dir='ltr' id='par_1_60' title="bbox 690 5738 2076 5808">
     <span class='ocr_line' id='line_1_60' title="bbox 690 5738 2076 5808; baseline -0.019 0"><span class='ocrx_word' id='word_1_440' title='bbox 690 5738 1167 5808; x_wconf 57' lang='grc' dir='ltr'><strong>ιἰἶιῖὁοᾉᾘιῖὼὴ.‹ιιιω</strong></span> <span class='ocrx_word' id='word_1_441' title='bbox 1191 5744 1314 5808; x_wconf 86' lang='lat' dir='ltr'><strong>apud</strong></span> <span class='ocrx_word' id='word_1_442' title='bbox 1341 5738 1642 5808; x_wconf 59' lang='lat' dir='ltr'><strong>Anguist._est</strong></span> <span class='ocrx_word' id='word_1_443' title='bbox 1670 5738 1777 5795; x_wconf 69' lang='lat' dir='ltr'><strong>H5,</strong></span> <span class='ocrx_word' id='word_1_444' title='bbox 1794 5738 1926 5808; x_wconf 22' lang='lat' dir='ltr'><strong>nunt</strong></span> <span class='ocrx_word' id='word_1_445' title='bbox 1949 5738 2076 5808; x_wconf 41' lang='lat' dir='ltr'><strong>etii.</strong></span> 
     </span>
    </p>
   </div>
   <div class='ocr_carea' id='block_1_61' title="bbox 756 5764 2282 5877">
    <p class='ocr_par' dir='ltr' id='par_1_61' title="bbox 756 5764 2282 5877">
     <span class='ocr_line' id='line_1_61' title="bbox 759 5764 2076 5808; baseline -0.018 -2"><span class='ocrx_word' id='word_1_446' title='bbox 759 5764 1017 5807; x_wconf 74' lang='lat' dir='ltr'><strong>nocentium</strong></span> <span class='ocrx_word' id='word_1_447' title='bbox 1091 5764 1167 5797; x_wconf 70' lang='grc' dir='ltr'><strong>ιιςε</strong></span> <span class='ocrx_word' id='word_1_448' title='bbox 1191 5764 1314 5808; x_wconf 81' lang='lat' dir='ltr'><strong>apuu</strong></span> <span class='ocrx_word' id='word_1_449' title='bbox 1341 5764 1538 5805; x_wconf 60' lang='lat' dir='ltr'><strong>august.</strong></span> <span class='ocrx_word' id='word_1_450' title='bbox 1564 5764 1642 5788; x_wconf 67' lang='lat' dir='ltr'><strong>cat.</strong></span> <span class='ocrx_word' id='word_1_451' title='bbox 1673 5764 1685 5787; x_wconf 87' lang='grc' dir='ltr'><strong>ι</strong></span> <span class='ocrx_word' id='word_1_452' title='bbox 1702 5764 1771 5795; x_wconf 75' lang='lat' dir='ltr'><strong>to,</strong></span> <span class='ocrx_word' id='word_1_453' title='bbox 1795 5764 1875 5786; x_wconf 78' lang='lat' dir='ltr'><strong>uu-</strong></span> <span class='ocrx_word' id='word_1_454' title='bbox 1912 5764 1926 5785; x_wconf 83' lang='lat'>|</span> <span class='ocrx_word' id='word_1_455' title='bbox 1956 5764 2008 5786; x_wconf 72' lang='grc' dir='ltr'><strong>ιτι</strong></span> <span class='ocrx_word' id='word_1_456' title='bbox 2028 5764 2076 5783; x_wconf 88' lang='grc' dir='ltr'>υ.</span> 
     </span>
     <span class='ocr_line' id='line_1_62' title="bbox 756 5764 2282 5877; baseline -0.016 -10"><span class='ocrx_word' id='word_1_457' title='bbox 756 5820 827 5877; x_wconf 80' lang='lat' dir='ltr'><strong>(b)</strong></span> <span class='ocrx_word' id='word_1_458' title='bbox 861 5827 994 5864; x_wconf 78' lang='lat' dir='ltr'><strong>Anno</strong></span> <span class='ocrx_word' id='word_1_459' title='bbox 1150 5807 1371 5877; x_wconf 63' lang='lat' dir='ltr'><strong>Pelagius</strong></span> <span class='ocrx_word' id='word_1_460' title='bbox 1388 5804 1590 5877; x_wconf 68' lang='lat' dir='ltr'><strong>haeresis</strong></span> <span class='ocrx_word' id='word_1_461' title='bbox 1611 5808 1862 5877; x_wconf 63' lang='lat' dir='ltr'><strong>accusatus</strong></span> <span class='ocrx_word' id='word_1_462' title='bbox 1883 5798 2172 5877; x_wconf 47' lang='lat' dir='ltr'><strong>iu‘jutlicium</strong></span> <span class='ocrx_word' id='word_1_463' title='bbox 2198 5809 2282 5848; x_wconf 69' lang='grc' dir='ltr'><strong>νε·-</strong></span> 
     </span>
    </p>
   </div>
   <div class='ocr_carea' id='block_1_62' title="bbox 696 5862 2022 5936">
    <p class='ocr_par' dir='ltr' id='par_1_62' title="bbox 696 5862 2022 5936">
     <span class='ocr_line' id='line_1_63' title="bbox 696 5862 2022 5936; baseline -0.016 -5"><span class='ocrx_word' id='word_1_464' title='bbox 696 5862 791 5936; x_wconf 45' lang='grc' dir='ltr'><strong>ιιξιτ</strong></span> <span class='ocrx_word' id='word_1_465' title='bbox 806 5862 1537 5934; x_wconf 44' lang='lat' dir='ltr'><strong>celebratum.ajiud&quot;DiOSjitilittt</strong></span> <span class='ocrx_word' id='word_1_466' title='bbox 1564 5876 1735 5911; x_wconf 77' lang='lat' dir='ltr'><strong>mense</strong></span> <span class='ocrx_word' id='word_1_467' title='bbox 1759 5862 2022 5910; x_wconf 81' lang='lat' dir='ltr'><strong>decembri.</strong></span> 
     </span>
    </p>
   </div>
   <div class='ocr_carea' id='block_1_63' title="bbox 1688 374 2893 444">
    <p class='ocr_par' dir='ltr' id='par_1_63' title="bbox 1688 374 2893 444">
     <span class='ocr_line' id='line_1_64' title="bbox 1688 374 2893 444; baseline -0.012 -1"><span class='ocrx_word' id='word_1_468' title='bbox 1688 388 1781 442; x_wconf 75' lang='lat' dir='ltr'><strong>DE</strong></span> <span class='ocrx_word' id='word_1_469' title='bbox 1820 384 2060 443; x_wconf 67' lang='lat' dir='ltr'><strong>GESTIS</strong></span> <span class='ocrx_word' id='word_1_470' title='bbox 2099 377 2390 444; x_wconf 55' lang='lat' dir='ltr'><strong>PELAGII,</strong></span> <span class='ocrx_word' id='word_1_471' title='bbox 2432 377 2489 432; x_wconf 91' lang='lat' dir='ltr'><strong>S.</strong></span> <span class='ocrx_word' id='word_1_472' title='bbox 2533 374 2893 430; x_wconf 79' lang='lat' dir='ltr'><strong>.‘.Ut‘.USTI.\&#39;I</strong></span> 
     </span>
    </p>
   </div>
   <div class='ocr_carea' id='block_1_64' title="bbox 3794 380 3888 434">
    <p class='ocr_par' dir='ltr' id='par_1_64' title="bbox 3794 380 3888 434">
     <span class='ocr_line' id='line_1_65' title="bbox 3794 380 3888 434; baseline -0.011 0"><span class='ocrx_word' id='word_1_473' title='bbox 3794 380 3888 434; x_wconf 71' lang='lat'><strong>358</strong></span> 
     </span>
    </p>
   </div>
   <div class='ocr_carea' id='block_1_65' title="bbox 2335 488 3888 563">
    <p class='ocr_par' dir='ltr' id='par_1_65' title="bbox 2335 488 3888 563">
     <span class='ocr_line' id='line_1_66' title="bbox 2335 488 3888 563; baseline 0 -19"><span class='ocrx_word' id='word_1_474' title='bbox 2335 504 2435 549; x_wconf 80' lang='lat' dir='ltr'><strong>est.</strong></span> <span class='ocrx_word' id='word_1_475' title='bbox 2461 492 2638 563; x_wconf 74' lang='lat' dir='ltr'><strong>Lrgrm</strong></span> <span class='ocrx_word' id='word_1_476' title='bbox 2657 493 2706 544; x_wconf 83' lang='lat' dir='ltr'><strong>iu</strong></span> <span class='ocrx_word' id='word_1_477' title='bbox 2729 492 3036 563; x_wconf 80' lang='lat' dir='ltr'><strong>adjutorium</strong></span> <span class='ocrx_word' id='word_1_478' title='bbox 3058 492 3194 542; x_wconf 60' lang='lat' dir='ltr'><strong>«itali!</strong></span> <span class='ocrx_word' id='word_1_479' title='bbox 3219 490 3350 542; x_wconf 64' lang='lat' dir='ltr'><strong>illis:</strong></span> <span class='ocrx_word' id='word_1_480' title='bbox 3379 488 3529 557; x_wconf 60' lang='lat' dir='ltr'><strong>(luti.</strong></span> <span class='ocrx_word' id='word_1_481' title='bbox 3556 506 3664 553; x_wconf 78' lang='lat' dir='ltr'><strong>\‘lli,</strong></span> <span class='ocrx_word' id='word_1_482' title='bbox 3686 491 3888 554; x_wconf 57' lang='grc' dir='ltr'><strong>ξομες,</strong></span> 
     </span>
    </p>
   </div>
   <div class='ocr_carea' id='block_1_66' title="bbox 2337 582 3891 655">
    <p class='ocr_par' dir='ltr' id='par_1_66' title="bbox 2337 582 3891 655">
     <span class='ocr_line' id='line_1_67' title="bbox 2337 582 3891 655; baseline 0.002 -16"><span class='ocrx_word' id='word_1_483' title='bbox 2337 585 2477 640; x_wconf 77' lang='lat' dir='ltr'><strong>LXX</strong></span> <span class='ocrx_word' id='word_1_484' title='bbox 2508 588 2545 655; x_wconf 93' lang='lat'><strong>).</strong></span> <span class='ocrx_word' id='word_1_485' title='bbox 2598 584 2711 638; x_wconf 82' lang='lat' dir='ltr'><strong>Non</strong></span> <span class='ocrx_word' id='word_1_486' title='bbox 2746 593 2920 637; x_wconf 84' lang='lat' dir='ltr'><strong>tamen</strong></span> <span class='ocrx_word' id='word_1_487' title='bbox 2950 598 3015 638; x_wconf 82' lang='lat' dir='ltr'><strong>ex</strong></span> <span class='ocrx_word' id='word_1_488' title='bbox 3056 582 3156 636; x_wconf 86' lang='lat' dir='ltr'><strong>hoc</strong></span> <span class='ocrx_word' id='word_1_489' title='bbox 3199 582 3441 636; x_wconf 56' lang='lat' dir='ltr'><strong>eamdem</strong></span> <span class='ocrx_word' id='word_1_490' title='bbox 3471 582 3600 652; x_wconf 80' lang='lat' dir='ltr'><strong>legis</strong></span> <span class='ocrx_word' id='word_1_491' title='bbox 3641 585 3891 642; x_wconf 80' lang='lat' dir='ltr'><strong>scientiam</strong></span> 
     </span>
    </p>
   </div>
   <div class='ocr_carea' id='block_1_67' title="bbox 2337 674 3898 746">
    <p class='ocr_par' dir='ltr' id='par_1_67' title="bbox 2337 674 3898 746">
     <span class='ocr_line' id='line_1_68' title="bbox 2337 674 3898 746; baseline 0.001 -15"><span class='ocrx_word' id='word_1_492' title='bbox 2337 678 2483 731; x_wconf 84' lang='lat' dir='ltr'><strong>illam</strong></span> <span class='ocrx_word' id='word_1_493' title='bbox 2512 676 2600 729; x_wconf 87' lang='lat' dir='ltr'><strong>Dei</strong></span> <span class='ocrx_word' id='word_1_494' title='bbox 2629 675 2850 745; x_wconf 85' lang='lat' dir='ltr'><strong>gratiam</strong></span> <span class='ocrx_word' id='word_1_495' title='bbox 2876 689 2997 729; x_wconf 87' lang='lat' dir='ltr'><strong>esse</strong></span> <span class='ocrx_word' id='word_1_496' title='bbox 3030 674 3460 743; x_wconf 73' lang='lat' dir='ltr'><strong>approliaverunt</strong></span> <span class='ocrx_word' id='word_1_497' title='bbox 3486 675 3526 740; x_wconf 80' lang='grc' dir='ltr'>ί,</span> <span class='ocrx_word' id='word_1_498' title='bbox 3555 675 3622 729; x_wconf 89' lang='lat' dir='ltr'><strong>de</strong></span> <span class='ocrx_word' id='word_1_499' title='bbox 3645 691 3742 746; x_wconf 89' lang='lat' dir='ltr'><strong>qua</strong></span> <span class='ocrx_word' id='word_1_500' title='bbox 3776 682 3898 734; x_wconf 75' lang='lat' dir='ltr'><strong>stri-</strong></span> 
     </span>
    </p>
   </div>
   <div class='ocr_carea' id='block_1_68' title="bbox 2339 765 3897 842">
    <p class='ocr_par' dir='ltr' id='par_1_68' title="bbox 2339 765 3897 842">
     <span class='ocr_line' id='line_1_69' title="bbox 2339 765 3897 842; baseline 0.002 -20"><span class='ocrx_word' id='word_1_501' title='bbox 2339 778 2487 840; x_wconf 90' lang='lat' dir='ltr'><strong>ptum</strong></span> <span class='ocrx_word' id='word_1_502' title='bbox 2530 777 2642 832; x_wconf 86' lang='lat' dir='ltr'><strong>est,</strong></span> <span class='ocrx_word' id='word_1_503' title='bbox 2677 766 2805 832; x_wconf 75' lang='lat' dir='ltr'><strong>Quis</strong></span> <span class='ocrx_word' id='word_1_504' title='bbox 2834 783 2914 821; x_wconf 81' lang='lat' dir='ltr'><strong>nte</strong></span> <span class='ocrx_word' id='word_1_505' title='bbox 2950 765 3177 820; x_wconf 85' lang='lat' dir='ltr'><strong>liberabit</strong></span> <span class='ocrx_word' id='word_1_506' title='bbox 3204 766 3267 819; x_wconf 86' lang='lat' dir='ltr'><strong>de</strong></span> <span class='ocrx_word' id='word_1_507' title='bbox 3294 782 3504 835; x_wconf 79' lang='lat' dir='ltr'><strong>corpore</strong></span> <span class='ocrx_word' id='word_1_508' title='bbox 3527 769 3696 821; x_wconf 77' lang='lat' dir='ltr'><strong>mortis</strong></span> <span class='ocrx_word' id='word_1_509' title='bbox 3723 771 3897 842; x_wconf 67' lang='lat' dir='ltr'><strong>hujus?</strong></span> 
     </span>
    </p>
   </div>
   <div class='ocr_carea' id='block_1_69' title="bbox 2343 855 3906 928">
    <p class='ocr_par' dir='ltr' id='par_1_69' title="bbox 2343 855 3906 928">
     <span class='ocr_line' id='line_1_70' title="bbox 2343 855 3906 928; baseline 0 -12"><span class='ocrx_word' id='word_1_510' title='bbox 2343 860 2522 916; x_wconf 77' lang='lat' dir='ltr'><strong>Gratia</strong></span> <span class='ocrx_word' id='word_1_511' title='bbox 2569 859 2666 914; x_wconf 83' lang='lat' dir='ltr'><strong>Dei</strong></span> <span class='ocrx_word' id='word_1_512' title='bbox 2712 874 2802 928; x_wconf 88' lang='lat' dir='ltr'><strong>per</strong></span> <span class='ocrx_word' id='word_1_513' title='bbox 2846 857 3024 912; x_wconf 71' lang='lat' dir='ltr'><strong>Iesum</strong></span> <span class='ocrx_word' id='word_1_514' title='bbox 3075 855 3332 913; x_wconf 78' lang='lat' dir='ltr'><strong>Christum</strong></span> <span class='ocrx_word' id='word_1_515' title='bbox 3384 856 3655 912; x_wconf 81' lang='lat' dir='ltr'><strong>Dominum</strong></span> <span class='ocrx_word' id='word_1_516' title='bbox 3693 870 3906 916; x_wconf 73' lang='lat' dir='ltr'><strong>nostrum</strong></span> 
     </span>
    </p>
   </div>
   <div class='ocr_carea' id='block_1_70' title="bbox 2346 949 3906 1027">
    <p class='ocr_par' dir='ltr' id='par_1_70' title="bbox 2346 949 3906 1027">
     <span class='ocr_line' id='line_1_71' title="bbox 2346 949 3906 1027; baseline -0.001 -19"><span class='ocrx_word' id='word_1_517' title='bbox 2346 953 2520 1027; x_wconf 83' lang='lat' dir='ltr'><strong>(Rom.</strong></span> <span class='ocrx_word' id='word_1_518' title='bbox 2566 968 2675 1018; x_wconf 86' lang='lat' dir='ltr'><strong>vn,</strong></span> <span class='ocrx_word' id='word_1_519' title='bbox 2725 952 2834 1018; x_wconf 72' lang='grc'><strong>24,</strong></span> <span class='ocrx_word' id='word_1_520' title='bbox 2880 951 2998 1023; x_wconf 76' lang='lat'><strong>25).</strong></span> <span class='ocrx_word' id='word_1_521' title='bbox 3053 950 3164 1006; x_wconf 77' lang='lat' dir='ltr'><strong>Nec</strong></span> <span class='ocrx_word' id='word_1_522' title='bbox 3214 949 3334 1004; x_wconf 89' lang='lat' dir='ltr'><strong>ideo</strong></span> <span class='ocrx_word' id='word_1_523' title='bbox 3381 950 3581 1005; x_wconf 79' lang='lat' dir='ltr'><strong>dixisse</strong></span> <span class='ocrx_word' id='word_1_524' title='bbox 3627 951 3906 1022; x_wconf 85' lang='lat' dir='ltr'><strong>Pelagium,</strong></span> 
     </span>
    </p>
   </div>
   <div class='ocr_carea' id='block_1_71' title="bbox 2351 1043 3913 1135">
    <p class='ocr_par' dir='ltr' id='par_1_71' title="bbox 2351 1043 3913 1135">
     <span class='ocr_line' id='line_1_72' title="bbox 2351 1043 3913 1135; baseline 0.001 -36"><span class='ocrx_word' id='word_1_525' title='bbox 2351 1066 2370 1099; x_wconf 75' lang='grc' dir='ltr'><strong>ι</strong></span> <span class='ocrx_word' id='word_1_526' title='bbox 2394 1046 2597 1135; x_wconf 65' lang='lat' dir='ltr'><strong>Qumes</strong></span> <span class='ocrx_word' id='word_1_527' title='bbox 2624 1045 2899 1099; x_wconf 85' lang='lat' dir='ltr'><strong>voluntate</strong></span> <span class='ocrx_word' id='word_1_528' title='bbox 2942 1057 3036 1097; x_wconf 85' lang='lat' dir='ltr'><strong>sua</strong></span> <span class='ocrx_word' id='word_1_529' title='bbox 3080 1043 3224 1112; x_wconf 82' lang='lat' dir='ltr'><strong>regi,</strong></span> <span class='ocrx_word' id='word_1_530' title='bbox 3255 1061 3275 1096; x_wconf 79' lang='grc' dir='ltr'><strong>ι</strong></span> <span class='ocrx_word' id='word_1_531' title='bbox 3326 1051 3384 1096; x_wconf 90' lang='lat' dir='ltr'><strong>ut</strong></span> <span class='ocrx_word' id='word_1_532' title='bbox 3424 1056 3531 1097; x_wconf 91' lang='lat' dir='ltr'><strong>non</strong></span> <span class='ocrx_word' id='word_1_533' title='bbox 3579 1057 3672 1097; x_wconf 85' lang='lat' dir='ltr'><strong>eos</strong></span> <span class='ocrx_word' id='word_1_534' title='bbox 3720 1057 3913 1114; x_wconf 79' lang='lat' dir='ltr'><strong>regeret</strong></span> 
     </span>
    </p>
   </div>
   <div class='ocr_carea' id='block_1_72' title="bbox 2347 1132 3910 1206">
    <p class='ocr_par' dir='ltr' id='par_1_72' title="bbox 2347 1132 3910 1206">
     <span class='ocr_line' id='line_1_73' title="bbox 2347 1132 3910 1206; baseline -0.002 -12"><span class='ocrx_word' id='word_1_535' title='bbox 2347 1132 2529 1194; x_wconf 86' lang='lat' dir='ltr'><strong>Deus:</strong></span> <span class='ocrx_word' id='word_1_536' title='bbox 2561 1135 2836 1206; x_wconf 87' lang='lat' dir='ltr'><strong>respondit</strong></span> <span class='ocrx_word' id='word_1_537' title='bbox 2861 1135 3025 1197; x_wconf 89' lang='lat' dir='ltr'><strong>enim,</strong></span> <span class='ocrx_word' id='word_1_538' title='bbox 3064 1153 3084 1187; x_wconf 75' lang='grc' dir='ltr'><strong>ι</strong></span> <span class='ocrx_word' id='word_1_539' title='bbox 3108 1133 3221 1188; x_wconf 77' lang='lat' dir='ltr'><strong>Hoc</strong></span> <span class='ocrx_word' id='word_1_540' title='bbox 3248 1148 3309 1189; x_wconf 90' lang='lat' dir='ltr'><strong>se</strong></span> <span class='ocrx_word' id='word_1_541' title='bbox 3329 1132 3531 1188; x_wconf 79' lang='lat' dir='ltr'><strong>dixisse</strong></span> <span class='ocrx_word' id='word_1_542' title='bbox 3560 1142 3771 1203; x_wconf 88' lang='lat' dir='ltr'><strong>propter</strong></span> <span class='ocrx_word' id='word_1_543' title='bbox 3795 1134 3910 1191; x_wconf 86' lang='lat' dir='ltr'><strong>libe-</strong></span> 
     </span>
    </p>
   </div>
   <div class='ocr_carea' id='block_1_73' title="bbox 2348 1222 3917 1294">
    <p class='ocr_par' dir='ltr' id='par_1_73' title="bbox 2348 1222 3917 1294">
     <span class='ocr_line' id='line_1_74' title="bbox 2348 1222 3917 1294; baseline -0.004 -9"><span class='ocrx_word' id='word_1_544' title='bbox 2348 1245 2466 1285; x_wconf 89' lang='lat' dir='ltr'><strong>rum</strong></span> <span class='ocrx_word' id='word_1_545' title='bbox 2496 1227 2773 1282; x_wconf 89' lang='lat' dir='ltr'><strong>arbitrium</strong></span> <span class='ocrx_word' id='word_1_546' title='bbox 2794 1267 2810 1292; x_wconf 94' lang='lat'><strong>,</strong></span> <span class='ocrx_word' id='word_1_547' title='bbox 2850 1224 2937 1281; x_wconf 91' lang='lat' dir='ltr'><strong>cui</strong></span> <span class='ocrx_word' id='word_1_548' title='bbox 2979 1225 3116 1280; x_wconf 87' lang='lat' dir='ltr'><strong>Deus</strong></span> <span class='ocrx_word' id='word_1_549' title='bbox 3159 1222 3372 1293; x_wconf 88' lang='lat' dir='ltr'><strong>adjutor</strong></span> <span class='ocrx_word' id='word_1_550' title='bbox 3408 1231 3490 1279; x_wconf 89' lang='lat' dir='ltr'><strong>est</strong></span> <span class='ocrx_word' id='word_1_551' title='bbox 3519 1223 3730 1294; x_wconf 83' lang='lat' dir='ltr'><strong>eligenti</strong></span> <span class='ocrx_word' id='word_1_552' title='bbox 3755 1223 3917 1289; x_wconf 89' lang='lat' dir='ltr'><strong>bona;</strong></span> 
     </span>
    </p>
   </div>
   <div class='ocr_carea' id='block_1_74' title="bbox 2352 1315 3918 1387">
    <p class='ocr_par' dir='ltr' id='par_1_74' title="bbox 2352 1315 3918 1387">
     <span class='ocr_line' id='line_1_75' title="bbox 2352 1315 3918 1387; baseline -0.002 -13"><span class='ocrx_word' id='word_1_553' title='bbox 2352 1319 2622 1374; x_wconf 84' lang='lat' dir='ltr'><strong>hominem</strong></span> <span class='ocrx_word' id='word_1_554' title='bbox 2653 1332 2782 1373; x_wconf 84' lang='lat' dir='ltr'><strong>vero</strong></span> <span class='ocrx_word' id='word_1_555' title='bbox 2811 1325 3119 1387; x_wconf 86' lang='lat' dir='ltr'><strong>peccantem</strong></span> <span class='ocrx_word' id='word_1_556' title='bbox 3150 1316 3322 1387; x_wconf 88' lang='lat' dir='ltr'><strong>ipsum</strong></span> <span class='ocrx_word' id='word_1_557' title='bbox 3351 1328 3473 1371; x_wconf 86' lang='lat' dir='ltr'><strong>esse</strong></span> <span class='ocrx_word' id='word_1_558' title='bbox 3495 1315 3549 1369; x_wconf 91' lang='lat' dir='ltr'><strong>in</strong></span> <span class='ocrx_word' id='word_1_559' title='bbox 3576 1315 3750 1385; x_wconf 86' lang='lat' dir='ltr'><strong>culpa,</strong></span> <span class='ocrx_word' id='word_1_560' title='bbox 3781 1318 3918 1387; x_wconf 88' lang='lat' dir='ltr'><strong>quasi</strong></span> 
     </span>
    </p>
   </div>
   <div class='ocr_carea' id='block_1_75' title="bbox 2354 1405 3923 1478">
    <p class='ocr_par' dir='ltr' id='par_1_75' title="bbox 2354 1405 3923 1478">
     <span class='ocr_line' id='line_1_76' title="bbox 2354 1405 3923 1478; baseline -0.003 -13"><span class='ocrx_word' id='word_1_561' title='bbox 2354 1410 2504 1465; x_wconf 91' lang='lat' dir='ltr'><strong>liberi</strong></span> <span class='ocrx_word' id='word_1_562' title='bbox 2544 1408 2773 1463; x_wconf 81' lang='lat' dir='ltr'><strong>arbitrii.</strong></span> <span class='ocrx_word' id='word_1_563' title='bbox 2822 1425 2842 1459; x_wconf 76' lang='grc' dir='ltr'><strong>ι</strong></span> <span class='ocrx_word' id='word_1_564' title='bbox 2889 1407 3266 1476; x_wconf 82' lang='lat' dir='ltr'><strong>Approbaruut</strong></span> <span class='ocrx_word' id='word_1_565' title='bbox 3317 1405 3480 1462; x_wconf 89' lang='lat' dir='ltr'><strong>etiam</strong></span> <span class='ocrx_word' id='word_1_566' title='bbox 3500 1446 3519 1473; x_wconf 89' lang='lat'><strong>,</strong></span> <span class='ocrx_word' id='word_1_567' title='bbox 3580 1423 3601 1457; x_wconf 72' lang='grc' dir='ltr'>ε</span> <span class='ocrx_word' id='word_1_568' title='bbox 3649 1407 3837 1478; x_wconf 86' lang='lat' dir='ltr'><strong>iniquis</strong></span> <span class='ocrx_word' id='word_1_569' title='bbox 3873 1416 3923 1462; x_wconf 87' lang='lat' dir='ltr'><strong>et</strong></span> 
     </span>
    </p>
   </div>
   <div class='ocr_carea' id='block_1_76' title="bbox 2353 1500 3922 1575">
    <p class='ocr_par' dir='ltr' id='par_1_76' title="bbox 2353 1500 3922 1575">
     <span class='ocr_line' id='line_1_77' title="bbox 2353 1500 3922 1575; baseline -0.001 -18"><span class='ocrx_word' id='word_1_570' title='bbox 2353 1502 2725 1575; x_wconf 82' lang='lat' dir='ltr'><strong>peccatoribus</strong></span> <span class='ocrx_word' id='word_1_571' title='bbox 2758 1501 2812 1556; x_wconf 90' lang='lat' dir='ltr'><strong>in</strong></span> <span class='ocrx_word' id='word_1_572' title='bbox 2841 1500 2930 1557; x_wconf 86' lang='lat' dir='ltr'><strong>die</strong></span> <span class='ocrx_word' id='word_1_573' title='bbox 2966 1500 3150 1570; x_wconf 90' lang='lat' dir='ltr'><strong>judicii</strong></span> <span class='ocrx_word' id='word_1_574' title='bbox 3181 1514 3286 1555; x_wconf 91' lang='lat' dir='ltr'><strong>non</strong></span> <span class='ocrx_word' id='word_1_575' title='bbox 3313 1513 3435 1555; x_wconf 88' lang='lat' dir='ltr'><strong>esse</strong></span> <span class='ocrx_word' id='word_1_576' title='bbox 3462 1500 3812 1570; x_wconf 83' lang='lat' dir='ltr'><strong>parcendum,</strong></span> <span class='ocrx_word' id='word_1_577' title='bbox 3838 1502 3922 1556; x_wconf 88' lang='lat' dir='ltr'><strong>sed</strong></span> 
     </span>
    </p>
   </div>
   <div class='ocr_carea' id='block_1_77' title="bbox 2354 1590 3925 1663">
    <p class='ocr_par' dir='ltr' id='par_1_77' title="bbox 2354 1590 3925 1663">
     <span class='ocr_line' id='line_1_78' title="bbox 2354 1590 3925 1663; baseline -0.002 -14"><span class='ocrx_word' id='word_1_578' title='bbox 2354 1593 2569 1649; x_wconf 67' lang='lat' dir='ltr'><strong>aeternis</strong></span> <span class='ocrx_word' id='word_1_579' title='bbox 2594 1607 2689 1648; x_wconf 86' lang='lat' dir='ltr'><strong>eos</strong></span> <span class='ocrx_word' id='word_1_580' title='bbox 2726 1592 2935 1663; x_wconf 80' lang='lat' dir='ltr'><strong>ignibus</strong></span> <span class='ocrx_word' id='word_1_581' title='bbox 2959 1591 3275 1663; x_wconf 86' lang='lat' dir='ltr'><strong>puniendos.</strong></span> <span class='ocrx_word' id='word_1_582' title='bbox 3310 1609 3330 1644; x_wconf 82' lang='grc' dir='ltr'><strong>ι</strong></span> <span class='ocrx_word' id='word_1_583' title='bbox 3363 1591 3628 1657; x_wconf 84' lang='lat' dir='ltr'><strong>Quoniam</strong></span> <span class='ocrx_word' id='word_1_584' title='bbox 3659 1609 3678 1643; x_wconf 75' lang='grc' dir='ltr'><strong>ι</strong></span> <span class='ocrx_word' id='word_1_585' title='bbox 3707 1590 3806 1647; x_wconf 91' lang='lat' dir='ltr'><strong>hoc</strong></span> <span class='ocrx_word' id='word_1_586' title='bbox 3825 1607 3882 1648; x_wconf 88' lang='lat' dir='ltr'><strong>se</strong></span> <span class='ocrx_word' id='word_1_587' title='bbox 3902 1610 3925 1646; x_wconf 77' lang='grc' dir='ltr'><strong>ι</strong></span> 
     </span>
    </p>
   </div>
   <div class='ocr_carea' id='block_1_78' title="bbox 2357 1681 3929 1755">
    <p class='ocr_par' dir='ltr' id='par_1_78' title="bbox 2357 1681 3929 1755">
     <span class='ocr_line' id='line_1_79' title="bbox 2357 1681 3929 1755; baseline -0.004 -12"><span class='ocrx_word' id='word_1_588' title='bbox 2357 1686 2455 1743; x_wconf 75' lang='lat' dir='ltr'><strong>ille</strong></span> <span class='ocrx_word' id='word_1_589' title='bbox 2497 1704 2521 1738; x_wconf 74' lang='grc' dir='ltr'><strong><em>ο</em></strong></span> <span class='ocrx_word' id='word_1_590' title='bbox 2547 1684 2842 1741; x_wconf 73' lang='lat' dir='ltr'><strong>secundum</strong></span> <span class='ocrx_word' id='word_1_591' title='bbox 2896 1683 3243 1755; x_wconf 83' lang='lat' dir='ltr'><strong>Evangelium</strong></span> <span class='ocrx_word' id='word_1_592' title='bbox 3294 1681 3531 1748; x_wconf 81' lang='lat' dir='ltr'><strong>dixisse,</strong></span> <span class='ocrx_word' id='word_1_593' title='bbox 3562 1700 3584 1734; x_wconf 75' lang='grc' dir='ltr'><strong>ι</strong></span> <span class='ocrx_word' id='word_1_594' title='bbox 3638 1683 3929 1753; x_wconf 88' lang='lat' dir='ltr'><strong>respondit,</strong></span> 
     </span>
    </p>
   </div>
   <div class='ocr_carea' id='block_1_79' title="bbox 2363 1772 3932 1846">
    <p class='ocr_par' dir='ltr' id='par_1_79' title="bbox 2363 1772 3932 1846">
     <span class='ocr_line' id='line_1_80' title="bbox 2363 1772 3932 1846; baseline -0.001 -16"><span class='ocrx_word' id='word_1_595' title='bbox 2363 1795 2384 1830; x_wconf 76' lang='grc' dir='ltr'><strong>ι</strong></span> <span class='ocrx_word' id='word_1_596' title='bbox 2408 1777 2499 1833; x_wconf 87' lang='lat' dir='ltr'><strong>ubi</strong></span> <span class='ocrx_word' id='word_1_597' title='bbox 2528 1776 2789 1846; x_wconf 79' lang='lat' dir='ltr'><strong>scriptum</strong></span> <span class='ocrx_word' id='word_1_598' title='bbox 2812 1783 2931 1843; x_wconf 83' lang='lat' dir='ltr'><strong>est,</strong></span> <span class='ocrx_word' id='word_1_599' title='bbox 2958 1772 3059 1830; x_wconf 76' lang='lat' dir='ltr'><strong>Isti</strong></span> <span class='ocrx_word' id='word_1_600' title='bbox 3091 1774 3233 1829; x_wconf 69' lang='lat' dir='ltr'><strong>ibunt</strong></span> <span class='ocrx_word' id='word_1_601' title='bbox 3254 1775 3307 1827; x_wconf 88' lang='lat' dir='ltr'><strong>in</strong></span> <span class='ocrx_word' id='word_1_602' title='bbox 3333 1773 3644 1845; x_wconf 75' lang='lat' dir='ltr'><strong>supplicium</strong></span> <span class='ocrx_word' id='word_1_603' title='bbox 3671 1783 3932 1836; x_wconf 67' lang='lat' dir='ltr'><strong>aeternum;</strong></span> 
     </span>
    </p>
   </div>
   <div class='ocr_carea' id='block_1_80' title="bbox 2357 1864 3935 1938">
    <p class='ocr_par' dir='ltr' id='par_1_80' title="bbox 2357 1864 3935 1938">
     <span class='ocr_line' id='line_1_81' title="bbox 2357 1864 3935 1938; baseline -0.003 -15"><span class='ocrx_word' id='word_1_604' title='bbox 2357 1870 2480 1936; x_wconf 78' lang='lat' dir='ltr'><strong>iusti</strong></span> <span class='ocrx_word' id='word_1_605' title='bbox 2502 1878 2691 1933; x_wconf 79' lang='lat' dir='ltr'><strong>autem,</strong></span> <span class='ocrx_word' id='word_1_606' title='bbox 2722 1868 2774 1922; x_wconf 84' lang='lat' dir='ltr'><strong>in</strong></span> <span class='ocrx_word' id='word_1_607' title='bbox 2795 1868 2946 1921; x_wconf 74' lang='lat' dir='ltr'><strong>vitam</strong></span> <span class='ocrx_word' id='word_1_608' title='bbox 2971 1875 3217 1921; x_wconf 63' lang='lat' dir='ltr'><strong>interm</strong></span> <span class='ocrx_word' id='word_1_609' title='bbox 3243 1884 3265 1919; x_wconf 79' lang='grc' dir='ltr'><strong>ι</strong></span> <span class='ocrx_word' id='word_1_610' title='bbox 3291 1864 3507 1938; x_wconf 65' lang='grc' dir='ltr'><strong>(κιαι.</strong></span> <span class='ocrx_word' id='word_1_611' title='bbox 3537 1881 3674 1933; x_wconf 75' lang='lat' dir='ltr'><strong>xxv,</strong></span> <span class='ocrx_word' id='word_1_612' title='bbox 3695 1864 3810 1935; x_wconf 70' lang='grc'>46).</span> <span class='ocrx_word' id='word_1_613' title='bbox 3830 1865 3935 1920; x_wconf 84' lang='grc' dir='ltr'><strong>Νοιι</strong></span> 
     </span>
    </p>
   </div>
   <div class='ocr_carea' id='block_1_81' title="bbox 2357 1957 3938 2027">
    <p class='ocr_par' dir='ltr' id='par_1_81' title="bbox 2357 1957 3938 2027">
     <span class='ocr_line' id='line_1_82' title="bbox 2357 1957 3938 2027; baseline -0.003 -11"><span class='ocrx_word' id='word_1_614' title='bbox 2357 1970 2537 2016; x_wconf 91' lang='lat' dir='ltr'><strong>autem</strong></span> <span class='ocrx_word' id='word_1_615' title='bbox 2571 1961 2816 2027; x_wconf 88' lang='lat' dir='ltr'><strong>dixerat,</strong></span> <span class='ocrx_word' id='word_1_616' title='bbox 2848 1973 3037 2013; x_wconf 82' lang='lat' dir='ltr'><strong>omnes</strong></span> <span class='ocrx_word' id='word_1_617' title='bbox 3064 1968 3372 2027; x_wconf 89' lang='lat' dir='ltr'><strong>peccatores</strong></span> <span class='ocrx_word' id='word_1_618' title='bbox 3397 1957 3467 2012; x_wconf 87' lang='lat' dir='ltr'><strong>ad</strong></span> <span class='ocrx_word' id='word_1_619' title='bbox 3492 1967 3757 2013; x_wconf 62' lang='lat' dir='ltr'><strong>Merum</strong></span> <span class='ocrx_word' id='word_1_620' title='bbox 3783 1958 3938 2027; x_wconf 78' lang='lat' dir='ltr'><strong>perti-</strong></span> 
     </span>
    </p>
   </div>
   <div class='ocr_carea' id='block_1_82' title="bbox 2361 2049 3949 2122">
    <p class='ocr_par' dir='ltr' id='par_1_82' title="bbox 2361 2049 3949 2122">
     <span class='ocr_line' id='line_1_83' title="bbox 2361 2049 3949 2122; baseline -0.002 -16"><span class='ocrx_word' id='word_1_621' title='bbox 2361 2067 2489 2107; x_wconf 88' lang='lat' dir='ltr'><strong>nere</strong></span> <span class='ocrx_word' id='word_1_622' title='bbox 2515 2051 2868 2122; x_wconf 87' lang='lat' dir='ltr'><strong>supplicium,</strong></span> <span class='ocrx_word' id='word_1_623' title='bbox 2896 2059 2956 2104; x_wconf 93' lang='lat' dir='ltr'><strong>ut</strong></span> <span class='ocrx_word' id='word_1_624' title='bbox 2977 2050 3170 2105; x_wconf 90' lang='lat' dir='ltr'><strong>merito</strong></span> <span class='ocrx_word' id='word_1_625' title='bbox 3197 2056 3382 2103; x_wconf 87' lang='lat' dir='ltr'><strong>contra</strong></span> <span class='ocrx_word' id='word_1_626' title='bbox 3411 2049 3732 2118; x_wconf 83' lang='lat' dir='ltr'><strong>Apostolum</strong></span> <span class='ocrx_word' id='word_1_627' title='bbox 3755 2049 3949 2104; x_wconf 78' lang='lat' dir='ltr'><strong>dixisse</strong></span> 
     </span>
    </p>
   </div>
   <div class='ocr_carea' id='block_1_83' title="bbox 2360 2138 3944 2213">
    <p class='ocr_par' dir='ltr' id='par_1_83' title="bbox 2360 2138 3944 2213">
     <span class='ocr_line' id='line_1_84' title="bbox 2360 2138 3944 2213; baseline -0.003 -16"><span class='ocrx_word' id='word_1_628' title='bbox 2360 2142 2653 2209; x_wconf 86' lang='lat' dir='ltr'><strong>videretur,</strong></span> <span class='ocrx_word' id='word_1_629' title='bbox 2688 2138 2777 2213; x_wconf 86' lang='lat' dir='ltr'><strong>qui</strong></span> <span class='ocrx_word' id='word_1_630' title='bbox 2805 2140 3063 2212; x_wconf 85' lang='lat' dir='ltr'><strong>quosdam</strong></span> <span class='ocrx_word' id='word_1_631' title='bbox 3093 2141 3269 2196; x_wconf 87' lang='lat' dir='ltr'><strong>salvos</strong></span> <span class='ocrx_word' id='word_1_632' title='bbox 3291 2142 3367 2194; x_wconf 90' lang='lat' dir='ltr'><strong>ait</strong></span> <span class='ocrx_word' id='word_1_633' title='bbox 3410 2139 3653 2205; x_wconf 89' lang='lat' dir='ltr'><strong>futuros,</strong></span> <span class='ocrx_word' id='word_1_634' title='bbox 3693 2141 3766 2194; x_wconf 74' lang='lat' dir='ltr'><strong>sic</strong></span> <span class='ocrx_word' id='word_1_635' title='bbox 3789 2150 3944 2194; x_wconf 75' lang='lat' dir='ltr'><strong>tamen</strong></span> 
     </span>
    </p>
   </div>
   <div class='ocr_carea' id='block_1_84' title="bbox 2362 2230 3944 2309">
    <p class='ocr_par' dir='ltr' id='par_1_84' title="bbox 2362 2230 3944 2309">
     <span class='ocr_line' id='line_1_85' title="bbox 2362 2230 3944 2309; baseline -0.005 -19"><span class='ocrx_word' id='word_1_636' title='bbox 2362 2236 2510 2306; x_wconf 74' lang='lat' dir='ltr'><strong>quasi</strong></span> <span class='ocrx_word' id='word_1_637' title='bbox 2536 2252 2629 2308; x_wconf 80' lang='lat' dir='ltr'><strong>per</strong></span> <span class='ocrx_word' id='word_1_638' title='bbox 2654 2235 2820 2306; x_wconf 84' lang='lat' dir='ltr'><strong>ignem</strong></span> <span class='ocrx_word' id='word_1_639' title='bbox 2842 2232 2891 2309; x_wconf 90' lang='grc' dir='ltr'><strong>(ι</strong></span> <span class='ocrx_word' id='word_1_640' title='bbox 2920 2232 3040 2288; x_wconf 81' lang='lat' dir='ltr'><strong>Cor.</strong></span> <span class='ocrx_word' id='word_1_641' title='bbox 3063 2247 3145 2299; x_wconf 83' lang='lat' dir='ltr'><strong>tu,</strong></span> <span class='ocrx_word' id='word_1_642' title='bbox 3167 2232 3283 2303; x_wconf 81' lang='lat' dir='ltr'><strong>l5).</strong></span> <span class='ocrx_word' id='word_1_643' title='bbox 3320 2249 3340 2284; x_wconf 81' lang='grc' dir='ltr'><strong>ι</strong></span> <span class='ocrx_word' id='word_1_644' title='bbox 3370 2230 3617 2303; x_wconf 82' lang='lat' dir='ltr'><strong>Regnum</strong></span> <span class='ocrx_word' id='word_1_645' title='bbox 3644 2232 3895 2288; x_wconf 63' lang='lat' dir='ltr'><strong>caelorum</strong></span> <span class='ocrx_word' id='word_1_646' title='bbox 3925 2249 3944 2281; x_wconf 73' lang='grc' dir='ltr'><strong>ο</strong></span> 
     </span>
    </p>
   </div>
   <div class='ocr_carea' id='block_1_85' title="bbox 2363 2322 3949 2398">
    <p class='ocr_par' dir='ltr' id='par_1_85' title="bbox 2363 2322 3949 2398">
     <span class='ocr_line' id='line_1_86' title="bbox 2363 2322 3949 2398; baseline -0.004 -16"><span class='ocrx_word' id='word_1_647' title='bbox 2363 2328 2485 2384; x_wconf 89' lang='lat' dir='ltr'><strong>ideo</strong></span> <span class='ocrx_word' id='word_1_648' title='bbox 2505 2326 2933 2398; x_wconf 85' lang='lat' dir='ltr'><strong>approbaverunt</strong></span> <span class='ocrx_word' id='word_1_649' title='bbox 2953 2343 2973 2377; x_wconf 74' lang='grc' dir='ltr'><strong>ι</strong></span> <span class='ocrx_word' id='word_1_650' title='bbox 2999 2325 3162 2381; x_wconf 88' lang='lat' dir='ltr'><strong>etiam</strong></span> <span class='ocrx_word' id='word_1_651' title='bbox 3185 2322 3237 2378; x_wconf 93' lang='lat' dir='ltr'><strong>in</strong></span> <span class='ocrx_word' id='word_1_652' title='bbox 3254 2322 3451 2379; x_wconf 82' lang='lat' dir='ltr'><strong>Vetere</strong></span> <span class='ocrx_word' id='word_1_653' title='bbox 3470 2322 3821 2379; x_wconf 84' lang='lat' dir='ltr'><strong>Testamento</strong></span> <span class='ocrx_word' id='word_1_654' title='bbox 3838 2336 3949 2377; x_wconf 89' lang='lat' dir='ltr'><strong>esse</strong></span> 
     </span>
    </p>
   </div>
   <div class='ocr_carea' id='block_1_86' title="bbox 2363 2413 4049 2490">
    <p class='ocr_par' dir='ltr' id='par_1_86' title="bbox 2363 2413 4049 2490">
     <span class='ocr_line' id='line_1_87' title="bbox 2363 2413 4049 2490; baseline -0.004 -16"><span class='ocrx_word' id='word_1_655' title='bbox 2363 2419 2685 2490; x_wconf 91' lang='lat' dir='ltr'><strong>promissum</strong></span> <span class='ocrx_word' id='word_1_656' title='bbox 2745 2435 2766 2470; x_wconf 70' lang='grc' dir='ltr'><strong>ι</strong></span> <span class='ocrx_word' id='word_1_657' title='bbox 2794 2417 3044 2487; x_wconf 87' lang='lat' dir='ltr'><strong>quoniam</strong></span> <span class='ocrx_word' id='word_1_658' title='bbox 3062 2416 3423 2472; x_wconf 91' lang='lat' dir='ltr'><strong>testimonium</strong></span> <span class='ocrx_word' id='word_1_659' title='bbox 3443 2413 3601 2470; x_wconf 86' lang='lat' dir='ltr'><strong>dedit</strong></span> <span class='ocrx_word' id='word_1_660' title='bbox 3617 2413 3687 2469; x_wconf 90' lang='lat' dir='ltr'><strong>de</strong></span> <span class='ocrx_word' id='word_1_661' title='bbox 3709 2413 3949 2483; x_wconf 87' lang='lat' dir='ltr'><strong>propheta</strong></span> <span class='ocrx_word' id='word_1_662' title='bbox 4038 2454 4049 2467; x_wconf 77' lang='grc'><strong>.</strong></span> 
     </span>
    </p>
   </div>
   <div class='ocr_carea' id='block_1_87' title="bbox 2365 2507 3953 2578">
    <p class='ocr_par' dir='ltr' id='par_1_87' title="bbox 2365 2507 3953 2578">
     <span class='ocr_line' id='line_1_88' title="bbox 2365 2507 3953 2578; baseline -0.007 -12"><span class='ocrx_word' id='word_1_663' title='bbox 2365 2511 2618 2575; x_wconf 88' lang='lat' dir='ltr'><strong>Daniele,</strong></span> <span class='ocrx_word' id='word_1_664' title='bbox 2652 2510 2738 2565; x_wconf 88' lang='lat' dir='ltr'><strong>uui</strong></span> <span class='ocrx_word' id='word_1_665' title='bbox 2768 2509 2970 2564; x_wconf 90' lang='lat' dir='ltr'><strong>dictum</strong></span> <span class='ocrx_word' id='word_1_666' title='bbox 2996 2517 3105 2573; x_wconf 88' lang='lat' dir='ltr'><strong>est,</strong></span> <span class='ocrx_word' id='word_1_667' title='bbox 3158 2507 3224 2562; x_wconf 85' lang='lat' dir='ltr'><strong>Et</strong></span> <span class='ocrx_word' id='word_1_668' title='bbox 3261 2507 3508 2578; x_wconf 78' lang='lat' dir='ltr'><strong>accipient</strong></span> <span class='ocrx_word' id='word_1_669' title='bbox 3553 2507 3720 2560; x_wconf 74' lang='lat' dir='ltr'><strong>sancti</strong></span> <span class='ocrx_word' id='word_1_670' title='bbox 3757 2521 3953 2577; x_wconf 81' lang='lat' dir='ltr'><strong>regnum</strong></span> 
     </span>
    </p>
   </div>
   <div class='ocr_carea' id='block_1_88' title="bbox 2368 2597 3957 2674">
    <p class='ocr_par' dir='ltr' id='par_1_88' title="bbox 2368 2597 3957 2674">
     <span class='ocr_line' id='line_1_89' title="bbox 2368 2597 3957 2674; baseline -0.004 -17"><span class='ocrx_word' id='word_1_671' title='bbox 2368 2604 2613 2659; x_wconf 74' lang='lat' dir='ltr'><strong>Altissimi</strong></span> <span class='ocrx_word' id='word_1_672' title='bbox 2636 2601 2797 2674; x_wconf 86' lang='lat' dir='ltr'><strong>(Dan.</strong></span> <span class='ocrx_word' id='word_1_673' title='bbox 2819 2617 2914 2668; x_wconf 84' lang='lat' dir='ltr'><strong>vu,</strong></span> <span class='ocrx_word' id='word_1_674' title='bbox 2944 2597 3056 2674; x_wconf 77' lang='lat' dir='ltr'><strong>t8).</strong></span> <span class='ocrx_word' id='word_1_675' title='bbox 3084 2599 3196 2656; x_wconf 79' lang='lat' dir='ltr'><strong>Hoc</strong></span> <span class='ocrx_word' id='word_1_676' title='bbox 3228 2600 3346 2655; x_wconf 88' lang='lat' dir='ltr'><strong>loco</strong></span> <span class='ocrx_word' id='word_1_677' title='bbox 3372 2599 3542 2655; x_wconf 80' lang='lat' dir='ltr'><strong>Vetus</strong></span> <span class='ocrx_word' id='word_1_678' title='bbox 3565 2598 3957 2654; x_wconf 84' lang='lat' dir='ltr'><strong>Testamentum</strong></span> 
     </span>
    </p>
   </div>
   <div class='ocr_carea' id='block_1_89' title="bbox 2367 2688 3958 2766">
    <p class='ocr_par' dir='ltr' id='par_1_89' title="bbox 2367 2688 3958 2766">
     <span class='ocr_line' id='line_1_90' title="bbox 2367 2688 3958 2766; baseline -0.007 -16"><span class='ocrx_word' id='word_1_679' title='bbox 2367 2696 2729 2766; x_wconf 89' lang='lat' dir='ltr'><strong>intelligentes</strong></span> <span class='ocrx_word' id='word_1_680' title='bbox 2746 2693 2816 2748; x_wconf 91' lang='lat' dir='ltr'><strong>ab</strong></span> <span class='ocrx_word' id='word_1_681' title='bbox 2840 2693 2932 2748; x_wconf 92' lang='lat' dir='ltr'><strong>illo</strong></span> <span class='ocrx_word' id='word_1_682' title='bbox 2952 2692 3301 2763; x_wconf 90' lang='lat' dir='ltr'><strong>appellatum,</strong></span> <span class='ocrx_word' id='word_1_683' title='bbox 3331 2705 3435 2745; x_wconf 91' lang='lat' dir='ltr'><strong>non</strong></span> <span class='ocrx_word' id='word_1_684' title='bbox 3466 2689 3604 2745; x_wconf 89' lang='lat' dir='ltr'><strong>illud</strong></span> <span class='ocrx_word' id='word_1_685' title='bbox 3628 2689 3804 2744; x_wconf 90' lang='lat' dir='ltr'><strong>solum</strong></span> <span class='ocrx_word' id='word_1_686' title='bbox 3829 2688 3958 2759; x_wconf 84' lang='lat' dir='ltr'><strong>quod</strong></span> 
     </span>
    </p>
   </div>
   <div class='ocr_carea' id='block_1_90' title="bbox 2367 2784 3967 2854">
    <p class='ocr_par' dir='ltr' id='par_1_90' title="bbox 2367 2784 3967 2854">
     <span class='ocr_line' id='line_1_91' title="bbox 2367 2784 3967 2854; baseline -0.004 -11"><span class='ocrx_word' id='word_1_687' title='bbox 2367 2787 2564 2844; x_wconf 86' lang='lat' dir='ltr'><strong>factum</strong></span> <span class='ocrx_word' id='word_1_688' title='bbox 2605 2796 2690 2843; x_wconf 88' lang='lat' dir='ltr'><strong>est</strong></span> <span class='ocrx_word' id='word_1_689' title='bbox 2716 2786 2770 2842; x_wconf 92' lang='lat' dir='ltr'><strong>in</strong></span> <span class='ocrx_word' id='word_1_690' title='bbox 2797 2794 2981 2842; x_wconf 88' lang='lat' dir='ltr'><strong>monte</strong></span> <span class='ocrx_word' id='word_1_691' title='bbox 3005 2784 3163 2852; x_wconf 89' lang='lat' dir='ltr'><strong>Sina;</strong></span> <span class='ocrx_word' id='word_1_692' title='bbox 3194 2786 3289 2841; x_wconf 87' lang='lat' dir='ltr'><strong>sed</strong></span> <span class='ocrx_word' id='word_1_693' title='bbox 3326 2784 3641 2854; x_wconf 88' lang='lat' dir='ltr'><strong>Scripturas</strong></span> <span class='ocrx_word' id='word_1_694' title='bbox 3668 2799 3857 2839; x_wconf 87' lang='lat' dir='ltr'><strong>omnes</strong></span> <span class='ocrx_word' id='word_1_695' title='bbox 3884 2798 3967 2836; x_wconf 85' lang='lat' dir='ltr'><strong>ca-</strong></span> 
     </span>
    </p>
   </div>
   <div class='ocr_carea' id='block_1_91' title="bbox 2370 2862 3959 2936">
    <p class='ocr_par' dir='ltr' id='par_1_91' title="bbox 2370 2862 3959 2936">
     <span class='ocr_line' id='line_1_92' title="bbox 2370 2862 3959 2936; baseline -0.007 0"><span class='ocrx_word' id='word_1_696' title='bbox 2370 2880 2590 2936; x_wconf 75' lang='lat' dir='ltr'><strong>nonicos</strong></span> <span class='ocrx_word' id='word_1_697' title='bbox 2606 2889 2734 2935; x_wconf 82' lang='lat' dir='ltr'><strong>ante</strong></span> <span class='ocrx_word' id='word_1_698' title='bbox 2752 2877 3037 2934; x_wconf 87' lang='lat' dir='ltr'><strong>adventum</strong></span> <span class='ocrx_word' id='word_1_699' title='bbox 3060 2877 3268 2932; x_wconf 90' lang='lat' dir='ltr'><strong>Domini</strong></span> <span class='ocrx_word' id='word_1_700' title='bbox 3290 2878 3625 2931; x_wconf 77' lang='lat' dir='ltr'><strong>ministratas</strong></span> <span class='ocrx_word' id='word_1_701' title='bbox 3645 2878 3689 2931; x_wconf 86' lang='grc'>¹.</span> <span class='ocrx_word' id='word_1_702' title='bbox 3719 2894 3738 2927; x_wconf 78' lang='grc' dir='ltr'><strong>ι</strong></span> <span class='ocrx_word' id='word_1_703' title='bbox 3765 2862 3921 2930; x_wconf 76' lang='lat' dir='ltr'><strong>Posse</strong></span> <span class='ocrx_word' id='word_1_704' title='bbox 3943 2894 3959 2925; x_wconf 78' lang='grc' dir='ltr'><strong>ι</strong></span> 
     </span>
    </p>
   </div>
   <div class='ocr_carea' id='block_1_92' title="bbox 2369 2950 3969 3040">
    <p class='ocr_par' dir='ltr' id='par_1_92' title="bbox 2369 2950 3969 3040">
     <span class='ocr_line' id='line_1_93' title="bbox 2369 2950 3969 3040; baseline -0.007 -10"><span class='ocrx_word' id='word_1_705' title='bbox 2369 2988 2547 3030; x_wconf 88' lang='lat' dir='ltr'><strong>autem</strong></span> <span class='ocrx_word' id='word_1_706' title='bbox 2582 2991 2602 3025; x_wconf 74' lang='grc' dir='ltr'><strong>ι</strong></span> <span class='ocrx_word' id='word_1_707' title='bbox 2630 2973 2906 3028; x_wconf 89' lang='lat' dir='ltr'><strong>hominem</strong></span> <span class='ocrx_word' id='word_1_708' title='bbox 2948 2985 3070 3027; x_wconf 90' lang='lat' dir='ltr'><strong>esse</strong></span> <span class='ocrx_word' id='word_1_709' title='bbox 3109 2971 3227 3024; x_wconf 87' lang='lat' dir='ltr'><strong>sine</strong></span> <span class='ocrx_word' id='word_1_710' title='bbox 3268 2979 3505 3040; x_wconf 89' lang='lat' dir='ltr'><strong>peccato,</strong></span> <span class='ocrx_word' id='word_1_711' title='bbox 3542 2969 3590 3023; x_wconf 90' lang='lat' dir='ltr'><strong>si</strong></span> <span class='ocrx_word' id='word_1_712' title='bbox 3624 2950 3786 3032; x_wconf 82' lang='lat' dir='ltr'><strong>velit,</strong></span> <span class='ocrx_word' id='word_1_713' title='bbox 3818 2987 3838 3021; x_wconf 78' lang='grc' dir='ltr'><strong>ι</strong></span> <span class='ocrx_word' id='word_1_714' title='bbox 3870 2983 3969 3021; x_wconf 88' lang='lat' dir='ltr'><strong>non</strong></span> 
     </span>
    </p>
   </div>
   <div class='ocr_carea' id='block_1_93' title="bbox 2371 3061 3968 3137">
    <p class='ocr_par' dir='ltr' id='par_1_93' title="bbox 2371 3061 3968 3137">
     <span class='ocr_line' id='line_1_94' title="bbox 2371 3061 3968 3137; baseline -0.009 -15"><span class='ocrx_word' id='word_1_715' title='bbox 2371 3067 2450 3123; x_wconf 90' lang='lat' dir='ltr'><strong>sic</strong></span> <span class='ocrx_word' id='word_1_716' title='bbox 2478 3064 2829 3137; x_wconf 88' lang='lat' dir='ltr'><strong>approbatum</strong></span> <span class='ocrx_word' id='word_1_717' title='bbox 2858 3072 2961 3129; x_wconf 90' lang='lat' dir='ltr'><strong>est,</strong></span> <span class='ocrx_word' id='word_1_718' title='bbox 2993 3061 3261 3132; x_wconf 86' lang='lat' dir='ltr'><strong>quomodo</strong></span> <span class='ocrx_word' id='word_1_719' title='bbox 3285 3062 3353 3115; x_wconf 89' lang='lat' dir='ltr'><strong>ab</strong></span> <span class='ocrx_word' id='word_1_720' title='bbox 3378 3062 3468 3116; x_wconf 89' lang='lat' dir='ltr'><strong>illo</strong></span> <span class='ocrx_word' id='word_1_721' title='bbox 3498 3061 3557 3114; x_wconf 89' lang='lat' dir='ltr'><strong>in</strong></span> <span class='ocrx_word' id='word_1_722' title='bbox 3586 3061 3731 3116; x_wconf 90' lang='lat' dir='ltr'><strong>libro</strong></span> <span class='ocrx_word' id='word_1_723' title='bbox 3760 3075 3857 3113; x_wconf 89' lang='lat' dir='ltr'><strong>suo</strong></span> <span class='ocrx_word' id='word_1_724' title='bbox 3886 3075 3968 3128; x_wconf 83' lang='lat' dir='ltr'><strong>po-</strong></span> 
     </span>
    </p>
   </div>
   <div class='ocr_carea' id='block_1_94' title="bbox 2372 3152 3976 3224">
    <p class='ocr_par' dir='ltr' id='par_1_94' title="bbox 2372 3152 3976 3224">
     <span class='ocr_line' id='line_1_95' title="bbox 2372 3152 3976 3224; baseline -0.007 -10"><span class='ocrx_word' id='word_1_725' title='bbox 2372 3158 2533 3214; x_wconf 90' lang='lat' dir='ltr'><strong>situm</strong></span> <span class='ocrx_word' id='word_1_726' title='bbox 2561 3156 2861 3222; x_wconf 88' lang='lat' dir='ltr'><strong>videbatur,</strong></span> <span class='ocrx_word' id='word_1_727' title='bbox 2888 3161 3138 3224; x_wconf 89' lang='lat' dir='ltr'><strong>tanquam</strong></span> <span class='ocrx_word' id='word_1_728' title='bbox 3168 3153 3271 3208; x_wconf 89' lang='lat' dir='ltr'><strong>hoc</strong></span> <span class='ocrx_word' id='word_1_729' title='bbox 3299 3152 3350 3207; x_wconf 92' lang='lat' dir='ltr'><strong>in</strong></span> <span class='ocrx_word' id='word_1_730' title='bbox 3376 3152 3490 3208; x_wconf 78' lang='lat' dir='ltr'><strong>sola</strong></span> <span class='ocrx_word' id='word_1_731' title='bbox 3536 3161 3811 3223; x_wconf 85' lang='lat' dir='ltr'><strong>potestate</strong></span> <span class='ocrx_word' id='word_1_732' title='bbox 3838 3158 3976 3205; x_wconf 87' lang='lat' dir='ltr'><strong>esset</strong></span> 
     </span>
    </p>
   </div>
   <div class='ocr_carea' id='block_1_95' title="bbox 2376 3241 3976 3317">
    <p class='ocr_par' dir='ltr' id='par_1_95' title="bbox 2376 3241 3976 3317">
     <span class='ocr_line' id='line_1_96' title="bbox 2376 3241 3976 3317; baseline -0.007 -14"><span class='ocrx_word' id='word_1_733' title='bbox 2376 3247 2607 3303; x_wconf 90' lang='lat' dir='ltr'><strong>hominis</strong></span> <span class='ocrx_word' id='word_1_734' title='bbox 2630 3261 2726 3317; x_wconf 91' lang='lat' dir='ltr'><strong>per</strong></span> <span class='ocrx_word' id='word_1_735' title='bbox 2747 3245 2977 3301; x_wconf 89' lang='lat' dir='ltr'><strong>liberum</strong></span> <span class='ocrx_word' id='word_1_736' title='bbox 3008 3242 3323 3310; x_wconf 90' lang='lat' dir='ltr'><strong>arbitrium;</strong></span> <span class='ocrx_word' id='word_1_737' title='bbox 3355 3244 3459 3298; x_wconf 89' lang='lat' dir='ltr'><strong>hoc</strong></span> <span class='ocrx_word' id='word_1_738' title='bbox 3486 3243 3698 3314; x_wconf 90' lang='lat' dir='ltr'><strong>quippe</strong></span> <span class='ocrx_word' id='word_1_739' title='bbox 3722 3241 3976 3311; x_wconf 66' lang='lat' dir='ltr'><strong>arguebao</strong></span> 
     </span>
    </p>
   </div>
   <div class='ocr_carea' id='block_1_96' title="bbox 2375 3333 3981 3405">
    <p class='ocr_par' dir='ltr' id='par_1_96' title="bbox 2375 3333 3981 3405">
     <span class='ocr_line' id='line_1_97' title="bbox 2375 3333 3981 3405; baseline -0.007 -10"><span class='ocrx_word' id='word_1_740' title='bbox 2375 3351 2462 3395; x_wconf 92' lang='lat' dir='ltr'><strong>tur</strong></span> <span class='ocrx_word' id='word_1_741' title='bbox 2486 3339 2719 3396; x_wconf 70' lang='lat' dir='ltr'><strong>sensisse</strong></span> <span class='ocrx_word' id='word_1_742' title='bbox 2742 3336 3004 3404; x_wconf 89' lang='lat' dir='ltr'><strong>dicendo,</strong></span> <span class='ocrx_word' id='word_1_743' title='bbox 3038 3354 3059 3389; x_wconf 76' lang='grc' dir='ltr'><strong>ι</strong></span> <span class='ocrx_word' id='word_1_744' title='bbox 3085 3336 3131 3392; x_wconf 90' lang='lat' dir='ltr'><strong>si</strong></span> <span class='ocrx_word' id='word_1_745' title='bbox 3152 3335 3313 3390; x_wconf 90' lang='lat' dir='ltr'><strong>velit:</strong></span> <span class='ocrx_word' id='word_1_746' title='bbox 3345 3354 3366 3388; x_wconf 69' lang='grc' dir='ltr'><strong>ι</strong></span> <span class='ocrx_word' id='word_1_747' title='bbox 3398 3334 3493 3390; x_wconf 87' lang='lat' dir='ltr'><strong>sed</strong></span> <span class='ocrx_word' id='word_1_748' title='bbox 3537 3333 3825 3405; x_wconf 88' lang='lat' dir='ltr'><strong>quomodo</strong></span> <span class='ocrx_word' id='word_1_749' title='bbox 3849 3344 3981 3386; x_wconf 78' lang='lat' dir='ltr'><strong>Illinc</strong></span> 
     </span>
    </p>
   </div>
   <div class='ocr_carea' id='block_1_97' title="bbox 2375 3423 3982 3502">
    <p class='ocr_par' dir='ltr' id='par_1_97' title="bbox 2375 3423 3982 3502">
     <span class='ocr_line' id='line_1_98' title="bbox 2375 3423 3982 3502; baseline -0.007 -16"><span class='ocrx_word' id='word_1_750' title='bbox 2375 3431 2490 3502; x_wconf 88' lang='lat' dir='ltr'><strong>ipse</strong></span> <span class='ocrx_word' id='word_1_751' title='bbox 2517 3429 2823 3501; x_wconf 82' lang='lat' dir='ltr'><strong>respondit;</strong></span> <span class='ocrx_word' id='word_1_752' title='bbox 2858 3429 2967 3483; x_wconf 90' lang='lat' dir='ltr'><strong>imo</strong></span> <span class='ocrx_word' id='word_1_753' title='bbox 2990 3426 3261 3499; x_wconf 91' lang='lat' dir='ltr'><strong>quomodo</strong></span> <span class='ocrx_word' id='word_1_754' title='bbox 3305 3426 3358 3481; x_wconf 93' lang='lat' dir='ltr'><strong>id</strong></span> <span class='ocrx_word' id='word_1_755' title='bbox 3389 3426 3616 3481; x_wconf 88' lang='lat' dir='ltr'><strong>brevius</strong></span> <span class='ocrx_word' id='word_1_756' title='bbox 3658 3434 3716 3481; x_wconf 92' lang='lat' dir='ltr'><strong>et</strong></span> <span class='ocrx_word' id='word_1_757' title='bbox 3753 3423 3982 3493; x_wconf 85' lang='lat' dir='ltr'><strong>apertius</strong></span> 
     </span>
    </p>
   </div>
   <div class='ocr_carea' id='block_1_98' title="bbox 2371 3518 3982 3594">
    <p class='ocr_par' dir='ltr' id='par_1_98' title="bbox 2371 3518 3982 3594">
     <span class='ocr_line' id='line_1_99' title="bbox 2371 3518 3982 3594; baseline -0.007 -16"><span class='ocrx_word' id='word_1_758' title='bbox 2371 3523 2579 3594; x_wconf 91' lang='lat' dir='ltr'><strong>judices</strong></span> <span class='ocrx_word' id='word_1_759' title='bbox 2594 3521 2827 3594; x_wconf 88' lang='lat' dir='ltr'><strong>episcopi</strong></span> <span class='ocrx_word' id='word_1_760' title='bbox 2849 3535 2943 3575; x_wconf 86' lang='lat' dir='ltr'><strong>sua</strong></span> <span class='ocrx_word' id='word_1_761' title='bbox 2963 3518 3372 3575; x_wconf 87' lang='lat' dir='ltr'><strong>interlocutione</strong></span> <span class='ocrx_word' id='word_1_762' title='bbox 3388 3525 3982 3577; x_wconf 87' lang='lat' dir='ltr'><strong>commemoraverunt,</strong></span> 
     </span>
    </p>
   </div>
   <div class='ocr_carea' id='block_1_99' title="bbox 2377 3606 3985 3681">
    <p class='ocr_par' dir='ltr' id='par_1_99' title="bbox 2377 3606 3985 3681">
     <span class='ocr_line' id='line_1_100' title="bbox 2377 3606 3985 3681; baseline -0.006 -14"><span class='ocrx_word' id='word_1_763' title='bbox 2377 3612 2649 3668; x_wconf 88' lang='lat' dir='ltr'><strong>hominem</strong></span> <span class='ocrx_word' id='word_1_764' title='bbox 2673 3627 2793 3666; x_wconf 91' lang='lat' dir='ltr'><strong>cum</strong></span> <span class='ocrx_word' id='word_1_765' title='bbox 2820 3610 3083 3681; x_wconf 91' lang='lat' dir='ltr'><strong>adjutorio</strong></span> <span class='ocrx_word' id='word_1_766' title='bbox 3111 3609 3207 3664; x_wconf 90' lang='lat' dir='ltr'><strong>Dei</strong></span> <span class='ocrx_word' id='word_1_767' title='bbox 3235 3618 3291 3664; x_wconf 90' lang='lat' dir='ltr'><strong>et</strong></span> <span class='ocrx_word' id='word_1_768' title='bbox 3318 3608 3486 3678; x_wconf 91' lang='lat' dir='ltr'><strong>gratia</strong></span> <span class='ocrx_word' id='word_1_769' title='bbox 3526 3622 3700 3677; x_wconf 89' lang='lat' dir='ltr'><strong>posse</strong></span> <span class='ocrx_word' id='word_1_770' title='bbox 3726 3621 3852 3662; x_wconf 88' lang='lat' dir='ltr'><strong>esse</strong></span> <span class='ocrx_word' id='word_1_771' title='bbox 3876 3606 3985 3659; x_wconf 89' lang='lat' dir='ltr'><strong>sine</strong></span> 
     </span>
    </p>
   </div>
   <div class='ocr_carea' id='block_1_100' title="bbox 2377 3700 3986 3777">
    <p class='ocr_par' dir='ltr' id='par_1_100' title="bbox 2377 3700 3986 3777">
     <span class='ocr_line' id='line_1_101' title="bbox 2377 3700 3986 3777; baseline -0.006 -15"><span class='ocrx_word' id='word_1_772' title='bbox 2377 3715 2617 3777; x_wconf 84' lang='lat' dir='ltr'><strong>peccatu.</strong></span> <span class='ocrx_word' id='word_1_773' title='bbox 2646 3704 2755 3760; x_wconf 85' lang='lat' dir='ltr'><strong>Nec</strong></span> <span class='ocrx_word' id='word_1_774' title='bbox 2784 3715 2959 3758; x_wconf 85' lang='lat' dir='ltr'><strong>tamen</strong></span> <span class='ocrx_word' id='word_1_775' title='bbox 2985 3702 3261 3757; x_wconf 87' lang='lat' dir='ltr'><strong>definitum</strong></span> <span class='ocrx_word' id='word_1_776' title='bbox 3288 3712 3390 3765; x_wconf 81' lang='lat' dir='ltr'><strong>est,</strong></span> <span class='ocrx_word' id='word_1_777' title='bbox 3421 3700 3649 3772; x_wconf 91' lang='lat' dir='ltr'><strong>quando</strong></span> <span class='ocrx_word' id='word_1_778' title='bbox 3676 3701 3840 3755; x_wconf 84' lang='lat' dir='ltr'><strong>istam</strong></span> <span class='ocrx_word' id='word_1_779' title='bbox 3870 3714 3986 3768; x_wconf 89' lang='lat' dir='ltr'><strong>per-</strong></span> 
     </span>
    </p>
   </div>
   <div class='ocr_carea' id='block_1_101' title="bbox 2379 3793 3992 3863">
    <p class='ocr_par' dir='ltr' id='par_1_101' title="bbox 2379 3793 3992 3863">
     <span class='ocr_line' id='line_1_102' title="bbox 2379 3793 3992 3863; baseline -0.007 -9"><span class='ocrx_word' id='word_1_780' title='bbox 2379 3799 2663 3854; x_wconf 82' lang='lat' dir='ltr'><strong>fectionem</strong></span> <span class='ocrx_word' id='word_1_781' title='bbox 2703 3796 2872 3850; x_wconf 88' lang='lat' dir='ltr'><strong>sancti</strong></span> <span class='ocrx_word' id='word_1_782' title='bbox 2915 3795 3211 3850; x_wconf 88' lang='lat' dir='ltr'><strong>assecuturi</strong></span> <span class='ocrx_word' id='word_1_783' title='bbox 3257 3802 3414 3858; x_wconf 91' lang='lat' dir='ltr'><strong>sunt,</strong></span> <span class='ocrx_word' id='word_1_784' title='bbox 3464 3803 3655 3848; x_wconf 89' lang='lat' dir='ltr'><strong>utrum</strong></span> <span class='ocrx_word' id='word_1_785' title='bbox 3686 3793 3743 3848; x_wconf 90' lang='lat' dir='ltr'><strong>in</strong></span> <span class='ocrx_word' id='word_1_786' title='bbox 3769 3805 3992 3863; x_wconf 83' lang='lat' dir='ltr'><strong>corpore</strong></span> 
     </span>
    </p>
   </div>
   <div class='ocr_carea' id='block_1_102' title="bbox 2378 3884 4078 3959">
    <p class='ocr_par' dir='ltr' id='par_1_102' title="bbox 2378 3884 4078 3959">
     <span class='ocr_line' id='line_1_103' title="bbox 2378 3884 4078 3959; baseline -0.006 -13"><span class='ocrx_word' id='word_1_787' title='bbox 2378 3891 2568 3946; x_wconf 89' lang='lat' dir='ltr'><strong>mortis</strong></span> <span class='ocrx_word' id='word_1_788' title='bbox 2595 3887 2771 3959; x_wconf 91' lang='lat' dir='ltr'><strong>hujus,</strong></span> <span class='ocrx_word' id='word_1_789' title='bbox 2801 3902 2871 3941; x_wconf 90' lang='lat' dir='ltr'><strong>an</strong></span> <span class='ocrx_word' id='word_1_790' title='bbox 2898 3885 3114 3957; x_wconf 88' lang='lat' dir='ltr'><strong>quando</strong></span> <span class='ocrx_word' id='word_1_791' title='bbox 3140 3885 3518 3941; x_wconf 86' lang='lat' dir='ltr'><strong>absorbehitur</strong></span> <span class='ocrx_word' id='word_1_792' title='bbox 3546 3900 3710 3940; x_wconf 88' lang='lat' dir='ltr'><strong>mors</strong></span> <span class='ocrx_word' id='word_1_793' title='bbox 3742 3885 3800 3939; x_wconf 89' lang='lat' dir='ltr'><strong>in</strong></span> <span class='ocrx_word' id='word_1_794' title='bbox 3825 3884 3993 3937; x_wconf 84' lang='lat' dir='ltr'><strong>victo-</strong></span> <span class='ocrx_word' id='word_1_795' title='bbox 4061 3916 4078 3936; x_wconf 91' lang='lat'><strong>.</strong></span> 
     </span>
    </p>
   </div>
   <div class='ocr_carea' id='block_1_103' title="bbox 2378 3996 2535 4036">
    <p class='ocr_par' dir='ltr' id='par_1_103' title="bbox 2378 3996 2535 4036">
     <span class='ocr_line' id='line_1_104' title="bbox 2378 3996 2535 4036; baseline -0.006 0"><span class='ocrx_word' id='word_1_796' title='bbox 2378 3996 2535 4036; x_wconf 86' lang='lat' dir='ltr'><strong>nam.</strong></span> 
     </span>
    </p>
   </div>
   <div class='ocr_carea' id='block_1_104' title="bbox 2450 4067 3997 4140">
    <p class='ocr_par' dir='ltr' id='par_1_104' title="bbox 2450 4067 3997 4140">
     <span class='ocr_line' id='line_1_105' title="bbox 2450 4067 3997 4140; baseline -0.001 -13"><span class='ocrx_word' id='word_1_797' title='bbox 2450 4073 2539 4128; x_wconf 78' lang='lat'><strong>65.</strong></span> <span class='ocrx_word' id='word_1_798' title='bbox 2567 4072 2642 4126; x_wconf 81' lang='lat' dir='ltr'><strong>Ex</strong></span> <span class='ocrx_word' id='word_1_799' title='bbox 2687 4071 2750 4125; x_wconf 86' lang='lat' dir='ltr'><strong>iis</strong></span> <span class='ocrx_word' id='word_1_800' title='bbox 2779 4070 2972 4136; x_wconf 89' lang='lat' dir='ltr'><strong>etiam,</strong></span> <span class='ocrx_word' id='word_1_801' title='bbox 3012 4084 3130 4140; x_wconf 72' lang='lat' dir='ltr'><strong>qua:</strong></span> <span class='ocrx_word' id='word_1_802' title='bbox 3160 4068 3469 4125; x_wconf 72' lang='lat' dir='ltr'><strong>leestium</strong></span> <span class='ocrx_word' id='word_1_803' title='bbox 3496 4068 3717 4125; x_wconf 83' lang='lat' dir='ltr'><strong>dixisse</strong></span> <span class='ocrx_word' id='word_1_804' title='bbox 3747 4069 3837 4124; x_wconf 87' lang='lat' dir='ltr'><strong>vel</strong></span> <span class='ocrx_word' id='word_1_805' title='bbox 3863 4067 3997 4125; x_wconf 84' lang='lat' dir='ltr'><strong>seri-</strong></span> 
     </span>
    </p>
   </div>
   <div class='ocr_carea' id='block_1_105' title="bbox 2383 4160 3999 4237">
    <p class='ocr_par' dir='ltr' id='par_1_105' title="bbox 2383 4160 3999 4237">
     <span class='ocr_line' id='line_1_106' title="bbox 2383 4160 3999 4237; baseline -0.006 -16"><span class='ocrx_word' id='word_1_806' title='bbox 2383 4181 2573 4237; x_wconf 73' lang='lat' dir='ltr'><strong>psnsse,</strong></span> <span class='ocrx_word' id='word_1_807' title='bbox 2613 4174 2862 4234; x_wconf 88' lang='lat' dir='ltr'><strong>tanquam</strong></span> <span class='ocrx_word' id='word_1_808' title='bbox 2891 4163 3139 4234; x_wconf 88' lang='lat' dir='ltr'><strong>dogmata</strong></span> <span class='ocrx_word' id='word_1_809' title='bbox 3167 4162 3415 4233; x_wconf 90' lang='lat' dir='ltr'><strong>discipuli</strong></span> <span class='ocrx_word' id='word_1_810' title='bbox 3442 4162 3588 4232; x_wconf 87' lang='lat' dir='ltr'><strong>ejus,</strong></span> <span class='ocrx_word' id='word_1_811' title='bbox 3624 4172 3762 4217; x_wconf 91' lang='lat' dir='ltr'><strong>sunt</strong></span> <span class='ocrx_word' id='word_1_812' title='bbox 3791 4160 3999 4230; x_wconf 78' lang='lat' dir='ltr'><strong>objecta</strong></span> 
     </span>
    </p>
   </div>
   <div class='ocr_carea' id='block_1_106' title="bbox 2382 4254 4004 4329">
    <p class='ocr_par' dir='ltr' id='par_1_106' title="bbox 2382 4254 4004 4329">
     <span class='ocr_line' id='line_1_107' title="bbox 2382 4254 4004 4329; baseline -0.004 -15"><span class='ocrx_word' id='word_1_813' title='bbox 2382 4259 2596 4329; x_wconf 89' lang='lat' dir='ltr'><strong>Pelagio</strong></span> <span class='ocrx_word' id='word_1_814' title='bbox 2620 4274 2636 4325; x_wconf 94' lang='lat'><strong>;</strong></span> <span class='ocrx_word' id='word_1_815' title='bbox 2666 4272 2762 4311; x_wconf 89' lang='lat' dir='ltr'><strong>sua</strong></span> <span class='ocrx_word' id='word_1_816' title='bbox 2790 4256 3032 4326; x_wconf 64' lang='lat' dir='ltr'><strong>quaedam</strong></span> <span class='ocrx_word' id='word_1_817' title='bbox 3058 4264 3112 4310; x_wconf 91' lang='lat' dir='ltr'><strong>et</strong></span> <span class='ocrx_word' id='word_1_818' title='bbox 3132 4256 3246 4325; x_wconf 88' lang='lat' dir='ltr'><strong>ipse</strong></span> <span class='ocrx_word' id='word_1_819' title='bbox 3271 4256 3562 4325; x_wconf 85' lang='lat' dir='ltr'><strong>cognovit,</strong></span> <span class='ocrx_word' id='word_1_820' title='bbox 3594 4254 3706 4311; x_wconf 85' lang='lat' dir='ltr'><strong>sed</strong></span> <span class='ocrx_word' id='word_1_821' title='bbox 3733 4255 3895 4309; x_wconf 89' lang='lat' dir='ltr'><strong>aliter</strong></span> <span class='ocrx_word' id='word_1_822' title='bbox 3922 4266 4004 4314; x_wconf 85' lang='lat' dir='ltr'><strong>se.</strong></span> 
     </span>
    </p>
   </div>
   <div class='ocr_carea' id='block_1_107' title="bbox 2381 4342 4000 4421">
    <p class='ocr_par' dir='ltr' id='par_1_107' title="bbox 2381 4342 4000 4421">
     <span class='ocr_line' id='line_1_108' title="bbox 2381 4342 4000 4421; baseline -0.004 -18"><span class='ocrx_word' id='word_1_823' title='bbox 2381 4366 2540 4421; x_wconf 90' lang='lat' dir='ltr'><strong>quam</strong></span> <span class='ocrx_word' id='word_1_824' title='bbox 2563 4348 2968 4420; x_wconf 89' lang='lat' dir='ltr'><strong>objiciebantur,</strong></span> <span class='ocrx_word' id='word_1_825' title='bbox 2990 4348 3222 4403; x_wconf 89' lang='lat' dir='ltr'><strong>sensisse</strong></span> <span class='ocrx_word' id='word_1_826' title='bbox 3240 4345 3537 4417; x_wconf 89' lang='lat' dir='ltr'><strong>respondit.</strong></span> <span class='ocrx_word' id='word_1_827' title='bbox 3566 4345 3719 4401; x_wconf 81' lang='lat' dir='ltr'><strong>Hinc</strong></span> <span class='ocrx_word' id='word_1_828' title='bbox 3741 4354 3831 4400; x_wconf 89' lang='lat' dir='ltr'><strong>est</strong></span> <span class='ocrx_word' id='word_1_829' title='bbox 3853 4342 4000 4407; x_wconf 89' lang='lat' dir='ltr'><strong>illud,</strong></span> 
     </span>
    </p>
   </div>
   <div class='ocr_carea' id='block_1_108' title="bbox 2389 4437 4011 4509">
    <p class='ocr_par' dir='ltr' id='par_1_108' title="bbox 2389 4437 4011 4509">
     <span class='ocr_line' id='line_1_109' title="bbox 2389 4437 4011 4509; baseline -0.003 -16"><span class='ocrx_word' id='word_1_830' title='bbox 2389 4461 2407 4493; x_wconf 79' lang='grc' dir='ltr'><strong>ι</strong></span> <span class='ocrx_word' id='word_1_831' title='bbox 2436 4440 2588 4509; x_wconf 91' lang='lat' dir='ltr'><strong>Quod</strong></span> <span class='ocrx_word' id='word_1_832' title='bbox 2613 4450 2737 4495; x_wconf 90' lang='lat' dir='ltr'><strong>ante</strong></span> <span class='ocrx_word' id='word_1_833' title='bbox 2755 4440 3038 4494; x_wconf 87' lang='lat' dir='ltr'><strong>adventum</strong></span> <span class='ocrx_word' id='word_1_834' title='bbox 3061 4437 3262 4493; x_wconf 87' lang='lat' dir='ltr'><strong>Christi</strong></span> <span class='ocrx_word' id='word_1_835' title='bbox 3280 4439 3529 4493; x_wconf 88' lang='lat' dir='ltr'><strong>vixerunt</strong></span> <span class='ocrx_word' id='word_1_836' title='bbox 3550 4437 3795 4508; x_wconf 86' lang='lat' dir='ltr'><strong>quidam</strong></span> <span class='ocrx_word' id='word_1_837' title='bbox 3822 4444 4011 4492; x_wconf 84' lang='lat' dir='ltr'><strong>sancte</strong></span> 
     </span>
    </p>
   </div>
   <div class='ocr_carea' id='block_1_109' title="bbox 2382 4528 4009 4600">
    <p class='ocr_par' dir='ltr' id='par_1_109' title="bbox 2382 4528 4009 4600">
     <span class='ocr_line' id='line_1_110' title="bbox 2382 4528 4009 4600; baseline -0.004 -14"><span class='ocrx_word' id='word_1_838' title='bbox 2382 4548 2446 4586; x_wconf 90' lang='lat' dir='ltr'><strong>ac</strong></span> <span class='ocrx_word' id='word_1_839' title='bbox 2485 4532 2668 4600; x_wconf 85' lang='lat' dir='ltr'><strong>juste:</strong></span> <span class='ocrx_word' id='word_1_840' title='bbox 2698 4549 2717 4583; x_wconf 79' lang='grc' dir='ltr'><strong>ι</strong></span> <span class='ocrx_word' id='word_1_841' title='bbox 2749 4530 3033 4586; x_wconf 80' lang='lat' dir='ltr'><strong>C(elestius</strong></span> <span class='ocrx_word' id='word_1_842' title='bbox 3081 4538 3258 4584; x_wconf 91' lang='lat' dir='ltr'><strong>autem</strong></span> <span class='ocrx_word' id='word_1_843' title='bbox 3306 4528 3508 4584; x_wconf 77' lang='lat' dir='ltr'><strong>dixisse</strong></span> <span class='ocrx_word' id='word_1_844' title='bbox 3562 4529 4009 4599; x_wconf 86' lang='lat' dir='ltr'><strong>perhibebatur.</strong></span> 
     </span>
    </p>
   </div>
   <div class='ocr_carea' id='block_1_110' title="bbox 2390 4620 4014 4695">
    <p class='ocr_par' dir='ltr' id='par_1_110' title="bbox 2390 4620 4014 4695">
     <span class='ocr_line' id='line_1_111' title="bbox 2390 4620 4014 4695; baseline -0.002 -19"><span class='ocrx_word' id='word_1_845' title='bbox 2390 4643 2410 4676; x_wconf 76' lang='grc' dir='ltr'><strong>ι</strong></span> <span class='ocrx_word' id='word_1_846' title='bbox 2436 4623 2578 4695; x_wconf 91' lang='lat' dir='ltr'><strong>quod</strong></span> <span class='ocrx_word' id='word_1_847' title='bbox 2618 4624 2736 4679; x_wconf 90' lang='lat' dir='ltr'><strong>sine</strong></span> <span class='ocrx_word' id='word_1_848' title='bbox 2781 4630 3000 4693; x_wconf 90' lang='lat' dir='ltr'><strong>peccato</strong></span> <span class='ocrx_word' id='word_1_849' title='bbox 3047 4621 3263 4676; x_wconf 90' lang='lat' dir='ltr'><strong>fuerint.</strong></span> <span class='ocrx_word' id='word_1_850' title='bbox 3293 4640 3312 4672; x_wconf 74' lang='grc' dir='ltr'><strong>ι</strong></span> <span class='ocrx_word' id='word_1_851' title='bbox 3365 4620 3496 4676; x_wconf 89' lang='lat' dir='ltr'><strong>item</strong></span> <span class='ocrx_word' id='word_1_852' title='bbox 3543 4620 3853 4690; x_wconf 77' lang='lat' dir='ltr'><strong>objeCtum</strong></span> <span class='ocrx_word' id='word_1_853' title='bbox 3900 4626 4014 4680; x_wconf 88' lang='lat' dir='ltr'><strong>est,</strong></span> 
     </span>
    </p>
   </div>
   <div class='ocr_carea' id='block_1_111' title="bbox 2383 4711 4018 4780">
    <p class='ocr_par' dir='ltr' id='par_1_111' title="bbox 2383 4711 4018 4780">
     <span class='ocr_line' id='line_1_112' title="bbox 2383 4711 4018 4780; baseline -0.007 -8"><span class='ocrx_word' id='word_1_854' title='bbox 2383 4717 2586 4772; x_wconf 84' lang='lat' dir='ltr'><strong>dixisse</strong></span> <span class='ocrx_word' id='word_1_855' title='bbox 2607 4714 2948 4780; x_wconf 74' lang='lat' dir='ltr'><strong>Ctelestium,</strong></span> <span class='ocrx_word' id='word_1_856' title='bbox 3001 4731 3022 4766; x_wconf 77' lang='grc' dir='ltr'><strong>ι</strong></span> <span class='ocrx_word' id='word_1_857' title='bbox 3050 4712 3342 4768; x_wconf 80' lang='lat' dir='ltr'><strong>Ecclesium</strong></span> <span class='ocrx_word' id='word_1_858' title='bbox 3379 4726 3501 4766; x_wconf 90' lang='lat' dir='ltr'><strong>esse</strong></span> <span class='ocrx_word' id='word_1_859' title='bbox 3540 4712 3677 4767; x_wconf 88' lang='lat' dir='ltr'><strong>sine</strong></span> <span class='ocrx_word' id='word_1_860' title='bbox 3714 4711 3937 4765; x_wconf 84' lang='lat' dir='ltr'><strong>macula</strong></span> <span class='ocrx_word' id='word_1_861' title='bbox 3966 4718 4018 4761; x_wconf 74' lang='grc' dir='ltr'><strong>σιι</strong></span> 
     </span>
    </p>
   </div>
   <div class='ocr_carea' id='block_1_112' title="bbox 2385 4801 4021 4878">
    <p class='ocr_par' dir='ltr' id='par_1_112' title="bbox 2385 4801 4021 4878">
     <span class='ocr_line' id='line_1_113' title="bbox 2385 4801 4021 4878; baseline -0.005 -15"><span class='ocrx_word' id='word_1_862' title='bbox 2385 4823 2535 4878; x_wconf 87' lang='lat' dir='ltr'><strong>rttga.</strong></span> <span class='ocrx_word' id='word_1_863' title='bbox 2567 4826 2588 4859; x_wconf 75' lang='grc' dir='ltr'><strong>ι</strong></span> <span class='ocrx_word' id='word_1_864' title='bbox 2622 4806 2865 4876; x_wconf 88' lang='lat' dir='ltr'><strong>Pelagius</strong></span> <span class='ocrx_word' id='word_1_865' title='bbox 2890 4814 3065 4860; x_wconf 88' lang='lat' dir='ltr'><strong>autem</strong></span> <span class='ocrx_word' id='word_1_866' title='bbox 3091 4804 3244 4870; x_wconf 88' lang='lat' dir='ltr'><strong>dixit,</strong></span> <span class='ocrx_word' id='word_1_867' title='bbox 3280 4821 3300 4856; x_wconf 76' lang='grc' dir='ltr'><strong>ι</strong></span> <span class='ocrx_word' id='word_1_868' title='bbox 3328 4803 3529 4857; x_wconf 89' lang='lat' dir='ltr'><strong>dictum</strong></span> <span class='ocrx_word' id='word_1_869' title='bbox 3565 4818 3599 4855; x_wconf 88' lang='lat' dir='ltr'><strong>a</strong></span> <span class='ocrx_word' id='word_1_870' title='bbox 3641 4818 3712 4858; x_wconf 84' lang='lat' dir='ltr'><strong>se</strong></span> <span class='ocrx_word' id='word_1_871' title='bbox 3754 4801 4021 4873; x_wconf 84' lang='lat' dir='ltr'><strong>quidem,</strong></span> 
     </span>
    </p>
   </div>
   <div class='ocr_carea' id='block_1_113' title="bbox 2385 4893 4024 4967">
    <p class='ocr_par' dir='ltr' id='par_1_113' title="bbox 2385 4893 4024 4967">
     <span class='ocr_line' id='line_1_114' title="bbox 2385 4893 4024 4967; baseline -0.006 -13"><span class='ocrx_word' id='word_1_872' title='bbox 2385 4900 2478 4954; x_wconf 86' lang='lat' dir='ltr'><strong>sed</strong></span> <span class='ocrx_word' id='word_1_873' title='bbox 2504 4900 2593 4962; x_wconf 89' lang='lat' dir='ltr'><strong>ita,</strong></span> <span class='ocrx_word' id='word_1_874' title='bbox 2622 4898 2874 4967; x_wconf 90' lang='lat' dir='ltr'><strong>quoniam</strong></span> <span class='ocrx_word' id='word_1_875' title='bbox 2900 4897 3113 4951; x_wconf 86' lang='lat' dir='ltr'><strong>lavacro</strong></span> <span class='ocrx_word' id='word_1_876' title='bbox 3138 4896 3207 4950; x_wconf 88' lang='lat' dir='ltr'><strong>ab</strong></span> <span class='ocrx_word' id='word_1_877' title='bbox 3232 4895 3377 4948; x_wconf 89' lang='lat' dir='ltr'><strong>omni</strong></span> <span class='ocrx_word' id='word_1_878' title='bbox 3399 4893 3619 4947; x_wconf 88' lang='lat' dir='ltr'><strong>macula</strong></span> <span class='ocrx_word' id='word_1_879' title='bbox 3648 4904 3708 4947; x_wconf 88' lang='lat' dir='ltr'><strong>et</strong></span> <span class='ocrx_word' id='word_1_880' title='bbox 3733 4909 3873 4963; x_wconf 87' lang='lat' dir='ltr'><strong>ruga</strong></span> <span class='ocrx_word' id='word_1_881' title='bbox 3900 4908 4024 4963; x_wconf 88' lang='lat' dir='ltr'><strong>pur-</strong></span> 
     </span>
    </p>
   </div>
   <div class='ocr_carea' id='block_1_114' title="bbox 2385 4985 4024 5061">
    <p class='ocr_par' dir='ltr' id='par_1_114' title="bbox 2385 4985 4024 5061">
     <span class='ocr_line' id='line_1_115' title="bbox 2385 4985 4024 5061; baseline -0.004 -17"><span class='ocrx_word' id='word_1_882' title='bbox 2385 5001 2542 5061; x_wconf 89' lang='lat' dir='ltr'><strong>gatur</strong></span> <span class='ocrx_word' id='word_1_883' title='bbox 2568 4988 2826 5049; x_wconf 88' lang='lat' dir='ltr'><strong>Ecclesia,</strong></span> <span class='ocrx_word' id='word_1_884' title='bbox 2849 5002 3008 5058; x_wconf 88' lang='lat' dir='ltr'><strong>quam</strong></span> <span class='ocrx_word' id='word_1_885' title='bbox 3043 4986 3172 5041; x_wconf 90' lang='lat' dir='ltr'><strong>velit</strong></span> <span class='ocrx_word' id='word_1_886' title='bbox 3213 4985 3469 5041; x_wconf 87' lang='lat' dir='ltr'><strong>Dominus</strong></span> <span class='ocrx_word' id='word_1_887' title='bbox 3490 4986 3566 5036; x_wconf 88' lang='lat' dir='ltr'><strong>ita</strong></span> <span class='ocrx_word' id='word_1_888' title='bbox 3599 4997 3973 5054; x_wconf 86' lang='lat' dir='ltr'><strong>permanere.</strong></span> <span class='ocrx_word' id='word_1_889' title='bbox 4003 4999 4024 5032; x_wconf 74' lang='grc' dir='ltr'><strong>ι</strong></span> 
     </span>
    </p>
   </div>
   <div class='ocr_carea' id='block_1_115' title="bbox 2389 5072 4028 5142">
    <p class='ocr_par' dir='ltr' id='par_1_115' title="bbox 2389 5072 4028 5142">
     <span class='ocr_line' id='line_1_116' title="bbox 2389 5072 4028 5142; baseline -0.01 -7"><span class='ocrx_word' id='word_1_890' title='bbox 2389 5082 2517 5135; x_wconf 89' lang='lat' dir='ltr'><strong>Item</strong></span> <span class='ocrx_word' id='word_1_891' title='bbox 2556 5079 2680 5135; x_wconf 90' lang='lat' dir='ltr'><strong>illud</strong></span> <span class='ocrx_word' id='word_1_892' title='bbox 2709 5078 2909 5133; x_wconf 88' lang='lat' dir='ltr'><strong>dictum</strong></span> <span class='ocrx_word' id='word_1_893' title='bbox 2947 5076 3292 5141; x_wconf 41' lang='lat' dir='ltr'><strong>arilmleslio,</strong></span> <span class='ocrx_word' id='word_1_894' title='bbox 3330 5093 3350 5126; x_wconf 69' lang='grc' dir='ltr'><em>ς</em></span> <span class='ocrx_word' id='word_1_895' title='bbox 3379 5074 3660 5140; x_wconf 87' lang='lat' dir='ltr'><strong>Quoniam</strong></span> <span class='ocrx_word' id='word_1_896' title='bbox 3697 5074 3829 5142; x_wconf 86' lang='lat' dir='ltr'><strong>plus</strong></span> <span class='ocrx_word' id='word_1_897' title='bbox 3861 5072 4028 5125; x_wconf 79' lang='lat' dir='ltr'><strong>facia-</strong></span> 
     </span>
    </p>
   </div>
   <div class='ocr_carea' id='block_1_116' title="bbox 2388 5162 4030 5243">
    <p class='ocr_par' dir='ltr' id='par_1_116' title="bbox 2388 5162 4030 5243">
     <span class='ocr_line' id='line_1_117' title="bbox 2388 5162 4030 5243; baseline -0.009 -15"><span class='ocrx_word' id='word_1_898' title='bbox 2388 5189 2528 5236; x_wconf 88' lang='lat' dir='ltr'><strong>mns,</strong></span> <span class='ocrx_word' id='word_1_899' title='bbox 2558 5188 2717 5243; x_wconf 86' lang='lat' dir='ltr'><strong>quam</strong></span> <span class='ocrx_word' id='word_1_900' title='bbox 2744 5173 2796 5226; x_wconf 92' lang='lat' dir='ltr'><strong>in</strong></span> <span class='ocrx_word' id='word_1_901' title='bbox 2825 5171 2966 5241; x_wconf 86' lang='lat' dir='ltr'><strong>Lege</strong></span> <span class='ocrx_word' id='word_1_902' title='bbox 2993 5178 3049 5225; x_wconf 92' lang='lat' dir='ltr'><strong>et</strong></span> <span class='ocrx_word' id='word_1_903' title='bbox 3077 5167 3371 5238; x_wconf 82' lang='lat' dir='ltr'><strong>Evangelio</strong></span> <span class='ocrx_word' id='word_1_904' title='bbox 3394 5166 3619 5235; x_wconf 87' lang='lat' dir='ltr'><strong>jussum</strong></span> <span class='ocrx_word' id='word_1_905' title='bbox 3667 5176 3784 5220; x_wconf 85' lang='lat' dir='ltr'><strong>est.</strong></span> <span class='ocrx_word' id='word_1_906' title='bbox 3818 5184 3840 5217; x_wconf 77' lang='grc' dir='ltr'><strong>ι</strong></span> <span class='ocrx_word' id='word_1_907' title='bbox 3875 5162 4030 5219; x_wconf 82' lang='lat' dir='ltr'><strong>Pela-</strong></span> 
     </span>
    </p>
   </div>
   <div class='ocr_carea' id='block_1_117' title="bbox 2386 5257 4034 5339">
    <p class='ocr_par' dir='ltr' id='par_1_117' title="bbox 2386 5257 4034 5339">
     <span class='ocr_line' id='line_1_118' title="bbox 2386 5257 4034 5339; baseline -0.005 -17"><span class='ocrx_word' id='word_1_908' title='bbox 2386 5269 2504 5339; x_wconf 88' lang='lat' dir='ltr'><strong>gius</strong></span> <span class='ocrx_word' id='word_1_909' title='bbox 2545 5277 2722 5321; x_wconf 90' lang='lat' dir='ltr'><strong>autem</strong></span> <span class='ocrx_word' id='word_1_910' title='bbox 2770 5284 2790 5318; x_wconf 77' lang='grc' dir='ltr'><strong>ι</strong></span> <span class='ocrx_word' id='word_1_911' title='bbox 2819 5266 2887 5320; x_wconf 88' lang='lat' dir='ltr'><strong>de</strong></span> <span class='ocrx_word' id='word_1_912' title='bbox 2920 5263 3225 5331; x_wconf 82' lang='lat' dir='ltr'><strong>virginitate</strong></span> <span class='ocrx_word' id='word_1_913' title='bbox 3271 5276 3330 5315; x_wconf 90' lang='lat' dir='ltr'><strong>se</strong></span> <span class='ocrx_word' id='word_1_914' title='bbox 3374 5260 3584 5313; x_wconf 80' lang='lat' dir='ltr'><strong>dixisse</strong></span> <span class='ocrx_word' id='word_1_915' title='bbox 3621 5278 3640 5311; x_wconf 78' lang='grc' dir='ltr'><strong>ι</strong></span> <span class='ocrx_word' id='word_1_916' title='bbox 3700 5257 4034 5326; x_wconf 88' lang='lat' dir='ltr'><strong>respondit.</strong></span> 
     </span>
    </p>
   </div>
   <div class='ocr_carea' id='block_1_118' title="bbox 2395 5349 4040 5430">
    <p class='ocr_par' dir='ltr' id='par_1_118' title="bbox 2395 5349 4040 5430">
     <span class='ocr_line' id='line_1_119' title="bbox 2395 5349 4040 5430; baseline -0.008 -19"><span class='ocrx_word' id='word_1_917' title='bbox 2395 5380 2413 5411; x_wconf 78' lang='grc' dir='ltr'><strong>ι</strong></span> <span class='ocrx_word' id='word_1_918' title='bbox 2442 5361 2507 5415; x_wconf 89' lang='lat' dir='ltr'><strong>de</strong></span> <span class='ocrx_word' id='word_1_919' title='bbox 2532 5375 2635 5430; x_wconf 88' lang='lat' dir='ltr'><strong>qua</strong></span> <span class='ocrx_word' id='word_1_920' title='bbox 2661 5360 2854 5413; x_wconf 89' lang='lat' dir='ltr'><strong>Paulus</strong></span> <span class='ocrx_word' id='word_1_921' title='bbox 2868 5358 3018 5422; x_wconf 91' lang='lat' dir='ltr'><strong>dicit,</strong></span> <span class='ocrx_word' id='word_1_922' title='bbox 3042 5355 3360 5425; x_wconf 73' lang='lat' dir='ltr'><strong>Prwceptnm</strong></span> <span class='ocrx_word' id='word_1_923' title='bbox 3386 5351 3605 5405; x_wconf 80' lang='lat' dir='ltr'><strong>Domini</strong></span> <span class='ocrx_word' id='word_1_924' title='bbox 3640 5369 3757 5405; x_wconf 83' lang='lat' dir='ltr'><strong>non</strong></span> <span class='ocrx_word' id='word_1_925' title='bbox 3781 5349 4040 5415; x_wconf 69' lang='lat' dir='ltr'><strong>Imbeoiu</strong></span> 
     </span>
    </p>
   </div>
   <div class='ocr_carea' id='block_1_119' title="bbox 2388 5442 4044 5523">
    <p class='ocr_par' dir='ltr' id='par_1_119' title="bbox 2388 5442 4044 5523">
     <span class='ocr_line' id='line_1_120' title="bbox 2388 5442 4044 5523; baseline -0.011 -13"><span class='ocrx_word' id='word_1_926' title='bbox 2388 5453 2506 5511; x_wconf 84' lang='lat' dir='ltr'><strong>Cor.</strong></span> <span class='ocrx_word' id='word_1_927' title='bbox 2537 5471 2642 5519; x_wconf 87' lang='lat' dir='ltr'><strong>vn,</strong></span> <span class='ocrx_word' id='word_1_928' title='bbox 2680 5453 2810 5523; x_wconf 76' lang='lat'><strong>25).</strong></span> <span class='ocrx_word' id='word_1_929' title='bbox 2858 5451 2989 5507; x_wconf 84' lang='lat' dir='ltr'><strong>Item</strong></span> <span class='ocrx_word' id='word_1_930' title='bbox 3034 5448 3301 5518; x_wconf 84' lang='lat' dir='ltr'><strong>objectum</strong></span> <span class='ocrx_word' id='word_1_931' title='bbox 3341 5456 3451 5509; x_wconf 86' lang='lat' dir='ltr'><strong>est,</strong></span> <span class='ocrx_word' id='word_1_932' title='bbox 3501 5443 3817 5499; x_wconf 83' lang='lat' dir='ltr'><strong>affirmare</strong></span> <span class='ocrx_word' id='word_1_933' title='bbox 3861 5442 4044 5497; x_wconf 63' lang='lat' dir='ltr'><strong>Caeli--</strong></span> 
     </span>
    </p>
   </div>
   <div class='ocr_carea' id='block_1_120' title="bbox 2389 5537 4047 5615">
    <p class='ocr_par' dir='ltr' id='par_1_120' title="bbox 2389 5537 4047 5615">
     <span class='ocr_line' id='line_1_121' title="bbox 2389 5537 4047 5615; baseline -0.01 -12"><span class='ocrx_word' id='word_1_934' title='bbox 2389 5552 2573 5615; x_wconf 90' lang='lat' dir='ltr'><strong>stium,</strong></span> <span class='ocrx_word' id='word_1_935' title='bbox 2605 5567 2622 5600; x_wconf 76' lang='grc' dir='ltr'><strong>ι</strong></span> <span class='ocrx_word' id='word_1_936' title='bbox 2652 5547 3095 5615; x_wconf 87' lang='lat' dir='ltr'><strong>Unumquemque</strong></span> <span class='ocrx_word' id='word_1_937' title='bbox 3112 5542 3381 5595; x_wconf 88' lang='lat' dir='ltr'><strong>hominem</strong></span> <span class='ocrx_word' id='word_1_938' title='bbox 3409 5551 3574 5609; x_wconf 78' lang='lat' dir='ltr'><strong>posse</strong></span> <span class='ocrx_word' id='word_1_939' title='bbox 3597 5537 3830 5593; x_wconf 76' lang='lat' dir='ltr'><strong>habere</strong></span> <span class='ocrx_word' id='word_1_940' title='bbox 3844 5548 4047 5591; x_wconf 85' lang='lat' dir='ltr'><strong>omnes</strong></span> 
     </span>
    </p>
   </div>
   <div class='ocr_carea' id='block_1_121' title="bbox 2454 5720 3555 5785">
    <p class='ocr_par' dir='ltr' id='par_1_121' title="bbox 2454 5720 3555 5785">
     <span class='ocr_line' id='line_1_122' title="bbox 2454 5720 3555 5785; baseline -0.015 -5"><span class='ocrx_word' id='word_1_941' title='bbox 2454 5735 2469 5763; x_wconf 87' lang='grc'>¹</span> <span class='ocrx_word' id='word_1_942' title='bbox 2510 5738 2642 5779; x_wconf 80' lang='lat' dir='ltr'><strong>Snar.</strong></span> <span class='ocrx_word' id='word_1_943' title='bbox 2672 5736 2723 5779; x_wconf 89' lang='lat' dir='ltr'><strong>et</strong></span> <span class='ocrx_word' id='word_1_944' title='bbox 2743 5726 3047 5776; x_wconf 82' lang='lat' dir='ltr'><strong>Colhertiuus</strong></span> <span class='ocrx_word' id='word_1_945' title='bbox 3070 5731 3172 5778; x_wconf 64' lang='grc' dir='ltr'>διε..</span> <span class='ocrx_word' id='word_1_946' title='bbox 3185 5720 3555 5785; x_wconf 73' lang='lat' dir='ltr'><strong>judicarertmt.</strong></span> 
     </span>
    </p>
   </div>
   <div class='ocr_carea' id='block_1_122' title="bbox 2452 5778 4044 5845">
    <p class='ocr_par' dir='ltr' id='par_1_122' title="bbox 2452 5778 4044 5845">
     <span class='ocr_line' id='line_1_123' title="bbox 2452 5778 4044 5845; baseline -0.008 -7"><span class='ocrx_word' id='word_1_947' title='bbox 2452 5794 2472 5823; x_wconf 72' lang='grc' dir='ltr'>ί</span> <span class='ocrx_word' id='word_1_948' title='bbox 2514 5778 2657 5845; x_wconf 59' lang='lat' dir='ltr'><strong>mliti,</strong></span> <span class='ocrx_word' id='word_1_949' title='bbox 2683 5787 3058 5839; x_wconf 60' lang='lat' dir='ltr'><strong>udntiuietrums.</strong></span> <span class='ocrx_word' id='word_1_950' title='bbox 3114 5778 3523 5834; x_wconf 53' lang='lat' dir='ltr'><strong>At&#39;Colbertinus</strong></span> <span class='ocrx_word' id='word_1_951' title='bbox 3581 5787 3677 5829; x_wconf 75' lang='lat' dir='ltr'><strong>Ms.</strong></span> <span class='ocrx_word' id='word_1_952' title='bbox 3706 5814 3723 5841; x_wconf 86' lang='lat'><strong>,</strong></span> <span class='ocrx_word' id='word_1_953' title='bbox 3778 5778 4044 5830; x_wconf 62' lang='lat' dir='ltr'><strong>ministra-</strong></span> 
     </span>
    </p>
   </div>
   <div class='ocr_carea' id='block_1_123' title="bbox 2389 5862 2480 5905">
    <p class='ocr_par' dir='ltr' id='par_1_123' title="bbox 2389 5862 2480 5905">
     <span class='ocr_line' id='line_1_124' title="bbox 2389 5862 2480 5905; baseline -0.055 0"><span class='ocrx_word' id='word_1_954' title='bbox 2389 5862 2480 5905; x_wconf 64' lang='grc' dir='ltr'><strong>ωδ.</strong></span> 
     </span>
    </p>
   </div>
   <div class='ocr_carea' id='block_1_124' title="bbox 4120 460 4136 1179">
    <p class='ocr_par' dir='ltr' id='par_1_124' title="bbox 4120 594 4136 1179">
     <span class='ocr_line' id='line_1_125' title="bbox 4120 594 4136 630; baseline 0 0"><span class='ocrx_word' id='word_1_955' title='bbox 4120 594 4136 630; x_wconf 63' lang='lat' dir='ltr'><strong>Li</strong></span> 
     </span>
     <span class='ocr_line' id='line_1_126' title="bbox 4120 689 4136 723; baseline 0 0"><span class='ocrx_word' id='word_1_956' title='bbox 4120 689 4136 723; x_wconf 70' lang='grc' dir='ltr'><em>ε</em></span> 
     </span>
     <span class='ocr_line' id='line_1_127' title="bbox 4120 779 4136 813; baseline 0 0"><span class='ocrx_word' id='word_1_957' title='bbox 4120 779 4136 813; x_wconf 67' lang='grc' dir='ltr'><strong>ιι</strong></span> 
     </span>
     <span class='ocr_line' id='line_1_128' title="bbox 4130 871 4136 903; baseline 0 0"><span class='ocrx_word' id='word_1_958' title='bbox 4130 871 4136 903; x_wconf 72' lang='lat' dir='ltr'><strong>i</strong></span> 
     </span>
     <span class='ocr_line' id='line_1_129' title="bbox 4122 964 4135 995; baseline 0 0"><span class='ocrx_word' id='word_1_959' title='bbox 4122 964 4135 995; x_wconf 78' lang='lat' dir='ltr'><strong>f</strong></span> 
     </span>
     <span class='ocr_line' id='line_1_130' title="bbox 4129 1046 4136 1091; baseline 0 0"><span class='ocrx_word' id='word_1_960' title='bbox 4129 1046 4136 1091; x_wconf 84' lang='lat' dir='ltr'><strong>i</strong></span> 
     </span>
     <span class='ocr_line' id='line_1_131' title="bbox 4124 1144 4136 1179; baseline 0 0"><span class='ocrx_word' id='word_1_961' title='bbox 4124 1144 4136 1179; x_wconf 68' lang='grc' dir='ltr'><strong>ξι</strong></span> 
     </span>
    </p>
   </div>
   <div class='ocr_carea' id='block_1_125' title="bbox 4122 1238 4136 1637">
    <p class='ocr_par' dir='ltr' id='par_1_125' title="bbox 4122 1238 4136 1637">
     <span class='ocr_line' id='line_1_132' title="bbox 4126 1238 4136 1273; baseline 0 0"><span class='ocrx_word' id='word_1_962' title='bbox 4126 1238 4136 1273; x_wconf 82' lang='grc'><strong>1</strong></span> 
     </span>
     <span class='ocr_line' id='line_1_133' title="bbox 4126 1332 4136 1365; baseline 0 0"><span class='ocrx_word' id='word_1_963' title='bbox 4126 1332 4136 1365; x_wconf 73' lang='lat' dir='ltr'><strong>l</strong></span> 
     </span>
     <span class='ocr_line' id='line_1_134' title="bbox 4124 1423 4136 1460; baseline 0 0"><span class='ocrx_word' id='word_1_964' title='bbox 4124 1423 4136 1460; x_wconf 78' lang='lat' dir='ltr'><strong>t</strong></span> 
     </span>
     <span class='ocr_line' id='line_1_135' title="bbox 4122 1517 4136 1549; baseline 0 0"><span class='ocrx_word' id='word_1_965' title='bbox 4122 1517 4136 1549; x_wconf 69' lang='grc' dir='ltr'><strong>ι</strong></span> 
     </span>
     <span class='ocr_line' id='line_1_136' title="bbox 4124 1608 4135 1637; baseline 0 0"><span class='ocrx_word' id='word_1_966' title='bbox 4124 1612 4125 1621; x_wconf 59' lang='grc' dir='ltr'>π</span> <span class='ocrx_word' id='word_1_967' title='bbox 4134 1608 4135 1637; x_wconf 53' lang='lat'>1</span> 
     </span>
    </p>
   </div>
  </div>
