4202 6518
383 410 481 467 aut

377 524 622 577 Christus
666 520 810 576 venit
855 519 907 574 in
955 519 1095 575 hunc
1137 517 1390 573 mundum
1438 525 1747 588 peccatores
1789 514 1966 569 salvos

380 616 555 669 facere
583 612 637 687 (Ι
665 612 798 667 Tim.
828 628 867 678 ι,
902 612 1014 684 l5),
1046 626 1151 667 non
1182 612 1355 666 solum
1386 625 1482 681 per
1509 609 1743 681 singulas
1786 608 1965 673 horas,

378 711 469 758 aut
515 718 611 773 per
655 703 864 774 singula
905 712 1195 768 momenta,
1238 700 1333 757 sed
1376 702 1539 756 etiam
1590 715 1687 771 per
1729 698 1972 770 singulos

377 806 529 851 actus
573 804 788 851 nostros
829 810 934 850 non
974 809 1096 850 esse
1137 792 1539 858 necessariam;
1591 801 1646 848 et
1691 791 1783 862 qui
1830 789 1973 845 hanc

378 896 638 946 conantur
662 888 893 957 auferre,
920 902 1108 959 pmuas
1131 887 1424 942 sortiantur
1453 885 1469 918 ¹
1492 878 1743 941 internas.
1770 902 1790 936 ι
1813 881 1970 950 Quis-

376 983 496 1054 quis
539 983 656 1039 haec
698 980 865 1048 audit,
912 991 968 1036 et
1008 993 1225 1036 sensum
1270 979 1388 1049 ejus
1436 977 1666 1049 ignorat,
1712 989 1870 1046 quem
1917 973 1972 1029 in

378 1074 527 1132 libris
571 1074 683 1129 suis
728 1073 861 1128 satis
902 1070 1178 1128 evidenter
1218 1069 1518 1141 expressit,
1549 1083 1657 1123 non
1702 1065 1806 1121 illis
1834 1078 1970 1136 quos

376 1165 507 1225 dicit
545 1163 914 1221 inemendatos
946 1162 1049 1218 sibi
1087 1160 1253 1217 fuisse
1280 1160 1586 1232 subreptos,
1626 1170 1719 1215 aut
1749 1157 1969 1215 omnino

376 1272 504 1314 suos
532 1264 712 1329 negat,
744 1255 838 1313 sed
870 1256 923 1311 in
950 1255 1057 1311 illis
1076 1269 1210 1326 quos
1235 1253 1427 1309 litteris
1449 1253 1561 1308 suis
1584 1266 1717 1323 quas
1742 1250 1966 1306 Romam

374 1350 524 1406 misit
564 1354 971 1416 commemorat,
1017 1348 1238 1403 omnino
1274 1361 1398 1403 eum
1445 1349 1594 1417 putat
1639 1344 1742 1400 hoc
1768 1344 1970 1400 sentire

375 1443 515 1513 quod
543 1443 737 1498 veritas
767 1440 947 1497 habet.
977 1438 1233 1512 Quisquis
1256 1447 1436 1495 autem
1464 1436 1592 1509 quid
1620 1437 1675 1494 in
1703 1438 1782 1495 eis
1805 1450 1967 1508 aper-

376 1534 483 1588 tius
527 1532 670 1589 dicat
717 1532 967 1601 advertit,
1011 1531 1169 1587 debet
1212 1529 1412 1586 habere
1455 1530 1618 1585 etiam
1661 1529 1762 1585 ista
1803 1528 1966 1586 verba

371 1633 641 1695 suspecta.
690 1623 825 1695 Quia
855 1624 956 1680 etsi
997 1623 1222 1696 gratiam
1261 1622 1392 1689 Dei,
1420 1635 1521 1694 qua
1551 1619 1796 1677 Christus
1821 1621 1968 1678 venit

374 1719 427 1773 in
457 1719 712 1774 mundum
748 1727 1057 1790 peccatores
1091 1717 1269 1774 salvos
1292 1714 1501 1785 facere,
1534 1716 1588 1772 iu
1626 1716 1738 1772 sola
1777 1716 1968 1772 remis-

373 1813 528 1867 sione
554 1820 894 1883 peccatorum
919 1811 1232 1877 eonstituat,
1255 1817 1429 1880 potest
1455 1808 1579 1864 huic
1596 1808 1776 1865 sensui
1802 1809 1965 1864 verba

373 1905 475 1960 ista
512 1913 764 1975 coaptare
798 1904 1020 1972 dicens,
1049 1904 1170 1961 ideo
1202 1918 1321 1961 eam
1367 1917 1462 1974 per
1501 1902 1739 1974 singulas
1780 1901 1962 1971 horas,

262 2038 275 2051 ι
371 2010 471 2068 per
497 1995 703 2067 singula
745 2004 1040 2063 momenta,
1072 2002 1129 2051 et
1166 2009 1264 2066 per
1299 2001 1461 2052 actus
1496 1992 1735 2065 singulos
1773 2008 1962 2050 neces-

372 2090 571 2145 sariam
591 2132 605 2156 ,
632 2099 691 2145 ut
730 2103 945 2160 semper
972 2090 1025 2144 in
1060 2088 1318 2145 memoria
1346 2087 1640 2144 retinentes
1662 2096 1719 2143 et
1746 2087 1966 2166 remini-

372 2191 588 2238 scentes
625 2181 847 2238 dimissa
886 2182 1042 2239 nobis
1080 2196 1203 2239 esse
1246 2189 1494 2254 peccata,
1532 2196 1642 2237 non
1680 2194 1964 2251 peccemus

371 2273 616 2340 ulterius,
644 2272 810 2344 adjuti
852 2287 960 2328 non
1000 2273 1177 2344 aliqua
1211 2273 1705 2328 subministratione
1729 2269 1960 2336 virtutis,
2044 2286 2047 2289 ·

368 2365 465 2421 sed
492 2365 693 2421 viribus
734 2366 966 2437 propriae.
989 2365 1301 2434 voluntatis,
1343 2364 1470 2437 quid
1509 2362 1610 2419 sibi
1645 2363 1963 2421 remissione

370 2466 710 2527 peccatorum
750 2457 1047 2528 praestitum
1085 2451 1248 2514 fuerit
1286 2471 1384 2529 per
1419 2463 1571 2513 actus
1609 2454 1847 2527 singulos
1873 2469 1961 2512 re-

367 2548 642 2605 cordantis
667 2550 709 2605 ³.
754 2546 886 2605 Item
914 2550 1165 2621 quoniam
1200 2549 1380 2606 solent
1405 2548 1606 2618 dicere,
1634 2544 1869 2605 nobisin
1897 2562 1963 2605 eo

365 2639 645 2696 Christum
672 2640 741 2696 ad
775 2655 883 2697 non
923 2640 1252 2712 peccandum
1288 2639 1585 2712 prtebuissc
1614 2638 1958 2709 adjutorium,

366 2731 492 2801 quia
533 2730 678 2802 juste
721 2730 837 2802 ipse
878 2731 1105 2788 vivendo
1141 2731 1395 2803 justeque
1430 2730 1675 2788 docendo
1702 2730 1723 2764 ³
1749 2731 1964 2802 reliquit

361 2822 671 2893 exemplum
697 2839 710 2876 :
734 2831 958 2894 possunt
984 2823 1143 2880 etiam
1164 2823 1231 2879 ad
1257 2823 1359 2880 hoc
1381 2824 1479 2879 ista
1500 2825 1664 2881 verba
1684 2834 1959 2897 coeptare,

365 2921 425 2969 ut
453 2913 655 2980 dicant,
689 2929 787 2985 per
824 2914 1035 2987 singula
1059 2923 1361 2985 momenta,
1392 2931 1489 2987 per
1530 2916 1769 2989 slngulos
1808 2929 1962 2974 actus

364 3006 728 3063 necessariam
771 3007 933 3064 nobis
969 3024 1089 3066 esse
1130 3008 1436 3081 hujusmodi
1475 3011 1721 3083 gratiam,
1762 3010 1815 3067 id
1853 3021 1957 3082 est,

364 3107 427 3153 ut
448 3098 502 3153 in
522 3097 667 3154 omni
692 3100 1102 3157 conversatione
1134 3109 1319 3157 nostra
1348 3102 1654 3160 intueamur
1677 3102 1961 3160 dominica;
1984 3128 1990 3134 -

361 3192 790 3249 conversationis
828 3193 1157 3265 exemplum.
1197 3193 1450 3251 Pervidet
1487 3204 1663 3252 autem
1703 3195 1836 3252 ﬁdes
1868 3211 1962 3253 ve-

361 3290 499 3349 stra,
527 3297 557 3337 a
583 3282 919 3341 confessione
947 3286 1155 3358 gratiae,
1178 3286 1247 3343 de
1280 3300 1383 3358 qua
1415 3288 1639 3359 qzimstio
1669 3295 1774 3357 est,
1800 3303 1959 3361 quant

361 3373 436 3428 sit
462 3373 838 3448 distinguenda
867 3376 968 3432 ista
1003 3376 1271 3434 confessio
1299 3392 1315 3433 :
1352 3387 1407 3434 ct
1441 3388 1616 3434 tamen
1645 3378 1820 3451 obtegi
1860 3387 1961 3450 po-

363 3471 472 3521 test
508 3466 731 3522 istorum
761 3467 1105 3539 ambiguitate
1128 3468 1436 3526 verborum.

439 3577 666 3636 CAPUT
695 3578 780 3635 lll.
801 3610 872 3621 —
893 3579 946 3636 '5.
974 3578 1079 3657 Sed
1105 3581 1232 3653 quid
1259 3577 1493 3637 mirum?
1518 3574 1958 3652 Quandoquidem

360 3671 480 3740 ipse
499 3669 745 3741 Pelagius
770 3686 890 3726 cum
919 3672 1311 3744 episcopalibus
1335 3673 1504 3745 gestis
1527 3672 1645 3729 sine
1673 3673 1779 3728 ulla
1804 3688 1961 3729 recu-

358 3763 575 3818 satione
614 3763 949 3821 damnaverit
996 3780 1110 3831 cos,
1156 3766 1246 3838 qui
1283 3766 1469 3821 dicunt
1509 3766 1735 3837 gratiam
1772 3765 1870 3823 Dei
1906 3774 1961 3822 et

360 3853 686 3924 adjutorium
721 3870 826 3911 non
854 3855 921 3911 ad
946 3857 1188 3928 singulos
1219 3864 1370 3913 actus
1396 3856 1531 3923 dari,
1574 3854 1669 3913 sed
1706 3857 1757 3912 in
1789 3856 1960 3912 libero

357 3946 587 4003 arbitrio
617 3962 760 4017 esse,
802 3949 887 4005 vel
924 3950 976 4005 in
1019 3950 1138 4021 lege
1164 3959 1323 4022 atque
1349 3950 1629 4018 doctrina;
1674 3951 1765 4007 ubi
1801 3960 1959 4022 puta-

360 4037 554 4096 ‘Jamus
593 4038 712 4108 ejus
753 4038 821 4095 de
865 4038 965 4095 hac
1008 4055 1067 4095 re
1108 4054 1297 4097 omnes
1335 4041 1806 4114 tergiversationes
1838 4057 1960 4100 esse

356 4143 746 4204 consumptas;
778 4132 1112 4190 damnaverit
1134 4135 1295 4191 etiam
1322 4149 1436 4202 eos,
1479 4137 1566 4208 qui
1600 4132 1797 4193 docent
1833 4152 1959 4208 gra-

360 4226 494 4279 tiam
540 4223 635 4279 Dei
677 4225 969 4281 secundum
1015 4226 1207 4283 merita
1247 4234 1426 4283 uestra
1469 4227 1584 4285 dari
1627 4246 1642 4284 :
1684 4237 1863 4286 tamen
1904 4227 1957 4284 iu

359 4315 517 4370 libris
541 4329 674 4386 quos
712 4315 879 4372 edidit
912 4331 1012 4388 pro
1053 4315 1223 4374 libero
1260 4317 1501 4388 arbitrio,
1543 4334 1771 4392 quorum
1807 4335 1960 4376 men-

358 4409 567 4462 tionem
613 4406 741 4463 facit
778 4409 831 4464 in
873 4410 1099 4481 epistola
1138 4425 1298 4482 quam
1339 4409 1565 4493 l'lomam
1609 4406 1785 4479 misit,
1826 4412 1957 4468 nihil

356 4497 508 4553 aliud
554 4500 753 4556 sentire
795 4506 1143 4567 monstratur,
1188 4517 1346 4573 quam
1393 4500 1444 4557 id
1490 4501 1630 4573 quod
1674 4502 1959 4560 damnasse

358 4590 661 4646 videbatur.
705 4588 837 4649 Nam
874 4593 1100 4665 gratiam
1128 4593 1220 4649 Dei
1266 4602 1320 4650 et
1351 4591 1696 4665 adjutorium,
1725 4610 1832 4667 quo
1858 4594 1956 4650 ad-

354 4683 608 4750 iuvamur
641 4683 708 4737 ad
743 4698 849 4739 non
882 4683 1232 4755 peccandum;
1272 4684 1441 4741 autin
1468 4693 1655 4741 natura
1694 4690 1750 4742 et
1786 4686 1957 4743 libero

360 4775 514 4844 ponit
541 4776 780 4841 arbitrio,
811 4785 903 4831 aut
950 4777 1003 4833 in
1046 4778 1164 4849 lege
1204 4786 1365 4849 atque
1392 4777 1634 4834 doctrina
1669 4797 1682 4834 :
1725 4788 1783 4836 ut
1806 4776 1956 4837 vide-

359 4868 507 4932 licet,
538 4882 659 4922 cum
688 4866 1065 4938 adjuvat-Deus
1092 4868 1386 4938 hominem,
1417 4874 1475 4923 ut
1498 4868 1729 4927 declinet
1755 4885 1784 4925 a
1814 4871 1957 4926 malo

358 4967 415 5013 et
462 4957 618 5013 faciat
658 4958 877 5024 bonum,
908 4959 1195 5016 revelando
1233 4969 1286 5016 ct
1314 4960 1646 5017 ostendendo
1682 4961 1807 5033 quid
1841 4962 1954 5018 ﬁeri

358 5050 576 5114 debeat,
608 5049 861 5120 adjuvare
890 5051 1175 5118 credatur;
1210 5067 1315 5107 non
1344 5052 1505 5107 etiam
1535 5054 1874 5124 cooperando
1903 5065 1959 5110 et

355 5142 703 5198 dilectionem
751 5143 1083 5215 inspirando,
1125 5152 1185 5201 ut
1229 5144 1281 5201 id
1326 5144 1468 5216 quod
1499 5144 1798 5202 faciendum
1838 5160 1958 5204 esse

354 5236 672 5306 cognoverit
712 5234 888 5292 faciat.

431 5327 487 5382 4.
514 5325 646 5382 Nam
674 5342 795 5383 cum
837 5330 939 5383 tria
979 5330 1268 5385 constituat
1295 5336 1457 5401 atque
1494 5329 1804 5402 distinguat,
1834 5331 1957 5403 qui-

357 5418 463 5474 bus
518 5418 695 5473 divina
750 5420 998 5475 mandata
1048 5420 1177 5476 dicit
1227 5420 1478 5492 impleri,
1526 5422 1955 5492 possibilitatem,

428 5579 443 5609 ⁸
470 5580 545 5627 ste
574 5575 762 5629 habent
781 5576 953 5641 plures
980 5578 1317 5641 manusa'ipti.
1341 5578 1460 5628 aliti
1492 5589 1632 5635 vero,
1656 5572 1938 5628 sortiuntur.

424 5642 445 5673 ³
468 5640 588 5692 ιωὶιί
632 5647 736 5702 Am,
769 5639 843 5690 Er.
879 5647 933 5702 et
968 5647 1079 5691 Lov.
1103 5675 1118 5701 ,
1144 5639 1663 5702 rechrdantestAptius
1833 5673 1848 5698 ,
1886 5651 1959 5689 res

356 5701 628 5762 tardantis,
647 5700 837 5764 scilicet
852 5698 1140 5763 voluntatis;
1167 5715 1264 5752 non
1290 5702 1419 5752 enim
1443 5698 1547 5751 alio'
1561 5702 1736 5751 referri
1761 5701 1853 5752 hoc
1870 5715 1957 5764 po.

355 5771 483 5821 test,
507 5765 627 5827 quid
650 5762 761 5824 sibi,
787 5771 884 5827 etc.

426 5822 563 5890 'Atil.
585 5833 636 5876 et
658 5822 768 5890 lita,
797 5825 1022 5890 justeque
1065 5824 1287 5878 dicendo.
1310 5833 1448 5877 Forte
1490 5822 1773 5889 legendum,
1807 5825 1960 5890 justa-

355 5898 453 5950 qae
476 5887 711 5937 docendo.

650 5965 926 6023 PATROL.
961 5958 1181 6021 XLIV.

1547 394 1752 461 LIBER
1793 402 1880 459 DE
1921 396 2177 459 GRATlA
2218 397 2507 458 CHRISTI.

3570 401 3674 463 362
3692 426 3695 429 '

2079 512 2432 578 voluntatem,
2480 513 2781 579 actionem;
2831 514 3237 585 possibilitatem
3282 514 3526 583 scilicet,
3569 528 3673 588 qua

2080 615 2249 674 potest
2284 604 2445 661 homo
2473 620 2592 661 esse
2627 606 2845 677 justus;
2887 609 3240 677 voluntatem,
3282 625 3383 681 qua
3413 610 3526 665 vult
3552 624 3676 666 esse

2072 694 2285 765 justus;
2326 697 2613 766 actionem,
2641 713 2742 770 qua
2778 697 2955 771 justus
2980 710 3105 757 est:
3136 702 3328 758 horum
3356 703 3515 757 trium
3559 702 3674 773 pri-

2080 801 2245 849 mum,
2280 786 2332 841 id
2361 798 2463 856 est,
2498 790 2905 859 possibilitatem
2935 792 3115 849 datam
3148 794 3437 851 conﬁtetur
3463 809 3492 849 a
3523 808 3676 850 crea-

2078 884 2194 932 tore
2224 888 2451 945 naturae,
2485 893 2583 936 nec
2624 894 2745 938 esse
2774 881 2827 936 in
2856 892 3038 939 nostra
3083 894 3380 957 potestate,
3411 884 3512 942 sed
3555 899 3675 941 eam

2077 981 2176 1021 nos
2222 968 2673 1033 haberi-,etiamsi
2716 972 2989 1041 nolimus;
3040 976 3148 1031 duo
3176 990 3306 1033 vero
3345 977 3551 1048 reliqua
3575 1019 3591 1044 ,
3623 977 3676 1032 id

2075 1072 2185 1127 est,
2214 1062 2540 1118 voluntatem
2573 1075 2627 1120 et
2655 1066 2922 1125 actionem
2965 1078 3145 1124 nostra
3175 1084 3297 1126 esse
3323 1070 3553 1138 asserit,
3586 1078 3677 1138 at:
3716 1108 3723 1111 ν

2075 1169 2179 1224 que
2206 1160 2275 1209 ita
2307 1156 2463 1213 nobis
2493 1157 2696 1226 tribuit,
2725 1166 2785 1215 ut
2811 1161 3023 1217 nonnisi
3054 1177 3084 1216 a
3116 1163 3272 1218 nobis
3298 1177 3420 1219 esse
3445 1171 3676 1219 conten-
3734 1230 3755 1249 ,

2075 1246 2184 1302 dat.
2236 1247 2477 1320 Denique
2516 1251 2685 1321 gratia
2714 1252 2846 1323 Dei,
2877 1269 2984 1309 non
3029 1255 3130 1311 ista
3171 1257 3312 1324 duo,
3341 1271 3462 1328 qua:
3490 1262 3673 1315 nostra
3738 1246 3779 1325 ί

2073 1341 2295 1397 omnino
2320 1343 2431 1399 vult
2469 1358 2625 1411 esse,
2666 1346 2720 1402 id
2749 1355 2865 1413 est,
2899 1347 3229 1405 voluntatem
3272 1357 3327 1405 et
3367 1348 3671 1415 actionem;

2074 1431 2169 1487 sed
2211 1433 2353 1489 illam
2384 1450 2504 1506 quae
2543 1436 2596 1491 in
2640 1444 2906 1508 potestate
2934 1448 3116 1495 nostra
3144 1456 3253 1496 non
3281 1449 3365 1497 est
3384 1482 3401 1506 ,
3434 1448 3489 1496 et
3519 1439 3675 1496 nobis

2072 1535 2137 1576 ex
2163 1521 2273 1577 Deo
2298 1531 2399 1591 est,
2436 1525 2486 1579 id
2515 1535 2618 1593 est,
2653 1528 3082 1599 possibilitatem,
3113 1531 3361 1600 perbibet
3388 1529 3629 1602 adjuvari
3657 1549 3672 1586 :

2073 1622 2321 1685 tanquam
2363 1616 2449 1672 illa
2491 1633 2611 1690 qua:
2655 1628 2836 1677 nostra
2864 1632 2990 1678 sunt
3013 1666 3028 1687 ,
3058 1622 3164 1679 hoc
3188 1630 3306 1691 est,
3337 1624 3587 1681 voluntas
3618 1633 3676 1680 et

2071 1708 2241 1774 actio,
2276 1718 2383 1764 tam
2423 1711 2531 1765 sint
2571 1712 2798 1770 valentia
2836 1714 2903 1771 ad
2943 1715 3316 1773 declinandum
3361 1732 3392 1771 a
3433 1715 3577 1772 malo
3617 1727 3676 1772 et

2071 1798 2374 1856 faciendum
2401 1801 2623 1867 bonum,
2647 1814 2706 1861 ut
2732 1805 2914 1862 divino
2939 1806 3206 1879 adjutorio
3236 1823 3341 1863 non
3368 1807 3669 1879 indigeant;

2070 1892 2201 1972 illud
2230 1909 2357 1950 vero
2388 1896 2531 1967 quod
2566 1898 2720 1955 nobis
2749 1915 2816 1957 ex
2846 1898 2956 1957 Deo
2984 1910 3087 1967 est,
3121 1900 3224 1957 hoc
3249 1903 3319 1957 sit
3358 1901 3669 1969 invalidum,

2069 1986 2122 2042 id
2172 1996 2291 2056 est,
2342 1990 2704 2062 possibilitas,
2750 2002 2810 2050 ut
2850 2008 3067 2066 semper
3097 1996 3114 2029 ¹
3151 1997 3336 2069 gratia!
3388 1996 3642 2068 adjuvetu

2068 2081 2288 2137 auxilio.

2140 2189 2367 2254 CAPUT
2405 2195 2495 2254 IV.
2522 2229 2597 2240 ——
2621 2199 2676 2256 5.
2719 2195 2825 2256 Sed
2853 2217 2920 2257 ne
2954 2198 3075 2273 quis
3104 2198 3327 2258 forsitan
3367 2198 3536 2269 dicat,
3572 2218 3671 2258 nos

2069 2282 2152 2341 vel
2195 2301 2301 2343 non
2333 2297 2480 2346 recte
2508 2284 2808 2363 intelligere
2847 2307 2968 2363 quae
2995 2293 3261 2364 loquitur,
3292 2293 3377 2349 vel
3406 2291 3673 2349 malevolo

2066 2379 2246 2437 animo
2271 2380 2324 2437 in
2349 2381 2513 2438 alium
2534 2397 2749 2440 sensum
2769 2400 2889 2456 qua:
2913 2400 3016 2441 non
3035 2383 3105 2441 ita
3126 2382 3265 2442 dicta
3287 2395 3412 2441 sunt
3431 2394 3666 2453 vertere,

2068 2469 2182 2541 ipsa
2222 2470 2335 2542 jam
2364 2473 2525 2530 verba
2567 2471 2684 2545 ejus
2723 2474 2968 2545 accipite.
3022 2493 3041 2529 ι
3085 2475 3195 2532 Nos
3228 2496 3248 2531 ι
3299 2470 3504 2549 inquit,
3539 2495 3559 2529 ‹
3594 2478 3673 2534 sic

2069 2561 2175 2617 tria
2220 2562 2323 2620 ista
2366 2563 2779 2638 distinguimus,
2807 2574 2863 2623 et
2908 2575 3112 2623 certum
3139 2568 3284 2624 velut
3330 2569 3383 2623 in
3428 2562 3672 2625 ordinem

2066 2647 2273 2727 digesta
2307 2656 2586 2727 partimur.
2635 2655 2817 2714 Primo
2864 2656 2983 2715 loco
3027 2674 3185 2731 posse
3228 2660 3535 2729 statuimus,
3580 2675 3670 2718 se-

2065 2748 2243 2803 cundo
2272 2748 2429 2817 velle,
2478 2742 2640 2807 tertio
2686 2765 2827 2807 esse.
2876 2744 3042 2808 Posse
3087 2751 3143 2807 in
3184 2763 3406 2821 natura,
3436 2752 3575 2809 velle
3615 2746 3668 2808 in

2069 2838 2328 2909 arbitrio,
2356 2855 2478 2897 esse
2520 2839 2576 2897 in
2614 2839 2806 2898 ell'ectn
2836 2842 3095 2900 locamus.
3144 2839 3384 2902 Primum
3428 2838 3589 2913 illud,
3616 2838 3671 2899 id

2064 2938 2168 2998 est,
2198 2944 2376 3002 posse,
2404 2930 2470 2989 ad
2499 2932 2667 2991 Deum
2698 2932 2913 3006 proprie
2940 2926 3205 3006 pertinet,
3237 2929 3329 3009 qui
3356 2935 3485 2993 illud
3508 2951 3668 2993 crea-

2066 3026 2201 3080 turas
2229 3039 2342 3080 sure
2381 3022 2610 3082 contulit
2640 3045 2655 3083 :
2686 3027 2795 3083 duo
2821 3042 2948 3084 vero
2979 3028 3184 3101 reliqua
3204 3070 3219 3097 ,
3255 3024 3358 3085 hoc
3384 3038 3501 3097 est,
3531 3021 3670 3086 velle

2064 3121 2293 3187 etesse,
2321 3117 2389 3173 ad
2421 3115 2694 3175 hominem
2724 3116 3006 3177 referenda
3034 3129 3192 3190 sunt,
3222 3120 3345 3195 quia
3370 3118 3437 3178 de
3462 3121 3667 3178 arbitrii

2064 3207 2214 3266 fonte
2248 3207 2603 3267 descendunt.
2651 3204 2797 3284 Ergo
2842 3213 2895 3268 in
2922 3213 3197 3270 voluntate
3237 3223 3292 3269 et
3336 3228 3499 3286 opere
3526 3210 3672 3270 bono

2063 3298 2181 3357 laus
2209 3300 2444 3358 hominis
2473 3311 2556 3359 est
2585 3321 2599 3358 :
2632 3303 2742 3361 imo
2770 3313 2823 3361 et
2851 3304 3085 3360 hominis
3107 3347 3120 3371 ,
3152 3288 3207 3361 et
3234 3300 3349 3373 Dei,
3377 3307 3467 3377 qui
3498 3306 3668 3377 ipsius

2064 3388 2356 3449 voluntatis
2377 3402 2433 3449 et
2458 3395 2636 3466 operis
2657 3389 3065 3467 possibilitatem
3090 3394 3477 3474 dedit,.quique
3499 3399 3667 3469 ipsam

2065 3481 2473 3556 possibilitatem
2525 3487 2712 3557 gratia:
2759 3501 2871 3543 sua:
2916 3479 3135 3559 adjuvat
3181 3503 3398 3560 semper
3446 3489 3665 3545 auxilio.

2065 3572 2217 3644 Quod
2250 3590 2380 3631 vero
2404 3583 2581 3646 potest
2608 3573 2771 3632 homo
2796 3570 2935 3633 velle
2971 3576 3174 3634 bonum
3198 3582 3359 3651 atque
3384 3577 3664 3651 perﬁcere,

2064 3666 2232 3722 solius
2258 3662 2352 3722 Dei
2380 3674 2482 3724 est.
2515 3662 2702 3724 Potest
2724 3669 2903 3741 itaque
2933 3668 3061 3725 illud
3087 3686 3249 3726 unum
3281 3685 3421 3739 esse,
3449 3671 3662 3728 etiamsi

2063 3757 2170 3814 duo
2214 3758 2316 3813 ista
2356 3773 2463 3815 non
2508 3758 2705 3815 fuerint
2744 3777 2758 3815 :
2791 3759 2893 3816 ista
2918 3774 3047 3817 vero
3091 3762 3210 3819 sine
3256 3759 3349 3818 illo
3390 3777 3510 3819 esse
3557 3778 3666 3820 non

2063 3858 2309 3919 possunt.
2362 3849 2548 3922 itaque
2596 3850 2826 3907 liberum
2875 3848 3009 3908 mihi
3058 3858 3144 3908 est
3186 3867 3289 3910 nec
3332 3848 3663 3912 voluntatem

2064 3938 2260 3995 bonam
2301 3940 2534 4010 habere,
2578 3955 2678 3999 nec
2719 3942 2983 3999 actionem
3029 3962 3042 3998 :
3086 3936 3233 4002 nullo
3278 3949 3457 4002 autem
3503 3948 3668 4005 modo

2066 4050 2283 4105 possum
2317 4050 2426 4092 non
2468 4034 2668 4093 habere
2704 4036 3112 4107 possibilitatem
3139 4034 3266 4094 boui
3296 4055 3311 4093 :
3355 4038 3496 4095 inest
3533 4036 3666 4095 mihi

2064 4127 2274 4182 etiamsi
2325 4126 2582 4195 noluero,
2633 4142 2734 4184 nec
2781 4129 2950 4185 otium
3000 4129 3082 4191 sui
3129 4126 3417 4201 aliquando
3463 4131 3519 4186 in
3561 4130 3667 4187 hoc

2064 4228 2253 4276 natura
2283 4220 2491 4292 recipit.
2538 4220 2709 4289 Quem
2735 4221 2891 4278 nobis
2934 4234 3152 4278 sensum
3195 4216 3443 4293 exempla
3484 4222 3666 4295 aliqua

2065 4314 2260 4372 facient
2286 4312 2594 4372 clariorem.
2635 4314 2789 4384 Quod
2820 4328 3104 4387 possumus
3130 4306 3315 4373 videre
3343 4313 3538 4386 oculis,
3564 4331 3667 4374 no.

2063 4420 2234 4465 strum
2275 4424 2383 4465 non
2421 4419 2546 4466 est:
2590 4409 2732 4481 quod
2763 4423 2892 4466 vero
2934 4403 3076 4465 bene
3102 4418 3194 4465 aut
3231 4410 3370 4466 male
3396 4406 3663 4478 videmus,

2064 4494 2169 4557 hoc
2194 4506 2433 4557 nostrum
2463 4511 2545 4558 est
2573 4500 2669 4575 (a).
2704 4489 2771 4556 Et
2796 4510 2853 4556 ut
2884 4502 3206 4573 generaliter
3233 4498 3490 4558 universa
3517 4516 3667 4558 com-

2066 4595 2290 4666 plectar,
2316 4594 2459 4666 quod
2490 4610 2776 4666 possumus
2801 4611 2962 4652 omne
2996 4590 3197 4652 bonum
3231 4593 3435 4664 facere,
3463 4595 3666 4662 dicere,

2040 4688 2331 4759 ,cogitare,
2370 4684 2516 4743 illius
2558 4695 2644 4744 cst
2685 4689 2774 4759 qui
2820 4687 2922 4744 hoc
2958 4703 3116 4760 posse
3154 4684 3401 4753 donavit,
3431 4687 3523 4759 qui
3565 4687 3669 4744 boe

2065 4794 2223 4852 posse
2248 4780 2467 4850 adjuvat
2492 4798 2506 4835 :
2537 4778 2678 4851 quod
2706 4795 2833 4835 vero
2863 4779 2999 4835 bene
3024 4782 3105 4835 vel
3134 4778 3360 4850 agimus,
3387 4779 3471 4834 vel
3495 4780 3670 4849 loqui-

2064 4887 2213 4938 mur,
2243 4872 2329 4928 vel
2354 4871 2685 4943 cogitamus,
2728 4881 2970 4926 nostrum
2997 4880 3118 4937 est;
3163 4869 3283 4941 quia
3335 4870 3452 4927 haec
3485 4872 3666 4927 omnia

2065 4972 2276 5019 vertere
2302 4965 2353 5019 in
2382 4964 2582 5019 malum
2619 4965 2782 5018 etiam
2826 4978 3130 5034 possumus.
3171 4963 3345 5029 Unde,
3376 4964 3515 5036 quod
3542 4980 3670 5036 pro-

2064 5064 2183 5129 pter
2206 5056 2526 5112 calumniam
2553 5070 2785 5111 veStram
2810 5054 2834 5125 "
2863 5070 3008 5126 sarpe
3034 5057 3384 5126 repetendum
3411 5066 3514 5122 est,
3541 5074 3667 5115 cum

2064 5149 2293 5204 dicimus
2336 5146 2609 5203 hominem
2643 5163 2797 5218 posse
2841 5162 2962 5203 esse
3001 5148 3117 5203 sine
3160 5157 3411 5219 peccato,
3439 5157 3498 5204 et
3534 5164 3668 5204 c0n~

2065 5236 2300 5296 fossione
2344 5234 2711 5311 possibilitatis
2753 5250 2986 5310 acceptae
3026 5240 3302 5295 laudamus
3343 5240 3531 5306 Deum,
3578 5240 3668 5311 qui

2062 5330 2219 5388 nobis
2247 5332 2348 5387 hoc
2374 5345 2530 5401 posse
2562 5311 2784 5405 largitus
2813 5342 2916 5397 est,
2946 5327 3045 5389 nec
3071 5342 3154 5387 cst
3181 5332 3253 5387 ibi
3281 5332 3387 5388 ulla
3413 5331 3667 5388 laudandi

2066 5420 2302 5482 hominis
2331 5423 2566 5493 occasio,
2598 5426 2685 5480 ubi
2712 5425 2881 5481 solius
2906 5425 3000 5481 Dei
3038 5440 3198 5481 causa
3233 5433 3527 5480 tractatur:
3560 5440 3668 5482 non

2097 5598 2450 5711 ilcs’pllzcsditio
2471 5603 2605 5661 Lov.,
2641 5598 2730 5653 hoc
2753 5606 2826 5654 es:
2847 5599 3155 5668 possibilitas,
3173 5606 3273 5652 tam
3289 5598 3352 5652 su
3368 5568 3636 5651 bwalidum

2063 5675 2116 5711 Ιίι
2138 5675 2344 5712 semper.

2138 5676 2237 5711 sem
2273 5676 2344 5712 cr.

2130 5738 2151 5767 ²
2176 5676 2277 5786 sui).
2303 5744 2378 5787 Er.
2406 5742 2458 5787 et
2480 5737 2747 5791 Victorinus
2768 5747 2874 5801 Its,
2900 5747 3133 5791 nostram.

2129 5819 2203 5880 (α)
2235 5821 2417 5868 omissa
2442 5819 2520 5886 hic
2551 5819 2642 5886 alia
2681 5835 2843 5886 cxem;
2863 5825 2907 5873 la
2926 5858 2940 5881 ,
2966 5835 3076 5885 qua:
3116 5818 3427 5868 excutiuntur
3450 5814 3573 5864 libro
3595 5819 3661 5865 de

2068 5887 2241 5929 Natura
2269 5889 2319 5930 et
2342 5882 2517 5941 Gratia,
2543 5895 2592 5930 n.

3034 5959 3340 6036 (’Douze.)
