4170 6532
514 425 619 480 363

523 539 666 593 enim
704 537 773 594 de
804 534 963 603 velle,
990 549 1088 590 nec
1126 533 1194 590 de
1229 546 1370 597 esse,
1413 528 1509 586 sed
1549 524 1916 583 tantummodo
1956 521 2022 578 de
2053 537 2118 576 co

521 627 666 700 qttod
706 637 884 698 poteSt
925 640 1078 692 esse,
1121 623 1424 679 disseritur.
1457 639 1477 673 ι

587 717 816 776 CAPUT
847 715 910 772 ν.
937 746 1007 758 -
1033 715 1088 772 ﬁ.
1121 715 1260 770 Ecce
1293 721 1376 770 est
1407 720 1575 767 totum
1606 707 1798 779 dogma
1835 704 2036 776 Pelagii
2067 703 2120 758 in

523 811 662 868 libro
689 811 808 882 ejus
839 808 996 866 tertio
1025 823 1122 878 pro
1148 806 1342 862 Libero
1371 802 1624 868 Arbitrio,
1655 800 1737 855 bis
1762 801 1982 854 omnino
2005 811 2124 853 ver-

529 905 612 962 bis
631 903 917 974 diligenter
933 913 1268 971 expressum,
1291 911 1397 968 quo
1422 895 1520 951 tria
1546 894 1667 960 ista,
1693 905 1858 948 unum
1879 888 2022 961 quod
2041 897 2127 944 est

524 1011 704 1068 posse,
733 997 961 1052 alterum
987 993 1130 1064 quod
1161 1001 1244 1048 est
1270 989 1430 1055 velle,
1461 986 1678 1044 tertium
1707 982 1851 1057 quod
1873 989 2123 1047 estesse,

519 1088 576 1144 id
598 1095 700 1154 cst,
734 1085 1164 1158 possibilitatem,
1187 1081 1531 1146 voluntatem,
1556 1078 1846 1142 actionem,
1868 1081 2014 1130 tanta
2031 1086 2126 1127 eu-

523 1177 662 1233 ravit
682 1176 977 1234 subtilitate
991 1175 1336 1245 distinguere,
1353 1180 1408 1227 ut
1421 1168 1863 1242 quandocumque
1877 1163 2124 1236 legimus,

523 1270 610 1326 vel
638 1268 904 1336 audimus,
931 1267 1126 1322 divina:
1151 1267 1334 1336 gratim
1363 1261 1682 1341 adjutorium
1711 1256 1978 1320 confiteri,
2011 1263 2070 1310 ut
2097 1269 2126 1308 a

527 1361 670 1416 malo
691 1359 1026 1416 declinemus
1054 1358 1362 1427 bonumque
1386 1353 1663 1420 faciamus,
1685 1351 1799 1407 sive
1829 1351 1880 1405 in
1906 1349 2024 1420 lege
2048 1355 2130 1402 at-

525 1467 631 1524 que
665 1451 946 1519 doctrina,
977 1450 1092 1507 sive
1126 1449 1352 1504 ubilibet
1385 1445 1702 1508 constituat,
1736 1442 1970 1498 sciamus
2003 1438 2130 1510 quid

527 1543 792 1615 loquitur;
821 1557 922 1598 nec
949 1554 1226 1604 erremus,
1258 1539 1413 1593 aliter
1445 1552 1566 1592 eum
1597 1531 1942 1603 intelligendo
1969 1545 2129 1601 quam

525 1635 712 1690 sentit.
753 1634 905 1690 Scire
936 1633 1131 1704 quippe
1161 1630 1418 1686 debemus
1438 1670 1453 1696 ,
1483 1627 1627 1700 quod
1664 1641 1766 1682 nec
1802 1624 2130 1680 voluntatem

527 1735 796 1800 nostram,
838 1738 940 1780 nec
977 1723 1244 1780 actionem
1279 1719 1462 1777 divino
1497 1717 1737 1790 adjuvari
1773 1714 1944 1772 credit
1977 1711 2132 1768 auxi-

530 1817 623 1881 lio,
655 1815 750 1872 sed
779 1816 950 1872 solam
981 1813 1390 1886 possibilitatem
1428 1811 1717 1869 voluntatis
1746 1817 1907 1880 atque
1931 1805 2128 1878 operis,

529 1921 688 1976 quam
714 1906 885 1962 solam
917 1905 974 1961 in
999 1904 1084 1960 his
1113 1903 1281 1960 tribus
1305 1917 1404 1959 nos
1429 1901 1630 1958 habere
1653 1899 1884 1956 afﬁrmat
1908 1913 1976 1954 ex
2003 1897 2132 1960 Deo,

531 2005 785 2066 tanquam
817 1995 921 2050 hoc
947 1995 1016 2051 sit
1047 1993 1317 2050 inﬁrmum
1339 2035 1352 2060 ,
1383 1992 1528 2065 quod
1561 1992 1701 2048 Deus
1729 1990 1844 2060 ipse
1873 1987 2052 2060 posuit
2080 1986 2134 2041 in

533 2095 758 2156 natura;
788 2098 982 2143 cmtera
1020 2101 1149 2142 vero
1179 2085 1287 2142 duo
1316 2101 1436 2154 qum
1471 2092 1652 2139 nostra
1683 2097 1802 2138 esse
1831 2080 2032 2147 voluit,
2063 2079 2136 2134 ita

528 2177 642 2232 sint
672 2177 847 2246 ﬁrma,
876 2186 932 2232 et
959 2175 1138 2254 fortia,
1165 2185 1221 2232 et
1249 2175 1350 2231 sibi
1379 2174 1720 2239 sufﬁcientia,
1750 2181 1806 2228 ut
1832 2171 1976 2226 nullo
2003 2169 2140 2224 indi-

533 2278 695 2339 geant
731 2268 849 2340 ejus
876 2267 1112 2332 auxilio;
1147 2275 1199 2322 et
1238 2265 1360 2321 ideo
1401 2280 1505 2320 non
1541 2263 1756 2334 adjuvet
1791 2270 1848 2317 ut
1875 2260 2136 2327 velimus,

532 2349 638 2416 non
667 2360 883 2431 adjuvet
919 2368 979 2414 ut
1013 2373 1264 2431 agamus,
1297 2357 1394 2414 sed
1435 2355 1802 2412 tantummodo
1829 2353 2046 2426 adjuvet
2079 2355 2139 2406 ut

536 2453 674 2508 velle
693 2460 748 2508 et
767 2465 926 2523 agere
945 2451 1235 2507 valeamus.
1257 2449 1457 2506 Contra
1483 2457 1662 2506 autem
1681 2446 1988 2518 Apostolus,
2012 2445 2140 2498 Cum

539 2543 749 2610 timore,
781 2542 980 2614 inquit,
1011 2551 1060 2598 et
1094 2545 1309 2596 treittore
1339 2550 1558 2596 vestram
1596 2539 1820 2612 ipsorum
1860 2531 2141 2610 cperamiui

539 2632 776 2689 salutem.
805 2633 875 2689 Et
907 2641 964 2688 ut
1004 2633 1236 2697 scirent,
1273 2633 1396 2703 quia
1437 2647 1542 2688 non
1573 2637 1778 2686 tantum
1813 2630 1864 2684 in
1901 2645 1966 2684 eo
1999 2627 2140 2698 quod

537 2725 752 2796 operari
781 2723 987 2795 possint
1007 2724 1133 2796 (hoc
1155 2724 1299 2780 enim
1327 2724 1378 2778 in
1407 2731 1595 2778 natura
1616 2721 1745 2778 etin
1771 2721 2010 2777 doctrina
2029 2720 2139 2791 jam

537 2817 910 2890 acceperant),
944 2816 1039 2872 sed
1069 2817 1230 2872 etiam
1261 2815 1313 2871 in
1342 2829 1406 2872 eo
1435 2814 1579 2886 quod
1607 2821 1919 2886 operantur,
1949 2811 2140 2867 divini-

541 2917 626 2964 tus
655 2909 994 2980 adjuvantur,
1029 2924 1135 2964 non
1167 2909 1269 2974 ait,
1300 2907 1442 2964 Deus
1469 2915 1553 2963 est
1587 2907 1730 2963 enim
1767 2906 1857 2976 qui
1892 2913 2143 2976 operatur

539 2999 594 3056 in
623 3001 774 3057 vobis
799 3016 958 3073 posse
977 3043 991 3068 ,
1020 3011 1268 3073 tanquam
1309 3001 1408 3072 ipsi
1439 3000 1548 3072 jam
1579 3007 1634 3056 et
1665 2999 1804 3056 velle
1838 3008 1894 3054 et
1928 2999 2142 3069 operari

542 3106 640 3163 per
665 3105 726 3148 se
750 3093 896 3164 ipsos
921 3092 1172 3158 habeant,
1199 3107 1300 3148 nec
1324 3092 1379 3147 in
1405 3091 1488 3148 his
1509 3091 1716 3148 duobus
1739 3090 2004 3162 adjutorio
2025 3091 2143 3164 ejus

543 3187 849 3258 indigeant;
881 3186 976 3242 sed
1005 3186 1098 3253 ait,
1122 3184 1270 3240 ‘Deus
1300 3186 1432 3241 enim
1460 3195 1530 3240 est
1557 3186 1642 3256 qui
1665 3194 1904 3256 operatur
1929 3185 1984 3240 in
2006 3185 2144 3240 vobis

543 3288 590 3332 et
617 3277 744 3333 velle
763 3287 808 3333 et
833 3278 1074 3351 per/icere
1107 3275 1366 3350 (Philipp.
1389 3293 1448 3346 ll,
1483 3277 1552 3332 l‘.’
1575 3285 1624 3332 et
1653 3273 1778 3348 15);
1809 3276 1892 3332 vel
1921 3276 2062 3332 sicut
2089 3277 2143 3332 in

543 3368 662 3424 aliis
699 3377 756 3424 et
796 3367 1026 3422 maxime
1065 3367 1254 3438 gratcis
1295 3367 1568 3424 codicibus
1607 3366 1821 3438 legitur,
1855 3376 1901 3421 et
1938 3367 2064 3422 velte
2096 3375 2144 3422 et

543 3460 744 3531 operari
762 3457 862 3532 (a).
878 3457 1068 3514 Videte
1096 3457 1143 3514 si
1169 3473 1276 3514 non
1296 3458 1584 3528 Apostolus
1607 3458 1792 3528 gratiae
1815 3458 1908 3514 Dei
1938 3457 2145 3515 futuros

545 3552 880 3608 adversarios
908 3558 1096 3608 sancto
1122 3550 1325 3622 Spiritu
1347 3559 1492 3605 tanto
1515 3559 1640 3606 ante
1664 3565 1798 3622 praet
1813 3548 1928 3616 idit,
1950 3559 2006 3607 et
2031 3549 2146 3606 haec

525 3645 684 3710 'duo,
716 3644 770 3700 id
797 3651 914 3711 est,
942 3651 997 3699 et
1025 3643 1162 3698 velle
1195 3649 1252 3698 et
1283 3640 1526 3712 operari,
1557 3657 1676 3712 quae
1713 3641 1814 3696 iste
1855 3641 1926 3695 ita
1961 3648 2145 3696 nostra

546 3750 666 3792 esse
694 3735 882 3803 voluit,
913 3742 1163 3804 tanquam
1193 3735 1304 3804 ipsa
1332 3731 1526 3786 divinat
1550 3731 1735 3804 gratia:
1762 3747 1868 3786 non
1893 3731 2149 3802 adiuven-

548 3835 636 3881 tur
664 3827 884 3892 auxilio,
912 3825 1080 3882 Deum
1112 3825 1166 3880 in
1195 3825 1351 3880 nobis
1379 3825 1512 3880 dixit
1539 3824 1770 3895 operari.

621 3913 847 3972 CAPUT
865 3914 950 3970 Vl.
972 3945 1040 3956 —
1055 3915 1113 3972 7.
1130 3914 1316 3985 Neque
1337 3915 1460 3970 hinc
1473 3914 1719 3984 Pelagius
1740 3915 1980 3971 incautos
2001 3914 2151 3972 fallat

551 4022 604 4068 et
633 4011 922 4081 simplices,
953 4011 1036 4066 vel
1066 4009 1224 4065 etiam
1256 4025 1315 4066 se
1345 4011 1538 4080 ipsum,
1565 4009 1818 4081 quoniam
1841 4025 1962 4066 cum
1987 4010 2150 4066 dixis-

552 4115 658 4174 set,
695 4124 714 4158 ι
751 4103 894 4175 Ergo
927 4105 978 4158 in
1010 4103 1282 4158 voluntate
1311 4110 1365 4157 et
1391 4117 1554 4174 cpere
1593 4102 1733 4159 bono
1761 4101 1880 4158 laus
1917 4101 2151 4158 hominis

553 4207 672 4266 est;
711 4215 732 4250 ι
763 4197 911 4253 velut
939 4195 1172 4252 correxit
1199 4205 1360 4266 atque
1382 4195 1608 4263 addidit,
1641 4214 1661 4248 ι
1696 4193 1808 4250 lmo
1837 4203 1892 4250 et
1917 4194 2150 4250 hominis

554 4295 611 4344 et
637 4287 754 4344 Dei.
795 4305 814 4340 ι
851 4284 967 4342 Νοη
998 4285 1141 4342 enim
1173 4285 1277 4340 hoc
1305 4294 1583 4356 propterea
1613 4285 1778 4350 dixit,
1807 4284 1930 4357 quia
1959 4299 2152 4340 secun-

555 4379 680 4434 dum
709 4393 894 4434 sanam
919 4375 1216 4432 doctrinam
1242 4377 1461 4448 intelligi
1489 4377 1676 4445 voluit,
1699 4376 1841 4448 quod
1867 4386 1921 4434 et
1941 4376 2078 4432 velle
2098 4384 2153 4433 et

555 4471 766 4542 operari
797 4471 937 4526 Deus
962 4479 1214 4540 operetur
1238 4471 1292 4524 in
1323 4469 1475 4525 nobis
1507 4487 1520 4523 :
1552 4470 1646 4525 sed
1676 4485 1772 4526 cur
1799 4469 1902 4526 hoc
1928 4469 2150 4538 dixerit,

556 4565 686 4619 satis
716 4563 994 4619 evidenter
1022 4562 1275 4629 ostendit,
1307 4563 1560 4618 continuo
1587 4563 1974 4634 subjungendo,
2008 4582 2027 4615 ‹
2065 4563 2154 4634 qui

523 4667 532 4678 '
559 4658 726 4728 ipsius
749 4657 1036 4713 voluntatis
1057 4665 1111 4711 et
1135 4657 1312 4728 operis
1333 4655 1734 4726 possibilitatem
1760 4656 1926 4712 dedit.
1961 4675 1981 4710 ι
2010 4656 2157 4712 lianc

556 4759 736 4804 autem
759 4749 1163 4820 possibilitatem
1193 4747 1245 4804 in
1273 4757 1459 4802 natura
1489 4764 1608 4803 eum
1641 4765 1862 4818 ponere,
1889 4748 1956 4805 de
1981 4749 2156 4805 verbis

557 4844 676 4911 ejus
703 4840 1068 4912 superioribus
1096 4839 1298 4894 clarum
1329 4848 1429 4894 est.
1463 4839 1568 4893 Sed
1609 4855 1677 4894 ne
1718 4839 1846 4894 nihil
1885 4840 1953 4896 de
1987 4840 2157 4911 gratia

556 4931 758 4988 dixisse
783 4932 1073 4996 videretur,
1101 4929 1378 5000 adjunxit,
1417 4947 1436 4982 ε
1470 4931 1664 5000 quique
1696 4931 1860 5001 ipsam
1887 4931 2158 5003 possibili-

559 5031 724 5078 tatem
744 5025 928 5094 gratiac
950 5038 1062 5077 sua:
1085 5023 1299 5092 adjuvat
1335 5037 1548 5093 semper
1577 5024 1776 5078 auxilio
1806 5041 1820 5077 :
1859 5042 1877 5075 ›
1914 5038 2016 5077 ιιοη
2047 5025 2122 5078 ait
2141 5076 2155 5099 ,

559 5113 736 5182 ipsam
763 5113 1121 5173 voluntatem,
1155 5113 1238 5168 vel
1259 5155 1274 5180 ,
1307 5111 1480 5183 Ipsam
1515 5113 1916 5183 operationem;
1947 5113 2084 5182 quod
2114 5109 2160 5170 si

560 5207 792 5269 diceret,
825 5219 932 5258 non
961 5205 1252 5260 abhorrere
1287 5221 1316 5260 a
1345 5205 1590 5262 doctrina
1621 5205 1916 5277 apostolica
1945 5205 2159 5262 videre-

562 5309 649 5353 tur
679 5315 693 5352 :
724 5293 818 5352 sed
845 5297 946 5360 ait,
982 5315 1000 5348 ι
1041 5295 1209 5364 ipsam
1238 5297 1640 5366 possibilitatem
1661 5339 1678 5365 ,
1713 5316 1732 5350 ι
1760 5296 1890 5354 illud
1915 5297 2161 5352 videlicet

561 5404 627 5444 ex
658 5386 828 5442 tribus
859 5386 1000 5458 quod
1033 5387 1084 5440 in
1115 5395 1303 5440 natura
1343 5386 1564 5452 locavit,
1597 5405 1616 5440 ι
1651 5389 1836 5459 gratiae
1865 5402 1976 5443 sua:
2005 5388 2159 5458 adju-

565 5489 656 5535 vat
678 5494 890 5547 semper
909 5477 1106 5531 auxilio
1129 5493 1143 5530 :
1175 5495 1194 5529 ι
1223 5485 1279 5531 ιιι
1298 5477 1498 5532 scilicet
1518 5478 1571 5532 in
1592 5477 1860 5534 voluntate
1881 5486 1934 5534 et
1953 5481 2162 5533 actione

566 5587 670 5628 non
695 5570 816 5625 ideo
837 5569 952 5622 laus
979 5569 1048 5624 sit
1067 5576 1122 5623 et
1145 5568 1234 5622 Dei
1255 5576 1310 5622 ct
1329 5567 1581 5636 hominis,
1605 5570 1725 5640 quia
1745 5569 1822 5626 sic
1843 5571 1955 5624 vnit
1981 5570 2156 5636 homo,

565 5671 624 5718 ιιι
649 5673 822 5716 tamen
855 5661 992 5714 Deus
1023 5657 1282 5728 voluntati
1309 5657 1425 5728 ejus
1456 5659 1704 5716 ardorem
1741 5644 2044 5716 dilectionis
2078 5661 2161 5715 in-

566 5753 765 5824 Spiret;
796 5760 848 5806 et
875 5750 953 5804 sic
979 5757 1230 5820 operatur
1257 5747 1420 5804 homo
1439 5791 1454 5817 ,
1486 5760 1546 5805 ut
1574 5761 1752 5808 tamen
1791 5752 1932 5808 Deus
1964 5766 2161 5822 coope-

627 5866 702 5931 (tt)
733 5872 922 5926 Graece,
945 5872 992 5916 to
1013 5861 1252 5928 energcin.

1775 411 1831 468 S.
1866 406 2236 467 AUGUSTlNl
2277 407 2581 466 EPISCOPI

2233 532 2402 589 retur,
2433 521 2550 576 sine
2577 520 2731 592 cujus
2763 521 3024 592 adjutorio
3063 521 3189 594 quid
3227 528 3310 578 est
3340 521 3540 579 homo?
3573 521 3670 579 sed
3710 523 3830 581 ideo

2228 610 2293 664 ad
2323 609 2461 666 hanc
2486 609 2698 668 laudem
2725 611 2964 682 adjunxit
3000 620 3056 668 et
3095 613 3298 679 Deum,
3329 612 3454 684 quia
3498 613 3599 669 nisi
3639 624 3824 672 natura

2229 715 2373 759 esset
2397 703 2452 758 in
2477 719 2581 778 qua
2612 719 2712 760 nos
2736 703 3007 773 condidit,
3037 721 3142 778 qua
3176 705 3316 762 velle
3347 714 3404 762 et
3437 721 3600 778 agere
3638 721 3828 778 posse-

2230 807 2371 857 mus,
2403 808 2503 850 nec
2526 794 2808 863 vellemus,
2841 809 2942 851 nec
2968 810 3268 867 ageremus.

2302 885 2355 940 8.
2388 883 2539 942 Hanc
2564 895 2744 942 autem
2780 887 3080 943 naturalem
3111 887 3518 959 possibilitatem
3555 889 3700 960 quod
3733 889 3828 946 edo

2226 975 2400 1046 juvari
2431 977 2525 1032 Dei
2553 977 2723 1048 gratia
2747 977 3049 1048 conﬁtetur,
3079 995 3186 1036 non
3221 989 3305 1039 est
3346 982 3434 1038 hic
3471 992 3717 1054 apertum
3748 985 3829 1040 vel

2233 1084 2390 1139 quam
2417 1059 2560 1125 dieat
2587 1070 2840 1144 gratiam,
2872 1071 2956 1128 vel
2984 1081 3248 1144 quatenus
3272 1089 3335 1130 ea
3365 1085 3611 1132 naturam
3637 1079 3828 1136 sentiat
3918 1059 3927 1066 θ

2232 1160 2470 1232 adjuvari
2499 1179 2512 1216 :
2541 1163 2634 1218 sed
2659 1163 2796 1220 sicut
2819 1165 2935 1220 aliis
2961 1165 3114 1234 locis,
3141 1167 3193 1223 in
3217 1169 3411 1238 quibus
3431 1171 3734 1229 evidentius
3749 1174 3830 1232 lo-

2233 1253 2434 1324 quitur,
2467 1253 2686 1326 intelligi
2711 1262 2906 1326 potest,
2937 1272 3042 1313 non
3071 1257 3183 1314 vult
3205 1259 3348 1316 aliud
3373 1261 3541 1334 accipi
3565 1279 3726 1334 quam
3749 1265 3832 1323 le-

2233 1359 2352 1416 gem
2383 1353 2540 1416 atque
2567 1345 2885 1414 doctrinam,
2915 1363 3019 1420 qua
3046 1351 3306 1406 naturalis
3327 1353 3653 1423 possibilitas
3679 1355 3832 1429 adju-

2235 1445 2408 1492 vetur.

2305 1523 2532 1588 CAPUT
2554 1528 2882 1586 Vll.—Nam
2905 1529 3135 1604 quodam
3160 1533 3282 1592 loco
3299 1535 3410 1592 ait:
3441 1555 3462 1591 ι
3491 1538 3590 1594 llic
3611 1554 3712 1598 nos
3732 1546 3832 1597 lm-

2235 1617 2548 1688 peritissimi
2586 1619 2860 1675 hominum
2901 1631 3088 1692 putant
3126 1624 3375 1696 injuriam
3415 1627 3616 1686 divinas
3649 1633 3835 1702 gratia:

2237 1705 2434 1776 facere,
2461 1709 2583 1780 quia
2603 1710 2828 1768 dicimus
2849 1727 2968 1768 eam
2987 1714 3106 1770 sine
3129 1716 3401 1775 voluntate
3425 1729 3607 1777 nostra
3634 1739 3836 1794 nequa-

2238 1813 2395 1868 quam
2421 1801 2475 1854 in
2502 1799 2656 1856 nobis
2681 1801 2943 1879 perﬁcere
2969 1807 3306 1865 sanctitatem
3329 1828 3344 1864 :
3371 1813 3522 1883 quasi
3547 1815 3689 1871 Deus
3710 1831 3835 1887 gra-

2241 1889 2328 1944 tia:
2355 1904 2466 1946 sua:
2494 1892 2690 1963 aliquid
2717 1893 3076 1966 imperaverit,
3102 1909 3156 1955 et
3179 1915 3284 1956 non
3312 1901 3418 1956 illis
3446 1905 3640 1974 quibus
3666 1907 3837 1976 impe-

2241 1980 2397 2046 ravit,
2417 1982 2576 2038 etiam
2595 1985 2780 2054 gratia:
2795 2001 2909 2044 sua:
2927 1987 3186 2046 auxilium
3205 1992 3591 2062 subministret,
3616 1998 3835 2069 utquod

2243 2084 2340 2139 per
2364 2069 2590 2128 liberum
2632 2073 2876 2134 homines
2898 2075 3076 2135 facere
3097 2079 3353 2150 jubentur
3379 2085 3681 2154 arbitrium,
3711 2088 3840 2145 faci-

2242 2159 2342 2215 lius
2371 2171 2588 2232 possent
2613 2165 2833 2236 implere
2861 2184 2957 2239 per
2980 2172 3227 2240 gratiam.
3258 2191 3278 2228 s
3309 2173 3376 2230 Et
3398 2185 3646 2248 tanquam
3668 2181 3840 2251 expli-

2244 2263 2457 2309 caturos
2478 2270 2636 2326 quam
2657 2256 2795 2314 dicat
2817 2262 3064 2330 gratiam,
3091 2273 3306 2322 secutus
3323 2267 3584 2340 adjunxit,
3607 2269 3796 2328 dicens
3819 2289 3834 2327 :

2251 2363 2270 2396 ι
2301 2344 2470 2414 Quam
2502 2364 2598 2404 nos
2627 2365 2733 2404 non
2753 2391 2770 2417 ,
2801 2360 2860 2406 ut
2897 2361 2955 2408 tu
2987 2364 3176 2424 putas,
3205 2355 3261 2412 in
3290 2357 3407 2430 lege
3438 2363 3834 2433 tantummodo,

2243 2433 2339 2489 sed
2378 2445 2434 2492 et
2470 2435 2520 2490 in
2557 2437 2650 2494 Dei
2685 2455 2805 2496 esse
2843 2441 3106 2514 adjutorio
3145 2447 3485 2506 conﬁtemur.
3523 2470 3543 2504 ι
3572 2451 3702 2522 Quis
3727 2470 3838 2511 non

2246 2523 2333 2616 hic
2351 2526 2619 2584 desideret
2645 2539 2704 2585 ut
2727 2533 2973 2589 ostendat
2997 2551 3154 2606 quam
3181 2539 3308 2596 velit
3332 2541 3552 2614 intelligi
3576 2545 3840 2616 gratiam?

2245 2615 2470 2688 Propter
2491 2618 2590 2674 hoc
2609 2620 2752 2676 enim
2775 2625 3006 2682 maxime
3023 2625 3092 2684 de
3112 2629 3207 2685 illo
3226 2641 3540 2702 exspectare
3557 2615 3836 2706 debemus,

2245 2719 2304 2766 ut
2327 2711 2469 2768 dicat
2498 2713 2600 2769 hoc
2624 2714 2768 2786 quod
2793 2716 2923 2774 dicit
2943 2719 2984 2786 ί,
3014 2735 3121 2776 non
3152 2721 3206 2777 in
3235 2721 3352 2793 lege
3383 2727 3754 2787 tantummodo
3781 2743 3842 2785 se

2244 2802 2466 2872 gratiam
2487 2804 2751 2863 conﬁteri.
2781 2807 2885 2864 Sed
2907 2809 3062 2866 nobis
3083 2811 3181 2868 hac
3201 2816 3598 2884 exspectatione
3613 2833 3843 2892 suspen-

2245 2893 2354 2961 sis,
2391 2893 2516 2965 quid
2551 2895 2817 2954 addiderit
2854 2899 3132 2958 intuemini
3173 2921 3189 2958 :
3228 2921 3249 2956 ι
3289 2905 3520 2976 Adjuvat
3555 2907 3698 2964 enim
3741 2925 3843 2966 nos

2248 2984 2410 3054 Deus,
2443 3005 2463 3040 ι
2489 2987 2680 3058 inquit,
2707 3007 2730 3043 ε
2759 3005 2854 3062 per
2872 2991 3168 3050 doctrinam
3187 3003 3244 3053 et
3263 2999 3645 3057 revelationem
3663 3016 3840 3071 suam,

2247 3075 2372 3133 dum
2400 3081 2578 3138 cordis
2605 3084 2775 3140 nostri
2801 3086 2985 3143 oculos
3010 3089 3215 3158 aperit;
3247 3091 3374 3148 dum
3403 3093 3579 3161 nobis,
3609 3111 3676 3150 ne
3703 3111 3844 3166 pra:-

2246 3172 2490 3229 sentihus
2516 3189 2864 3248 occupemur,
2893 3177 3072 3236 futura
3100 3181 3462 3252 demonstrat;
3488 3185 3616 3242 dum
3643 3187 3843 3245 diaboli

2246 3266 2432 3336 pandit
2456 3267 2703 3336 insidias;
2731 3271 2858 3326 dum
2889 3287 2986 3328 nos
3012 3274 3323 3331 multiformi
3349 3285 3404 3332 et
3427 3277 3676 3334 ineffabili
3696 3279 3846 3336 dono

2245 3359 2431 3428 gratiae
2465 3361 2701 3416 caelestis
2739 3361 3021 3420 illuminat.
3055 3383 3076 3419 ι
3111 3365 3312 3422 Deinde
3342 3369 3660 3438 sententiam
3688 3387 3845 3426 suam

2248 3451 2474 3520 quadam
2505 3454 2646 3511 velut
2670 3455 3002 3512 absolutione
3027 3457 3353 3516 concludens
3383 3477 3396 3514 :
3435 3479 3456 3513 ι
3492 3460 3595 3530 Qui
3623 3463 3739 3520 haec
3764 3463 3847 3518 di-

2247 3542 2341 3611 cit,
2375 3559 2396 3594 »
2427 3542 2622 3614 inquit,
2652 3562 2672 3596 ε
2706 3546 2932 3616 gratiam
2963 3548 3057 3604 tibi
3085 3547 3296 3606 videtur
3322 3552 3552 3622 negare?
3581 3553 3662 3608 An
3692 3563 3747 3610 et
3776 3554 3846 3608 li-

2249 3631 2438 3690 berum
2465 3633 2696 3692 hominis
2719 3639 3018 3709 arbitrium,
3041 3651 3095 3696 et
3117 3642 3208 3698 Dei
3227 3644 3453 3715 gratiam
3478 3645 3800 3701 conﬁtetur?
3821 3665 3842 3700 ι

2251 3723 2308 3780 ιη
2352 3724 2436 3782 his
2472 3727 2717 3783 omnibus
2753 3745 2859 3786 non
2901 3732 3124 3788 recessit
3149 3748 3180 3788 a
3209 3735 3677 3792 commendatione
3715 3737 3854 3806 legis

2250 3825 2410 3889 atque
2439 3819 2724 3890 doctrinae,
2756 3821 2896 3878 hanc
2928 3838 3048 3880 esse
3081 3825 3419 3898 adjuvantem
3455 3828 3681 3899 gratiam
3721 3828 3852 3884 dili-

2251 3923 2437 3982 genter
2463 3915 2754 3984 inculcans,
2785 3918 2962 3976 ethoc
2987 3935 3286 3992 exsequens
3305 3921 3446 3994 quod
3470 3935 3850 3996 preposucrat,

2252 4020 2374 4060 cum
2398 4006 2617 4076 diceret,
2649 4029 2668 4062 ι
2701 4011 2795 4066 sed
2825 4013 2878 4066 in
2907 4012 2999 4068 Dei
3027 4029 3148 4069 esse
3171 4013 3435 4086 adjutorio
3457 4016 3794 4073 conﬁtemur.
3826 4037 3851 4070 ι

2254 4095 2493 4171 Denique
2514 4101 2607 4158 Dei
2633 4102 2952 4174 atljutorium
2975 4105 3336 4175 multipliciter
3355 4107 3731 4163 insinuandum
3757 4125 3858 4178 pu-

2255 4193 2416 4260 tavit,
2444 4196 2916 4252 commemorando
2942 4196 3238 4252 doctrinam
3267 4206 3321 4253 ct
3347 4199 3728 4255 revelationem
3749 4240 3766 4268 ,
3797 4210 3855 4256 et

2255 4284 2532 4339 oculorum
2573 4285 2750 4341 cordis
2783 4285 3214 4357 adapertionem,
3245 4295 3300 4343 et
3333 4287 3858 4345 demonstrationem

2257 4374 2578 4444 futurorum,
2601 4385 2655 4433 et
2677 4379 3006 4448 apertionem
3032 4378 3410 4435 diabolicarum
3437 4379 3774 4448 insidiarum,
3800 4391 3862 4438 et

2257 4468 2570 4526 multiformi
2590 4478 2750 4542 atque
2770 4470 3020 4527 ineffabili
3041 4474 3062 4504 ²
3091 4471 3232 4528 dono
3258 4473 3444 4544 gratiae
3465 4475 3704 4528 caelestis
3732 4473 3866 4528 illu-

2258 4560 2606 4616 minationem
2647 4581 2662 4618 :
2701 4563 2770 4618 ad
2811 4563 2914 4618 hoc
2951 4565 3132 4634 utique
3175 4573 3234 4618 ut
3275 4563 3454 4620 divina
3497 4573 3763 4636 praecepta
3801 4574 3864 4622 et

2259 4654 2519 4722 promissa
2547 4655 2835 4710 discamus.
2868 4655 2982 4712 [loc
3010 4664 3096 4713 est
3119 4672 3246 4728 ergo
3275 4657 3498 4730 gratiam
3529 4657 3622 4713 Dei
3652 4673 3866 4730 ponere

2262 4745 2316 4800 in
2342 4745 2459 4817 lege
2481 4757 2640 4816 atque
2665 4746 2925 4802 doctrina.

2341 4839 2571 4896 CAPUT
2610 4837 2742 4894 Vlll.
2767 4869 2841 4879 —
2863 4839 2916 4894 9.
2941 4837 3078 4894 Hinc
3102 4838 3281 4913 itaque
3303 4847 3545 4910 apparet,
3569 4839 3711 4895 hanc
3733 4855 3868 4896 eum

2262 4935 2486 5008 gratiam
2513 4930 2774 4997 conﬁteri,
2797 4945 2900 5000 qua
2920 4930 3250 4985 demonstrat
3271 4938 3325 4985 et
3345 4930 3548 4984 revelat
3571 4914 3711 4986 Deus
3729 4932 3870 5002 quid

2263 5043 2422 5101 agere
2445 5025 2766 5088 debeamus;
2791 5039 2895 5077 non
2921 5037 3024 5094 qua
3045 5022 3210 5078 donat
3231 5033 3391 5094 atque
3409 5023 3626 5094 adjuvat
3646 5034 3708 5081 ut
3731 5041 3873 5097 aga-

2264 5137 2385 5179 mus
2409 5140 2423 5177 :
2446 5136 2566 5177 cum
2595 5119 2661 5174 ad
2685 5118 2787 5174 hoc
2809 5117 2984 5190 potius
3008 5118 3183 5173 valeat
3206 5116 3336 5188 legis
3361 5117 3579 5188 agnitio,
3605 5117 3649 5173 si
3677 5119 3876 5189 gratis

2265 5213 2404 5268 desit
2423 5209 2722 5282 opitulatio,
2746 5219 2804 5263 ut
2823 5209 2914 5262 ﬁat
2937 5207 3170 5262 mandati
3195 5206 3578 5278 prmvaricatio.
3606 5205 3706 5264 Ubi
3726 5210 3877 5263 enim

2266 5321 2367 5359 non
2393 5312 2465 5358 est
2493 5301 2597 5368 (ex,
2624 5300 2701 5356 ait
2723 5299 3029 5370 Apostolus,
3063 5315 3154 5353 nec
3182 5297 3530 5370 prmaricatio
3561 5295 3750 5369 (Rom.
3783 5314 3875 5366 ιν,

2267 5394 2369 5467 15)
2405 5411 2420 5447 :
2451 5401 2534 5460 et,
2566 5393 3030 5463 Concupiscentiam
3058 5390 3365 5458 nesciebam,
3395 5390 3494 5445 nisi
3525 5391 3610 5444 lea:
3641 5390 3838 5445 dicere!
3857 5431 3876 5458 ,

2268 5486 2390 5542 Non
2434 5486 2756 5556 concupisces
2781 5483 2890 5554 (Id.
2922 5499 3018 5547 vn,
3044 5481 3124 5556 7).
3152 5483 3232 5538 Ac
3259 5497 3354 5553 per
3377 5480 3502 5549 hoc,
3527 5497 3700 5552 usque
3727 5483 3880 5539 adeo

2267 5579 2408 5636 aliud
2437 5588 2519 5634 est
2546 5579 2660 5643 lex,
2687 5577 2829 5632 aliud
2859 5585 2941 5632 est
2964 5576 3164 5645 gratia,
3194 5584 3254 5630 ut
3281 5575 3364 5631 lex
3393 5589 3499 5630 non
3528 5574 3706 5630 solum
3732 5576 3882 5632 nihil

2266 5671 2456 5743 prosit,
2481 5685 2662 5724 verum
2683 5669 2841 5723 etiam
2871 5666 3156 5736 plurimum
3182 5665 3342 5734 obsit,
3371 5665 3474 5721 nisi
3503 5664 3720 5734 adjuvet
3745 5681 3886 5737 gra-

2335 5804 2350 5868 ξ
2377 5801 2751 5868 Cygiranneosis
2767 5806 2873 5868 3.1%?
2898 5797 3016 5862 φ’ίά
3037 5796 3177 5868 di?
3207 5860 3240 5868 .-
3265 5858 3276 5868 .
3295 5857 3308 5868 ο

2332 5865 2354 5897 ³
2378 5858 2479 5912 siti.
2503 5868 2599 5924 Er.,
2623 5867 2670 5914 et
2692 5858 3092 5925 multiforinemct
3115 5858 3420 5924 irwﬂ‘abilem.
