4170 6528
387 416 498 481 365

390 539 499 604 tia;
539 546 596 592 et
637 535 756 592 lucc
795 535 1103 590 ostendatur
1135 533 1270 605 legis
1309 533 1536 598 utilitas,
1569 534 1818 604 quoniam
1857 548 1990 603 quos

391 627 520 684 facit
545 625 1002 698 praevaricationis
1027 641 1170 691 reos,
1199 626 1342 697 cogit
1364 627 1653 696 confugere
1679 625 1744 681 ad
1770 627 1993 697 gratiam

392 715 736 786 liberandos,
769 729 824 774 et
852 729 905 774 ut
932 718 1393 790 coneupiscentias
1422 719 1590 774 malas
1618 727 1872 788 superent
1898 716 1994 771 ad-

387 813 678 886 juvandos.
709 812 871 868 lubet
898 813 1040 868 enim
1073 811 1240 882 magis
1269 823 1430 883 quam
1455 811 1639 882 juvat;
1669 810 1827 866 docet
1856 825 1998 864 mor-

391 898 522 955 bum
541 913 684 964 esse,
709 913 818 952 non
838 906 1022 964 sanat;
1047 897 1155 952 imo
1173 895 1242 952 ab
1262 911 1327 952 ea
1351 895 1530 968 potius
1548 894 1691 966 quod
1715 910 1819 950 non
1845 909 2000 950 sana-

393 999 486 1044 tur
509 996 755 1061 augetur,
785 996 845 1044 ut
867 987 1120 1044 attentius
1145 996 1200 1043 et
1227 986 1504 1042 sollicitius
1527 985 1714 1057 gratia:
1737 984 1998 1040 medicina

394 1092 687 1153 quaeratur.
717 1080 852 1150 Quia
885 1081 1054 1136 littera
1080 1079 1296 1148 occidit,
1329 1078 1558 1150 Spiritus
1586 1087 1753 1134 autem
1783 1077 2001 1148 vivi/icat

396 1171 466 1248 (ll
485 1172 606 1230 Cor.
633 1189 712 1240 tu,
741 1173 821 1243 6).
853 1172 916 1229 Si
943 1172 1076 1226 enim
1103 1172 1224 1226 dcta
1247 1181 1373 1226 esset
1397 1172 1481 1226 lea:
1505 1187 1620 1242 qua
1645 1178 1814 1240 posset
1841 1171 2003 1240 viviﬁ-

396 1281 518 1320 care
535 1265 578 1330 ί,
611 1265 820 1318 omnino
846 1279 910 1318 ea:
933 1263 1042 1335 lege
1065 1263 1433 1333 esset'justitia.
1461 1261 1519 1318 ln
1540 1271 1798 1333 quantum
1824 1269 2000 1316 tamen

395 1355 562 1411 etiam
584 1355 669 1410 lex
689 1353 928 1424 adjuvet,
951 1351 1191 1425 adjungit
1213 1364 1268 1409 et
1286 1353 1418 1410 dicit
1441 1365 1456 1410 :
1481 1353 1586 1410 Sed
1605 1353 1848 1409 conclusit
1869 1353 2008 1408 Scri-

399 1456 554 1517 ptura
578 1447 748 1501 omnia
768 1445 862 1500 sub
885 1455 1104 1518 peccato,
1130 1455 1186 1500 ut
1208 1446 1475 1518 promissio
1495 1461 1556 1501 ex
1581 1445 1684 1516 ﬁde
1705 1445 1738 1500 Ι
1743 1462 1830 1501 esu
1851 1443 2003 1501 Chri-

397 1539 467 1592 sti
495 1537 707 1592 daretur
738 1537 1076 1592 credentibus.
1107 1536 1289 1607 Itaque
1319 1537 1431 1606 lex,
1469 1537 1668 1608 inquit,
1698 1537 2006 1608 pwdagogus

398 1639 576 1684 noster
601 1631 696 1700 fuit
723 1631 775 1685 in
799 1628 1002 1686 Christo
1024 1629 1150 1686 Jesu
1177 1629 1372 1704 (Galat.
1403 1645 1477 1698 ιιι,
1509 1629 1602 1697 2|,
1631 1628 1725 1698 23,
1749 1627 1866 1702 24).
1893 1629 2007 1687 Hoc

400 1722 580 1791 ipsum
605 1735 735 1792 ergo
757 1721 1004 1794 superbis
1027 1731 1110 1778 est
1132 1722 1284 1790 utile,
1308 1722 1408 1778 sub
1429 1731 1650 1794 peccato
1669 1724 1869 1779 arctius
1889 1738 2006 1778 ma-

401 1813 760 1884 nifestiusque
791 1813 1072 1880 concludi,
1106 1828 1175 1869 ne
1213 1813 1280 1870 ad
1317 1813 1615 1870 faciendam
1649 1814 1910 1886 justitiam
1940 1814 2008 1872 de

402 1903 564 1960 liberi
589 1905 816 1972 arbitrii,
843 1905 994 1976 quasi
1026 1905 1256 1976 propriis
1280 1905 1482 1962 viribus
1508 1914 1890 1976 przesumatur;
1912 1908 2008 1964 sed

401 2011 558 2049 omne
577 2011 636 2051 os
653 1994 962 2061 obstruetur,
987 2007 1035 2050 et
1059 2013 1176 2051 reus
1195 1997 1288 2066 ﬁat
1311 1997 1476 2052 omnis
1500 1997 1718 2052 mundus
1739 1995 1864 2064 Deo,
1889 1999 2008 2068 quia

403 2103 508 2142 non
528 2087 898 2158 justiﬁcabitur
919 2105 984 2143 ea:
1006 2089 1114 2160 lege
1138 2089 1302 2144 omnis
1326 2105 1446 2145 caro
1469 2105 1642 2144 coram
1669 2090 1780 2144 illo.
1811 2090 1914 2146 Per
1937 2092 2010 2146 le-

402 2197 521 2252 gem
547 2181 678 2234 enim
701 2181 924 2252 cognitio
951 2182 1144 2253 peccati
1163 2197 1184 2237 :
1203 2199 1338 2236 nunc
1362 2192 1530 2238 autent
1553 2184 1660 2238 sine
1685 2185 1792 2257 lege
1807 2186 2010 2258 justitia

403 2271 508 2326 Dei
537 2273 861 2344 manifestata
886 2282 986 2342 est,
1015 2274 1284 2344 testiﬁcata
1310 2291 1404 2344 per
1429 2273 1615 2347 Legem
1643 2284 1692 2330 et
1726 2277 2011 2348 PrOphetas

405 2363 596 2434 (Rom.
632 2379 720 2429 ιιι,
758 2363 972 2437 19-21).
1005 2365 1285 2434 Quomodo
1313 2381 1442 2437 ergo
1470 2367 1588 2424 sine
1627 2368 1744 2440 lege
1783 2369 2010 2427 manife-

401 2465 547 2513 stata
567 2499 582 2524 ,
609 2458 655 2513 si
685 2474 780 2529 per
806 2458 977 2530 legem
1011 2459 1332 2514 testiﬁcata?
1357 2459 1471 2516 Non
1507 2461 1684 2533 itaque
1703 2462 1725 2495 ³
1753 2462 1871 2519 sine
1896 2463 2012 2534 lege

405 2550 748 2607 manifestata
769 2593 786 2619 ,
826 2551 920 2607 sed
960 2552 1076 2608 sine
1114 2553 1230 2625 lege
1258 2553 1462 2626 jttstitia
1483 2595 1498 2624 ,
1529 2555 1654 2627 quia
1685 2555 1890 2627 justitia
1917 2557 2012 2613 Dei

405 2653 491 2696 est
512 2683 528 2708 ,
557 2641 610 2696 id
641 2649 757 2706 est,
785 2657 906 2712 qua:
937 2642 1091 2699 nobis
1118 2659 1224 2699 non
1255 2660 1322 2701 ex
1358 2645 1474 2717 lege
1501 2645 1604 2712 sit,
1635 2647 1731 2704 sed
1758 2663 1822 2704 ex
1857 2649 1969 2705 Deo
1995 2668 2009 2705 :

407 2747 520 2788 non
563 2749 682 2804 quae
721 2733 815 2788 illo
856 2733 1156 2804 imperante
1199 2735 1572 2807 cognoscendo
1612 2737 1880 2806 timeatur,
1917 2741 2012 2796 sed

404 2843 534 2899 qua:
559 2828 652 2884 illo
679 2827 913 2884 donante
939 2829 1208 2902 diligendo
1242 2839 1508 2895 teneatur,
1537 2839 1596 2886 ut
1619 2839 1674 2888 et
1699 2832 1789 2904 qui
1815 2832 2014 2905 gloria-

407 2932 498 2976 tur
527 2921 580 2976 in
608 2919 838 2976 Domino
862 2921 1120 2992 glorietur
1147 2919 1187 2994 (l
1215 2919 1332 2980 Cor.
1361 2934 1402 2990 ι,
1430 2921 1544 2994 51).

477 3011 712 3068 CAPUT
736 3010 830 3067 ιχ.
858 3011 1043 3069 -10.
1073 3011 1212 3081 Quid
1241 3028 1370 3085 ergo
1399 3020 1505 3082 est,
1533 3012 1675 3086 quod
1704 3014 1807 3071 iste
1841 3015 2010 3088 legem

405 3115 571 3178 atque
585 3105 884 3162 doctrinam
905 3105 1124 3177 deputat
1139 3106 1388 3178 gratiam,
1409 3120 1510 3177 qua
1529 3107 1783 3177 juvamur
1799 3108 1866 3164 ad
1887 3123 2014 3180 ope-

405 3197 631 3252 randam
651 3196 937 3268 justitiam,
967 3212 1085 3268 qua:
1110 3206 1164 3252 ut
1193 3197 1417 3252 multum
1445 3196 1679 3268 adjuvet,
1703 3197 1770 3254 ad
1797 3198 1901 3256 hoc
1921 3201 2015 3256 ad-

383 3287 560 3357 ‘juvat
587 3295 646 3342 ut
681 3286 851 3358 gratia
889 3286 1222 3358 requiratur?
1249 3287 1416 3343 Nemo
1449 3289 1590 3344 enim
1628 3298 1804 3360 potest
1839 3291 2012 3362 legem

405 3379 636 3452 implere
652 3393 748 3449 per
765 3378 961 3450 legem.
980 3378 1260 3435 Plenitudo
1275 3379 1419 3436 cnim
1438 3380 1572 3452 legis
1585 3381 1816 3438 charitas
1835 3383 1854 3454 (
1860 3381 2010 3438 Rom.

409 3487 509 3526 xm
529 3513 544 3535 ,
576 3471 686 3543 10).
717 3470 1172 3527 Charitasautem
1213 3471 1308 3528 Dei
1349 3487 1455 3529 non
1497 3489 1594 3546 per
1624 3474 1792 3546 legem
1822 3475 2013 3532 dill‘usa

405 3571 493 3617 est
519 3561 569 3615 in
596 3560 847 3616 cordibus
878 3561 1094 3627 nostris,
1121 3561 1216 3616 sed
1247 3577 1342 3632 per
1367 3561 1623 3634 Spiritum
1652 3572 1894 3620 sanctum
1921 3566 2012 3637 qui

407 3652 568 3706 datus
595 3659 682 3707 est
706 3651 862 3707 nobis
892 3649 1002 3722 (Id.
1035 3667 1088 3718 ν,
1129 3652 1206 3724 5).
1248 3652 1480 3708 Proinde
1517 3669 1613 3723 per
1643 3654 1812 3726 legem
1843 3656 2012 3728 gratia

407 3745 833 3811 demonstratur,
865 3754 926 3800 ut
963 3745 1044 3800 lex
1090 3761 1185 3816 per
1219 3747 1444 3816 gratiam
1485 3749 1836 3819 compleatur.
1873 3749 2012 3820 Quid

405 3836 554 3892 enim
585 3835 738 3906 juvat
772 3836 1074 3908 Pelagium,
1120 3838 1241 3908 quia
1286 3839 1512 3897 diversis
1547 3841 1726 3898 verbis
1763 3843 2011 3900 eamdem

405 3941 524 3982 rem
554 3925 711 3991 dicit,
748 3934 807 3981 ut
836 3943 941 3982 non
973 3927 1298 3999 intelligatur
1329 3929 1383 3983 in
1417 3929 1536 4002 lege
1571 3939 1734 4002 atque
1767 3932 2012 3991 doctrina

405 4017 636 4088 gratiam
659 4018 1008 4086 constituere,
1035 4033 1137 4091 qua
1166 4019 1568 4090 possibilitatem
1595 4032 1799 4081 natura:
1821 4027 2016 4083 asserit

405 4107 694 4179 adjuvari?
717 4107 984 4177 Quantum
1015 4119 1192 4166 autem
1219 4111 1468 4168 existimo
1485 4155 1499 4180 ,
1533 4112 1658 4172 ideo
1683 4124 1897 4172 veretur
1925 4117 2011 4174 in-

409 4198 616 4270 telligi,
643 4198 768 4270 quia
804 4198 1076 4255 damnavit
1109 4215 1204 4257 eos
1238 4202 1328 4272 qui
1362 4201 1546 4259 dicunt
1579 4207 1802 4276 gratiam
1835 4208 1928 4264 Dei
1959 4217 2016 4265 et

405 4289 736 4362 adjutorium
767 4305 876 4346 non
905 4291 970 4346 ad
1001 4291 1240 4363 singulos
1273 4301 1423 4349 actus
1450 4293 1599 4364 dari,
1631 4297 1725 4352 scd
1757 4298 1809 4352 in
1840 4299 2012 4357 libero

401 4381 636 4434 arbitrio
671 4393 821 4448 esse,
853 4382 939 4438 vel
980 4383 1032 4437 in
1079 4383 1196 4454 lege
1231 4392 1392 4454 atque
1427 4385 1670 4442 doctrina
1701 4405 1716 4443 :
1748 4397 1803 4445 et
1831 4399 2008 4446 tamen

401 4473 580 4528 latere
604 4487 664 4528 se
693 4481 856 4542 putat,
885 4489 1006 4530 cum
1034 4474 1152 4530 aliis
1178 4485 1336 4546 atque
1362 4477 1480 4533 aliis
1510 4477 1864 4537 locationibus
1892 4498 2010 4538 ver-

400 4571 494 4618 sat
516 4561 962 4633 signiﬁcationem
990 4564 1124 4636 legis
1137 4578 1312 4638 «atque
1337 4565 1616 4626 doctrinm.

481 4653 712 4710 CAPUT
732 4653 800 4710 Χ.
825 4683 897 4696 --
921 4657 1008 4710 ll.
1044 4657 1108 4711 Et
1132 4657 1240 4712 alio
1265 4657 1464 4730 quippe
1489 4649 1626 4730 leco,
1655 4677 1779 4718 eum
1808 4663 1898 4720 diu
1923 4681 2012 4722 as-

403 4747 690 4810 seruisset,
716 4760 821 4800 non
854 4747 1120 4818 adjutorio
1145 4747 1262 4815 Dei,
1289 4751 1380 4806 sed
1405 4766 1472 4806 ex
1498 4753 1652 4810 nobis
1677 4754 1804 4826 ipsis
1830 4757 1884 4812 in
1914 4774 2011 4814 no-

401 4837 492 4892 bis
511 4833 654 4892 efﬁci
677 4836 1012 4894 voluntatem
1036 4839 1254 4906 bonam,
1281 4843 1530 4912 Opposuit
1552 4843 1657 4900 sibi
1675 4861 1741 4901 ex
1769 4848 2009 4916 Apostoli

403 4929 635 5002 cpistola
661 4929 1033 4999 quaestionem,
1065 4939 1221 5002 atque
1249 4933 1324 4987 ait
1353 4951 1368 4988 :
1404 4951 1424 4987 ι
1456 4933 1526 4989 Ει
1551 4937 1840 5006 quomodo,
1879 4959 1896 4993 ι
1928 4941 2009 4996 itt-

401 5023 541 5094 quit,
578 5039 598 5074 ι
633 5021 952 5078 stabitillud
981 5023 1221 5092 Apostoli
1251 5041 1264 5078 :
1292 5023 1434 5081 Deus
1458 5036 1529 5082 est
1555 5029 1689 5083 enim
1713 5030 1802 5098 qui
1829 5048 2010 5104 opera.

401 5122 490 5167 tur
511 5113 568 5167 in
591 5113 734 5167 vobis
758 5122 803 5167 et
831 5113 959 5168 velle
981 5123 1032 5168 et
1060 5115 1302 5184 perﬁcere
1317 5117 1343 5171 ?
1378 5135 1398 5170 ι
1433 5118 1635 5174 Deinde
1664 5131 1721 5176 ut
1747 5120 1888 5180 hanc
1912 5137 2010 5194 op-

403 5204 732 5277 positionem
757 5204 920 5259 veluti
953 5205 1188 5262 solveret
1215 5223 1374 5278 quam
1403 5209 1618 5266 videbat
1645 5211 1878 5284 dogmati
1909 5229 2007 5271 suo

401 5297 760 5352 vehementer
774 5309 897 5353 esse
917 5299 1260 5365 contrariam,
1283 5309 1498 5356 secutus
1516 5302 1760 5374 adjnnxit
1780 5322 1795 5360 :
1823 5324 1842 5358 ‹
1866 5305 2008 5377 Ope-

400 5400 554 5442 ratur
580 5387 635 5441 iu
667 5387 822 5442 nobis
851 5388 986 5444 velle
1013 5391 1153 5460 quod
1185 5391 1382 5447 bonum
1409 5402 1511 5462 est,
1541 5397 1678 5452 velle
1707 5399 1846 5469 quod
1877 5416 2006 5456 san-

399 5490 547 5534 ctum
574 5487 687 5542 est,
716 5477 844 5534 dum
879 5493 978 5534 nos
1008 5484 1238 5538 terrenis
1272 5485 1650 5554 cupiditatibus
1679 5490 1886 5546 deditos
1905 5534 1920 5559 ,
1950 5503 2006 5550 et

399 5581 678 5624 mutorum
707 5583 858 5624 more
881 5571 1189 5628 animalium
1221 5579 1896 5651 taututmnodo‘prmscotia
1921 5585 2004 5642 di-

398 5663 666 5735 ligentes,
709 5661 902 5718 lutura:
937 5664 1126 5734 gloria:
1165 5668 1526 5740 magnitudine
1563 5683 1618 5728 et
1661 5678 1999 5744 prauniorum

461 5798 481 5870 ξ
508 5804 620 5870 9m:
630 5801 715 5870 ur.
741 5795 973 5870 et__cpdex
995 5800 1380 5870 Cygiraunensis,
1397 5803 1686 5870 iustiﬁcam.

460 5859 481 5890 ²
504 5865 582 5910 Sic
603 5865 713 5907 Mes.
740 5857 861 5908 ttditi
886 5857 1142 5916 vero,'a'on
1168 5861 1252 5912 ita.

1595 417 1796 474 LIBER
1839 411 1924 472 Dii
1965 419 2222 473 CllATIA
2262 410 2543 477 ClllilS'l'l.

3606 425 3709 491 368

2108 533 2485 602 pollicitatione
2511 538 2782 592 succendit
2806 556 2820 605 ;
2849 541 2974 596 dum
3005 545 3328 600 revelattone
3353 551 3627 618 sapientite
3652 556 3704 608 in

2104 624 2432 682 desiderium
2467 629 2557 684 Dei
2589 640 2890 700 stupentem
2924 637 3147 690 suscitat
3183 639 3547 708 voluntatem;
3579 642 3706 698 dum

2107 717 2262 772 nobis
2285 718 2448 790 (quod
2475 729 2527 775 tu
2551 721 2674 777 alibi
2701 739 2898 793 negare
2923 741 3030 782 non
3055 729 3246 784 metuis
3271 729 3311 802 ')
3339 732 3524 789 suadet
3549 750 3710 790 omne

2104 808 2247 878 quod
2276 809 2474 866 bonum
2503 820 2602 866 cst.
2643 831 2662 866 ι
2693 813 2832 883 Quid
2865 817 3220 888 manifestius,
3253 820 3386 876 nihil
3413 823 3555 879 aliud
3585 839 3707 880 cum

2106 899 2284 957 dicere
2308 904 2554 972 gratiam,
2579 919 2683 974 qua
2709 907 2851 964 Deus
2876 909 2928 964 in
2953 909 3108 965 nobis
3131 923 3382 983 operatur
3404 915 3539 972 velle
3564 919 3706 988 quod

2109 994 2305 1049 bonum
2349 1005 2466 1060 est,
2507 1013 2667 1068 quam
2709 999 2882 1072 legem
2923 1010 3082 1075 atque
3120 1005 3457 1066 doctrinam?
3501 1010 3556 1066 lu
3596 1011 3715 1084 lege

2109 1099 2344 1157 namque
2373 1096 2424 1143 ct
2458 1088 2700 1148 doctrina
2740 1104 3048 1152 sanctarum
3088 1098 3486 1170 Scripturarum
3523 1104 3715 1162 futurte

2108 1178 2294 1248 gloria:
2324 1189 2486 1252 atque
2521 1185 2863 1254 prtemiorum
2909 1193 3235 1260 promittitur
3263 1197 3592 1266 magnitudo.
3632 1197 3712 1254 Ad

2109 1269 2405 1326 doctrinam
2431 1276 2662 1344 pertinet
2690 1279 2849 1334 etiam
2877 1282 3020 1352 quod
3047 1283 3306 1355 sapientia
3336 1289 3621 1360 reveletur,
3645 1292 3714 1348 ad

2110 1358 2407 1417 doctrinam
2441 1365 2674 1432 pertinet
2707 1383 2827 1424 cum
2864 1373 3120 1429 suadetur
3155 1390 3314 1432 omne
3341 1378 3482 1448 quod
3514 1358 3716 1437 bonum

2112 1462 2212 1507 est.
2245 1455 2308 1509 Et
2341 1456 2386 1510 si
2416 1457 2556 1514 inter
2581 1459 2778 1518 docere
2816 1474 2870 1519 et
2904 1467 3163 1534 suadere,
3191 1471 3276 1525 vel
3311 1472 3488 1542 potius
3515 1474 3716 1531 exhor—

2117 1546 2239 1611 tari,
2273 1546 2474 1604 distare
2502 1550 2700 1622 aliquid
2731 1554 2969 1624 videtur;
3003 1559 3164 1614 etiam
3193 1560 3294 1616 hoc
3320 1571 3496 1618 tamen
3519 1564 3718 1621 doctric

2114 1652 2197 1691 me
2222 1640 2575 1709 generalitate
2604 1645 2960 1716 concluditur,
2993 1666 3112 1722 qua:
3138 1652 3436 1724 quibusque
3461 1658 3481 1688 ²
3511 1671 3719 1712 sermo-

2111 1730 2269 1787 nibus
2293 1733 2374 1788 vel
2399 1733 2595 1792 litteris
2619 1739 2958 1796 continetur:
2985 1758 3107 1798 nam
3131 1753 3184 1801 et
3205 1759 3404 1803 sanctae
3425 1748 3718 1822 Scriptura:

2114 1831 2169 1877 et
2207 1823 2405 1882 docent
2441 1837 2495 1883 et
2525 1829 2905 1901 exhortantur,
2935 1846 2984 1892 et
3017 1846 3194 1907 potest
3221 1857 3340 1897 esse
3380 1843 3432 1898 in
3473 1845 3718 1904 docendo

2113 1923 2169 1970 et
2195 1915 2528 1975 exhortando
2557 1923 2719 1980 etiam
2749 1927 2981 1984 hominis
3019 1931 3284 2001 operatio.
3323 1933 3430 1990 Sed
3471 1953 3567 1992 nos
3597 1957 3716 1996 eam

2112 2007 2339 2076 gratiam
2363 2012 2614 2070 volumus
2641 2015 2742 2072 iste
2762 2015 3051 2091 aliquando
3079 2021 3305 2080 fateatur
3327 2026 3366 2092 ³,
3397 2046 3497 2099 qua
3525 2030 3718 2088 futura:

2112 2099 2298 2170 gloria:
2319 2105 2627 2176 magnitudo
2651 2123 2758 2164 non
2785 2113 2960 2168 solum
2983 2116 3328 2184 promittitur,
3349 2136 3532 2177 verum
3555 2126 3716 2181 etiam

2114 2191 2351 2248 creditur
2377 2205 2432 2250 et
2459 2207 2737 2266 speratur;
2774 2204 2880 2256 nec
2921 2203 3096 2260 solum
3127 2209 3394 2265 reveletur
3420 2213 3678 2284 sapientia
3699 2257 3716 2284 ,

2117 2296 2300 2338 verum
2323 2293 2377 2341 et
2399 2295 2643 2358 amatur;
2671 2305 2769 2347 nec
2793 2294 2966 2350 solum
2987 2297 3246 2354 suadetur
3268 2317 3428 2359 omne
3450 2307 3593 2376 quod
3624 2307 3718 2364 bo-

2117 2391 2244 2430 num
2269 2389 2386 2448 est,
2416 2395 2602 2436 verum
2637 2392 2694 2439 et
2734 2388 3103 2455 persuadetur.
3142 2391 3258 2447 Non
3295 2395 3438 2451 enim
3473 2399 3716 2456 omnium

2117 2477 2201 2524 est
2228 2467 2362 2526 ﬁdes
2387 2471 2464 2546 (ll
2490 2471 2670 2531 Thess.
2703 2492 2782 2544 ιιι,
2813 2478 2894 2550 2),
2921 2481 3010 2552 qui
3042 2483 3264 2540 audiunt
3292 2501 3388 2557 per
3411 2485 3718 2562 Scripturas
3815 2462 3825 2468 ‘

2123 2561 2403 2620 Dominum
2430 2581 2650 2638 regnum
2674 2571 2932 2628 caelorum
2958 2574 3328 2646 pollicentem;
3353 2591 3446 2637 aut
3467 2561 3720 2642 omnibus

2119 2654 2471 2722 persuadetur
2512 2659 2936 2733 quibuscumque
2977 2666 3256 2736 suadetur,
3300 2677 3360 2726 ut
3401 2673 3620 2731 veniant
3653 2678 3721 2733 ad

2117 2759 2240 2800 eum
2261 2747 2351 2818 qui
2372 2748 2520 2816 dicit,
2552 2749 2726 2808 Venite
2742 2755 2811 2807 ad
2831 2771 2928 2825 me,
2952 2774 3124 2814 omnes
3143 2762 3228 2832 qui
3248 2759 3486 2818 laboratis
3504 2763 3718 2840 (Matth.

2119 2851 2198 2906 ιι,
2229 2837 2344 2909 28).
2375 2837 2614 2908 Quorum
2639 2853 2818 2900 autem
2849 2845 2917 2902 sit
2943 2846 3098 2917 ﬁdes,
3131 2859 3186 2906 et
3210 2853 3400 2923 quibus
3432 2837 3722 2926 persuade-

2123 2938 2207 2984 tur
2236 2939 2294 2985 ut
2318 2931 2384 2988 ad
2415 2947 2536 2988 eum
2567 2935 2818 3007 veniant,
2861 2940 2990 2995 satis
3033 2941 3146 3012 ipse
3180 2942 3600 3019 demonstravit,
3631 2953 3721 3009 ubi

2119 3020 2214 3088 ait,
2248 3021 2414 3079 Nemo
2442 3025 2572 3080 venit
2597 3027 2667 3082 ad
2694 3045 2793 3098 me,
2825 3032 2925 3085 nisi
2953 3030 3112 3088 Pater
3137 3036 3225 3107 qui
3252 3037 3388 3092 misit
3415 3055 3516 3106 me,
3549 3051 3720 3098 traxe-

2119 3115 2187 3170 rit
2206 3131 2321 3170 eum
2343 3133 2362 3172 :
2381 3125 2436 3174 et
2460 3119 2619 3190 paulo
2643 3131 2779 3192 post,
2805 3138 2925 3178 cum
2947 3124 3014 3181 de
3039 3141 3148 3184 non
3167 3129 3510 3188 credentibus
3534 3133 3722 3206 loqueo

2120 3215 2298 3277 retur,
2331 3207 2481 3277 Dixi,
2515 3210 2720 3284 inquit,
2749 3213 2915 3284 vobis,
2945 3217 3064 3288 quia
3089 3235 3235 3274 nemo
3263 3229 3424 3292 potest
3456 3225 3624 3281 venire
3653 3227 3722 3279 ad

2121 3317 2228 3367 me,
2260 3301 2356 3356 nisi
2395 3305 2548 3374 fuerit
2583 3305 2632 3360 ei
2669 3306 2845 3361 datum
2878 3325 2911 3362 a
2949 3307 3112 3366 Patre
3145 3328 3255 3368 meo
3284 3300 3471 3386 (Joan.
3509 3333 3587 3386 vt,
3626 3317 3718 3384 44,

2119 3390 2246 3467 66).
2283 3393 2432 3451 Hanc
2464 3395 2624 3453 debet
2658 3397 2904 3470 Pelagius
2941 3401 3164 3474 gratiam
3207 3406 3480 3474 conliteri,
3518 3409 3563 3464 si
3603 3413 3720 3466 vult

2121 3500 2228 3540 non
2259 3486 2430 3542 solun:
2457 3487 2668 3556 vocari,
2700 3506 2887 3548 verum
2916 3493 3076 3549 etiant
3107 3510 3228 3552 esse
3264 3497 3610 3557 christianos.

2192 3609 2420 3669 CAPUT
2461 3610 2552 3670 Xl.
2593 3644 2665 3658 -—
2697 3615 2782 3672 12.
2823 3617 2958 3687 Quid
2989 3629 3169 3676 autem
3199 3621 3374 3678 dicam
3404 3624 3471 3682 de
3509 3628 3720 3684 revela-

2122 3705 2267 3762 tione
2293 3707 2572 3788 sapientia:
2593 3709 2615 3764 ?
2637 3709 2824 3780 Neque
2862 3713 3004 3768 enim
3035 3711 3190 3772 facile
3217 3716 3498 3788 quisquam
3528 3735 3720 3790 spera-

2119 3799 2261 3854 verit
2297 3800 2352 3854 in
2393 3799 2494 3856 hac
2523 3801 2631 3856 vita
2669 3818 2835 3874 posse
2883 3806 3162 3876 pervenire
3185 3808 3254 3866 ad
3298 3813 3717 3884 magnitudinem

2119 3888 2504 3946 revelationum
2547 3893 2780 3964 apostoli
2824 3895 3016 3951 Pauli:
3048 3905 3104 3953 et
3145 3899 3329 3972 utique
3367 3902 3421 3958 in
3467 3903 3547 3960 eis
3587 3906 3716 3976 quid

2119 3980 2263 4036 aliud
2293 3981 2622 4040 credendum
2651 3994 2736 4041 est
2762 3984 2815 4043 ei
2853 3987 3079 4044 revelari
3107 3990 3283 4048 solere
3304 4033 3320 4060 ,
3350 3994 3452 4050 nisi
3478 3996 3622 4067 quod
3649 4000 3716 4053 ad

2119 4075 2435 4146 sapientiam
2463 4077 2795 4147 pertineret?
2836 4080 2905 4136 Et
2935 4091 3113 4139 tamen
3151 4084 3282 4142 dicit
3312 4103 3326 4144 :
3363 4085 3430 4143 In
3457 4092 3719 4162 magnitu-

2119 4165 2238 4222 dine
2264 4167 2625 4224 revelationum
2651 4187 2880 4227 mearum
2916 4191 2979 4230 ne
3001 4174 3222 4234 extollar
3239 4219 3254 4242 ,
3300 4177 3450 4235 datus
3489 4192 3562 4237 est
3589 4185 3716 4238 mihi

2117 4258 2352 4314 stimulus
2377 4261 2546 4316 carnis
2571 4277 2714 4329 mem,
2743 4263 2954 4335 angelus
2971 4273 3168 4322 satana:
3195 4269 3280 4339 qui
3303 4287 3383 4326 me
3410 4273 3715 4344 colaphiset.

2119 4347 2342 4421 Propter
2368 4352 2504 4423 quod
2530 4361 2606 4408 ter
2637 4353 2915 4410 Dominum
2953 4359 3156 4430 rogavi,
3201 4370 3257 4414 ut
3284 4367 3506 4435 auferret
3531 4384 3646 4422 eum
3683 4388 3716 4422 a

2117 4458 2198 4496 me
2221 4459 2242 4496 :
2267 4453 2316 4497 et
2345 4444 2474 4498 dixit
2499 4445 2657 4512 mihi,
2688 4445 2885 4518 Suﬂicit
2909 4448 2996 4504 tibi
3021 4441 3190 4522 gratia
3217 4471 3329 4509 mea
3353 4473 3372 4523 ;
3411 4475 3531 4514 nam
3557 4463 3716 4516 virtus

2116 4532 2168 4588 in
2198 4533 2494 4605 inﬁrmitate
2517 4537 2780 4608 per/icitur
2807 4539 2880 4609 (ll
2907 4539 3026 4617 Cor.
3071 4558 3170 4612 xu,
3199 4545 3348 4617 7-9).
3378 4549 3574 4606 Procul
3609 4553 3704 4608 dn-

2114 4625 2204 4682 bio
2229 4628 2274 4682 si
2291 4627 2402 4699 jam
2432 4643 2662 4696 summa,
2690 4638 2745 4686 et
2765 4631 2850 4686 cui
2881 4631 3011 4688 nihil
3041 4645 3186 4692 esset
3212 4637 3539 4710 addendum,
3582 4643 3714 4699 cha-

2115 4721 2246 4777 ritas
2276 4722 2332 4777 in
2361 4724 2619 4794 Apostolo
2645 4723 2772 4780 tunc
2798 4724 3016 4794 fuisset,
3049 4744 3168 4798 qua:
3194 4732 3412 4786 omnino
3439 4750 3544 4789 non
3589 4752 3716 4807 pos-

2114 4819 2198 4868 set
2227 4813 2430 4881 inﬁari;
2461 4814 2721 4887 numquid
2747 4813 2768 4846 δ
2794 4819 3129 4873 necessarius
3153 4829 3298 4877 esset
3321 4825 3546 4894 angelus
3571 4839 3718 4884 sata~

2115 4923 2220 4975 nae,
2249 4923 2354 4978 quo
2379 4909 2746 4981 colaphizantc
2767 4909 3150 4980 reprimeretur
3170 4913 3354 4982 elatio,
3375 4932 3498 4986 qua:
3522 4917 3575 4974 in
3601 4936 3716 4974 nia-

2112 4990 2392 5070 gnitudine
2421 5000 2804 5056 revelationum
2837 5011 3018 5071 posset
3042 5003 3307 5061 existere?
3337 5007 3476 5075 Quid
3501 5021 3584 5066 est
3613 5029 3715 5068 au-

2114 5099 2223 5147 tem
2252 5090 2396 5146 aliud
2421 5092 2612 5158 elatio,
2641 5107 2799 5164 quam
2829 5092 3078 5149 inflatio?
3107 5095 3178 5151 Et
3212 5097 3398 5170 utique
3433 5100 3504 5158 de
3529 5102 3713 5160 chari-

2113 5191 2223 5239 tate
2247 5182 2525 5244 verissime
2553 5181 2752 5238 dictum
2784 5192 2887 5251 est,
2917 5183 3152 5241 Charitas
3174 5205 3276 5244 non
3297 5193 3588 5265 azmulatur,
3613 5211 3716 5250 non

2111 5276 2325 5348 inﬂatur
2353 5275 2397 5347 (Ι
2424 5273 2544 5331 Cor.
2584 5291 2704 5341 Διιιιι,
2745 5276 2828 5348 4).
2871 5277 2998 5334 llaec
3043 5278 3226 5350 itaque
3265 5281 3501 5340 charitas
3539 5287 3717 5344 adhuc

2111 5367 2274 5424 etiam
2308 5367 2362 5424 in
2396 5374 2544 5422 tanto
2573 5367 2834 5438 Apostolo
2872 5367 2940 5425 de
2969 5369 3056 5426 die
3078 5373 3138 5426 in
3163 5372 3310 5430 diem
3347 5375 3592 5447 profecto
3620 5395 3718 5434 au-

2175 5540 2192 5612 ξ
2210 5542 2470 5612 venermus
2489 5539 2740 5612 magum!
2764 5539 2881 5592 alibi
2901 5555 3080 5607 negare
3095 5557 3190 5598 non
3212 5545 3396 5599 metuit.

2172 5606 2360 5678 ξὲιῑεμ
2375 5609 2508 5678 ‘4’“,
2529 5606 2922 5678 ινξιίιῑξιθετςηνιιιετ
2961 5606 2977 5607 ”

2173 5666 2358 5732 1[t-lrlitio
2391 5673 2495 5732 Am.
2521 5671 2586 5732 _et
2619 5671 2700 5713 Ms.
2741 5666 3030 5732 (Victorinus,
3075 5681 3185 5719 eam
3213 5668 3420 5732 gratiam
3465 5673 3707 5726 nolumus.

2107 5727 2194 5778 Isti
2213 5727 2474 5794 aliquando
2500 5727 2768 5794 fateantur.
2803 5729 2954 5778 lutitio
2979 5736 3072 5789 tua,
3098 5727 3446 5794 eunt'gratiam
3470 5735 3710 5787 nolumus.

2109 5799 2255 5858 Istam
2278 5788 2540 5858 aliquando
2563 5789 2787 5858 fateatur.
3003 5851 3018 5858 ﬂ

2174 5855 2191 5883 νδ
2221 5855 2466 5902 Vaticanus
2489 5853 2672 5911 codex,
2699 5861 2974 5914 nunquam;
3002 5853 3122 5903 forte
3145 5866 3258 5918 pro,
3288 5865 3616 5918 nequaquam.
