4202 6570
470 413 570 468 561

467 527 690 596 gebatur
711 567 724 592 ,
757 525 1010 597 quamdiu
1041 523 1198 578 homo
1226 523 1342 594 ejus
1369 521 1591 578 interior
1629 521 1696 577 de
1725 521 1810 576 die
1843 520 1894 574 in
1919 518 2062 574 diem

469 618 826 675 renovabatur
853 617 922 691 (ll
951 616 1070 674 Cor.
1115 632 1164 670 tv
1189 659 1203 680 ,
1241 613 1328 688 16)
1355 656 1369 680 ,
1403 611 1726 684 perﬁcienda
1755 611 1871 666 sine
1897 608 2060 664 dubio

472 710 561 765 ubi
596 710 704 781 jam
736 725 844 767 non
889 717 1072 780 posset
1111 705 1303 762 inflari.
1347 706 1496 760 Tunc
1537 712 1716 759 autem
1757 715 1909 756 mens
1947 701 2064 770 ejus

473 801 648 859 adhuc
680 811 796 858 erat
831 801 922 858 ubi
961 799 1238 856 inflaretur
1275 796 1638 868 magnitudine
1682 792 2022 850 revelationis
2045 833 2058 858 ,

474 891 647 949 donec
676 893 986 965 impleretur
1007 891 1180 947 solido
1209 890 1438 946 mdiﬁcio
1473 887 1748 944 cliaritatis
1780 904 1794 942 :
1827 883 2062 939 nondum

475 985 619 1042 enim
663 985 1026 1057 perveniendo
1069 981 1537 1055 apprehenderat,
1585 997 1690 1051 quo
1735 975 2064 1048 proﬁciendo

475 1078 742 1134 currebat.

548 1171 776 1228 CAPUT
813 1169 928 1226 ΧΠ.
961 1202 1030 1210 -
1061 1169 1146 1226 i5.
1181 1167 1413 1239 ideoque
1439 1166 1636 1223 nolenti
1663 1164 1867 1236 perpeti
1893 1163 2064 1218 mole-

476 1266 633 1320 stiam
656 1306 673 1333 ,
711 1279 814 1336 qua
844 1263 960 1334 ejus
990 1263 1330 1318 cohiberetur
1367 1259 1528 1316 elatio
1552 1301 1566 1326 ,
1610 1266 1896 1328 antequam
1925 1263 2069 1310 esset

479 1359 534 1413 in
573 1373 639 1413 eo
679 1357 956 1414 cbaritatis
985 1355 1173 1416 ultima
1201 1363 1256 1411 et
1295 1367 1501 1410 summa
1547 1349 1841 1422 perfectio,
1883 1347 2070 1403 rectis-

477 1453 615 1508 sime
639 1449 867 1519 ‘dicitur,
912 1451 1106 1522 Sufficit
1145 1449 1234 1504 tibi
1272 1448 1438 1520 gratia
1467 1460 1618 1510 mea;
1657 1460 1776 1498 nam
1813 1442 1971 1496 virtus
2013 1442 2070 1494 in

479 1545 775 1612 inﬁrmitate
817 1543 1079 1612 perﬁcitur
1109 1557 1128 1596 :
1153 1541 1205 1595 in
1243 1538 1540 1608 infirmitate
1577 1535 1820 1602 scilicet,
1857 1545 1969 1587 non
2014 1539 2071 1586 ut

481 1637 570 1692 ille
602 1645 768 1706 putat,
803 1654 822 1687 ι
859 1634 1036 1690 carnis
1067 1641 1300 1698 tantum;
1335 1651 1354 1684 ι
1386 1629 1478 1685 sed
1503 1637 1558 1684 et
1579 1627 1758 1684 carnis
1782 1634 1837 1681 et
1865 1622 2068 1680 animi:

481 1727 606 1800 quia
638 1735 691 1782 et
729 1729 938 1782 animus
983 1737 1096 1782 erat
1137 1725 1190 1779 in
1228 1723 1628 1794 comparatione
1667 1733 1892 1776 summa:
1931 1716 2072 1772 illius

482 1819 825 1888 perfectionis
849 1817 1112 1884 inﬁrmus,
1143 1817 1249 1884 cui,
1284 1830 1352 1870 ne
1380 1813 1729 1870 extolleretnr
1761 1812 1780 1844 ¹
1807 1852 1824 1877 ,
1851 1808 2074 1880 proinde

482 1911 728 1966 stimulus
753 1909 949 1978 carnis,
976 1907 1196 1980 angelus
1224 1919 1423 1962 satana:
1453 1904 1851 1976 intelligebatur
1875 1901 2030 1958 datus
2057 1919 2071 1955 :

483 2005 725 2074 quamvis
763 2013 907 2061 esset
933 2005 986 2059 in
1012 2003 1307 2061 carnalium
1336 2001 1420 2057 vel
1457 2000 1801 2065 animalium,
1836 1994 2074 2053 nondum

485 2099 894 2174 percipientium
925 2113 1046 2170 quae
1075 2107 1202 2154 sunt
1240 2095 1474 2168 Spiritus
1502 2093 1596 2149 Dei
1624 2092 1666 2166 (l
1691 2091 1810 2151 Car.
1841 2107 1916 2159 ιι,
1943 2089 2036 2162 14)
2057 2131 2071 2154 ,

484 2195 914 2266 comparatione,
950 2191 1308 2247 ﬁrmissimus.
1337 2187 1598 2258 Quocirca
1625 2186 1671 2242 si
1699 2185 1868 2240 virtus
1895 2185 1947 2238 in
1991 2182 2075 2236 in-

485 2285 738 2341 firmitate
761 2283 1058 2355 perﬁcitur,
1079 2281 1321 2352 quisquis
1345 2295 1406 2336 se
1431 2293 1538 2334 non
1565 2276 1760 2333 fatetur
1785 2274 2076 2340 inﬁrmum,

483 2394 591 2432 non
620 2375 911 2448 perﬁcitur.
953 2375 1080 2430 lianc
1105 2383 1282 2430 autem
1307 2372 1478 2443 gratia
1508 2385 1612 2442 qua
1647 2369 1816 2424 virtus
1842 2367 1896 2422 in
1927 2365 2078 2422 inﬁr-

485 2472 671 2526 mitate
695 2468 1001 2542 perﬁcitur,
1037 2465 1444 2537 prmdestinatos
1468 2471 1525 2519 et
1561 2460 1854 2518 secundum
1887 2471 2114 2528 propo-.

483 2564 646 2619 situm
681 2569 898 2617 vocatos
929 2557 1106 2633 (Rom.
1131 2573 1248 2624 Vill,
1273 2556 1366 2628 Q8)
1399 2555 1464 2612 ad
1495 2568 1760 2610 summam
1793 2549 2078 2621 perfectio-

486 2669 609 2708 nem
635 2651 1184 2723 gloriﬁcationemque
1227 2647 1485 2720 perducit.
1525 2645 1640 2714 Qua
1669 2644 1838 2715 gratia
1865 2641 2038 2714 agitur
2060 2679 2078 2707 ,

489 2760 594 2800 non
630 2743 805 2800 solum
833 2749 893 2798 ut
931 2739 1174 2796 facienda
1215 2737 1526 2794 noverimus
1551 2777 1566 2804 ,
1597 2749 1782 2791 verum
1825 2732 1986 2789 etiam
2023 2739 2082 2787 ut

489 2835 698 2906 cognita
725 2834 1014 2899 faciamus;
1047 2847 1146 2888 nec
1175 2830 1350 2887 solum
1379 2835 1438 2884 ut
1465 2825 1732 2898 diligenda
1760 2823 2044 2882 credamus
2063 2863 2078 2888 ,

487 2944 672 2984 verum
704 2927 863 2983 etiam
895 2933 953 2981 ut
980 2923 1184 2981 credita
1211 2922 1514 2994 diligamus.

559 3017 787 3075 CAPUT
821 3016 966 3072 Xlll.
1013 3045 1085 3056 ——
1125 3015 1213 3070 id.
1247 3013 1373 3070 llaec
1417 3010 1586 3082 gratia
1629 3009 1674 3066 si
1716 3007 1957 3064 doctrina
1995 3004 2078 3060 di-

483 3109 658 3166 cenda
688 3120 790 3174 est,
817 3116 964 3164 certe
993 3105 1072 3162 sic
1096 3105 1325 3172 dicatur,
1356 3111 1416 3158 ut
1441 3101 1601 3158 altius
1632 3109 1686 3156 et
1711 3099 1937 3155 interius
1962 3111 2082 3152 eam

495 3203 635 3258 Deus
658 3215 778 3257 cum
809 3197 1065 3256 ineffabili
1087 3193 1622 3254 suavitate-credatur
1649 3189 1951 3258 infundere,
1975 3201 2082 3245 non

491 3294 663 3350 solum
686 3308 785 3365 per
812 3307 906 3350 eos
932 3291 1024 3364 qui
1051 3290 1291 3362 plantant
1323 3297 1377 3343 et
1402 3285 1578 3357 rigant
1606 3282 1960 3346 extrinsecus,
1988 3277 2084 3334 sed

492 3388 652 3444 etiam
681 3401 777 3457 per
802 3399 860 3441 se
889 3384 1064 3455 ipsum
1093 3381 1183 3453 qui
1209 3380 1596 3436 incrementum
1635 3389 1790 3432 suum
1818 3372 2086 3428 ministrat

493 3477 570 3556 (ιι)
596 3477 834 3534 occultus
859 3476 904 3546 (l
931 3473 1048 3531 Cor.
1077 3489 1154 3541 ut,
1182 3471 1262 3545 7),
1287 3471 1358 3526 ita
1377 3479 1437 3526 ut
1459 3483 1562 3524 non
1585 3463 1832 3523 ostendat
1856 3471 2086 3520 tantum-

493 3555 655 3626 modo
681 3569 957 3625 veritatem
979 3609 995 3635 ,
1032 3580 1218 3622 verum
1247 3563 1406 3620 etiam
1449 3559 1719 3632 impertiat
1745 3555 2081 3614 charitatem.

491 3665 585 3720 Sic
609 3663 752 3718 enim
783 3661 943 3717 docet
981 3659 1120 3714 Deus
1162 3671 1256 3713 eos
1285 3655 1376 3726 qui
1415 3651 1710 3710 secundum
1753 3648 2086 3719 propositum

497 3760 672 3815 vocati
693 3763 836 3822 sunt,
861 3753 1023 3811 simul
1053 3752 1260 3808 donans
1283 3757 1340 3805 et
1357 3746 1484 3818 quid
1505 3753 1664 3816 agant
1687 3743 1845 3808 scire,
1869 3749 1923 3798 et
1946 3739 2088 3812 quod

498 3854 678 3909 sciunt
713 3863 893 3921 agere.
927 3844 1088 3902 Unde
1114 3843 1183 3899 ad
1210 3829 1718 3898 Thessalonicenses
1743 3836 1820 3890 sic
1855 3837 2088 3905 Aposto-

501 3947 586 4002 lus
608 3944 842 4014 loquitur
869 3961 882 3996 :
910 3939 989 3995 De
1003 3939 1258 3993 'charitate
1283 3944 1452 3988 autem
1481 3927 1814 4003 fraternitatis
1837 3945 1938 3982 non
1965 3941 2092 3997 apus

504 4037 696 4092 habetis
717 4035 852 4090 vobis
879 4032 1030 4088 scribi
1051 4045 1070 4096 ς
1098 4047 1216 4085 nam
1241 4028 1342 4098 ipsi
1361 4043 1446 4081 vos
1471 4041 1502 4078 a
1528 4023 1636 4078 Deo
1658 4021 1904 4076 didicistis
1929 4029 1984 4074 ut
2014 4019 2093 4073 di-

502 4132 670 4205 ligatis
691 4129 919 4205 inuicem.
943 4127 1118 4196 Atque
1141 4133 1202 4177 nt
1227 4121 1482 4191 probaret
1505 4131 1600 4173 eos
1627 4131 1658 4170 a
1685 4115 1795 4170 Deo
1819 4111 2091 4176 didiciSse,

501 4199 773 4296 subjunxﬂ
803 4238 817 4274 :
851 4217 1053 4273 Etenim
1077 4214 1244 4287 facitis
1263 4212 1393 4267 illud
1413 4210 1466 4264 in
1483 4224 1657 4264 onmes
1679 4209 1879 4279 fratres,
1902 4205 1956 4259 in
1975 4203 2094 4258 uni-

504 4333 646 4372 uersa
683 4311 986 4368 Macedonia
1027 4309 1070 4381 (l
1098 4307 1274 4362 Thess.
1306 4321 1395 4372 Iv,
1426 4305 1495 4371 9,
1525 4301 1636 4373 10).
1679 4300 1954 4370 Tanquam
1994 4297 2098 4354 hoc

504 4409 576 4464 sit
603 4406 960 4462 certissimum
986 4399 1238 4456 indicium
1266 4395 1408 4468 quod
1437 4411 1466 4450 a
1499 4395 1612 4450 Deo
1639 4391 1893 4448 didiceris
1917 4433 1932 4459 ,
1958 4391 2004 4446 si
2041 4389 2098 4444 id

505 4501 648 4573 quod
677 4497 930 4554 didiceris
961 4493 1171 4550 feceris.
1201 4491 1310 4546 isto
1339 4489 1498 4546 modo
1539 4495 1662 4543 sunt
1689 4501 1878 4542 omnes
1903 4499 2098 4540 secun-

507 4597 636 4650 dum
682 4589 1016 4664 propositum
1049 4584 1253 4650 vocati,
1293 4584 1432 4638 sicut
1469 4581 1724 4650 scriptum
1757 4585 1840 4634 est
1879 4577 1930 4631 in
1971 4576 2101 4630 Pro-

504 4686 707 4760 phetis,
736 4679 974 4738 docibiies
995 4677 1091 4734 Dei
1123 4675 1275 4749 (Isai.
1303 4689 1409 4738 LIV,
1441 4674 1541 4738 l5;
1570 4670 1728 4725 Joan.
1753 4685 1826 4735 vr,
1858 4668 1972 4760 45).
1997 4667 2100 4734 Qui

509 4759 686 4832 autem
717 4773 864 4830 novit
884 4769 1098 4842 quidem
1127 4771 1148 4799 ¹
1181 4765 1323 4838 quod
1355 4764 1472 4820 ﬁeri
1498 4762 1713 4829 debeat,
1744 4771 1798 4816 et
1823 4775 1929 4815 non
1955 4759 2100 4828 facit,

511 4869 748 4926 nondum
779 4881 809 4922 a
841 4867 951 4921 Deo
979 4862 1164 4918 didicit
1188 4857 1481 4916 secundum
1508 4856 1756 4927 gratiam,
1787 4853 1882 4910 sed
1907 4869 2101 4910 secun-

511 4962 641 5020 dum
669 4960 838 5029 legem
865 4973 880 5023 ;
913 4970 1020 5010 non
1049 4951 1340 5010 secundum
1367 4949 1612 5021 spiritum
1639 4990 1654 5016 ,
1683 4946 1779 5004 sed
1809 4945 2102 5003 secundum

513 5057 768 5111 litteram.
810 5050 1063 5118 Quamvis
1101 5045 1253 5102 multi
1279 5087 1294 5114 ,
1335 5043 1476 5115 quod
1503 5043 1730 5112 imperat
1771 5041 1854 5096 lex
1880 5083 1895 5108 ,
1927 5039 2106 5096 facere

515 5146 794 5203 videantur
830 5143 1024 5198 timore
1053 5155 1228 5212 paenae
1253 5181 1267 5205 ,
1301 5153 1404 5191 non
1434 5149 1618 5190 amore
1651 5132 1874 5204 jnstitim
1904 5149 1917 5185 :
1947 5145 2105 5202 quam

518 5235 648 5293 dicit
694 5234 984 5306 Apostolus
1027 5231 1287 5304 justitiam
1333 5243 1484 5284 suam
1535 5241 1654 5296 quae
1705 5240 1771 5281 ex
1819 5223 1937 5293 lege
1980 5232 2103 5287 est;

517 5343 768 5400 tanquam
795 5328 866 5383 sit
903 5325 1161 5396 imperata
1182 5365 1197 5391 ,
1227 5337 1333 5378 non
1373 5320 1516 5375 data.
1542 5317 1600 5374 Si
1627 5325 1806 5372 autem
1835 5315 1960 5370 data
1985 5323 2066 5369 est
2088 5355 2103 5380 ,

519 5437 625 5480 non
651 5421 846 5477 dicitur
869 5417 1076 5490 justitia
1101 5422 1310 5479 nostra,
1351 5411 1448 5467 sed
1491 5411 1584 5466 Dei
1618 5427 1631 5463 :
1663 5409 1786 5480 quia
1817 5408 1894 5463 sic
1922 5405 1982 5460 fit
2007 5421 2106 5460 no-

519 5527 652 5585 stra,
683 5523 744 5570 nt
763 5513 832 5571 sit
862 5510 1018 5568 nobis
1043 5525 1112 5566 ex
1142 5507 1272 5563 Deo.
1311 5503 1447 5559 Dicit
1473 5501 1618 5558 enim
1645 5517 1661 5556 :
1693 5497 1764 5556 Ut
1791 5497 2019 5554 inveniar
2055 5495 2110 5552 in

585 5649 600 5679 ¹
625 5650 734 5697 Am.
759 5646 841 5697 Er.
867 5645 1010 5704 Lov.,
1031 5639 1226 5705 quando
1246 5635 1575 5696 extolleretur,
1600 5635 1735 5694 Mss,
1763 5631 1878 5699 quin
1903 5632 2090 5685 extolle-

521 5717 686 5770 rctur;
712 5723 820 5772 pro,
845 5705 923 5770 cui
947 5700 1006 5756 ne
1028 5700 1363 5772 eajtolferetur.

583 5761 1088 5834 ιΑῂζιςιιωνῐηᾳιιξα
1116 5761 1358 5834 εδιιμιοίὲ-
1448 5817 1459 5828 .
1507 5819 1518 5828 .
1570 5833 1577 5834 ,

591 5815 1352 5895 (diEidrelilegeiidumneenset,
1376 5817 1459 5885 qui
1495 5819 1847 5895 incrementum
1869 5815 2108 5871 submini-

525 5883 662 5950 τινὶιεζ
701 5894 826 5944 Vide
851 5883 1098 5942 metuent.
1127 5889 1318 5948 Critic.,
1349 5883 1460 5947 pag.
1493 5883 1594 5931 138.

1713 403 1770 460 s.
1811 397 2178 457 AUGUSTINI
2223 393 2524 470 EPlSCOPi

3659 387 3765 444 368

2169 515 2260 569 illo
2285 531 2384 570 non
2410 513 2598 568 habens
2633 530 2792 568 meam
2813 514 3106 586 justitiam,
3140 527 3251 580 qua:
3288 527 3350 566 cx
3391 511 3498 582 iege
3528 519 3600 564 est
3624 551 3640 578 ,
3669 511 3762 566 sed

2170 625 2281 662 eam
2318 623 2431 678 qua:
2459 623 2521 662 ea:
2547 606 2650 676 fide
2673 616 2748 660 est
2771 605 2896 660 Jesu
2920 645 2936 672 ,
2969 605 3225 676 justitiam
3249 621 3310 657 ex
3338 603 3448 658 Deo
3491 602 3760 674 (Philipp.

2173 717 2247 768 ιιι,
2276 701 2354 774 9).
2385 700 2614 756 Tantum
2635 699 2791 770 igitur
2817 699 2958 754 inter
2983 698 3152 768 legem
3173 696 3336 752 distat
3357 705 3412 752 et
3429 696 3676 766 gratiam,
3701 703 3760 749 ut

2170 807 2290 846 cum
2331 793 2415 847 lex
2444 806 2566 846 esse
2609 807 2714 846 non
2753 790 3024 846 dubitetur
3051 805 3118 846 ex
3145 789 3256 844 Deo
3281 830 3297 856 ,
3335 788 3541 858 justitia
3579 797 3760 843 tamen

2169 899 2290 954 quae
2317 898 2384 938 ex
2415 883 2531 954 lege
2557 892 2659 950 est,
2687 897 2793 938 non
2818 881 2888 938 sit
2913 896 2979 938 ex
3005 881 3150 948 Deo;
3177 880 3274 936 sed
3293 880 3498 950 justitia
3521 895 3640 952 quae
3663 895 3764 950 per

2169 976 2392 1047 gratiam
2422 985 2858 1046 consummatur,
2887 990 2953 1032 ex
2987 976 3118 1034 Deo.
3149 975 3284 1042 Quia
3313 990 3383 1030 ex
3413 975 3531 1046 lege
3555 975 3760 1046 justitia

2171 1067 2385 1136 dicitur,
2427 1083 2548 1139 quae
2574 1068 2632 1124 fit
2662 1077 2880 1138 propter
2909 1067 3042 1139 legis
3077 1065 3422 1122 maledictum
3453 1067 3470 1097 ³
3505 1083 3518 1120 :
3555 1065 3760 1136 justitia

2171 1176 2240 1216 ex
2268 1161 2378 1216 Deo
2403 1161 2616 1230 dicitur,
2655 1175 2774 1232 quae
2799 1159 2958 1216 datur
2987 1174 3082 1231 per
3103 1158 3289 1230 gratiae
3312 1157 3628 1214 beneﬁcium
3655 1174 3670 1223 ;
3703 1167 3764 1211 ut

2175 1267 2282 1308 non
2307 1253 2376 1309 sit
2405 1253 2644 1310 terribile
2667 1295 2682 1320 ,
2716 1252 2810 1308 sed
2837 1267 3002 1328 suave
3027 1249 3362 1320 mandatum,
3403 1251 3541 1307 sicut
3577 1259 3763 1306 oratur

2173 1345 2230 1400 in
2255 1345 2490 1414 Psalmo,
2530 1345 2716 1401 Suavis
2737 1362 2810 1410 es,
2837 1345 3074 1413 Domine,
3105 1353 3151 1400 et
3175 1346 3232 1400 in
3257 1353 3346 1398 tua
3369 1344 3614 1398 suavitate
3641 1342 3765 1397 doce

2174 1453 2252 1490 me
2271 1437 2526 1509 justitiam
2553 1445 2694 1492 tuam
2721 1434 2896 1510 (Psai.
2923 1451 3083 1493 cxvm
3105 1477 3122 1504 ,
3153 1437 3250 1508 68)
3283 1453 3298 1489 :
3326 1435 3380 1491 id
3417 1443 3500 1490 est
3522 1475 3537 1502 ,
3571 1444 3629 1490 ut
3655 1451 3762 1489 non

2177 1527 2460 1584 formidine
2499 1543 2674 1600 paena:
2697 1529 2964 1586 serviliter
2999 1543 3163 1601 cogar
3189 1543 3310 1585 esse
3337 1528 3439 1584 sub
3465 1528 3582 1598 lege
3606 1568 3621 1594 ,
3669 1527 3764 1582 sed

2178 1619 2346 1675 libera
2369 1621 2632 1676 charitate
2671 1619 2908 1676 delecter
2931 1635 3054 1677 esse
3095 1635 3216 1676 eum
3253 1620 3388 1692 lege.
3431 1619 3764 1690 Praeceptum

2177 1710 2374 1780 quippe
2415 1710 2551 1766 liber
2595 1710 2740 1777 facit,
2787 1711 2876 1782 qui
2925 1711 3098 1768 libens
3151 1711 3294 1766 facit.
3343 1710 3412 1766 Et
3463 1709 3564 1766 hoc
3607 1709 3768 1766 modo

2179 1801 2420 1872 quisquis
2457 1801 2654 1870 discit,
2693 1803 2800 1874 agit
2829 1803 3050 1858 omnino
3087 1802 3344 1874 quidquid
3382 1801 3646 1874 agendum
3683 1815 3768 1858 at-

2179 1893 2388 1950 dicerit.

2251 1981 2476 2041 CAPUT
2515 1984 2653 2040 XIV.
2685 2015 2756 2026 —
2785 1987 2872 2042 15.
2902 1986 2984 2042 De
3023 1986 3126 2041 isto
3153 1984 3380 2042 docendi
3419 1984 3578 2040 modo
3603 1985 3766 2040 etiam

2183 2073 2440 2130 Dominus
2464 2077 2570 2144 ait,
2617 2075 2794 2132 Omnis
2821 2077 2909 2150 qui
2935 2076 3130 2130 audivit
3155 2093 3190 2130 a
3219 2075 3378 2131 Patre
3401 2092 3512 2130 meo
3543 2084 3590 2130 et
3627 2076 3768 2130 didi-

2183 2166 2270 2234 cit,
2299 2167 2430 2221 renit
2449 2166 2518 2221 ad
2541 2183 2620 2221 me
2645 2165 2824 2240 (Joan.
2854 2182 2930 2235 vr,
2959 2167 3074 2238 45).
3101 2165 3201 2234 Qui
3229 2181 3357 2238 ergo
3387 2181 3492 2222 non
3521 2181 3728 2222 venerit
3747 2205 3765 2232 ,

2183 2273 2290 2314 non
2319 2258 2386 2314 de
2417 2259 2505 2314 illo
2532 2267 2680 2315 recte
2712 2258 2907 2314 dicitur
2930 2303 2945 2326 ,
2987 2241 3202 2314 Audivit
3239 2258 3458 2330 quidem
3495 2267 3552 2314 et
3585 2258 3772 2314 didicit

2183 2350 2287 2406 sibi
2315 2365 2435 2406 esse
2465 2349 2784 2406 veniendum
2805 2392 2821 2418 ,
2865 2350 2960 2407 sed
2991 2349 3170 2406 facere
3197 2365 3304 2406 non
3330 2351 3442 2406 vult
3467 2349 3606 2420 quod
3631 2349 3771 2404 didi-

2184 2442 2274 2498 cit.
2313 2441 2544 2498 Prorsus
2570 2458 2678 2498 non
2708 2452 2854 2499 recte
2879 2441 3077 2498 dicitur
3097 2443 3164 2498 de
3195 2443 3296 2498 isto
3321 2441 3550 2498 docendi
3589 2441 3769 2507 modo,

2185 2548 2290 2604 quo
2319 2548 2414 2604 per
2447 2534 2670 2605 gratiam
2698 2533 2858 2590 docet
2899 2535 3058 2590 Deus.
3095 2533 3150 2590 Si
3189 2534 3363 2600 enim,
3389 2534 3526 2589 sicut
3565 2532 3774 2590 Veritas

2186 2625 2419 2697 loquitur
2441 2667 2456 2694 ,
2499 2624 2676 2681 Omnis
2713 2626 2800 2697 qui
2835 2625 3047 2693 didicit,
3075 2626 3208 2680 venit
3232 2641 3251 2688 ;
3277 2624 3514 2696 quisquis
3551 2641 3658 2680 non
3685 2641 3774 2682 ve-

2186 2719 2302 2784 nit,
2347 2718 2584 2790 profecto
2614 2733 2714 2775 nec
2745 2719 2948 2776 didicit.
2988 2718 3120 2786 Quis
3157 2727 3334 2772 autem
3369 2733 3477 2773 non
3521 2718 3776 2774 videatet

2184 2812 2371 2870 venire
2393 2827 2716 2882 quemquam
2755 2817 2810 2866 et
2847 2826 2954 2866 non
2987 2810 3173 2866 venire
3202 2809 3423 2866 arbitrio
3447 2810 3776 2868 voluntatis?

2186 2902 2292 2960 Sed
2319 2901 2423 2958 ltoc
2446 2903 2724 2957 arbitrium
2751 2910 2927 2972 potest
2963 2917 3084 2958 esse
3114 2901 3288 2957 solum
3314 2943 3330 2969 ,
3361 2901 3405 2958 si
3433 2915 3540 2956 non
3579 2903 3724 2958 venit
3753 2918 3767 2956 :

2187 3011 2292 3051 non
2317 3002 2496 3052 autem
2525 3002 2702 3066 potest
2742 2993 2844 3048 nisi
2873 2993 3112 3064 adjutum
3140 3007 3284 3060 esse,
3313 2993 3359 3048 si
3385 2993 3562 3058 venit;
3603 3002 3657 3049 et
3695 2995 3774 3048 sic

2185 3085 2448 3158 adjutum,
2477 3094 2535 3141 ut
2561 3101 2670 3141 non
2706 3085 2878 3156 solum
2908 3085 3035 3157 quid
3061 3085 3362 3142 faciendum
3387 3085 3458 3142 sit
3490 3085 3644 3153 sciat,
3680 3087 3774 3142 sed

2187 3178 2328 3252 quod
2355 3179 2536 3236 scierit
2573 3177 2736 3235 etiam
2763 3177 2942 3234 faciat.
2983 3179 3060 3235 Ac
3086 3195 3180 3250 per
3207 3178 3312 3234 hoc
3335 3220 3350 3246 ,
3384 3179 3598 3250 quando
3637 3179 3778 3235 Deus

2189 3269 2383 3338 docet,
2414 3284 2522 3324 non
2549 3284 2645 3339 per
2669 3268 2804 3340 legis
2831 3269 3065 3324 litteram
3085 3311 3099 3336 ,
3131 3270 3227 3324 sed
3265 3285 3362 3339 per
3387 3269 3618 3340 Spiritus
3655 3285 3782 3341 gra-

2190 3366 2345 3429 tiam;
2375 3363 2446 3418 ita
2473 3363 2668 3428 docet,
2707 3371 2768 3418 ut
2791 3361 2932 3433 quod
2969 3363 3198 3434 quisque
3227 3362 3491 3428 didicerit,
3531 3379 3636 3418 non
3665 3371 3782 3418 tan-

2192 3465 2304 3511 tum
2329 3452 2702 3524 cognoscendo
2730 3452 2928 3518 videat,
2953 3451 3044 3508 s‘ed
3077 3453 3238 3508 etiam
3269 3451 3497 3508 volendo
3519 3462 3736 3522 appetat
3761 3494 3778 3518 ,

2190 3545 2503 3618 agendoque
2550 3543 2813 3616 perﬁciat.
2864 3542 2933 3598 Et
2979 3543 3082 3598 isto
3123 3542 3305 3599 divino
3347 3543 3573 3599 docendi
3619 3543 3782 3598 modo

2191 3639 2352 3695 etiam
2379 3637 2491 3708 ipsa
2518 3636 2763 3692 voluntas
2789 3645 2844 3692 et
2873 3635 2986 3706 ipsa
3007 3636 3266 3706 operatio,
3296 3651 3402 3690 non
3429 3635 3542 3691 sola
3569 3634 3782 3690 volendi

2192 3743 2246 3788 et
2275 3729 2533 3802 cperandi
2561 3729 2820 3788 naturalis
2849 3729 3176 3799 possibilitas
3211 3728 3510 3798 adjuvatur.
3551 3725 3608 3783 Si
3636 3727 3782 3782 enim

2195 3823 2368 3878 solum
2399 3834 2556 3893 posse
2582 3828 2824 3876 nostrum
2847 3821 2946 3875 hac
2965 3819 3134 3890 gratia
3153 3819 3454 3890 jnvaretur,
3485 3818 3556 3873 ita
3582 3818 3788 3875 diceret

2197 3914 2455 3971 Dominus
2484 3931 2497 3968 :
2530 3911 2716 3968 Omnis
2743 3912 2834 3982 qui
2862 3911 3064 3968 audivit
3104 3925 3134 3966 a
3165 3911 3321 3966 Patre
3353 3918 3410 3965 et
3435 3908 3654 3976 didicit,
3683 3923 3784 3978 po-

2199 4014 2304 4063 test
2327 4005 2512 4062 venire
2541 4003 2608 4060 ad
2637 4019 2743 4059 me.
2775 4002 2890 4058 Non
2915 4011 3094 4058 autem
3131 4003 3204 4056 ita
3237 4001 3372 4056 dixit
3402 4019 3416 4056 :
3445 3999 3538 4056 sed
3560 4041 3575 4066 ,
3607 3999 3788 4054 Omnis

2200 4100 2285 4170 qui
2308 4098 2521 4164 audivit,
2551 4097 2740 4168 inquit,
2772 4111 2804 4149 a
2833 4093 2992 4150 Patre
3011 4103 3056 4148 et
3079 4093 3279 4160 didicit,
3301 4094 3432 4148 venit
3459 4093 3527 4146 ad
3558 4109 3654 4146 me.
3680 4091 3786 4146 Ve-

2201 4191 2318 4247 nire
2347 4204 2505 4262 posse
2543 4188 2598 4243 in
2639 4197 2827 4244 natura
2871 4185 3020 4257 ponit
3049 4185 3323 4256 Pelagius,
3366 4183 3450 4239 vel
3487 4185 3646 4239 etiam
3671 4223 3688 4248 ,
3731 4192 3790 4236 ut

2203 4284 2364 4340 modo
2391 4283 2573 4338 dicere
2595 4281 2786 4351 coepit,
2816 4280 2868 4334 in
2900 4278 3087 4350 gratia,
3129 4276 3474 4349 qualemlibet
3501 4290 3620 4330 eam
3663 4289 3790 4329 sen-

2205 4376 2320 4441 tiat,
2351 4393 2370 4427 (
2399 4389 2500 4446 qua
2524 4373 2657 4443 ipsa,
2689 4390 2706 4424 ι
2744 4379 2802 4426 ιιι
2826 4370 2972 4436 dicit,
3011 4388 3028 4422 ι
3069 4367 3396 4439 possibilitas
3415 4365 3730 4436 adjuvatur:
3765 4383 3786 4416 ι

2205 4469 2389 4523 venire
2412 4473 2589 4520 autem
2615 4465 2728 4535 jam
2757 4464 2810 4518 in
2838 4463 3112 4518 voluntate
3138 4469 3192 4516 et
3219 4474 3385 4530 opere
3419 4467 3522 4514 est.
3561 4457 3676 4514 Non
3709 4463 3794 4512 est

2207 4569 2382 4614 autem
2409 4570 2744 4628 consequens
2772 4565 2830 4610 ut
2857 4555 2944 4625 qui
2975 4561 3151 4625 potest
3173 4552 3377 4618 venire,
3407 4552 3568 4608 etiam
3593 4551 3791 4618 veniat,

2209 4651 2310 4706 nisi
2334 4649 2386 4706 id
2414 4648 2644 4704 voluerit
2667 4656 2828 4718 atque
2853 4647 3056 4702 fecerit.
3086 4644 3194 4702 Sed
3219 4643 3395 4700 onmis
3417 4645 3506 4715 qui
3549 4643 3732 4699 didicit
3763 4657 3795 4697 a

2209 4742 2398 4806 Patre,
2431 4755 2534 4796 non
2561 4740 2734 4796 solum
2761 4745 2938 4810 potest
2965 4737 3184 4804 venire,
3216 4737 3312 4793 sed
3341 4737 3488 4792 venit
3519 4753 3531 4789 :
3563 4735 3654 4791 ubi
3685 4735 3796 4804 jam

2211 4843 2265 4890 et
2293 4833 2664 4906 possibilitatis
2696 4831 2966 4902 profectus
2987 4871 3002 4898 ,
3031 4839 3087 4888 et
3123 4829 3411 4886 voluntatis
3449 4827 3672 4884 allectus
3695 4869 3710 4894 ,
3745 4837 3798 4882 et

2211 4926 2434 4982 actionis
2464 4925 2682 4980 effectus
2713 4933 2812 4980 est.

2284 5019 2508 5076 CAPUT
2548 5017 2664 5074 XV.
2707 5047 2780 5058 -—
2809 5016 2896 5072 i6.
2929 5015 3068 5083 Quid
3113 5015 3212 5070 sibi
3249 5029 3378 5085 ergo
3403 5013 3590 5068 volunt
3614 5026 3798 5068 exem-

2214 5113 2320 5186 pla,
2353 5111 2452 5166 nisi
2480 5111 2602 5182 quia
2631 5124 2816 5166 revera
2849 5105 3004 5162 nobis
3033 5107 3148 5175 ejus
3174 5120 3390 5160 scnsmn
3413 5102 3674 5168 fecerunt,
3697 5101 3801 5156 sic-

2215 5217 2274 5262 ut
2300 5205 2566 5277 pollicitus
2599 5213 2716 5269 est,
2745 5201 3063 5266 clariorem;
3091 5215 3196 5252 non
3223 5207 3278 5252 ut
3301 5211 3362 5253 ea
3381 5196 3584 5252 sentire
3607 5193 3802 5249 debea-

2217 5315 2332 5354 mus
2353 5341 2368 5365 ,
2399 5297 2493 5352 sed
2533 5307 2593 5352 ut
2629 5295 2680 5350 id
2707 5294 2848 5365 quod
2890 5295 3004 5363 ipse
3029 5291 3235 5356 sensit,
3279 5288 3803 5356 manifestiusaper-

2219 5392 2426 5461 tiusque
2455 5388 2776 5444 noscamus?
2805 5405 2824 5438 ι
2859 5385 3008 5454 Quod
3036 5397 3320 5453 possumus
3339 5423 3354 5449 ,
3391 5399 3412 5433 ι
3443 5380 3636 5450 inquit,
3669 5397 3688 5430 ι
3720 5378 3804 5432 vi-

2217 5485 2348 5540 dere
2376 5481 2577 5546 oculis,
2617 5488 2860 5532 nostrum
2898 5491 3004 5530 non
3033 5483 3116 5530 est
3148 5491 3162 5529 :
3192 5471 3334 5542 quod
3373 5485 3502 5527 vero
3541 5471 3678 5524 bene
3715 5477 3806 5521 aut

2219 5578 2360 5634 male
2400 5574 2640 5630 videmus
2663 5613 2678 5639 ,
2725 5571 2826 5626 hoc
2865 5577 3110 5624 nostrum
3149 5575 3250 5624 est.
3291 5585 3310 5620 ι
3343 5561 3686 5633 Respondeat
3728 5560 3805 5613 illi

2281 5693 2300 5725 ι
2323 5697 2372 5740 tn
2397 5689 2558 5747 editis,
2577 5684 2697 5748 legis
2717 5682 3016 5748 mandatum.
3029 5680 3201 5748 _Aptius_
3219 5677 3279 5748 ad
3301 5674 3582 5748 antithesim
3675 5679 3804 5748 λιξβπ

2218 5733 2910 5819 εςείξιιξιῖεδέίεῖῖτέεαιίςιο.
3101 5739 3410 5819 eaeeae:
3435 5733 3806 5819 Lassatur

2221 5795 2574 5929 Εἷὖᾶιῖοᾶὧῆ
2604 5795 2785 5860 malum
2819 5795 3154 5866 denuni'iatur,
3179 5803 3245 5854 ita
3263 5809 3318 5853 ut
3351 5801 3414 5852 sit
3435 5795 3658 5862 teri'ibile
3677 5806 3808 5846 matv-

2285 5887 2404 5927 tum.
