4202 6514
383 431 501 492 369

390 544 633 603 Psalmus
652 585 665 609 ,
697 540 785 597 ubi
816 539 923 593 Deo
951 535 1149 590 dicitur
1168 576 1181 598 ,
1212 534 1385 585 Araris
1416 528 1593 584 oculos
1622 543 1787 594 meos,
1817 542 1880 579 ne
1902 524 1980 579 vi-

390 641 543 696 deant
565 635 839 692 vanitatem
862 627 1037 703 (Psal.
1066 640 1254 691 cxvnt,
1285 624 1397 695 37).
1427 620 1583 690 Quod
1611 628 1666 675 et
1691 620 1737 674 si
1765 617 1832 673 de
1856 632 1986 672 oeu-

391 734 456 790 lis
481 730 675 787 mentis
693 726 893 783 dictum
919 730 1020 790 est,
1044 719 1168 776 inde
1188 719 1370 789 utique
1391 712 1633 787 procedit
1654 713 1707 768 in
1734 712 1833 768 hos
1857 724 1984 766 ocu-

393 829 475 886 los
497 824 674 883 carnis
693 866 708 891 ,
739 820 821 876 vel
852 820 990 875 bene
1020 815 1233 880 videre,
1258 811 1344 868 vel
1370 810 1513 866 male
1542 826 1556 865 :
1588 822 1694 863 non
1724 802 1986 878 quemad-

396 918 613 976 modum
642 914 892 970 dicuntur
926 910 1061 965 bene
1085 905 1270 961 videre
1307 902 1453 959 sanis
1481 898 1653 957 oculis
1681 897 1951 953 intuentes
1970 934 1985 958 ,

395 1021 450 1068 et
479 1007 617 1065 male
638 1046 656 1075 ,
686 1003 1002 1076 lippientes;
1048 996 1144 1054 sed
1172 996 1310 1052 bene
1336 993 1521 1050 videre
1555 990 1624 1046 ad
1666 986 1993 1045 subvenien-

396 1102 545 1165 dum,
576 1096 716 1153 male
741 1094 923 1149 videre
950 1090 1017 1147 ad
1043 1084 1550 1157 concupiscendum.
1572 1080 1828 1152 Quamvis
1847 1077 1988 1134 enim

397 1210 492 1265 per
518 1192 617 1248 hos
643 1188 940 1246 exteriores
967 1182 1153 1239 oculos
1178 1179 1422 1235 videatur
1443 1184 1499 1232 et
1523 1188 1728 1247 pauper
1753 1172 1840 1228 cui
1866 1170 1993 1227 sub-

399 1263 629 1348 venitur,
657 1290 711 1337 et
736 1278 932 1335 mulier
955 1290 1076 1347 qua:
1099 1268 1523 1343 concupiscitur;
1557 1277 1735 1322 tamen
1761 1280 1827 1320 ex
1853 1263 1992 1319 inte-

344 1364 369 1433 ’Τ
399 1376 629 1433 rioribus
653 1370 719 1427 ad
749 1368 891 1425 male
918 1368 999 1423 vel
1027 1368 1165 1422 bene
1186 1361 1473 1419 videndum
1509 1356 1880 1415 misericordia
1911 1355 1993 1409 vel

385 1458 565 1523 libido
596 1462 856 1536 procedit.
902 1458 1012 1515 Cur
1052 1471 1183 1528 ergo
1220 1455 1415 1511 dicitur
1438 1452 1552 1508 Deo
1576 1492 1591 1519 ,
1622 1451 1802 1505 Averle
1826 1448 2011 1503 acutos.

374 1561 538 1613 fnum
556 1597 572 1621 ,
605 1571 667 1610 ne
688 1553 893 1608 videant
919 1546 1229 1606 sanitatem?
1256 1545 1365 1601 Cur
1396 1544 1592 1614 petitur
1619 1540 1761 1613 quod
1789 1539 1858 1595 ad
1897 1554 1996 1594 no-

378 1624 571 1704 ’stram
612 1645 856 1718 pertinet
882 1647 1196 1713 potestatem
1222 1679 1238 1703 ,
1269 1635 1333 1692 si.
1352 1636 1494 1691 Deus
1524 1648 1634 1690 non
1658 1631 1873 1704 adjuvat
1900 1646 2000 1686 vo-

407 1735 705 1795 luntatem?
1618 1724 1633 1737 ί

406 1867 423 1873 -
476 1826 702 1886 CAPUT
743 1824 886 1882 XVI.
932 1853 1004 1864 —
1050 1823 1137 1878 l7.
1185 1839 1204 1873 ι
1248 1819 1403 1890 Quod
1444 1818 1590 1891 loqui
1620 1830 1937 1889 possumus,
1978 1834 2001 1867 ι

410 1918 613 1991 inquit,
660 1936 681 1971 (
725 1915 821 1972 Dei
851 1922 936 1971 est
984 1930 999 1969 :
1042 1911 1183 1984 quod
1209 1927 1336 1968 vero
1369 1911 1508 1967 bene
1542 1908 1630 1965 vel
1655 1906 1794 1963 male
1826 1906 2004 1977 loqui-

411 2027 557 2079 mur,
586 2018 827 2065 nostrum
853 2013 956 2062 est.
995 2023 1016 2058 ι
1050 2003 1165 2060 Non
1195 2002 1299 2059 hoc
1322 2001 1482 2059 docet
1510 2001 1597 2056 ille
1616 2040 1631 2069 ,
1660 1999 1749 2071 qui
1774 1998 2017 2070 loquitur-

411 2103 568 2160 hene.
602 2098 724 2156 Non
751 2098 884 2154 enim
915 2113 1003 2152 vos
1038 2096 1188 2164 estis,
1220 2094 1422 2167 inquit,
1457 2094 1572 2165 ‘qui
1598 2091 1860 2164 loquimini
1877 2091 2010 2167 ised

415 2192 640 2263 Spiritus
677 2188 851 2244 Patris
890 2188 1043 2263 vestri
1082 2186 1170 2257 qui
1204 2185 1425 2257 loquitur
1458 2185 1512 2239 in
1537 2182 1674 2238 vobis
1699 2180 1908 2255 (Matth.
1940 2197 1971 2235 κ
1990 2223 2007 2248 ,

412 2258 529 2358 Ξὸ).
564 2282 685 2339 ιΕι
710 2290 768 2337 ιιι
791 2258 1130 2353 generaliter,
1169 2276 1410 2348 sinqttit,
1438 2293 1458 2327 ‹
1492 2274 1744 2330 universa
1769 2271 2013 2344 comple-

416 2388 570 2443 ctar;
612 2374 754 2448 quod
798 2387 1092 2444 possumus
1123 2386 1284 2428 omne
1324 2370 1527 2426 bonum
1564 2367 1771 2437 facere,
1799 2367 2009 2434 dicere,

418 2469 651 2540 cogitare
675 2508 693 2533 ,
739 2465 882 2521 illius
922 2471 1007 2521 est
1049 2463 1142 2535 qui
1186 2462 1289 2518 hoc
1327 2475 1486 2532 posse
1510 2456 1766 2529 donavit,
1791 2460 1881 2532 qui
1912 2459 2015 2515 hoc

419 2574 585 2632 posse
618 2556 853 2628 adjuvat.
886 2573 907 2609 ι
954 2554 1096 2610 Ecce
1137 2553 1300 2610 etiam
1343 2551 1433 2608 hic
1464 2551 1796 2623 superiorem
1822 2550 2018 2626 repetit

421 2666 639 2708 sensum
662 2691 679 2720 ,
718 2646 860 2722 quod
901 2647 1117 2704 illorum
1152 2646 1315 2702 trium
1338 2685 1354 2717 ,
1393 2645 1446 2704 id
1473 2654 1585 2717 est,
1611 2645 2015 2721 possibilitatis,

423 2743 746 2811 voluntatis,
783 2741 1049 2815 actionis,
1089 2739 1305 2801 nonnisi
1347 2743 1670 2815 possibilitas
1714 2743 2017 2815 adjuvatnr.

426 2837 665 2915 Denique
689 2835 1006 2912 adiungens,
1033 2847 1093 2895 ut
1119 2838 1340 2909 impleat
1363 2839 1506 2911 quod
1535 2838 1797 2895 intendit:
1822 2858 1840 2891 ι
1864 2838 2020 2907 Quod

425 2950 555 2991 vero
581 2933 754 3002 bene,
783 2951 805 2987 ι
836 2932 1042 3004 inquit,
1073 2950 1097 2985 ι
1126 2934 1208 2989 vel
1237 2932 1447 3003 agimus
1466 2974 1482 3002 ,
1504 2932 1589 2989 vel
1616 2932 1905 3004 loquimur,
1936 2934 2020 2989 vel

428 3027 719 3101 cogitamus
745 3067 763 3095 ,
796 3034 1038 3081 nostrum
1066 3034 1169 3082 est.
1209 3044 1230 3078 ι
1262 3025 1469 3082 Oblitus
1495 3032 1580 3082 est
1605 3025 1749 3097 quod
1775 3026 2025 3097 superius

429 3118 578 3190 quasi
604 3124 915 3173 correxerat
933 3158 949 3184 ,
976 3116 1068 3173 ubi
1091 3130 1212 3171 eum
1238 3115 1496 3183 dixisset,
1536 3134 1556 3168 ι
1586 3116 1725 3187 Ergo
1750 3115 1803 3173 in
1828 3117 2024 3172 volun-

434 3218 619 3267 tate-et
645 3224 809 3281 opere
836 3210 979 3266 bono
1007 3209 1125 3266 laus
1146 3208 1378 3265 hominis
1397 3216 1519 3277 est;
1554 3229 1574 3263 ι
1605 3208 2025 3282 adjunxitatque

431 3303 534 3372 ait,
564 3321 587 3357 ι
618 3303 726 3360 imo
749 3312 805 3360 et
830 3303 1097 3371 hominis,
1125 3311 1179 3359 et
1209 3302 1331 3369 Dei,
1359 3284 1449 3374 qui
1471 3302 1637 3373 ipsius
1661 3302 1952 3359 voluntatis
1971 3312 2028 3360 et

433 3396 609 3467 operis
635 3394 1039 3466 possibilitatem
1066 3394 1234 3451 dedit.
1263 3412 1284 3448 ι
1318 3393 1427 3451 Cur
1451 3394 1611 3451 etiam
1643 3395 1698 3451 in
1729 3394 1814 3451 his
1841 3411 2028 3452 exem-

437 3486 541 3557 plis
566 3486 668 3542 hoc
696 3500 802 3542 non
832 3485 1143 3543 recordatus
1171 3494 1254 3542 est
1275 3527 1291 3552 ,
1319 3494 1380 3542 ut
1403 3486 1596 3544 saltem
1627 3487 1679 3541 in
1705 3501 1891 3543 eorum
1922 3487 2041 3544 line-

434 3576 666 3644 diceret,
690 3576 849 3647 Quod
876 3592 1159 3649 possumus
1186 3592 1348 3634 omne
1372 3578 1573 3634 bonum
1601 3577 1798 3647 facere,
1826 3579 2026 3648 dicere,

435 3672 702 3743 cogitare,
744 3671 889 3727 illius
929 3680 1013 3727 est
1051 3672 1142 3742 qui
1186 3670 1290 3726 hoc
1326 3685 1489 3742 posse
1525 3671 1777 3739 donavit,
1809 3672 1899 3744 qui
1927 3670 2030 3727 hoc

437 3776 594 3833 posse
633 3761 888 3831 adjuvat;
934 3761 1080 3833 quod
1119 3776 1248 3818 vero
1284 3762 1423 3819 bene
1450 3762 1535 3819 vel
1560 3763 1802 3835 agimus,
1834 3765 1920 3819 vel
1946 3764 2030 3819 lo-

436 3855 685 3926 quimur,
730 3855 814 3911 vel
855 3855 1189 3926 cogitamus,
1234 3864 1290 3912 et
1330 3865 1569 3935 nostrum
1609 3840 1726 3924 est,
1761 3864 1822 3912 et-
1847 3857 2033 3913 illius?

435 3946 552 4002 Non
595 3946 700 4002 hoc
734 3945 870 4002 dixit
911 3964 925 4001 :
970 3945 1096 4016 sed,
1136 3946 1241 4003 nisi
1266 3946 1455 4014 fallor,
1480 3946 1668 4005 videor
1688 3946 1822 4004 mihi
1847 3948 2047 4006 videre»

439 4035 565 4107 quid
597 4036 790 4092 timuit.

507 4129 736 4187 CAPUT
777 4128 941 4186 XVII.
967 4157 1043 4172 -
1078 4130 1167 4187 I8.
1211 4131 1346 4188 Cum
1387 4131 1533 4189 enim
1563 4133 1721 4189 vellet
1746 4133 2035 4190 ostendere

438 4235 606 4293 quare
649 4229 890 4277 nostrum
929 4222 999 4277 sit
1030 4239 1045 4277 :
1087 4240 1108 4275 ι
1150 4222 1285 4292 Quia
1322 4222 1472 4290 haec,
1508 4241 1531 4277 ι
1560 4224 1764 4295 inquit,
1801 4243 1821 4277 (
1855 4227 2032 4281 omnia

439 4320 651 4369 vertere
687 4312 848 4367 etiam
892 4311 947 4368 in
987 4312 1190 4369 malum
1230 4327 1535 4385 possumus.
1577 4332 1598 4368 ι
1639 4313 1772 4370 Illud
1807 4330 1936 4387 ergo
1964 4319 2036 4371 ti-

438 4404 605 4470 muit,
647 4412 708 4460 ut
734 4420 839 4461 non
863 4402 1067 4461 diceret
1084 4445 1100 4472 ,
1132 4413 1187 4461 et
1215 4415 1459 4462 nostrum
1487 4414 1571 4462 est
1596 4414 1651 4462 et
1678 4407 1808 4475 Dei,
1839 4422 1909 4464 ne
1934 4408 2035 4464 sibi

440 4495 857 4567 responderetur
874 4539 891 4565 ,
921 4495 980 4553 Si
1000 4496 1145 4568 quod
1171 4497 1312 4554 bene
1335 4497 1546 4569 agimus
1566 4539 1582 4565 ,
1614 4498 1917 4570 loquimur,
1945 4515 2040 4556 co-

441 4590 671 4660 gitamus
690 4628 709 4657 ,
754 4589 876 4645 ideo
911 4598 997 4646 est
1027 4598 1083 4646 et
1111 4599 1349 4647 nostrum
1379 4599 1434 4646 et
1458 4591 1589 4659 Dei,
1622 4592 1744 4663 quia
1770 4593 1861 4649 ille
1884 4594 2038 4650 nobis

404 4638 548 4738 ‘lioc
773 4682 1030 4751 donavit;
1059 4697 1189 4754 ergo
1216 4692 1273 4740 et
1298 4683 1441 4755 quod
1468 4638 1669 4740 maliti;
1692 4638 2038 4757 (ιςίωέέῖἷὶ

443 4774 658 4844 quimur
674 4815 691 4841 ,
720 4775 1016 4846 cogitamus
1037 4817 1054 4844 ,
1081 4783 1138 4832 et
1165 4786 1408 4832 nostrum
1433 4785 1517 4835 est
1541 4783 1598 4833 et
1623 4776 1739 4847 Dei,
1762 4779 1885 4852 quia
1908 4780 2037 4836 illud

446 4882 604 4938 posse
646 4868 714 4924 ad
756 4878 1041 4941 utrumque
1079 4869 1328 4945 donavit,
1367 4880 1528 4943 atque
1553 4874 1662 4943 ita,
1694 4875 1834 4945 quod
1860 4876 2035 4943 absit,

445 4937 897 5031 quemadmodum
923 4937 1045 5018 cum
1073 4937 1492 5019 Deﬁaudamur
1512 4966 1563 5019 in
1591 4937 1843 5036 operibus
1862 4937 2036 5036 bonis,

447 5049 527 5104 sic
564 5065 684 5106 cum
724 5051 816 5106 illo
856 5052 1137 5121 culpamur
1178 5052 1234 5108 in
1276 5054 1456 5109 malis.
1493 5054 1824 5113 Possibilitas
1843 5058 2041 5129 quippe

450 5140 575 5208 illa,
621 5156 781 5212 quam
826 5141 1003 5211 dedit,
1050 5152 1157 5198 tam
1202 5158 1302 5201 nos
1343 5144 1473 5201 facit
1509 5146 1646 5202 bona
1686 5161 1845 5218 posse
1878 5163 2037 5220 quam

447 5231 608 5286 mala.

518 5321 746 5381 CAPUT
774 5323 963 5380 XVIII.
990 5355 1065 5367 —
1087 5325 1172 5382 l9.
1205 5327 1282 5384 De
1297 5342 1401 5399 qua
1420 5329 1776 5399 possibilitate
1796 5331 2042 5401 Pelagius

450 5415 504 5473 in
526 5415 664 5471 libro
684 5417 858 5487 primo
882 5432 981 5488 pro
999 5417 1195 5475 Libero
1216 5420 1451 5476 Arbitrio
1476 5422 1547 5478 ita
1572 5423 1809 5493 loquitur
1835 5442 1848 5479 :
1884 5443 1903 5478 (
1934 5424 2042 5479 Ila-

450 5506 636 5564 bemus
671 5517 886 5577 autem,
934 5528 956 5564 ι
1002 5510 1205 5581 inquit,
1257 5529 1276 5565 ι
1327 5513 1731 5583 possibilitatem
1770 5516 2043 5587 utriusque

452 5600 619 5670 partis
646 5615 676 5654 a
707 5599 820 5657 Deo
849 5587 1095 5667 insitam,
1123 5604 1268 5658 velut
1289 5606 1571 5674 quamdam
1592 5647 1607 5671 ,
1640 5616 1697 5661 ut
1727 5608 1796 5662 ita
1824 5608 1997 5663 dicam
2024 5648 2039 5672 ,

442 5690 687 5747 radicem
725 5691 1051 5747 fructiferam
1081 5703 1237 5763 atque
1268 5694 1542 5751 fecundam
1566 5737 1579 5762 ,
1612 5714 1729 5766 qua:
1756 5715 1820 5753 ex
1850 5697 2041 5752 volun-

450 5805 931 5917 £11;tytzit‘ait‘tnensis
972 5815 1071 5866 κς,
1110 5806 1192 5869 qui
1228 5806 1457 5859 Im'utnris
1493 5808 1624 5869 (tunc,
1672 5818 1766 5861 Yon
1811 5810 1938 5862 enim
1967 5824 2043 5859 ros

541 5882 579 5917 δ.
607 5880 715 5917 ma::

541 5882 580 5927 δ,
607 5880 715 5929 mq::

1557 411 1756 470 LIBER
1798 410 1891 466 DE
1927 402 2182 486 GRATIA
2222 402 2514 460 CHRISTI.

3577 399 3685 458 5Ἱο

2092 528 2199 577 tate
2241 519 2728 576 hominisdi‘versa
2766 518 2949 591 gignat
2974 527 3030 577 et
3052 518 3256 593 pariat,
3288 524 3346 576 et
3370 533 3492 591 qua:
3517 528 3687 590 possit

2090 615 2158 671 ad
2199 615 2400 687 proprii
2445 613 2667 669 cultoris
2700 612 2976 669 arbitrium
3001 656 3017 682 ,
3043 613 3126 669 vel
3158 612 3329 668 nitere
3359 610 3490 682 flore
3518 611 3687 666 virtu-

2094 717 2242 773 tum,
2264 707 2346 763 vel
2371 706 2611 762 sentibus
2635 706 2854 761 horrere
2874 705 3143 760 vitiorum.
3175 723 3195 757 ι
3222 703 3323 761 Ubi
3346 718 3451 759 non
3474 703 3688 758 intuens

2091 800 2218 872 quid
2257 800 2537 872 loquatur,
2574 813 2735 853 unam
2770 797 3120 869 eamdemque
3159 796 3391 853 radicem
3417 796 3694 852 constituit

2093 894 2356 951 bonorum
2397 901 2453 950 et
2487 893 2779 958 malorum,
2811 900 2994 947 contra
3023 890 3384 962 evangelicum
3410 888 3690 944 veritatem

2093 988 2499 1058 doctrinamque
2542 986 2910 1058 apostolicam.
2949 985 3081 1041 Nam
3110 994 3165 1041 et
3182 984 3450 1040 Dominus
3478 997 3581 1041 nec
3607 998 3696 1038 ar-

2094 1085 2282 1137 borem
2321 1080 2515 1136 bonam
2547 1078 2679 1136 dicit
2717 1093 2874 1150 posse
2914 1076 3092 1135 facere
3131 1077 3332 1134 fruetus
3358 1077 3563 1144 malos,
3595 1089 3695 1132 nec

2098 1176 2292 1232 malam
2319 1174 2490 1231 bonos
2517 1173 2728 1246 (Matth.
2748 1189 2846 1243 vn,
2862 1170 2989 1244 18)‘:
3008 1171 3345 1243 etapostolus
3363 1170 3559 1226 Paulus
3575 1185 3697 1225 cum

2098 1267 2228 1324 dicit
2280 1267 2514 1324 radicem
2567 1267 2828 1324 malorum
2881 1266 3120 1322 omnium
3176 1280 3298 1321 esse
3349 1263 3696 1335 cupiditatem

2102 1360 2148 1433 (I
2174 1360 2310 1418 Tim.
2340 1377 2414 1431 vt,
2444 1360 2572 1433 10),
2597 1359 2849 1416 admonet
2874 1359 3059 1430 utique
3086 1356 3306 1429 intelligi
3339 1355 3571 1411 radicem
3598 1354 3699 1409 bo-

2102 1472 2292 1513 norum
2339 1456 2578 1514 omnium
2624 1454 2963 1510 charitatem.
3010 1450 3162 1510 Unde
3204 1451 3250 1506 si
3292 1449 3411 1505 dua:
3445 1449 3700 1513 arbores,

2102 1551 2243 1607 bona
2282 1558 2337 1608 et
2373 1550 2512 1606 mala
2539 1591 2556 1618 ,
2596 1547 2703 1604 duo
2742 1554 2869 1603 sunt
2901 1545 3181 1613 homines,
3209 1543 3383 1601 bonus
3410 1551 3464 1599 et
3489 1542 3659 1597 malus
3685 1582 3700 1605 ,

2105 1642 2241 1716 quid
2258 1649 2343 1698 est
2371 1642 2543 1697 bonus
2570 1638 2763 1707 homo,
2792 1638 2893 1694 nisi
2921 1635 3209 1693 voluntatis
3236 1634 3392 1691 bona:
3412 1676 3427 1701 ,
3458 1627 3561 1687 hoc
3580 1640 3665 1689 est
3686 1673 3701 1695 ,

2106 1734 2267 1790 arbor
2290 1731 2486 1789 radicis
2508 1730 2663 1787 bona:
2683 1729 2791 1786 ?'et
2814 1729 2942 1800 quid
2966 1737 3052 1785 est
3067 1728 3231 1784 homo
3251 1726 3422 1782 malus
3447 1767 3463 1793 ,
3489 1725 3590 1780 nisi
3614 1739 3708 1778 vo-

2108 1824 2328 1882 Iuntatis
2352 1824 2507 1879 mala:
2526 1864 2541 1890 ,
2570 1822 2674 1879 hoc
2700 1829 2783 1878 est
2800 1863 2816 1890 ,
2844 1821 3004 1877 arbor
3031 1819 3226 1875 radicis
3252 1817 3451 1873 malae?
3482 1816 3708 1872 Fructus

2109 1927 2287 1975 autem
2332 1917 2521 1973 harum
2562 1914 2803 1972 radicum
2846 1924 3008 1985 atque
3050 1912 3338 1978 arborum,
3383 1909 3515 1966 facta
3546 1914 3705 1972 sunt,

2111 2010 2251 2067 dicta
2288 2017 2449 2077 sunt,
2488 2006 2718 2080 cogitata
2755 2015 2913 2071 sunt,
2945 2020 3066 2077 qua:
3095 2004 3231 2060 bona
3259 2002 3326 2059 de
3356 2002 3493 2058 bona
3522 2001 3712 2057 volun-

2115 2112 2221 2159 tate
2250 2101 2578 2174 procedunt,
2609 2108 2665 2156 et
2692 2098 2831 2154 mala
2853 2098 2921 2155 de
2944 2098 3105 2154 mala.

2184 2195 2411 2253 CAPUT
2451 2192 2595 2250 XIX.
2637 2222 2712 2234 -
2751 2191 2843 2248 20.
2885 2190 3034 2247 Facit
3072 2196 3251 2245 autem
3282 2189 3441 2244 homo
3465 2186 3714 2243 arborem

2115 2290 2309 2368 bonam
2330 2329 2347 2357 ,
2389 2285 2607 2361 quando
2634 2285 2729 2343 Dei
2753 2284 2944 2355 accipit
2969 2282 3216 2357 gratiam.
3244 2280 3359 2337 Non
3389 2280 3534 2336 enim
3562 2293 3621 2338 se
3649 2294 3719 2337 ex

2117 2384 2262 2440 malo
2299 2382 2498 2439 bonum
2538 2395 2634 2452 per
2673 2394 2733 2436 se
2774 2379 2946 2451 ipsum
2982 2376 3146 2446 facit;
3189 2374 3285 2435 sed
3318 2391 3385 2435 ex
3416 2372 3510 2432 illo
3538 2385 3590 2431 ct
3624 2390 3717 2445 per

2118 2475 2272 2531 illum
2300 2484 2356 2531 et
2383 2475 2438 2531 in
2467 2474 2562 2534 ille
2585 2472 2676 2549 qui
2704 2487 2919 2547 semper
2943 2482 3028 2530 est
3054 2470 3230 2529 bonus
3263 2489 3278 2528 :
3306 2486 3405 2528 nec
3433 2479 3635 2526 tantum
3663 2481 3720 2524 ut

2119 2566 2281 2629 arbor
2294 2568 2364 2627 sit
2378 2567 2540 2637 bona,
2554 2567 2649 2626 sed
2664 2568 2824 2624 etiam
2846 2577 2902 2622 ut
2920 2564 3081 2623 faciat
3099 2565 3301 2621 fructus
3321 2561 3719 2630 bonos,.eadem

2119 2665 2291 2740 gratia
2337 2662 2700 2721 necessarium
2741 2668 2826 2718 est
2862 2669 2923 2717 ut
2958 2659 3276 2731 adjuvetur,
3322 2657 3438 2713 sine
3467 2672 3567 2727 qua
3595 2655 3720 2711 boni

2122 2757 2323 2830 aliquid
2345 2757 2519 2813 facere
2539 2770 2647 2811 non
2670 2760 2863 2825 potest.
2896 2751 3014 2823 Ipse
3041 2752 3239 2823 quippe
3261 2748 3494 2805 in.bonis
3515 2747 3723 2804 arbori-

2123 2851 2225 2907 bus
2251 2856 2571 2920 cooperatur
2594 2845 2825 2902 fructum
2846 2886 2860 2910 ,
2891 2845 2981 2916 qui
3008 2853 3063 2901 et
3086 2843 3381 2900 forinsecus
3406 2844 3541 2914 rigat
3565 2850 3725 2912 atque

2125 2942 2322 3000 excolit
2347 2955 2442 3012 per
2468 2938 2764 3011 quemlibet
2790 2937 3092 2992 ministrum
3113 2976 3131 3005 ,
3156 2945 3211 2992 et
3232 2951 3326 3007 per
3344 2949 3405 2990 se
3428 2933 3520 2989 dat
3539 2934 3727 2989 intrin-

2126 3034 2282 3097 s'ecus
2318 3038 2705 3108 incrementum
2744 3031 2943 3106 (I'Cor.
2988 3046 3078 3098 Ill,
3111 3029 3189 3104 7).
3239 3030 3429 3085 Malam
3469 3043 3599 3084 vero
3637 3042 3727 3082 ar-

2126 3131 2313 3191 borem
2359 3131 2523 3187 homo
2562 3127 2721 3193 faclt,
2761 3124 2978 3198 quando
3018 3139 3079 3181 se
3121 3127 3293 3196 ipsum
3331 3122 3530 3178 malum
3565 3118 3726 3185 facit,

2127 3224 2346 3299 quando
2384 3236 2416 3278 a
2454 3221 2597 3281 bono
2636 3216 3059 3276 iueommutabili
3084 3216 3266 3273 deficit
3300 3234 3314 3273 :
3342 3215 3411 3270 ab
3438 3228 3505 3271 eo
3531 3213 3730 3289 quippe

2130 3319 2383 3377 defectus
2409 3326 2493 3374 est
2517 3315 2668 3388 origo
2695 3312 2984 3370 voluntatis
3014 3313 3188 3368 malae.
3221 3310 3322 3380 Qui
3347 3309 3592 3366 defectus
3622 3323 3728 3365 non

2131 3414 2288 3475 aliam
2333 3419 2579 3467 naturam
2622 3408 2817 3464 malam
2862 3407 3035 3463 initiat
3073 3406 3089 3438 ¹
3116 3446 3132 3473 ,
3165 3403 3262 3461 sed
3289 3419 3408 3459 eam
3441 3418 3561 3474 qua:
3591 3402 3730 3459 bona

2131 3505 2347 3562 condita
2387 3511 2473 3560 est
2507 3501 2678 3559 vitiat.
2718 3500 2917 3557 Sanato
2945 3506 3125 3554 autem
3150 3496 3279 3553 vitio
3302 3495 3505 3552 nullum
3533 3494 3731 3549 malum

2133 3609 2412 3665 remanet;
2453 3597 2575 3670 quia
2599 3596 2787 3654 vitium
2816 3603 3020 3650 naturae
3048 3592 3263 3666 quidem
3290 3590 3461 3647 inerat
3480 3630 3494 3655 ,
3524 3588 3620 3645 sed
3649 3589 3733 3644 vi-

2134 3680 2264 3749 tium
2292 3700 2480 3748 natura
2506 3705 2613 3748 non
2638 3698 2777 3750 erat.

2205 3784 2431 3843 CAPUT
2471 3784 2592 3846 XX.
2629 3814 2702 3825 —
2739 3782 2831 3843 21.
2875 3781 2967 3837 Illa
3002 3795 3129 3853 ergo
3154 3777 3511 3853 possibilitas,
3543 3792 3650 3834 non
3678 3785 3737 3833 ut

2136 3880 2237 3936 iste
2275 3879 2562 3950 opinatur,
2608 3892 2713 3933 una
2751 3875 3049 3946 eademQue
3089 3871 3243 3929 radix
3275 3880 3360 3929 est
3391 3872 3656 3929 bonorum
3682 3880 3739 3928 et

2136 3973 2420 4030 malorum.
2467 3969 2625 4026 Aliud
2667 3976 2752 4026 est
2791 3969 2934 4025 enim
2977 3966 3210 4024 cbaritas
3250 3965 3398 4022 radix
3428 3965 3691 4022 bonorum
3717 4006 3734 4031 ,

2137 4067 2280 4124 aliud
2321 4064 2584 4137 cupiditas
2625 4062 2780 4119 radix
2823 4061 3127 4128 malorum;
3168 4068 3482 4132 tantumque
3512 4059 3653 4114 inter
3679 4071 3739 4113 se

2137 4159 2429 4227 dill‘erunt,
2469 4162 2725 4229 quantum
2764 4153 2933 4211 virtus
2972 4161 3028 4209 et
3066 4153 3272 4209 vitium.
3316 4150 3423 4208 Sed
3467 4150 3622 4223 plane
3648 4148 3738 4204 illa

2140 4251 2471 4325 possibilitas
2496 4249 2774 4324 utriusque
2798 4246 2997 4315 radicis
3015 4253 3100 4302 est
3124 4260 3330 4317 capax;
3358 4245 3482 4317 quia
3511 4260 3619 4300 non
3644 4257 3738 4299 so-

2140 4347 2254 4402 lum
2300 4350 2478 4416 potest
2515 4341 2680 4397 homo
2715 4339 2917 4396 habere
2954 4337 3300 4405 charitatem,
3340 4351 3445 4408 qua
3479 4335 3551 4391 sit
3578 4334 3741 4390 arbor

2139 4440 2280 4494 bona
2305 4479 2322 4507 ,
2368 4435 2473 4494 sed,
2512 4440 2690 4506 potest
2729 4432 2891 4489 etiam
2933 4429 3308 4502 cupiditatem,
3350 4443 3454 4500 qua
3479 4428 3551 4485 sit
3579 4426 3743 4482 arbor

2142 4532 2303 4592 mala.
2351 4528 2459 4586 Sed
2502 4526 2765 4598 cupiditas
2800 4524 3034 4581 homim’s
3067 4538 3189 4594 qua:
3215 4522 3401 4577 vitium
3426 4529 3537 4586 est,
3568 4518 3744 4576 homiv

2144 4640 2266 4680 nem
2306 4622 2469 4679 habet
2502 4600 2776 4677 auctorem
2797 4658 2813 4685 ,
2858 4616 2944 4673 vel
2967 4616 3200 4672 hominis
3226 4614 3566 4684 deceptorem
3588 4653 3603 4677 ,
3636 4625 3740 4669 non

2144 4716 2379 4771 hominis
2410 4720 2729 4771 creatorem.
2767 4710 2888 4783 Ipsa
2915 4708 3162 4767 cst/enim
3188 4706 3593 4783 concupiscentia
3623 4721 3742 4761 car-

2144 4813 2258 4879 nis,
2305 4818 2353 4865 et
2398 4807 2805 4881 concupiscentia
2847 4805 3148 4870 oculorum,
3198 4811 3247 4858 et
3284 4801 3492 4857 ambitio
3529 4800 3704 4858 πει(ιὶ
3724 4840 3741 4865 ,

2143 4920 2258 4977 qua:
2297 4917 2398 4959 non
2440 4910 2514 4957 est
2555 4917 2619 4957 ea:
2656 4899 2849 4968 Patre,
2887 4898 2975 4955 sed
3001 4914 3065 4955 ea:
3089 4896 3278 4952 mundo
3304 4904 3377 4953 est
3407 4892 3448 4966 (Ι
3476 4891 3635 4949 Joan.
3666 4908 3704 4949 ll
3727 4934 3743 4959 ,

2135 4995 2278 5066 .I6).
2345 4993 2477 5063 Quis
2535 4999 2715 5048 autem
2766 4990 3012 5058 nesciat,
3065 4987 3251 5051 mundi
3303 4985 3522 5049 nomine
3568 4984 3747 5040 solere

2145 5088 2418 5160 appellare
2487 5085 2815 5157 Scripturam
2852 5125 2869 5152 ,
2948 5098 2980 5139 a
3047 5082 3242 5155 quibus
3323 5079 3591 5137 habitatur
3658 5076 3746 5133 hic

2147 5180 2377 5237 mundus
2394 5180 2419 5234 ἲ

2218 5270 2446 5328 CAPUT
2470 5267 2614 5331 XXI.
2638 5299 2707 5309 —
2726 5267 2816 5327 22.
2838 5265 3083 5323 Charitas
3103 5273 3282 5322 autem
3303 5277 3424 5335 quae
3442 5261 3612 5317 virtus
3632 5267 3716 5317 est
3731 5299 3745 5324 ,

2147 5380 2214 5421 ex
2235 5364 2347 5421 Deo
2371 5363 2526 5420 nobis
2554 5372 2638 5422 est
2655 5402 2672 5427 ,
2703 5376 2809 5420 non
2836 5376 2902 5423 ex
2927 5358 3112 5426 nobis,
3144 5358 3418 5428 Scriptura
3445 5362 3601 5420 teste,
3625 5367 3746 5424 qua:

2149 5462 2277 5517 dicit
2296 5470 2329 5528 ,ξ
2343 5459 2579 5517 Charitas
2606 5474 2669 5514 ea:
2692 5456 2803 5512 Deo
2825 5464 2935 5520 est;
2960 5462 3007 5509 et
3032 5453 3197 5510 omnis
3220 5454 3307 5522 qui
3327 5448 3524 5519 diligit,
3551 5462 3614 5500 ea:
3633 5442 3746 5501 Deo

2149 5562 2301 5607 natus
2345 5561 2453 5618 est,
2495 5558 2543 5605 et
2579 5549 2808 5621 cognovit
2844 5546 3048 5614 Deum,
3091 5543 3213 5617 quia
3247 5542 3389 5597 Deus
3421 5537 3644 5591 charitas
3675 5544 3748 5589 est

2134 5642 2261 5715 '(Id.
2308 5658 2362 5697 tv
2382 5684 2396 5707 ,
2446 5644 2476 5695 7
2497 5684 2513 5711 ,
2546 5642 2622 5714 8).
2655 5642 2957 5699 Secundum
2987 5638 3143 5692 istam
3172 5633 3484 5691 charitatcm
3504 5666 3520 5691 ,
3553 5624 3748 5680 melius

2151 5734 2461 5804 intelligitur
2487 5732 2686 5787 dictum
2714 5751 2726 5786 :
2758 5732 2856 5799 Qui
2884 5738 3033 5784 natus
3058 5736 3130 5781 est
3157 5741 3220 5780 ex
3244 5723 3382 5789 Deo,
3412 5730 3511 5769 non
3536 5720 3751 5783 peculi

2223 5868 2240 5902 ⁸
2265 5868 2511 5919 Vaticanus
2530 5875 2632 5926 Ms,
2658 5863 2858 5915 numini.
