4202 6516
463 406 557 461 371

464 530 541 583 et,
557 517 679 585 quia
711 533 813 572 non
833 500 993 589 potest
1022 531 1227 586 peccare
1250 512 1291 584 (l
1312 512 1465 566 Joau.
1488 528 1564 578 ιιι,
1584 510 1795 581 9).Quia
1822 512 2055 565 cbaritas

462 611 755 671 secundum
783 624 941 680 quam
968 615 1122 662 natus
1148 624 1213 662 cx
1247 608 1354 661 Deo
1385 614 1483 670 est,
1518 622 1616 659 non
1644 605 1746 674 agit
1767 620 2050 675 perperam,

465 720 558 757 nec
584 704 769 774 cogitat
796 690 985 755 malum
1004 698 1178 774 (ICor.
1212 714 1304 754 χιιι
1326 740 1340 763 ,
1372 698 1407 753 4
1435 706 1481 751 ει
1507 698 1587 767 5).
1615 694 1746 752 Cum
1778 712 1902 765 ergo
1931 713 2055 766 prce

462 803 549 849 cat
590 792 751 847 homo
769 833 784 858 ,
812 807 916 846 nou
943 790 1235 847 secundum
1259 789 1572 845 cbaritatem
1597 831 1610 856 ,
1644 788 1739 844 sed
1764 788 2053 843 secundum

462 884 802 954 cupiditatem
831 892 1016 954 peccat
1040 924 1057 951 ,
1089 886 1379 938 secundum
1408 897 1564 953 quam
1590 896 1692 935 non
1715 889 1795 935 est
1816 887 1972 935 natus
1992 895 2055 935 ex

463 977 575 1033 Deo
607 996 621 1032 :
651 977 899 1047 quoniam
939 976 1027 1031 illa
1066 975 1385 1046 possibilitas
1410 1015 1424 1042 ,
1454 982 1515 1030 ut
1543 974 1739 1029 dictum
1771 981 1855 1029 est
1876 1014 1891 1037 ,
1924 974 2056 1027 utri-

462 1082 633 1139 usque
678 1066 872 1123 radicis
912 1077 997 1122 est
1038 1081 1225 1136 capax.
1266 1064 1397 1121 Cum
1431 1081 1559 1136 ergo
1585 1065 1725 1120 dicat
1748 1064 2053 1134 Scriptura,

465 1158 702 1214 Charitas
725 1174 788 1213 ex
810 1157 919 1212 Deo
941 1166 1050 1221 est;
1076 1156 1182 1225 vel,
1209 1156 1351 1228 quod
1379 1164 1462 1212 est
1488 1156 1739 1227 amplius,
1766 1154 1904 1213 Deus
1930 1155 2047 1209 cltav

460 1252 585 1307 ritas
616 1262 689 1307 est
709 1266 731 1317 ;
755 1266 875 1306 cum
907 1249 1243 1321 apertissime
1263 1249 1466 1304 ‘clamet
1486 1247 1720 1304 Joannes
1740 1246 2049 1318 apostolus.

464 1342 598 1397 Ecce
627 1343 827 1415 qualem
864 1342 1159 1397 charitatem
1186 1341 1324 1396 dedit
1352 1342 1493 1397 nobis
1528 1340 1684 1394 Pater
1707 1382 1721 1406 ,
1761 1349 1816 1394 ut
1839 1340 1937 1410 ﬁlii
1965 1338 2056 1393 Det

461 1450 697 1487 vocemur
723 1444 769 1489 cl
794 1434 952 1488 simus
989 1432 1032 1505 (ι
1056 1433 1219 1489 Joan.
1246 1449 1336 1500 ιιι,
1371 1432 1423 1503 I)
1461 1451 1473 1486 :
1504 1433 1604 1487 iste
1632 1431 1888 1498 audiens,
1921 1430 2055 1487 Deus

462 1527 688 1579 charitas
728 1533 833 1591 est,
875 1540 1042 1596 quare
1082 1524 1256 1580 adhuc
1291 1540 1457 1601 usque
1492 1524 1798 1592 contendit,
1825 1523 1967 1593 quod
1993 1538 2054 1578 ex

464 1616 569 1672 illis
619 1616 786 1672 tribus
827 1617 1193 1673 tantummodo
1234 1617 1641 1687 possibilitatem
1673 1617 1966 1674 habeamus
1992 1631 2059 1673 ex.

466 1710 612 1776 Deo,
665 1712 859 1765 bonam
909 1726 1038 1767 vero
1076 1711 1405 1765 voluntatem
1443 1710 1748 1782 bonamque
1793 1711 2058 1765 actionem

466 1798 758 1855 habeamus
780 1815 845 1854 ex
874 1799 1071 1855 nobis?
1100 1798 1260 1873 Quasi
1291 1816 1416 1856 vero
1442 1800 1586 1855 aliud
1616 1801 1685 1856 sit
1710 1802 1848 1856 bona
1876 1800 2060 1855 volun-

466 1902 549 1947 tas
577 1909 734 1963 quam
765 1893 993 1949 Charitas
1013 1937 1029 1962 ,
1057 1909 1215 1965 quam
1243 1893 1515 1964 Scriptura
1543 1894 1697 1949 nobis
1720 1910 1840 1949 esse
1865 1894 2060 1949 clamat

462 1998 528 2037 ex
559 1983 666 2038 Deo
685 2024 700 2050 ,
723 1991 777 2039 et
799 1998 828 2038 a
858 1983 1016 2040 Patre
1046 1982 1222 2040 datam
1251 1993 1308 2040 ut
1329 1984 1421 2039 ﬁlii
1446 1984 1564 2056 ejus
1583 1999 1843 2041 essemus.

540 2076 765 2132 CAPUT
796 2075 960 2133 XXII.
986 2106 1061 2119 -ρ
1085 2076 1175 2140 25.
1210 2076 1317 2133 Sed
1348 2077 1516 2146 forte,
1550 2085 1609 2132 ut
1635 2076 1850 2134 daretur
1874 2076 2028 2134 nobis
2038 2115 2059 2152 ,

464 2169 820 2251 praecedentia
868 2172 1061 2228 merita
1108 2181 1291 2228 nostra
1339 2171 1581 2229 fecerunt
1627 2190 1639 2227 :
1685 2172 1824 2228 sicut
1863 2172 1963 2227 iste
1992 2172 2060 2227 de

463 2261 634 2327 gratia
679 2262 776 2318 Dei
817 2263 979 2318 sentit
1006 2262 1059 2318 in
1091 2277 1157 2319 eo
1186 2263 1322 2318 libro
1344 2304 1358 2329 ,
1393 2279 1551 2334 quem
1575 2263 1644 2319 ad
1670 2278 1877 2319 sacram
1902 2264 2062 2334 virgi-

462 2370 585 2409 nem
611 2354 825 2424 scripsit
852 2352 925 2429 (α)
942 2396 958 2422 ,
985 2354 1137 2425 cujus
1157 2353 1317 2411 etiam
1341 2355 1912 2411 commemorationem
1938 2356 2064 2415 fecit

464 2445 517 2496 in
544 2443 738 2498 litteris
758 2458 891 2514 quas
922 2443 1145 2499 Romam
1172 2444 1337 2499 misit.
1362 2444 1439 2500 Ibi
1467 2444 1610 2500 enim
1634 2444 1948 2516 interposito
1973 2444 2063 2501 Ja-

464 2534 583 2589 cobi
605 2534 831 2605 apostoli
858 2535 1165 2590 testimonio
1186 2576 1200 2603 ,
1230 2550 1337 2606 quo
1363 2535 1470 2603 ait,
1504 2534 1706 2592 Subditi
1735 2545 1886 2593 estate
1913 2535 2061 2602 Deo;

462 2625 679 2680 resistite
701 2633 868 2681 autem
895 2624 1097 2682 diabolo
1116 2667 1130 2691 ,
1159 2636 1205 2680 et
1232 2627 1391 2698 fugiet
1415 2643 1448 2681 a
1474 2627 1609 2682 vobis
1636 2627 1838 2700 (Jacobi
1856 2644 1941 2697 tv,
1967 2626 2057 2701 7);

464 2718 737 2789 subjungit
760 2727 828 2773 et
870 2718 1033 2784 dicit,
1075 2736 1095 2772 ι
1131 2716 1377 2775 Ostendit
1399 2718 1668 2789 quomodo
1693 2719 1942 2775 resistere
1965 2718 2062 2774 de-

466 2812 691 2867 beamus
711 2811 923 2867 diabolo
941 2851 956 2877 ,
986 2810 1032 2867 si
1059 2811 1239 2881 utique
1262 2810 1463 2866 subditi
1484 2811 1649 2866 simus
1673 2811 1786 2867 Deo
1802 2853 1817 2877 ,
1840 2810 2061 2882 ejusque

466 2904 710 2959 faciendo
751 2904 1077 2963 voluntatem
1098 2948 1113 2972 ,
1142 2905 1373 2960 divinam
1404 2920 1703 2960 mereamur
1727 2904 1980 2976 gratiam,
2008 2913 2062 2960 et

465 2996 675 3051 facilius
698 2996 713 3027 ¹
740 3011 968 3067 nequam
994 2997 1236 3067 spiritui,
1262 2996 1433 3052 sancti
1459 2995 1689 3066 Spiritus
1708 2997 1904 3052 auxilio
1928 2997 2064 3053 resi-

462 3099 666 3145 stamus
694 3108 715 3142 ι
761 3086 915 3159 (Cap.
951 3089 1065 3161 25).
1100 3089 1240 3145 Ecce
1269 3104 1427 3161 quam
1453 3089 1631 3145 veraci
1658 3088 1819 3145 corde
1843 3089 2062 3146 damna-

464 3181 542 3235 vit
583 3179 635 3236 in
675 3177 1036 3236 ecclesiastico
1058 3179 1263 3251 judicio
1289 3180 1575 3237 Palaestino
1602 3195 1695 3235 eos
1715 3222 1728 3247 ,
1762 3180 1850 3251 qui
1879 3180 2063 3235 dicunt

464 3273 688 3342 gratiam
718 3272 815 3329 Dei
846 3272 1135 3328 secundum
1168 3271 1357 3327 merita
1385 3281 1567 3329 nostra
1594 3270 1708 3327 dari
1735 3272 1748 3327 !
1778 3272 1858 3326 An
1887 3271 2063 3328 adhuc

467 3380 590 3419 eum
632 3363 682 3419 id
722 3363 921 3420 sentire
960 3373 1013 3420 ct
1037 3364 1375 3433 apertissime
1402 3363 1691 3435 praedicare
1716 3361 2062 3420 dubitamus?

464 3458 744 3526 Quomodo
790 3473 917 3531 ergo
962 3473 1121 3513 verax
1167 3457 1263 3513 fuit
1302 3458 1355 3512 in
1386 3455 1675 3529 episcopali
1701 3456 1945 3513 examine
1973 3456 2061 3513 illa

466 3551 889 3615 confessio?_An
919 3550 1061 3608 forze
1084 3552 1195 3624 jam
1229 3552 1387 3608 istum
1410 3551 1697 3622 scripserat
1722 3551 1944 3617 librum,
1974 3551 2062 3605 ubi

466 3646 805 3714 apertissime
855 3644 985 3701 dicit
1031 3645 1256 3715 gratiam
1303 3642 1595 3700 secundum
1644 3642 1833 3697 merita
1883 3651 2061 3696 nostra

464 3739 580 3794 dari
606 3782 621 3809 ,
666 3739 809 3811 quod
850 3739 904 3795 in
950 3738 1197 3794 orientali
1227 3737 1432 3809 synodo
1459 3736 1575 3791 sine
1604 3735 1706 3791 ulla
1731 3736 2065 3790 recusatione

465 3831 788 3885 damnavit?
831 3829 1195 3885 Conﬁteretur
1237 3843 1364 3899 ergo
1413 3827 1491 3882 sic
1534 3841 1595 3882 se
1644 3825 1931 3896 aliquando
1982 3834 2104 3880 te-'

469 3923 684 3988 nuisse,
730 3920 825 3977 sed
858 3920 969 3992 jam
1011 3937 1117 3975 non
1159 3929 1375 3982 tenere,
1418 3928 1473 3973 ut
1501 3917 1568 3974 de
1596 3918 1927 3974 correctione
1949 3917 2065 3986 ejus

464 4014 801 4085 apertissime
847 4011 1223 4085 gauderemus.
1273 4009 1425 4065 Nunc
1472 4024 1599 4065 vero
1648 4024 1769 4065 cum
1813 4007 1889 4062 illi
1929 4008 2067 4064 inter

386 4090 394 4097 ’
469 4114 663 4160 czetera
711 4112 766 4160 et
808 4101 913 4159 hoc
958 4102 1145 4158 fuisset
1183 4099 1485 4169 obiectum,
1531 4100 1845 4171 respondit:
1884 4118 1902 4152 ι
1944 4099 2067 4156 llaec

471 4207 648 4252 utrum
676 4194 914 4257 C(elestii
944 4194 1049 4249 sint
1069 4235 1084 4261 ,
1114 4194 1211 4265 ipsi
1242 4191 1577 4263 viderintqui
1603 4191 1785 4247 dicunt
1804 4206 1866 4247 ea
1892 4191 2067 4247 Crule-

471 4288 558 4343 stii
580 4302 699 4343 esse
728 4306 742 4343 :
770 4302 871 4357 ego
892 4277 1018 4342 vero
1043 4300 1313 4356 nunquam
1337 4285 1414 4338 sic
1438 4284 1619 4351 tenui,
1644 4283 1738 4338 sed
1758 4281 2069 4339 anathema-

471 4384 578 4435 tizo
620 4379 708 4451 qui
749 4380 828 4434 sic
866 4387 1049 4434 tenent
1089 4378 1186 4450 (b).
1223 4396 1243 4430 ι
1281 4375 1561 4443 Quomodo
1588 4390 1854 4445 nunquam
1884 4374 1963 4430 sic
1988 4383 2068 4429 te-

472 4472 587 4531 nuit
610 4513 625 4537 ,
673 4471 717 4525 si
754 4471 897 4526 hunc
923 4476 1045 4525 ante
1071 4468 1383 4524 condiderat
1410 4465 1643 4521 librum?
1672 4467 1775 4519 Aut
1800 4464 2069 4536 quomodo

472 4562 892 4620 anatltematizat
938 4577 1032 4617 eos
1079 4560 1171 4632 qui
1222 4560 1300 4615 sic
1357 4568 1574 4625 tenent,
1604 4558 1647 4611 si
1690 4558 1830 4612 hunc
1875 4556 2069 4611 librum

477 4665 663 4726 postea
688 4652 970 4718 condidit?

541 4748 633 4804 24.
681 4747 787 4804 Sed
833 4762 903 4804 ne
944 4745 1078 4803 forte
1117 4742 1475 4816 respondeat,
1520 4741 1590 4796 ita
1628 4755 1687 4795 se
1722 4739 1807 4795 hic
1841 4738 2067 4808 dixisse,

481 4860 499 4894 ι
554 4840 648 4896 Dei
691 4839 931 4897 faciendo
962 4838 1291 4897 voluntatem
1312 4877 1327 4901 ,
1360 4833 1592 4889 divinam
1621 4846 1925 4888 mereamur
1947 4845 2071 4902 gra-

477 4936 603 4988 tiam
624 4975 640 5000 ,
678 4952 698 4985 ι
741 4933 877 4987 sicut
912 4930 1161 4986 ﬁdelibus
1185 4937 1241 4985 et
1265 4929 1353 5001 pie
1384 4924 1683 4981 viventibus
1708 4924 1919 4979 additur
1947 4937 2073 4994 gra-

478 5026 545 5079 tia
574 5065 590 5091 ,
622 5036 724 5093 qua
754 5022 1009 5079 resistant
1038 5021 1248 5075 fortiter
1276 5017 1525 5073 tentatori
1549 5058 1565 5083 ,
1597 5031 1718 5072 cum
1745 5023 1918 5070 tamen
1949 5028 2073 5085 gra-

479 5120 605 5172 tiam
643 5116 803 5172 etiam
832 5115 1080 5187 primitus
1108 5113 1474 5183 accepissent,
1507 5118 1565 5165 ut
1590 5109 1682 5165 Dei
1712 5107 1952 5164 facerent
1977 5122 2075 5162 vo-

481 5214 739 5266 luntatem
788 5226 803 5263 :
852 5224 919 5263 ne
954 5208 1090 5264 forte
1128 5222 1254 5278 ergo
1280 5206 1350 5259 ita
1377 5202 1722 5274 respondeat,
1754 5203 1853 5256 alia
1881 5201 1947 5257 de
1978 5199 2076 5255 hac

481 5321 538 5357 re
567 5301 731 5358 verba
762 5301 877 5371 ejus
907 5299 1150 5368 accipite.
1195 5316 1214 5350 ι
1247 5297 1345 5365 Qui
1385 5296 1591 5361 currit,
1637 5314 1655 5348 ι
1700 5295 1907 5365 inquit,
1956 5310 1974 5345 ι
2009 5290 2077 5346 ad

486 5394 771 5449 Dominum
796 5434 810 5460 ,
841 5401 895 5447 et
923 5391 991 5444 ab
1019 5407 1084 5445 eo
1113 5404 1171 5445 se
1197 5390 1302 5460 regi
1326 5389 1502 5457 cupit,
1527 5386 1580 5443 id
1600 5395 1715 5453 est,
1748 5386 2076 5441 voluntatem

485 5499 637 5540 suam
682 5498 752 5540 ex
788 5484 905 5553 ejus
930 5480 1203 5535 voluntate
1228 5478 1534 5549 suspendit;
1563 5478 1650 5549 qui
1678 5477 1724 5532 ei
1754 5474 2078 5532 adhmrendo

483 5576 711 5648 jngiter,
743 5589 879 5629 unus
899 5614 914 5641 ,
947 5571 1242 5628 secundum
1270 5571 1616 5641 Apostolum,
1648 5583 1769 5625 cum
1795 5584 1860 5624 eo
1886 5567 1944 5621 ﬁt
1970 5568 2077 5638 spi-

551 5688 751 5749 trorte,
779 5689 832 5749 ut
856 5679 1083 5749 foedius-7
1273 5742 1281 5749 ,
1332 5741 1343 5749 _
1661 5686 1667 5692 ’
1815 5741 1823 5749 .

522 5747 621 5821 ,(α)
655 5741 866 5821 Epistula
885 5752 963 5795 est
992 5742 1053 5791 ad
1074 5741 1454 5799 Demetriadem,
1483 5754 1593 5802 qua?
1619 5749 1780 5791 exstat
1815 5741 1860 5790 in
1889 5747 2077 5805 Appen-

488 5805 736 5866 dice'torhi
758 5805 807 5857 3.

552 5869 621 5939 (ιη
655 5870 753 5927 Lib,
778 5870 841 5923 de
862 5866 1019 5917 ﬁctilis
1041 5862 1249 5932 Pelagii,
1274 5879 1321 5913 ιι.
1349 5864 1427 5911 '50.

1704 400 1766 457 S.
1810 398 2171 456 ACCUnTlNl
2216 399 2519 456 EPISCOPI

3657 407 3766 463 372

2167 512 2299 565 ritus
2340 509 2379 582 (l
2420 510 2537 567 Cor.
2586 527 2674 578 vt,
2719 512 2840 583 I7),
2873 527 2974 566 non
3005 510 3105 566 hoc
3136 512 3236 568 nisi
3263 512 3331 568 de
3359 513 3565 571 arbitrii
3591 515 3762 574 eﬂlcit

2166 602 2430 657 libertate.
2482 621 2501 655 ι
2553 602 2738 658 Videte
2786 613 3037 673 quantam
3081 618 3194 663 rem
3237 605 3435 661 dixerit
3476 623 3581 662 non
3604 605 3751 664 efﬁci

2166 694 2265 751 nisi
2308 693 2514 750 arbitrii
2558 693 2837 761 libertate;
2883 710 2945 750 ac
2975 711 3070 767 per
3098 696 3199 752 boc
3227 697 3343 753 sine
3371 698 3637 769 adjutorio
3665 700 3760 756 Dei

2164 801 2262 841 nos
2287 785 2398 841 Deo
2417 785 3015 854 existimatadltmrere;
3049 789 3149 843 hoc
3176 797 3257 845 est
3286 782 3459 858 euim',
3488 810 3507 844 ι
3536 793 3752 853 nonnisi

2164 878 2231 933 de
2269 878 2474 935 arbitrii
2512 879 2757 936 libertate
2791 897 2803 934 :
2839 900 2858 933 ι
2905 891 2961 936 ιιι
2998 895 3117 936 cum
3147 883 3534 939 adha-serimus
3560 901 3625 940 eo
3651 903 3760 942 non

2163 969 2450 1039 adjuvante
2466 1012 2481 1036 ,
2516 980 2640 1027 tunc
2658 971 2767 1042 jam
2788 974 3038 1043 quoniam
3055 972 3399 1043 adhaesimus,
3424 976 3583 1032 etiam
3604 977 3757 1049 adju-

2163 1076 2274 1115 vart
2304 1077 2625 1117 mereamur.

2233 1148 2460 1207 CAPUT
2503 1150 2693 1209 XXIII.
2736 1184 2809 1195 —
2843 1152 3095 1224 Sequitur
3136 1155 3278 1210 enim
3313 1166 3368 1213 et
3391 1156 3556 1224 dicit,
3591 1177 3610 1211 ‹
3647 1158 3764 1226 Qua
3812 1222 3827 1229 _

2163 1242 2253 1311 qui
2293 1242 2432 1298 bene
2475 1243 2639 1299 utitur
2659 1285 2673 1311 ,
2714 1263 2734 1298 ι
2766 1244 2818 1300 id
2848 1254 2929 1300 est
2952 1287 2967 1312 ,
2999 1245 3207 1302 arbitrii
3236 1248 3482 1304 libertate
3507 1250 3595 1320 qui
3624 1250 3764 1307 bene

2166 1334 2363 1401 utitur,
2394 1352 2413 1386 ‹
2449 1335 2519 1391 ita
2548 1351 2640 1401 se,
2672 1355 2692 1390 ι
2724 1337 2932 1407 inquit,
2969 1356 2989 1390 ς
3021 1347 3189 1394 totum
3211 1339 3369 1394 tradit
3391 1341 3501 1396 Deo
3521 1356 3765 1396 onmem-

2164 1442 2269 1496 que
2315 1441 2464 1483 suam
2513 1429 2799 1486 mortiﬁcat
2839 1432 3170 1489 voluntatem
3198 1473 3212 1497 ,
3264 1442 3321 1488 ιιι
3358 1448 3477 1489 cum
3505 1438 3764 1505 Apostolo

2167 1520 2336 1589 possit
2371 1520 2571 1588 dicere,
2613 1520 2738 1576 Viuo
2768 1532 2935 1577 autem
2955 1523 3070 1594 jam
3092 1539 3194 1578 non
3219 1540 3330 1595 ego,
3364 1526 3482 1579 vivit
3508 1536 3679 1580 autem
3710 1529 3765 1582 in

2174 1626 2242 1661 ue
2286 1608 2512 1666 Christus
2562 1610 2758 1684 (Colat.
2808 1628 2876 1680 ιι,
2916 1612 3010 1683 20)
3046 1630 3061 1668 τ
3094 1614 3348 1684 ponitque
3390 1630 3486 1671 cor
3523 1631 3676 1672 suum
3706 1618 3759 1673 in

2164 1717 2324 1757 manu
2379 1702 2509 1768 Dei,
2552 1712 2614 1758 ut
2657 1703 2789 1759 illud
2832 1719 2939 1775 quo
3005 1705 3267 1761 voluerit'
3292 1748 3307 1774 ,
3338 1707 3452 1777 ipse
3476 1707 3704 1763 declinet
3735 1728 3754 1761 ι

2164 1792 2341 1864 (Prov.
2382 1809 2505 1860 ut,
2531 1793 2605 1866 I).
2649 1794 2894 1865 Magnum
2938 1795 3178 1867 profecto
3217 1797 3538 1867 adjutorium
3566 1799 3763 1855 divina:

2162 1885 2345 1953 gratia-
2371 1925 2385 1951 ,
2436 1894 2495 1939 ut
2533 1899 2629 1940 cor
2669 1895 2909 1941 nostrum
2936 1900 3042 1956 quo
3070 1885 3300 1942 voluerit
3330 1888 3503 1956 Deus,
3532 1888 3644 1958 ipse
3666 1890 3764 1945 de-

2164 1975 2343 2030 clinet.
2367 1976 2471 2032 Sed
2491 1975 2596 2033 hoc
2614 1986 2722 2032 tam
2747 1993 2998 2050 magnum
3020 1978 3529 2050 adjutorium,-sicut
3549 1984 3646 2038 iste
3666 1984 3762 2041 de-

2164 2068 2288 2136 sipit
2311 2110 2324 2133 ,
2362 2077 2486 2123 tunc
2511 2083 2781 2126 meremur
2804 2110 2820 2138 ,
2843 2085 2964 2126 cum
2990 2071 3109 2128 sine
3130 2071 3238 2127 ullo
3258 2073 3526 2142 adjutorio
3549 2078 3761 2131 nonnisi

2165 2158 2232 2214 de
2275 2158 2477 2215 arbitrii
2523 2158 2766 2216 libertate
2812 2160 2881 2216 ad
2923 2162 3207 2218 Dominum
3255 2165 3559 2235 currimus,
3598 2166 3667 2222 ab
3694 2183 3762 2223 eo

2164 2265 2263 2305 nos
2306 2251 2419 2322 regi
2460 2252 2705 2324 cupimus
2730 2295 2745 2321 ,
2788 2252 3115 2310 voluntatem
3159 2266 3399 2313 nostram
3431 2271 3502 2314 ex
3525 2258 3641 2328 ejus
3670 2274 3762 2313 vo-

2166 2343 2367 2398 luntate
2390 2345 2767 2415 suspendimus
2790 2388 2806 2415 ,
2831 2349 2986 2418 eique
3013 2349 3343 2405 adhmrendo
3370 2350 3561 2421 iugiter
3577 2393 3594 2420 ,
3622 2367 3761 2410 unus

2165 2450 2285 2489 cum
2313 2435 2406 2492 illo
2430 2434 2695 2494 efﬁcimur
2721 2439 2959 2509 spiritus.
2991 2440 3116 2496 Ilaec
3144 2442 3353 2498 scilicet
3383 2452 3489 2498 tam
3516 2444 3759 2516 ingentia

2144 2528 2304 2615 (bona
2328 2568 2344 2596 ,
2394 2529 2606 2587 nonnisi
2644 2531 2713 2587 de
2750 2532 2997 2600 arbitrii,
3038 2535 3332 2590 secundum
3362 2537 3559 2605 istim,
3585 2538 3761 2595 efﬁci-

2164 2635 2284 2675 mus
2320 2621 2566 2681 libertate
2585 2663 2603 2689 ,
2645 2631 2704 2679 ut
2740 2623 2825 2682 his
2852 2626 3279 2696 praecedentibus
3303 2630 3512 2685 meritis
3536 2630 3617 2685 sic
3642 2631 3761 2703 ejus

2165 2714 2389 2785 gratiam
2431 2730 2855 2788 consequamur,
2901 2730 2958 2774 ut
2993 2734 3089 2775 cor
3129 2722 3373 2778 nostrain
3402 2738 3510 2793 quo
3534 2708 3765 2782 valuerit

2166 2807 2280 2876 ipse
2313 2807 2567 2865 declinet.
2599 2810 2879 2886 Quomodo
2902 2819 2987 2867 est
3010 2827 3138 2884 ergo
3161 2813 3331 2884 gratia
3354 2854 3373 2882 ,
3400 2816 3445 2870 si
3467 2831 3571 2870 non
3595 2818 3763 2887 gratis

2164 2899 2358 2956 datur?
2397 2902 2671 2973 quomodo
2711 2913 2794 2961 est
2825 2904 2995 2975 gratia
3020 2945 3037 2971 ,
3077 2905 3126 2961 si
3164 2920 3235 2962 ex
3272 2905 3453 2963 debito
3480 2909 3763 2965 redditur?

2165 2994 2444 3063 Quomodo
2485 3012 2671 3052 verum
2712 2997 2843 3055 dicit
2880 2999 3199 3067 Apostolus,
3235 2999 3358 3056 Non
3384 3017 3447 3056 ea:
3474 3001 3644 3067 vobis,
3672 3004 3764 3059 sed

2165 3084 2264 3140 Dei
2296 3086 2486 3141 donum
2514 3097 2589 3142 ιει
2611 3103 2632 3153 ;
2660 3104 2762 3143 non
2788 3105 2852 3149 ea;
2875 3089 3138 3159 operibus,
3164 3107 3230 3146 ue
3257 3095 3387 3164 forte
3409 3093 3520 3163 quis
3546 3093 3765 3148 extolla-

2166 3188 2249 3233 tur
2286 3178 2503 3248 (Epltes.
2544 3195 2618 3248 tt,
2660 3180 2728 3249 8,
2776 3180 2836 3253 9)
2882 3200 2896 3235 :
2937 3189 2992 3239 et
3016 3182 3206 3237 iterum
3232 3223 3247 3248 ,
3279 3182 3339 3238 Si
3365 3193 3531 3237 autem
3556 3186 3761 3256 gratia,

2166 3271 2363 3342 inquit,
2393 3273 2509 3343 jam
2544 3288 2647 3327 non
2688 3288 2751 3328 ea:
2790 3275 3067 3345 operibus;
3100 3274 3324 3345 alioquin
3348 3277 3511 3347 gratia
3524 3278 3638 3346 jam
3664 3292 3764 3331 non
3812 3290 3820 3302 '

2165 3373 2237 3418 est
2264 3364 2430 3435 gratia
2458 3362 2635 3435 (Rom.
2670 3379 2728 3420 ιι
2747 3405 2762 3432 ,
2794 3363 2895 3438 6)?
2924 3365 3208 3435 Quomodo
3229 3407 3244 3433 ,
3278 3367 3489 3437 inquam
3510 3409 3525 3434 ,
3550 3368 3652 3423 hoc
3674 3384 3766 3422 ve-

2166 3474 2285 3512 rum
2327 3464 2445 3523 est,
2475 3457 2520 3512 si
2548 3472 2710 3528 opera
2751 3466 2895 3513 tanta
2936 3458 3286 3527 praecedunt,
3325 3475 3444 3530 quae
3473 3458 3627 3515 nobis
3651 3459 3765 3514 adi-

2168 3552 2433 3621 piscenda:
2465 3552 2650 3623 gratiae
2676 3551 2925 3608 meritum
2952 3552 3149 3609 faciant
3173 3594 3187 3617 ,
3211 3568 3317 3622 quo
3346 3552 3498 3606 nobis
3529 3567 3633 3605 non
3661 3552 3762 3607 do-

2167 3658 2325 3700 netur
2358 3646 2592 3716 gratuito
2614 3684 2631 3712 ,
2678 3644 2776 3700 sed
2823 3644 3077 3700 reddatur
3117 3660 3186 3700 ex
3224 3643 3447 3699 debito?
3474 3644 3684 3714 Ergone
3709 3652 3767 3699 ut

2169 3737 2511 3807 perveniatur
2538 3736 2606 3792 ad
2632 3735 2957 3807 adjutorium
2980 3737 3096 3804 Dei,
3126 3736 3192 3791 ad
3215 3736 3380 3791 Deum
3402 3738 3635 3790 curritur
3650 3737 3769 3793 sine

2168 3829 2433 3898 adjutorio
2478 3829 2613 3895 Dei;
2662 3838 2717 3885 et
2761 3838 2818 3884 ut
2860 3829 2970 3884 Deo
3012 3828 3348 3884 adbmrentes
3385 3827 3703 3897 adjuvemur
3734 3845 3767 3884 a

2170 3923 2278 3978 Deo
2298 3964 2313 3988 ,
2342 3936 2370 3975 a
2398 3922 2509 3978 Deo
2537 3937 2646 3976 non
2674 3920 2842 3991 adjuti
2863 3921 3200 3977 adhznremus
3224 3922 3332 3976 Deo
3352 3920 3377 3974 ι
3401 3920 3536 3993 Quid
3560 3920 3767 3976 homini

2169 4014 2366 4086 majus,
2391 4013 2583 4085 quidve
2614 4014 2717 4069 tale
2738 4015 2932 4084 poterit
2956 4015 3123 4085 gratia
3149 4014 3260 4084 ipsa
3284 4023 3560 4084 prtestare,
3587 4013 3632 4067 si
3653 4012 3765 4084 jam

2170 4107 2286 4161 sine
2311 4105 2400 4161 illa
2427 4121 2563 4161 unus
2588 4121 2711 4161 cum
2737 4105 2962 4161 Domino
2990 4105 3208 4176 spiritus
3227 4103 3366 4161 efﬁci
3392 4105 3596 4176 potuit,
3620 4121 3759 4163 non-

2172 4197 2274 4259 nisi
2301 4197 2370 4253 de
2397 4197 2601 4253 arbitrii
2630 4196 2918 4253 libertate?
3666 4208 3672 4213 -

2241 4289 2466 4347 CAPUT
2502 4288 2696 4346 XXIV.
2720 4289 2901 4345 -—25.
2942 4288 3050 4345 Sed
3073 4289 3265 4344 vellem
3297 4298 3353 4344 ut
3397 4289 3498 4345 iste
3533 4290 3763 4356 diceret,

2173 4392 2350 4440 utrutn
2379 4399 2474 4440 rex
2504 4384 2592 4438 ille
2631 4383 2918 4455 Assyrius'
2943 4382 3096 4452 cujus
3127 4382 3324 4437 Esther
3358 4391 3541 4438 sancta
3573 4383 3768 4436 mulier

2172 4475 2556 4533 exsecrabatur
2583 4475 2777 4542 cubile,
2804 4474 3017 4546 quando
3038 4474 3350 4530 considebat
3379 4475 3429 4529 in
3461 4474 3655 4529 throno
3684 4491 3770 4529 re-

2173 4568 2262 4638 gni
2293 4568 2397 4635 sui,
2428 4575 2485 4624 et
2507 4566 2657 4622 omni
2683 4566 2820 4621 stola
2848 4565 3218 4637 illustrationis
3239 4582 3349 4619 sum
3378 4565 3594 4620 indutus
3623 4575 3763 4632 erat,

2177 4668 2318 4715 totus
2363 4674 2497 4714 auro
2542 4659 2775 4713 variatus
2818 4656 3189 4727 lapidibusque
3227 4658 3496 4727 pretiosis,
3547 4666 3601 4711 ct
3652 4660 3787 4712 erat

2177 4752 2555 4808 formidolosus
2579 4750 2758 4817 valde,
2801 4757 2856 4805 et
2896 4749 3101 4805 elevata
3127 4748 3263 4804 facie
3304 4763 3398 4803 sua
3441 4748 3771 4806 inflammata

2178 4844 2230 4900 in
2256 4844 2499 4900 claritate
2527 4843 2748 4898 intuitus
2780 4848 2868 4899 est
2895 4857 3038 4909 eam,
3059 4850 3309 4911 tanquam
3340 4848 3523 4895 taurus
3549 4842 3601 4894 in
3620 4840 3643 4872 ³
3673 4842 3771 4899 im-

2176 4947 2301 5011 petu
2332 4937 2711 5007 indignationis
2740 4950 2886 5000 suae;
2930 4944 2986 4990 et
3011 4934 3189 4989 timuit
3212 4935 3416 5005 regina,
3454 4942 3505 4989 et
3543 4948 3774 4990 convero

2179 5044 2272 5086 sus
2300 5038 2383 5086 est
2410 5029 2560 5085 color
2584 5024 2701 5099 ejus
2728 5042 2827 5098 per
2855 5026 3282 5091 dissolutionem,
3314 5035 3369 5081 ct
3397 5025 3672 5081 inclinavit
3711 5041 3773 5080 se

2179 5136 2341 5193 super
2377 5128 2539 5192 caput
2574 5119 2823 5176 delicatae
2873 5134 3008 5186 suae,
3057 5134 3178 5190 qute
3226 5118 3562 5189 praecedebat
3604 5132 3722 5172 eam
3749 5159 3763 5183 ,

2178 5213 2374 5269 vellem
2397 5227 2526 5283 ergo
2552 5210 2757 5267 diceret
2786 5211 2889 5266 iste
2918 5210 3094 5277 nobis,
3130 5219 3305 5264 utrum
3336 5225 3428 5264 rex
3457 5209 3546 5264 ille
3571 5207 3637 5263 ad
3669 5208 3774 5263 Do-

2181 5306 2381 5362 minam
2416 5304 2526 5375 jam
2555 5312 2886 5369 cucurrerat,
2928 5311 2983 5358 et
3011 5303 3078 5357 ab
3119 5318 3185 5358 eo
3218 5317 3279 5357 se
3320 5303 3430 5372 regi
3471 5302 3772 5372 cupiverat,

2182 5414 2441 5470 suamque
2470 5398 2796 5453 voluntatem
2825 5412 2893 5452 ex
2930 5396 3049 5467 ejus
3077 5397 3351 5451 voluntate
3396 5394 3772 5465 suspenderat,

2182 5504 2238 5549 et
2266 5493 2316 5549 ei
2332 5492 2533 5564 jugiter
2557 5488 2869 5546 inhaerendo
2895 5504 3034 5543 unus
3063 5503 3183 5543 cum
3224 5488 3314 5542 illo
3352 5486 3569 5556 spiritus
3603 5485 3775 5539 factus

2184 5594 2318 5651 erat,
2362 5582 2575 5638 nonnisi
2611 5581 2681 5637 de
2723 5578 2929 5636 arbitrii
2971 5579 3249 5644 libertate;
3297 5588 3471 5632 utrum
3517 5591 3578 5633 se
3606 5584 3776 5631 totum

2250 5742 2265 5771 ί
2294 5738 2562 5802 Αριιάίιοντ
2581 5737 2660 5786 hic
2682 5735 2893 5786 additum
2919 5741 3014 5795 est,
3040 5742 3180 5784 Deus.

2249 5805 2269 5834 ²
2296 5801 2343 5849 ιιι
2361 5801 2634 5850 colbertino
2658 5807 2761 5857 tts.,
2790 5809 3034 5847 Assuerus.

2254 5865 2272 5896 ³
2296 5864 2377 5915 ttic
2403 5861 2648 5929 particula,
2668 5859 2735 5922 iu,
2771 5859 3041 5909 restituitur
3068 5872 3129 5907 cx
3156 5865 3261 5908 Mss.
