  <div class='ocr_page' id='page_1' title='image "/cluster/home/n/w/nwhite01/storage/ocr_20150623/44-45/uc1.31175026792435/194.png"; bbox 0 0 4202 6544; ppageno 0'>
   <div class='ocr_carea' id='block_1_1' title="bbox 369 391 478 450">
    <p class='ocr_par' dir='ltr' id='par_1_1' title="bbox 369 391 478 450">
     <span class='ocr_line' id='line_1_1' title="bbox 369 391 478 450; baseline -0.009 -1"><span class='ocrx_word' id='word_1_1' title='bbox 369 391 478 450; x_wconf 69' lang='lat'><strong>373</strong></span> 
     </span>
    </p>
   </div>
   <div class='ocr_carea' id='block_1_2' title="bbox 373 481 1958 564">
    <p class='ocr_par' dir='ltr' id='par_1_2' title="bbox 373 481 1958 564">
     <span class='ocr_line' id='line_1_2' title="bbox 373 481 1958 564; baseline -0.02 -1"><span class='ocrx_word' id='word_1_2' title='bbox 373 507 486 564; x_wconf 86' lang='lat' dir='ltr'><strong>Deo</strong></span> <span class='ocrx_word' id='word_1_3' title='bbox 521 500 834 564; x_wconf 69' lang='lat' dir='ltr'><strong>tradiderat,</strong></span> <span class='ocrx_word' id='word_1_4' title='bbox 873 504 1192 563; x_wconf 85' lang='lat' dir='ltr'><strong>omnemque</strong></span> <span class='ocrx_word' id='word_1_5' title='bbox 1231 502 1379 544; x_wconf 85' lang='lat' dir='ltr'><strong>suam</strong></span> <span class='ocrx_word' id='word_1_6' title='bbox 1411 481 1826 540; x_wconf 83' lang='lat' dir='ltr'><strong>martiflcaverat</strong></span> <span class='ocrx_word' id='word_1_7' title='bbox 1855 497 1958 534; x_wconf 80' lang='lat' dir='ltr'><strong>vn-</strong></span> 
     </span>
    </p>
   </div>
   <div class='ocr_carea' id='block_1_3' title="bbox 375 574 1959 660">
    <p class='ocr_par' dir='ltr' id='par_1_3' title="bbox 375 574 1959 660">
     <span class='ocr_line' id='line_1_3' title="bbox 375 574 1959 660; baseline -0.017 -7"><span class='ocrx_word' id='word_1_8' title='bbox 375 599 656 660; x_wconf 79' lang='lat' dir='ltr'><strong>lnntatem,</strong></span> <span class='ocrx_word' id='word_1_9' title='bbox 695 601 750 647; x_wconf 92' lang='lat' dir='ltr'><strong>et</strong></span> <span class='ocrx_word' id='word_1_10' title='bbox 789 604 884 645; x_wconf 88' lang='lat' dir='ltr'><strong>cor</strong></span> <span class='ocrx_word' id='word_1_11' title='bbox 920 600 1075 642; x_wconf 90' lang='lat' dir='ltr'><strong>suum</strong></span> <span class='ocrx_word' id='word_1_12' title='bbox 1116 584 1170 637; x_wconf 90' lang='lat' dir='ltr'><strong>in</strong></span> <span class='ocrx_word' id='word_1_13' title='bbox 1212 596 1370 635; x_wconf 88' lang='lat' dir='ltr'><strong>mann</strong></span> <span class='ocrx_word' id='word_1_14' title='bbox 1405 578 1494 633; x_wconf 90' lang='lat' dir='ltr'><strong>Dei</strong></span> <span class='ocrx_word' id='word_1_15' title='bbox 1525 584 1790 645; x_wconf 90' lang='lat' dir='ltr'><strong>posuerat.</strong></span> <span class='ocrx_word' id='word_1_16' title='bbox 1824 574 1959 628; x_wconf 80' lang='lat' dir='ltr'><strong>Puto</strong></span> 
     </span>
    </p>
   </div>
   <div class='ocr_carea' id='block_1_4' title="bbox 379 665 1963 753">
    <p class='ocr_par' dir='ltr' id='par_1_4' title="bbox 379 665 1963 753">
     <span class='ocr_line' id='line_1_4' title="bbox 379 665 1963 753; baseline -0.016 -9"><span class='ocrx_word' id='word_1_17' title='bbox 379 703 485 744; x_wconf 90' lang='lat' dir='ltr'><strong>non</strong></span> <span class='ocrx_word' id='word_1_18' title='bbox 511 685 778 753; x_wconf 76' lang='lat' dir='ltr'><strong>desipere,</strong></span> <span class='ocrx_word' id='word_1_19' title='bbox 805 677 900 735; x_wconf 91' lang='lat' dir='ltr'><strong>sed</strong></span> <span class='ocrx_word' id='word_1_20' title='bbox 925 675 1156 733; x_wconf 85' lang='lat' dir='ltr'><strong>insanire</strong></span> <span class='ocrx_word' id='word_1_21' title='bbox 1187 671 1476 736; x_wconf 78' lang='lat' dir='ltr'><strong>hominem,</strong></span> <span class='ocrx_word' id='word_1_22' title='bbox 1509 667 1752 739; x_wconf 80' lang='lat' dir='ltr'><strong>quisquis</strong></span> <span class='ocrx_word' id='word_1_23' title='bbox 1775 665 1842 722; x_wconf 91' lang='lat' dir='ltr'><strong>de</strong></span> <span class='ocrx_word' id='word_1_24' title='bbox 1870 666 1963 720; x_wconf 90' lang='lat' dir='ltr'><strong>illo</strong></span> 
     </span>
    </p>
   </div>
   <div class='ocr_carea' id='block_1_5' title="bbox 381 763 1968 852">
    <p class='ocr_par' dir='ltr' id='par_1_5' title="bbox 381 763 1968 852">
     <span class='ocr_line' id='line_1_5' title="bbox 381 763 1968 852; baseline -0.016 -15"><span class='ocrx_word' id='word_1_25' title='bbox 381 796 528 852; x_wconf 77' lang='lat' dir='ltr'><strong>rege,</strong></span> <span class='ocrx_word' id='word_1_26' title='bbox 552 776 726 849; x_wconf 81' lang='lat' dir='ltr'><strong>qualis</strong></span> <span class='ocrx_word' id='word_1_27' title='bbox 761 785 885 828; x_wconf 91' lang='lat' dir='ltr'><strong>tunc</strong></span> <span class='ocrx_word' id='word_1_28' title='bbox 919 780 1056 834; x_wconf 90' lang='lat' dir='ltr'><strong>erat,</strong></span> <span class='ocrx_word' id='word_1_29' title='bbox 1089 769 1202 823; x_wconf 76' lang='lat' dir='ltr'><strong>haec</strong></span> <span class='ocrx_word' id='word_1_30' title='bbox 1243 763 1511 820; x_wconf 88' lang='lat' dir='ltr'><strong>senserit:</strong></span> <span class='ocrx_word' id='word_1_31' title='bbox 1543 771 1595 818; x_wconf 89' lang='lat' dir='ltr'><strong>et</strong></span> <span class='ocrx_word' id='word_1_32' title='bbox 1619 771 1816 816; x_wconf 87' lang='lat' dir='ltr'><strong>tamen.</strong></span> <span class='ocrx_word' id='word_1_33' title='bbox 1837 775 1968 814; x_wconf 80' lang='lat' dir='ltr'><strong>eon—</strong></span> 
     </span>
    </p>
   </div>
   <div class='ocr_carea' id='block_1_6' title="bbox 385 851 1966 929">
    <p class='ocr_par' dir='ltr' id='par_1_6' title="bbox 385 851 1966 929">
     <span class='ocr_line' id='line_1_6' title="bbox 385 851 1966 929; baseline -0.015 -2"><span class='ocrx_word' id='word_1_34' title='bbox 385 851 544 926; x_wconf 78' lang='lat' dir='ltr'><strong>vertit</strong></span> <span class='ocrx_word' id='word_1_35' title='bbox 566 870 706 924; x_wconf 88' lang='lat' dir='ltr'><strong>Deus</strong></span> <span class='ocrx_word' id='word_1_36' title='bbox 730 873 786 922; x_wconf 89' lang='lat' dir='ltr'><strong>et</strong></span> <span class='ocrx_word' id='word_1_37' title='bbox 807 862 1074 921; x_wconf 88' lang='lat' dir='ltr'><strong>transtulit</strong></span> <span class='ocrx_word' id='word_1_38' title='bbox 1105 857 1522 929; x_wconf 83' lang='lat' dir='ltr'><strong>indignationem</strong></span> <span class='ocrx_word' id='word_1_39' title='bbox 1545 853 1662 926; x_wconf 85' lang='lat' dir='ltr'><strong>ejus</strong></span> <span class='ocrx_word' id='word_1_40' title='bbox 1688 852 1742 908; x_wconf 92' lang='lat' dir='ltr'><strong>in</strong></span> <span class='ocrx_word' id='word_1_41' title='bbox 1773 851 1966 908; x_wconf 85' lang='lat' dir='ltr'><strong>lenita-</strong></span> 
     </span>
    </p>
   </div>
   <div class='ocr_carea' id='block_1_7' title="bbox 387 941 1967 1033">
    <p class='ocr_par' dir='ltr' id='par_1_7' title="bbox 387 941 1967 1033">
     <span class='ocr_line' id='line_1_7' title="bbox 387 941 1967 1033; baseline -0.015 -16"><span class='ocrx_word' id='word_1_42' title='bbox 387 970 494 1017; x_wconf 85' lang='lat' dir='ltr'><strong>tem</strong></span> <span class='ocrx_word' id='word_1_43' title='bbox 535 957 744 1033; x_wconf 85' lang='lat' dir='ltr'><strong>(Esther</strong></span> <span class='ocrx_word' id='word_1_44' title='bbox 766 971 824 1023; x_wconf 88' lang='lat' dir='ltr'><strong>v,</strong></span> <span class='ocrx_word' id='word_1_45' title='bbox 860 969 961 1010; x_wconf 82' lang='lat' dir='ltr'><strong>sec.</strong></span> <span class='ocrx_word' id='word_1_46' title='bbox 997 947 1184 1014; x_wconf 73' lang='lat' dir='ltr'><strong>LXX).</strong></span> <span class='ocrx_word' id='word_1_47' title='bbox 1225 948 1358 1018; x_wconf 83' lang='lat' dir='ltr'><strong>Quis</strong></span> <span class='ocrx_word' id='word_1_48' title='bbox 1397 953 1575 1002; x_wconf 87' lang='lat' dir='ltr'><strong>autem</strong></span> <span class='ocrx_word' id='word_1_49' title='bbox 1617 959 1724 999; x_wconf 87' lang='lat' dir='ltr'><strong>non</strong></span> <span class='ocrx_word' id='word_1_50' title='bbox 1769 941 1967 1006; x_wconf 86' lang='lat' dir='ltr'><strong>videat,</strong></span> 
     </span>
    </p>
   </div>
   <div class='ocr_carea' id='block_1_8' title="bbox 391 1033 1970 1120">
    <p class='ocr_par' dir='ltr' id='par_1_8' title="bbox 391 1033 1970 1120">
     <span class='ocr_line' id='line_1_8' title="bbox 391 1033 1970 1120; baseline -0.013 -12"><span class='ocrx_word' id='word_1_51' title='bbox 391 1051 558 1110; x_wconf 82' lang='lat' dir='ltr'><strong>multo</strong></span> <span class='ocrx_word' id='word_1_52' title='bbox 585 1048 760 1120; x_wconf 85' lang='lat' dir='ltr'><strong>majus</strong></span> <span class='ocrx_word' id='word_1_53' title='bbox 785 1059 932 1113; x_wconf 89' lang='lat' dir='ltr'><strong>esse,</strong></span> <span class='ocrx_word' id='word_1_54' title='bbox 963 1041 1380 1113; x_wconf 80' lang='lat' dir='ltr'><strong>indignationem</strong></span> <span class='ocrx_word' id='word_1_55' title='bbox 1406 1052 1437 1093; x_wconf 92' lang='lat' dir='ltr'><strong>a</strong></span> <span class='ocrx_word' id='word_1_56' title='bbox 1457 1033 1728 1092; x_wconf 85' lang='lat' dir='ltr'><strong>contrario</strong></span> <span class='ocrx_word' id='word_1_57' title='bbox 1749 1034 1802 1090; x_wconf 92' lang='lat' dir='ltr'><strong>in</strong></span> <span class='ocrx_word' id='word_1_58' title='bbox 1831 1033 1970 1089; x_wconf 85' lang='lat' dir='ltr'><strong>leni-</strong></span> 
     </span>
    </p>
   </div>
   <div class='ocr_carea' id='block_1_9' title="bbox 392 1132 1972 1208">
    <p class='ocr_par' dir='ltr' id='par_1_9' title="bbox 392 1132 1972 1208">
     <span class='ocr_line' id='line_1_9' title="bbox 392 1132 1972 1208; baseline -0.016 -5"><span class='ocrx_word' id='word_1_59' title='bbox 392 1155 555 1203; x_wconf 83' lang='lat' dir='ltr'><strong>tatem</strong></span> <span class='ocrx_word' id='word_1_60' title='bbox 581 1147 893 1199; x_wconf 76' lang='lat' dir='ltr'><strong>convertere</strong></span> <span class='ocrx_word' id='word_1_61' title='bbox 933 1145 1090 1208; x_wconf 89' lang='lat' dir='ltr'><strong>atque</strong></span> <span class='ocrx_word' id='word_1_62' title='bbox 1129 1132 1440 1199; x_wconf 80' lang='lat' dir='ltr'><strong>transferre,</strong></span> <span class='ocrx_word' id='word_1_63' title='bbox 1479 1144 1639 1201; x_wconf 90' lang='lat' dir='ltr'><strong>quam</strong></span> <span class='ocrx_word' id='word_1_64' title='bbox 1667 1141 1763 1184; x_wconf 90' lang='lat' dir='ltr'><strong>cor</strong></span> <span class='ocrx_word' id='word_1_65' title='bbox 1786 1135 1972 1181; x_wconf 88' lang='lat' dir='ltr'><strong>neutra</strong></span> 
     </span>
    </p>
   </div>
   <div class='ocr_carea' id='block_1_10' title="bbox 391 1217 1973 1306">
    <p class='ocr_par' dir='ltr' id='par_1_10' title="bbox 391 1217 1973 1306">
     <span class='ocr_line' id='line_1_10' title="bbox 391 1217 1973 1306; baseline -0.014 -12"><span class='ocrx_word' id='word_1_66' title='bbox 391 1237 670 1294; x_wconf 72' lang='lat' dir='ltr'><strong>affectione</strong></span> <span class='ocrx_word' id='word_1_67' title='bbox 694 1239 1142 1306; x_wconf 65' lang='lat' dir='ltr'><strong>praeoccupatum,</strong></span> <span class='ocrx_word' id='word_1_68' title='bbox 1170 1225 1263 1283; x_wconf 93' lang='lat' dir='ltr'><strong>sed</strong></span> <span class='ocrx_word' id='word_1_69' title='bbox 1287 1225 1426 1280; x_wconf 91' lang='lat' dir='ltr'><strong>inter</strong></span> <span class='ocrx_word' id='word_1_70' title='bbox 1441 1229 1722 1292; x_wconf 85' lang='lat' dir='ltr'><strong>utramque</strong></span> <span class='ocrx_word' id='word_1_71' title='bbox 1742 1217 1973 1276; x_wconf 91' lang='lat' dir='ltr'><strong>medium</strong></span> 
     </span>
    </p>
   </div>
   <div class='ocr_carea' id='block_1_11' title="bbox 396 1308 1978 1399">
    <p class='ocr_par' dir='ltr' id='par_1_11' title="bbox 396 1308 1978 1399">
     <span class='ocr_line' id='line_1_11' title="bbox 396 1308 1978 1399; baseline -0.015 -14"><span class='ocrx_word' id='word_1_72' title='bbox 396 1331 449 1386; x_wconf 94' lang='lat' dir='ltr'><strong>in</strong></span> <span class='ocrx_word' id='word_1_73' title='bbox 485 1325 680 1399; x_wconf 89' lang='lat' dir='ltr'><strong>aliquid</strong></span> <span class='ocrx_word' id='word_1_74' title='bbox 708 1319 1018 1382; x_wconf 77' lang='lat' dir='ltr'><strong>declinare?</strong></span> <span class='ocrx_word' id='word_1_75' title='bbox 1061 1319 1264 1392; x_wconf 85' lang='lat' dir='ltr'><strong>Legant</strong></span> <span class='ocrx_word' id='word_1_76' title='bbox 1303 1331 1432 1387; x_wconf 79' lang='lat' dir='ltr'><strong>ergo</strong></span> <span class='ocrx_word' id='word_1_77' title='bbox 1471 1321 1528 1369; x_wconf 87' lang='lat' dir='ltr'><strong>et</strong></span> <span class='ocrx_word' id='word_1_78' title='bbox 1552 1311 1866 1382; x_wconf 83' lang='lat' dir='ltr'><strong>intelligant,</strong></span> <span class='ocrx_word' id='word_1_79' title='bbox 1897 1308 1978 1399; x_wconf 88' lang='lat' dir='ltr'><strong>in-</strong></span> 
     </span>
    </p>
   </div>
   <div class='ocr_carea' id='block_1_12' title="bbox 396 1398 1982 1487">
    <p class='ocr_par' dir='ltr' id='par_1_12' title="bbox 396 1398 1982 1487">
     <span class='ocr_line' id='line_1_12' title="bbox 396 1398 1982 1487; baseline -0.015 -12"><span class='ocrx_word' id='word_1_80' title='bbox 396 1398 642 1476; x_wconf 85' lang='lat' dir='ltr'><strong>tueantur</strong></span> <span class='ocrx_word' id='word_1_81' title='bbox 669 1425 830 1487; x_wconf 89' lang='lat' dir='ltr'><strong>atque</strong></span> <span class='ocrx_word' id='word_1_82' title='bbox 852 1413 1136 1476; x_wconf 80' lang='lat' dir='ltr'><strong>fateantur,</strong></span> <span class='ocrx_word' id='word_1_83' title='bbox 1163 1423 1268 1464; x_wconf 91' lang='lat' dir='ltr'><strong>non</strong></span> <span class='ocrx_word' id='word_1_84' title='bbox 1295 1407 1411 1478; x_wconf 88' lang='lat' dir='ltr'><strong>lege</strong></span> <span class='ocrx_word' id='word_1_85' title='bbox 1433 1413 1596 1474; x_wconf 89' lang='lat' dir='ltr'><strong>atque</strong></span> <span class='ocrx_word' id='word_1_86' title='bbox 1620 1399 1864 1458; x_wconf 86' lang='lat' dir='ltr'><strong>doctrina</strong></span> <span class='ocrx_word' id='word_1_87' title='bbox 1900 1398 1982 1453; x_wconf 91' lang='lat' dir='ltr'><strong>in-</strong></span> 
     </span>
    </p>
   </div>
   <div class='ocr_carea' id='block_1_13' title="bbox 397 1489 1983 1568">
    <p class='ocr_par' dir='ltr' id='par_1_13' title="bbox 397 1489 1983 1568">
     <span class='ocr_line' id='line_1_13' title="bbox 397 1489 1983 1568; baseline -0.014 -2"><span class='ocrx_word' id='word_1_88' title='bbox 397 1521 619 1566; x_wconf 88' lang='lat' dir='ltr'><strong>sonante</strong></span> <span class='ocrx_word' id='word_1_89' title='bbox 643 1505 958 1568; x_wconf 80' lang='lat' dir='ltr'><strong>forinsecus,</strong></span> <span class='ocrx_word' id='word_1_90' title='bbox 1004 1499 1100 1558; x_wconf 90' lang='lat' dir='ltr'><strong>sed</strong></span> <span class='ocrx_word' id='word_1_91' title='bbox 1137 1500 1348 1555; x_wconf 89' lang='lat' dir='ltr'><strong>interna</strong></span> <span class='ocrx_word' id='word_1_92' title='bbox 1385 1503 1443 1554; x_wconf 85' lang='lat' dir='ltr'><strong>et</strong></span> <span class='ocrx_word' id='word_1_93' title='bbox 1481 1493 1710 1558; x_wconf 89' lang='lat' dir='ltr'><strong>occulta,</strong></span> <span class='ocrx_word' id='word_1_94' title='bbox 1750 1489 1983 1546; x_wconf 89' lang='lat' dir='ltr'><strong>mirabili</strong></span> 
     </span>
    </p>
   </div>
   <div class='ocr_carea' id='block_1_14' title="bbox 399 1579 1989 1667">
    <p class='ocr_par' dir='ltr' id='par_1_14' title="bbox 399 1579 1989 1667">
     <span class='ocr_line' id='line_1_14' title="bbox 399 1579 1989 1667; baseline -0.014 -11"><span class='ocrx_word' id='word_1_95' title='bbox 399 1615 464 1656; x_wconf 86' lang='lat' dir='ltr'><strong>ac</strong></span> <span class='ocrx_word' id='word_1_96' title='bbox 485 1593 736 1654; x_wconf 84' lang='lat' dir='ltr'><strong>ineffabili</strong></span> <span class='ocrx_word' id='word_1_97' title='bbox 758 1599 1026 1667; x_wconf 82' lang='lat' dir='ltr'><strong>poteSIate</strong></span> <span class='ocrx_word' id='word_1_98' title='bbox 1040 1588 1251 1660; x_wconf 83' lang='lat' dir='ltr'><strong>operari</strong></span> <span class='ocrx_word' id='word_1_99' title='bbox 1279 1588 1445 1643; x_wconf 91' lang='lat' dir='ltr'><strong>Deum</strong></span> <span class='ocrx_word' id='word_1_100' title='bbox 1472 1586 1524 1640; x_wconf 92' lang='lat' dir='ltr'><strong>in</strong></span> <span class='ocrx_word' id='word_1_101' title='bbox 1548 1582 1799 1640; x_wconf 88' lang='lat' dir='ltr'><strong>cordibus</strong></span> <span class='ocrx_word' id='word_1_102' title='bbox 1813 1579 1989 1636; x_wconf 88' lang='lat' dir='ltr'><strong>homi-</strong></span> 
     </span>
    </p>
   </div>
   <div class='ocr_carea' id='block_1_15' title="bbox 401 1673 1985 1758">
    <p class='ocr_par' dir='ltr' id='par_1_15' title="bbox 401 1673 1985 1758">
     <span class='ocr_line' id='line_1_15' title="bbox 401 1673 1985 1758; baseline -0.011 -11"><span class='ocrx_word' id='word_1_103' title='bbox 401 1707 550 1758; x_wconf 89' lang='lat' dir='ltr'><strong>num,</strong></span> <span class='ocrx_word' id='word_1_104' title='bbox 581 1703 686 1744; x_wconf 91' lang='lat' dir='ltr'><strong>non</strong></span> <span class='ocrx_word' id='word_1_105' title='bbox 721 1687 896 1743; x_wconf 89' lang='lat' dir='ltr'><strong>solum</strong></span> <span class='ocrx_word' id='word_1_106' title='bbox 921 1699 1076 1740; x_wconf 89' lang='lat' dir='ltr'><strong>veras</strong></span> <span class='ocrx_word' id='word_1_107' title='bbox 1102 1679 1480 1746; x_wconf 83' lang='lat' dir='ltr'><strong>revelationes,</strong></span> <span class='ocrx_word' id='word_1_108' title='bbox 1507 1677 1604 1734; x_wconf 91' lang='lat' dir='ltr'><strong>sed</strong></span> <span class='ocrx_word' id='word_1_109' title='bbox 1631 1676 1800 1733; x_wconf 87' lang='lat' dir='ltr'><strong>bonas</strong></span> <span class='ocrx_word' id='word_1_110' title='bbox 1824 1673 1985 1732; x_wconf 87' lang='lat' dir='ltr'><strong>etiam</strong></span> 
     </span>
    </p>
   </div>
   <div class='ocr_carea' id='block_1_16' title="bbox 401 1781 721 1838">
    <p class='ocr_par' dir='ltr' id='par_1_16' title="bbox 401 1781 721 1838">
     <span class='ocr_line' id='line_1_16' title="bbox 401 1781 721 1838; baseline -0.019 0"><span class='ocrx_word' id='word_1_111' title='bbox 401 1781 721 1838; x_wconf 70' lang='lat' dir='ltr'><strong>voluntates.</strong></span> 
     </span>
    </p>
   </div>
   <div class='ocr_carea' id='block_1_17' title="bbox 477 1857 1992 1931">
    <p class='ocr_par' dir='ltr' id='par_1_17' title="bbox 477 1857 1992 1931">
     <span class='ocr_line' id='line_1_17' title="bbox 477 1857 1992 1931; baseline -0.01 -5"><span class='ocrx_word' id='word_1_112' title='bbox 477 1867 699 1926; x_wconf 79' lang='lat' dir='ltr'><strong>CAPUT</strong></span> <span class='ocrx_word' id='word_1_113' title='bbox 735 1865 904 1922; x_wconf 80' lang='lat' dir='ltr'><strong>XXV.</strong></span> <span class='ocrx_word' id='word_1_114' title='bbox 939 1894 1012 1906; x_wconf 95' lang='lat'><strong>—</strong></span> <span class='ocrx_word' id='word_1_115' title='bbox 1049 1862 1139 1918; x_wconf 68' lang='lat'><strong>26.</strong></span> <span class='ocrx_word' id='word_1_116' title='bbox 1183 1861 1402 1917; x_wconf 84' lang='lat' dir='ltr'><strong>Desinat</strong></span> <span class='ocrx_word' id='word_1_117' title='bbox 1450 1859 1630 1931; x_wconf 87' lang='lat' dir='ltr'><strong>itaque</strong></span> <span class='ocrx_word' id='word_1_118' title='bbox 1671 1859 1783 1930; x_wconf 91' lang='lat' dir='ltr'><strong>jam</strong></span> <span class='ocrx_word' id='word_1_119' title='bbox 1834 1857 1992 1914; x_wconf 84' lang='lat' dir='ltr'><strong>Pela-</strong></span> 
     </span>
    </p>
   </div>
   <div class='ocr_carea' id='block_1_18' title="bbox 405 1948 1991 2031">
    <p class='ocr_par' dir='ltr' id='par_1_18' title="bbox 405 1948 1991 2031">
     <span class='ocr_line' id='line_1_18' title="bbox 405 1948 1991 2031; baseline -0.007 -18"><span class='ocrx_word' id='word_1_120' title='bbox 405 1961 544 2031; x_wconf 88' lang='lat' dir='ltr'><strong>gius,</strong></span> <span class='ocrx_word' id='word_1_121' title='bbox 570 1967 626 2014; x_wconf 90' lang='lat' dir='ltr'><strong>et</strong></span> <span class='ocrx_word' id='word_1_122' title='bbox 651 1972 710 2013; x_wconf 92' lang='lat' dir='ltr'><strong>se</strong></span> <span class='ocrx_word' id='word_1_123' title='bbox 737 1957 912 2027; x_wconf 90' lang='lat' dir='ltr'><strong>ipsum</strong></span> <span class='ocrx_word' id='word_1_124' title='bbox 942 1961 998 2010; x_wconf 92' lang='lat' dir='ltr'><strong>et</strong></span> <span class='ocrx_word' id='word_1_125' title='bbox 1031 1953 1168 2008; x_wconf 92' lang='lat' dir='ltr'><strong>alios</strong></span> <span class='ocrx_word' id='word_1_126' title='bbox 1191 1950 1395 2016; x_wconf 89' lang='lat' dir='ltr'><strong>fallere,</strong></span> <span class='ocrx_word' id='word_1_127' title='bbox 1433 1958 1621 2005; x_wconf 89' lang='lat' dir='ltr'><strong>contra</strong></span> <span class='ocrx_word' id='word_1_128' title='bbox 1648 1949 1740 2004; x_wconf 88' lang='lat' dir='ltr'><strong>Dei</strong></span> <span class='ocrx_word' id='word_1_129' title='bbox 1766 1948 1991 2020; x_wconf 80' lang='lat' dir='ltr'><strong>gratiam</strong></span> 
     </span>
    </p>
   </div>
   <div class='ocr_carea' id='block_1_19' title="bbox 407 2039 1991 2119">
    <p class='ocr_par' dir='ltr' id='par_1_19' title="bbox 407 2039 1991 2119">
     <span class='ocr_line' id='line_1_19' title="bbox 407 2039 1991 2119; baseline -0.008 -13"><span class='ocrx_word' id='word_1_130' title='bbox 407 2046 746 2119; x_wconf 87' lang='lat' dir='ltr'><strong>disputando.</strong></span> <span class='ocrx_word' id='word_1_131' title='bbox 771 2044 888 2102; x_wconf 86' lang='lat' dir='ltr'><strong>Non</strong></span> <span class='ocrx_word' id='word_1_132' title='bbox 919 2051 1139 2115; x_wconf 87' lang='lat' dir='ltr'><strong>propter</strong></span> <span class='ocrx_word' id='word_1_133' title='bbox 1165 2041 1381 2096; x_wconf 90' lang='lat' dir='ltr'><strong>illorum</strong></span> <span class='ocrx_word' id='word_1_134' title='bbox 1413 2040 1571 2095; x_wconf 91' lang='lat' dir='ltr'><strong>trium</strong></span> <span class='ocrx_word' id='word_1_135' title='bbox 1597 2055 1784 2108; x_wconf 92' lang='lat' dir='ltr'><strong>unum,</strong></span> <span class='ocrx_word' id='word_1_136' title='bbox 1811 2039 1863 2094; x_wconf 90' lang='lat' dir='ltr'><strong>id</strong></span> <span class='ocrx_word' id='word_1_137' title='bbox 1889 2044 1991 2103; x_wconf 89' lang='lat' dir='ltr'><strong>est,</strong></span> 
     </span>
    </p>
   </div>
   <div class='ocr_carea' id='block_1_20' title="bbox 412 2130 1992 2212">
    <p class='ocr_par' dir='ltr' id='par_1_20' title="bbox 412 2130 1992 2212">
     <span class='ocr_line' id='line_1_20' title="bbox 412 2130 1992 2212; baseline -0.006 -16"><span class='ocrx_word' id='word_1_138' title='bbox 412 2150 628 2212; x_wconf 83' lang='lat' dir='ltr'><strong>propter</strong></span> <span class='ocrx_word' id='word_1_139' title='bbox 655 2135 1061 2208; x_wconf 78' lang='lat' dir='ltr'><strong>poSsibilitatem</strong></span> <span class='ocrx_word' id='word_1_140' title='bbox 1089 2135 1246 2191; x_wconf 68' lang='lat' dir='ltr'><strong>bona:</strong></span> <span class='ocrx_word' id='word_1_141' title='bbox 1270 2131 1561 2188; x_wconf 90' lang='lat' dir='ltr'><strong>voluntatis</strong></span> <span class='ocrx_word' id='word_1_142' title='bbox 1598 2141 1758 2202; x_wconf 92' lang='lat' dir='ltr'><strong>atque</strong></span> <span class='ocrx_word' id='word_1_143' title='bbox 1793 2130 1992 2202; x_wconf 86' lang='lat' dir='ltr'><strong>operis,</strong></span> 
     </span>
    </p>
   </div>
   <div class='ocr_carea' id='block_1_21' title="bbox 412 2222 1995 2300">
    <p class='ocr_par' dir='ltr' id='par_1_21' title="bbox 412 2222 1995 2300">
     <span class='ocr_line' id='line_1_21' title="bbox 412 2222 1995 2300; baseline -0.008 -13"><span class='ocrx_word' id='word_1_144' title='bbox 412 2231 508 2287; x_wconf 82' lang='lat' dir='ltr'><strong>sed</strong></span> <span class='ocrx_word' id='word_1_145' title='bbox 533 2229 690 2286; x_wconf 91' lang='lat' dir='ltr'><strong>etiam</strong></span> <span class='ocrx_word' id='word_1_146' title='bbox 722 2235 940 2300; x_wconf 88' lang='lat' dir='ltr'><strong>propter</strong></span> <span class='ocrx_word' id='word_1_147' title='bbox 966 2225 1292 2281; x_wconf 73' lang='lat' dir='ltr'><strong>voluntatem</strong></span> <span class='ocrx_word' id='word_1_148' title='bbox 1323 2233 1379 2280; x_wconf 90' lang='lat' dir='ltr'><strong>et</strong></span> <span class='ocrx_word' id='word_1_149' title='bbox 1407 2224 1774 2296; x_wconf 87' lang='lat' dir='ltr'><strong>operationem</strong></span> <span class='ocrx_word' id='word_1_150' title='bbox 1801 2222 1995 2279; x_wconf 86' lang='lat' dir='ltr'><strong>bonam</strong></span> 
     </span>
    </p>
   </div>
   <div class='ocr_carea' id='block_1_22' title="bbox 413 2313 2002 2394">
    <p class='ocr_par' dir='ltr' id='par_1_22' title="bbox 413 2313 2002 2394">
     <span class='ocr_line' id='line_1_22' title="bbox 413 2313 2002 2394; baseline -0.004 -17"><span class='ocrx_word' id='word_1_151' title='bbox 413 2337 537 2394; x_wconf 83' lang='lat' dir='ltr'><strong>erga</strong></span> <span class='ocrx_word' id='word_1_152' title='bbox 559 2334 658 2377; x_wconf 83' lang='lat' dir='ltr'><strong>nos</strong></span> <span class='ocrx_word' id='word_1_153' title='bbox 684 2319 850 2392; x_wconf 88' lang='lat' dir='ltr'><strong>gratia</strong></span> <span class='ocrx_word' id='word_1_154' title='bbox 875 2318 968 2374; x_wconf 90' lang='lat' dir='ltr'><strong>Dei</strong></span> <span class='ocrx_word' id='word_1_155' title='bbox 992 2315 1326 2388; x_wconf 71' lang='lat' dir='ltr'><strong>prtedicanda</strong></span> <span class='ocrx_word' id='word_1_156' title='bbox 1356 2325 1458 2372; x_wconf 92' lang='lat' dir='ltr'><strong>est.</strong></span> <span class='ocrx_word' id='word_1_157' title='bbox 1489 2313 1622 2371; x_wconf 88' lang='lat' dir='ltr'><strong>Nam</strong></span> <span class='ocrx_word' id='word_1_158' title='bbox 1649 2315 1793 2370; x_wconf 88' lang='lat' dir='ltr'><strong>illam</strong></span> <span class='ocrx_word' id='word_1_159' title='bbox 1829 2313 2002 2386; x_wconf 88' lang='lat' dir='ltr'><strong>possi-</strong></span> 
     </span>
    </p>
   </div>
   <div class='ocr_carea' id='block_1_23' title="bbox 415 2405 2000 2480">
    <p class='ocr_par' dir='ltr' id='par_1_23' title="bbox 415 2405 2000 2480">
     <span class='ocr_line' id='line_1_23' title="bbox 415 2405 2000 2480; baseline -0.003 -13"><span class='ocrx_word' id='word_1_160' title='bbox 415 2412 669 2467; x_wconf 86' lang='lat' dir='ltr'><strong>bilitatem</strong></span> <span class='ocrx_word' id='word_1_161' title='bbox 697 2409 764 2465; x_wconf 88' lang='lat' dir='ltr'><strong>ad</strong></span> <span class='ocrx_word' id='word_1_162' title='bbox 800 2418 1086 2480; x_wconf 90' lang='lat' dir='ltr'><strong>utrumque</strong></span> <span class='ocrx_word' id='word_1_163' title='bbox 1121 2407 1304 2464; x_wconf 87' lang='lat' dir='ltr'><strong>valere</strong></span> <span class='ocrx_word' id='word_1_164' title='bbox 1338 2405 1522 2462; x_wconf 79' lang='lat' dir='ltr'><strong>definit</strong></span> <span class='ocrx_word' id='word_1_165' title='bbox 1551 2428 1564 2460; x_wconf 91' lang='lat'><strong>:</strong></span> <span class='ocrx_word' id='word_1_166' title='bbox 1595 2414 1650 2462; x_wconf 92' lang='lat' dir='ltr'><strong>et</strong></span> <span class='ocrx_word' id='word_1_167' title='bbox 1677 2415 1854 2462; x_wconf 90' lang='lat' dir='ltr'><strong>tamen</strong></span> <span class='ocrx_word' id='word_1_168' title='bbox 1893 2421 2000 2462; x_wconf 88' lang='lat' dir='ltr'><strong>non</strong></span> 
     </span>
    </p>
   </div>
   <div class='ocr_carea' id='block_1_24' title="bbox 419 2499 2004 2571">
    <p class='ocr_par' dir='ltr' id='par_1_24' title="bbox 419 2499 2004 2571">
     <span class='ocr_line' id='line_1_24' title="bbox 419 2499 2004 2571; baseline -0.003 -13"><span class='ocrx_word' id='word_1_169' title='bbox 419 2503 538 2566; x_wconf 87' lang='lat' dir='ltr'><strong>ideo</strong></span> <span class='ocrx_word' id='word_1_170' title='bbox 560 2501 838 2559; x_wconf 89' lang='lat' dir='ltr'><strong>tribuenda</strong></span> <span class='ocrx_word' id='word_1_171' title='bbox 875 2511 998 2558; x_wconf 90' lang='lat' dir='ltr'><strong>sunt</strong></span> <span class='ocrx_word' id='word_1_172' title='bbox 1023 2500 1136 2557; x_wconf 92' lang='lat' dir='ltr'><strong>Deo</strong></span> <span class='ocrx_word' id='word_1_173' title='bbox 1171 2500 1330 2556; x_wconf 89' lang='lat' dir='ltr'><strong>etiam</strong></span> <span class='ocrx_word' id='word_1_174' title='bbox 1376 2507 1558 2556; x_wconf 89' lang='lat' dir='ltr'><strong>nostra</strong></span> <span class='ocrx_word' id='word_1_175' title='bbox 1585 2508 1826 2571; x_wconf 90' lang='lat' dir='ltr'><strong>peccata,</strong></span> <span class='ocrx_word' id='word_1_176' title='bbox 1867 2499 2004 2556; x_wconf 87' lang='lat' dir='ltr'><strong>sicut</strong></span> 
     </span>
    </p>
   </div>
   <div class='ocr_carea' id='block_1_25' title="bbox 418 2590 2005 2666">
    <p class='ocr_par' dir='ltr' id='par_1_25' title="bbox 418 2590 2005 2666">
     <span class='ocr_line' id='line_1_25' title="bbox 418 2590 2005 2666; baseline -0.005 -12"><span class='ocrx_word' id='word_1_177' title='bbox 418 2605 476 2654; x_wconf 82' lang='lat' dir='ltr'><strong>et</strong></span> <span class='ocrx_word' id='word_1_178' title='bbox 509 2601 720 2666; x_wconf 85' lang='lat' dir='ltr'><strong>propter</strong></span> <span class='ocrx_word' id='word_1_179' title='bbox 747 2591 990 2650; x_wconf 86' lang='lat' dir='ltr'><strong>eamdem</strong></span> <span class='ocrx_word' id='word_1_180' title='bbox 1014 2591 1423 2665; x_wconf 86' lang='lat' dir='ltr'><strong>possibilitatem</strong></span> <span class='ocrx_word' id='word_1_181' title='bbox 1465 2590 1579 2646; x_wconf 87' lang='lat' dir='ltr'><strong>vult</strong></span> <span class='ocrx_word' id='word_1_182' title='bbox 1603 2590 1838 2647; x_wconf 90' lang='lat' dir='ltr'><strong>tribuere</strong></span> <span class='ocrx_word' id='word_1_183' title='bbox 1865 2590 2005 2646; x_wconf 88' lang='lat' dir='ltr'><strong>bona</strong></span> 
     </span>
    </p>
   </div>
   <div class='ocr_carea' id='block_1_26' title="bbox 419 2681 2006 2757">
    <p class='ocr_par' dir='ltr' id='par_1_26' title="bbox 419 2681 2006 2757">
     <span class='ocr_line' id='line_1_26' title="bbox 419 2681 2006 2757; baseline -0.004 -14"><span class='ocrx_word' id='word_1_184' title='bbox 419 2701 582 2757; x_wconf 81' lang='lat' dir='ltr'><strong>opera</strong></span> <span class='ocrx_word' id='word_1_185' title='bbox 617 2693 820 2742; x_wconf 86' lang='lat' dir='ltr'><strong>nostra.</strong></span> <span class='ocrx_word' id='word_1_186' title='bbox 867 2685 982 2740; x_wconf 81' lang='lat' dir='ltr'><strong>Non</strong></span> <span class='ocrx_word' id='word_1_187' title='bbox 1031 2684 1152 2740; x_wconf 90' lang='lat' dir='ltr'><strong>ideo</strong></span> <span class='ocrx_word' id='word_1_188' title='bbox 1195 2691 1400 2738; x_wconf 90' lang='lat' dir='ltr'><strong>tantum</strong></span> <span class='ocrx_word' id='word_1_189' title='bbox 1445 2681 1768 2754; x_wconf 87' lang='lat' dir='ltr'><strong>adjutorium</strong></span> <span class='ocrx_word' id='word_1_190' title='bbox 1813 2681 2006 2737; x_wconf 66' lang='lat' dir='ltr'><strong>divinte</strong></span> 
     </span>
    </p>
   </div>
   <div class='ocr_carea' id='block_1_27' title="bbox 420 2771 2010 2850">
    <p class='ocr_par' dir='ltr' id='par_1_27' title="bbox 420 2771 2010 2850">
     <span class='ocr_line' id='line_1_27' title="bbox 420 2771 2010 2850; baseline -0.004 -18"><span class='ocrx_word' id='word_1_191' title='bbox 420 2777 604 2850; x_wconf 77' lang='lat' dir='ltr'><strong>gratiae</strong></span> <span class='ocrx_word' id='word_1_192' title='bbox 631 2775 1060 2839; x_wconf 85' lang='lat' dir='ltr'><strong>commendetur,</strong></span> <span class='ocrx_word' id='word_1_193' title='bbox 1089 2773 1210 2846; x_wconf 87' lang='lat' dir='ltr'><strong>quia</strong></span> <span class='ocrx_word' id='word_1_194' title='bbox 1240 2773 1648 2844; x_wconf 83' lang='lat' dir='ltr'><strong>possibilitatem</strong></span> <span class='ocrx_word' id='word_1_195' title='bbox 1673 2771 1889 2843; x_wconf 78' lang='lat' dir='ltr'><strong>adjuvat</strong></span> <span class='ocrx_word' id='word_1_196' title='bbox 1916 2787 2010 2826; x_wconf 89' lang='lat' dir='ltr'><strong>na-</strong></span> 
     </span>
    </p>
   </div>
   <div class='ocr_carea' id='block_1_28' title="bbox 425 2863 2012 2936">
    <p class='ocr_par' dir='ltr' id='par_1_28' title="bbox 425 2863 2012 2936">
     <span class='ocr_line' id='line_1_28' title="bbox 425 2863 2012 2936; baseline -0.004 -11"><span class='ocrx_word' id='word_1_197' title='bbox 425 2869 669 2925; x_wconf 89' lang='lat' dir='ltr'><strong>turalem.</strong></span> <span class='ocrx_word' id='word_1_198' title='bbox 698 2867 917 2924; x_wconf 85' lang='lat' dir='ltr'><strong>Desinat</strong></span> <span class='ocrx_word' id='word_1_199' title='bbox 942 2865 1141 2933; x_wconf 90' lang='lat' dir='ltr'><strong>dicere,</strong></span> <span class='ocrx_word' id='word_1_200' title='bbox 1177 2883 1196 2918; x_wconf 78' lang='grc' dir='ltr'><strong>σ</strong></span> <span class='ocrx_word' id='word_1_201' title='bbox 1223 2864 1375 2932; x_wconf 86' lang='lat' dir='ltr'><strong>Quod</strong></span> <span class='ocrx_word' id='word_1_202' title='bbox 1407 2879 1690 2936; x_wconf 88' lang='lat' dir='ltr'><strong>possumus</strong></span> <span class='ocrx_word' id='word_1_203' title='bbox 1717 2879 1879 2921; x_wconf 90' lang='lat' dir='ltr'><strong>omne</strong></span> <span class='ocrx_word' id='word_1_204' title='bbox 1913 2863 2012 2920; x_wconf 88' lang='lat' dir='ltr'><strong>bo—</strong></span> 
     </span>
    </p>
   </div>
   <div class='ocr_carea' id='block_1_29' title="bbox 424 2955 2012 3028">
    <p class='ocr_par' dir='ltr' id='par_1_29' title="bbox 424 2955 2012 3028">
     <span class='ocr_line' id='line_1_29' title="bbox 424 2955 2012 3028; baseline -0.002 -13"><span class='ocrx_word' id='word_1_205' title='bbox 424 2975 552 3016; x_wconf 88' lang='lat' dir='ltr'><strong>num</strong></span> <span class='ocrx_word' id='word_1_206' title='bbox 580 2957 774 3023; x_wconf 85' lang='lat' dir='ltr'><strong>facere,</strong></span> <span class='ocrx_word' id='word_1_207' title='bbox 803 2955 1004 3026; x_wconf 87' lang='lat' dir='ltr'><strong>dicere,</strong></span> <span class='ocrx_word' id='word_1_208' title='bbox 1037 2958 1296 3027; x_wconf 84' lang='lat' dir='ltr'><strong>cogitare,</strong></span> <span class='ocrx_word' id='word_1_209' title='bbox 1325 2956 1467 3011; x_wconf 87' lang='lat' dir='ltr'><strong>illius</strong></span> <span class='ocrx_word' id='word_1_210' title='bbox 1495 2957 1694 3028; x_wconf 88' lang='lat' dir='ltr'><strong>estqui</strong></span> <span class='ocrx_word' id='word_1_211' title='bbox 1727 2956 1830 3012; x_wconf 87' lang='lat' dir='ltr'><strong>hoc</strong></span> <span class='ocrx_word' id='word_1_212' title='bbox 1854 2971 2012 3027; x_wconf 86' lang='lat' dir='ltr'><strong>posse</strong></span> 
     </span>
    </p>
   </div>
   <div class='ocr_carea' id='block_1_30' title="bbox 424 3046 2012 3119">
    <p class='ocr_par' dir='ltr' id='par_1_30' title="bbox 424 3046 2012 3119">
     <span class='ocr_line' id='line_1_30' title="bbox 424 3046 2012 3119; baseline -0.003 -13"><span class='ocrx_word' id='word_1_213' title='bbox 424 3049 662 3116; x_wconf 85' lang='lat' dir='ltr'><strong>donavit,</strong></span> <span class='ocrx_word' id='word_1_214' title='bbox 695 3049 789 3119; x_wconf 89' lang='lat' dir='ltr'><strong>qui</strong></span> <span class='ocrx_word' id='word_1_215' title='bbox 821 3047 923 3104; x_wconf 88' lang='lat' dir='ltr'><strong>hoc</strong></span> <span class='ocrx_word' id='word_1_216' title='bbox 951 3061 1114 3119; x_wconf 89' lang='lat' dir='ltr'><strong>posse</strong></span> <span class='ocrx_word' id='word_1_217' title='bbox 1151 3047 1370 3118; x_wconf 81' lang='lat' dir='ltr'><strong>adjuvat</strong></span> <span class='ocrx_word' id='word_1_218' title='bbox 1397 3063 1412 3101; x_wconf 89' lang='lat'><strong>:</strong></span> <span class='ocrx_word' id='word_1_219' title='bbox 1441 3046 1586 3118; x_wconf 87' lang='lat' dir='ltr'><strong>quod</strong></span> <span class='ocrx_word' id='word_1_220' title='bbox 1611 3061 1741 3102; x_wconf 86' lang='lat' dir='ltr'><strong>vero</strong></span> <span class='ocrx_word' id='word_1_221' title='bbox 1764 3047 1900 3102; x_wconf 88' lang='lat' dir='ltr'><strong>bene</strong></span> <span class='ocrx_word' id='word_1_222' title='bbox 1927 3046 2012 3102; x_wconf 90' lang='lat' dir='ltr'><strong>vel</strong></span> 
     </span>
    </p>
   </div>
   <div class='ocr_carea' id='block_1_31' title="bbox 425 3137 2008 3222">
    <p class='ocr_par' dir='ltr' id='par_1_31' title="bbox 425 3137 2008 3222">
     <span class='ocr_line' id='line_1_31' title="bbox 425 3137 2008 3222; baseline -0.004 -24"><span class='ocrx_word' id='word_1_223' title='bbox 425 3141 652 3222; x_wconf 81' lang='lat' dir='ltr'><strong>agimus,</strong></span> <span class='ocrx_word' id='word_1_224' title='bbox 678 3139 766 3196; x_wconf 88' lang='lat' dir='ltr'><strong>vel</strong></span> <span class='ocrx_word' id='word_1_225' title='bbox 798 3138 1088 3211; x_wconf 83' lang='lat' dir='ltr'><strong>loquimur,</strong></span> <span class='ocrx_word' id='word_1_226' title='bbox 1117 3137 1202 3194; x_wconf 89' lang='lat' dir='ltr'><strong>vel</strong></span> <span class='ocrx_word' id='word_1_227' title='bbox 1230 3137 1546 3210; x_wconf 87' lang='lat' dir='ltr'><strong>cogitamus,</strong></span> <span class='ocrx_word' id='word_1_228' title='bbox 1578 3145 1823 3193; x_wconf 88' lang='lat' dir='ltr'><strong>nostrum</strong></span> <span class='ocrx_word' id='word_1_229' title='bbox 1850 3147 1952 3194; x_wconf 87' lang='lat' dir='ltr'><strong>est.</strong></span> <span class='ocrx_word' id='word_1_230' title='bbox 1987 3156 2008 3191; x_wconf 75' lang='grc' dir='ltr'><strong>ι</strong></span> 
     </span>
    </p>
   </div>
   <div class='ocr_carea' id='block_1_32' title="bbox 429 3226 2016 3301">
    <p class='ocr_par' dir='ltr' id='par_1_32' title="bbox 429 3226 2016 3301">
     <span class='ocr_line' id='line_1_32' title="bbox 429 3226 2016 3301; baseline -0.003 -12"><span class='ocrx_word' id='word_1_231' title='bbox 429 3231 667 3299; x_wconf 80' lang='lat' dir='ltr'><strong>Desinat,</strong></span> <span class='ocrx_word' id='word_1_232' title='bbox 705 3230 941 3301; x_wconf 87' lang='lat' dir='ltr'><strong>inquam,</strong></span> <span class='ocrx_word' id='word_1_233' title='bbox 979 3230 1078 3286; x_wconf 89' lang='lat' dir='ltr'><strong>ista</strong></span> <span class='ocrx_word' id='word_1_234' title='bbox 1107 3228 1305 3286; x_wconf 91' lang='lat' dir='ltr'><strong>dicere.</strong></span> <span class='ocrx_word' id='word_1_235' title='bbox 1341 3226 1460 3284; x_wconf 83' lang='lat' dir='ltr'><strong>Non</strong></span> <span class='ocrx_word' id='word_1_236' title='bbox 1497 3228 1669 3284; x_wconf 89' lang='lat' dir='ltr'><strong>solum</strong></span> <span class='ocrx_word' id='word_1_237' title='bbox 1704 3227 1845 3284; x_wconf 88' lang='lat' dir='ltr'><strong>enim</strong></span> <span class='ocrx_word' id='word_1_238' title='bbox 1873 3226 2016 3284; x_wconf 87' lang='lat' dir='ltr'><strong>Deus</strong></span> 
     </span>
    </p>
   </div>
   <div class='ocr_carea' id='block_1_33' title="bbox 332 3318 2018 3392">
    <p class='ocr_par' dir='ltr' id='par_1_33' title="bbox 332 3318 2018 3392">
     <span class='ocr_line' id='line_1_33' title="bbox 332 3318 2018 3392; baseline 0 -16"><span class='ocrx_word' id='word_1_239' title='bbox 332 3349 340 3356; x_wconf 66' lang='grc' dir='ltr'><strong><em>υ</em></strong></span> <span class='ocrx_word' id='word_1_240' title='bbox 430 3335 588 3392; x_wconf 80' lang='lat' dir='ltr'><strong>posse</strong></span> <span class='ocrx_word' id='word_1_241' title='bbox 615 3331 856 3376; x_wconf 88' lang='lat' dir='ltr'><strong>nostrum</strong></span> <span class='ocrx_word' id='word_1_242' title='bbox 875 3319 1096 3376; x_wconf 86' lang='lat' dir='ltr'><strong>donavit</strong></span> <span class='ocrx_word' id='word_1_243' title='bbox 1121 3328 1279 3390; x_wconf 90' lang='lat' dir='ltr'><strong>atque</strong></span> <span class='ocrx_word' id='word_1_244' title='bbox 1299 3319 1535 3390; x_wconf 87' lang='lat' dir='ltr'><strong>adjuvat,</strong></span> <span class='ocrx_word' id='word_1_245' title='bbox 1567 3318 1660 3376; x_wconf 88' lang='lat' dir='ltr'><strong>sed</strong></span> <span class='ocrx_word' id='word_1_246' title='bbox 1691 3319 1850 3375; x_wconf 91' lang='lat' dir='ltr'><strong>etiam</strong></span> <span class='ocrx_word' id='word_1_247' title='bbox 1879 3318 2018 3376; x_wconf 87' lang='lat' dir='ltr'><strong>velle</strong></span> 
     </span>
    </p>
   </div>
   <div class='ocr_carea' id='block_1_34' title="bbox 430 3408 2017 3486">
    <p class='ocr_par' dir='ltr' id='par_1_34' title="bbox 430 3408 2017 3486">
     <span class='ocr_line' id='line_1_34' title="bbox 430 3408 2017 3486; baseline -0.003 -16"><span class='ocrx_word' id='word_1_248' title='bbox 430 3423 487 3470; x_wconf 86' lang='lat' dir='ltr'><strong>et</strong></span> <span class='ocrx_word' id='word_1_249' title='bbox 511 3413 720 3485; x_wconf 87' lang='lat' dir='ltr'><strong>operari</strong></span> <span class='ocrx_word' id='word_1_250' title='bbox 765 3419 1022 3484; x_wconf 86' lang='lat' dir='ltr'><strong>operatur</strong></span> <span class='ocrx_word' id='word_1_251' title='bbox 1063 3412 1118 3467; x_wconf 93' lang='lat' dir='ltr'><strong>in</strong></span> <span class='ocrx_word' id='word_1_252' title='bbox 1160 3411 1314 3467; x_wconf 88' lang='lat' dir='ltr'><strong>nobis</strong></span> <span class='ocrx_word' id='word_1_253' title='bbox 1344 3408 1606 3486; x_wconf 77' lang='lat' dir='ltr'><strong>(Philipp.</strong></span> <span class='ocrx_word' id='word_1_254' title='bbox 1645 3426 1704 3478; x_wconf 89' lang='grc' dir='ltr'><strong>ιι,</strong></span> <span class='ocrx_word' id='word_1_255' title='bbox 1754 3409 1868 3484; x_wconf 75' lang='grc'><strong>15).</strong></span> <span class='ocrx_word' id='word_1_256' title='bbox 1901 3411 2017 3466; x_wconf 82' lang='lat' dir='ltr'><strong>Non</strong></span> 
     </span>
    </p>
   </div>
   <div class='ocr_carea' id='block_1_35' title="bbox 431 3503 2018 3574">
    <p class='ocr_par' dir='ltr' id='par_1_35' title="bbox 431 3503 2018 3574">
     <span class='ocr_line' id='line_1_35' title="bbox 431 3503 2018 3574; baseline -0.001 -16"><span class='ocrx_word' id='word_1_257' title='bbox 431 3504 554 3574; x_wconf 84' lang='lat' dir='ltr'><strong>quia</strong></span> <span class='ocrx_word' id='word_1_258' title='bbox 575 3519 674 3560; x_wconf 89' lang='lat' dir='ltr'><strong>nos</strong></span> <span class='ocrx_word' id='word_1_259' title='bbox 691 3518 797 3560; x_wconf 90' lang='lat' dir='ltr'><strong>non</strong></span> <span class='ocrx_word' id='word_1_260' title='bbox 829 3503 1090 3571; x_wconf 88' lang='lat' dir='ltr'><strong>volumus,</strong></span> <span class='ocrx_word' id='word_1_261' title='bbox 1116 3511 1207 3558; x_wconf 87' lang='lat' dir='ltr'><strong>aut</strong></span> <span class='ocrx_word' id='word_1_262' title='bbox 1231 3517 1332 3559; x_wconf 89' lang='lat' dir='ltr'><strong>nos</strong></span> <span class='ocrx_word' id='word_1_263' title='bbox 1365 3517 1473 3558; x_wconf 91' lang='lat' dir='ltr'><strong>non</strong></span> <span class='ocrx_word' id='word_1_264' title='bbox 1503 3503 1748 3574; x_wconf 83' lang='lat' dir='ltr'><strong>agimus:</strong></span> <span class='ocrx_word' id='word_1_265' title='bbox 1777 3503 1872 3560; x_wconf 91' lang='lat' dir='ltr'><strong>sed</strong></span> <span class='ocrx_word' id='word_1_266' title='bbox 1897 3503 2018 3573; x_wconf 87' lang='lat' dir='ltr'><strong>quia</strong></span> 
     </span>
    </p>
   </div>
   <div class='ocr_carea' id='block_1_36' title="bbox 433 3595 2021 3670">
    <p class='ocr_par' dir='ltr' id='par_1_36' title="bbox 433 3595 2021 3670">
     <span class='ocr_line' id='line_1_36' title="bbox 433 3595 2021 3670; baseline 0.001 -19"><span class='ocrx_word' id='word_1_267' title='bbox 433 3597 552 3652; x_wconf 86' lang='lat' dir='ltr'><strong>sine</strong></span> <span class='ocrx_word' id='word_1_268' title='bbox 582 3596 748 3666; x_wconf 83' lang='lat' dir='ltr'><strong>ipsius</strong></span> <span class='ocrx_word' id='word_1_269' title='bbox 782 3596 1048 3670; x_wconf 87' lang='lat' dir='ltr'><strong>adjutorio</strong></span> <span class='ocrx_word' id='word_1_270' title='bbox 1084 3611 1186 3654; x_wconf 89' lang='lat' dir='ltr'><strong>nec</strong></span> <span class='ocrx_word' id='word_1_271' title='bbox 1209 3597 1456 3653; x_wconf 89' lang='lat' dir='ltr'><strong>volumus</strong></span> <span class='ocrx_word' id='word_1_272' title='bbox 1495 3596 1693 3667; x_wconf 89' lang='lat' dir='ltr'><strong>aliquid</strong></span> <span class='ocrx_word' id='word_1_273' title='bbox 1731 3595 1875 3664; x_wconf 86' lang='lat' dir='ltr'><strong>boni,</strong></span> <span class='ocrx_word' id='word_1_274' title='bbox 1921 3611 2021 3652; x_wconf 87' lang='lat' dir='ltr'><strong>nec</strong></span> 
     </span>
    </p>
   </div>
   <div class='ocr_carea' id='block_1_37' title="bbox 435 3688 2022 3762">
    <p class='ocr_par' dir='ltr' id='par_1_37' title="bbox 435 3688 2022 3762">
     <span class='ocr_line' id='line_1_37' title="bbox 435 3688 2022 3762; baseline 0.003 -20"><span class='ocrx_word' id='word_1_275' title='bbox 435 3689 660 3760; x_wconf 84' lang='lat' dir='ltr'><strong>agimus.</strong></span> <span class='ocrx_word' id='word_1_276' title='bbox 698 3688 978 3758; x_wconf 86' lang='lat' dir='ltr'><strong>Quomodo</strong></span> <span class='ocrx_word' id='word_1_277' title='bbox 1019 3690 1164 3746; x_wconf 90' lang='lat' dir='ltr'><strong>enim</strong></span> <span class='ocrx_word' id='word_1_278' title='bbox 1211 3690 1427 3758; x_wconf 90' lang='lat' dir='ltr'><strong>dicitur,</strong></span> <span class='ocrx_word' id='word_1_279' title='bbox 1481 3709 1502 3743; x_wconf 71' lang='grc' dir='ltr'><strong>ι</strong></span> <span class='ocrx_word' id='word_1_280' title='bbox 1529 3691 1682 3760; x_wconf 88' lang='lat' dir='ltr'><strong>Quod</strong></span> <span class='ocrx_word' id='word_1_281' title='bbox 1737 3705 2022 3762; x_wconf 87' lang='lat' dir='ltr'><strong>possumus</strong></span> 
     </span>
    </p>
   </div>
   <div class='ocr_carea' id='block_1_38' title="bbox 437 3781 2022 3855">
    <p class='ocr_par' dir='ltr' id='par_1_38' title="bbox 437 3781 2022 3855">
     <span class='ocr_line' id='line_1_38' title="bbox 437 3781 2022 3855; baseline 0.002 -20"><span class='ocrx_word' id='word_1_282' title='bbox 437 3781 574 3836; x_wconf 87' lang='lat' dir='ltr'><strong>bene</strong></span> <span class='ocrx_word' id='word_1_283' title='bbox 611 3796 790 3852; x_wconf 83' lang='lat' dir='ltr'><strong>agere,</strong></span> <span class='ocrx_word' id='word_1_284' title='bbox 837 3781 932 3838; x_wconf 88' lang='lat' dir='ltr'><strong>Dei</strong></span> <span class='ocrx_word' id='word_1_285' title='bbox 969 3789 1086 3849; x_wconf 90' lang='lat' dir='ltr'><strong>est;</strong></span> <span class='ocrx_word' id='word_1_286' title='bbox 1116 3784 1258 3854; x_wconf 89' lang='lat' dir='ltr'><strong>quod</strong></span> <span class='ocrx_word' id='word_1_287' title='bbox 1303 3792 1479 3838; x_wconf 88' lang='lat' dir='ltr'><strong>autem</strong></span> <span class='ocrx_word' id='word_1_288' title='bbox 1523 3782 1749 3855; x_wconf 84' lang='lat' dir='ltr'><strong>agimus,</strong></span> <span class='ocrx_word' id='word_1_289' title='bbox 1783 3792 2022 3838; x_wconf 88' lang='lat' dir='ltr'><strong>nostrum</strong></span> 
     </span>
    </p>
   </div>
   <div class='ocr_carea' id='block_1_39' title="bbox 437 3871 2026 3945">
    <p class='ocr_par' dir='ltr' id='par_1_39' title="bbox 437 3871 2026 3945">
     <span class='ocr_line' id='line_1_39' title="bbox 437 3871 2026 3945; baseline 0.002 -19"><span class='ocrx_word' id='word_1_290' title='bbox 437 3880 552 3938; x_wconf 88' lang='lat' dir='ltr'><strong>est;</strong></span> <span class='ocrx_word' id='word_1_291' title='bbox 585 3889 608 3924; x_wconf 72' lang='grc' dir='ltr'><strong>ι</strong></span> <span class='ocrx_word' id='word_1_292' title='bbox 643 3887 764 3926; x_wconf 90' lang='lat' dir='ltr'><strong>cum</strong></span> <span class='ocrx_word' id='word_1_293' title='bbox 804 3871 948 3927; x_wconf 82' lang='lat' dir='ltr'><strong>dicat</strong></span> <span class='ocrx_word' id='word_1_294' title='bbox 985 3874 1288 3943; x_wconf 80' lang='lat' dir='ltr'><strong>Apostolus,</strong></span> <span class='ocrx_word' id='word_1_295' title='bbox 1322 3889 1481 3930; x_wconf 86' lang='lat' dir='ltr'><strong>orare</strong></span> <span class='ocrx_word' id='word_1_296' title='bbox 1524 3889 1584 3930; x_wconf 89' lang='lat' dir='ltr'><strong>se</strong></span> <span class='ocrx_word' id='word_1_297' title='bbox 1621 3874 1687 3928; x_wconf 88' lang='lat' dir='ltr'><strong>ad</strong></span> <span class='ocrx_word' id='word_1_298' title='bbox 1730 3875 1895 3929; x_wconf 86' lang='lat' dir='ltr'><strong>Deum</strong></span> <span class='ocrx_word' id='word_1_299' title='bbox 1927 3888 2026 3945; x_wconf 91' lang='lat' dir='ltr'><strong>pro</strong></span> 
     </span>
    </p>
   </div>
   <div class='ocr_carea' id='block_1_40' title="bbox 438 3961 2028 4036">
    <p class='ocr_par' dir='ltr' id='par_1_40' title="bbox 438 3961 2028 4036">
     <span class='ocr_line' id='line_1_40' title="bbox 438 3961 2028 4036; baseline 0.003 -20"><span class='ocrx_word' id='word_1_300' title='bbox 438 3962 540 4030; x_wconf 87' lang='lat' dir='ltr'><strong>eis,</strong></span> <span class='ocrx_word' id='word_1_301' title='bbox 574 3961 641 4017; x_wconf 91' lang='lat' dir='ltr'><strong>ad</strong></span> <span class='ocrx_word' id='word_1_302' title='bbox 667 3976 804 4033; x_wconf 89' lang='lat' dir='ltr'><strong>quos</strong></span> <span class='ocrx_word' id='word_1_303' title='bbox 843 3964 1131 4031; x_wconf 81' lang='lat' dir='ltr'><strong>scribebat,</strong></span> <span class='ocrx_word' id='word_1_304' title='bbox 1177 3979 1245 4020; x_wconf 90' lang='lat' dir='ltr'><strong>ne</strong></span> <span class='ocrx_word' id='word_1_305' title='bbox 1273 3964 1400 4036; x_wconf 87' lang='lat' dir='ltr'><strong>quid</strong></span> <span class='ocrx_word' id='word_1_306' title='bbox 1437 3965 1562 4020; x_wconf 91' lang='lat' dir='ltr'><strong>mali</strong></span> <span class='ocrx_word' id='word_1_307' title='bbox 1609 3964 1825 4032; x_wconf 89' lang='lat' dir='ltr'><strong>faciant,</strong></span> <span class='ocrx_word' id='word_1_308' title='bbox 1870 3973 1926 4021; x_wconf 88' lang='lat' dir='ltr'><strong>et</strong></span> <span class='ocrx_word' id='word_1_309' title='bbox 1969 3973 2028 4021; x_wconf 87' lang='lat' dir='ltr'><strong>ut</strong></span> 
     </span>
    </p>
   </div>
   <div class='ocr_carea' id='block_1_41' title="bbox 439 4053 2029 4125">
    <p class='ocr_par' dir='ltr' id='par_1_41' title="bbox 439 4053 2029 4125">
     <span class='ocr_line' id='line_1_41' title="bbox 439 4053 2029 4125; baseline 0.004 -17"><span class='ocrx_word' id='word_1_310' title='bbox 439 4053 581 4125; x_wconf 89' lang='lat' dir='ltr'><strong>quod</strong></span> <span class='ocrx_word' id='word_1_311' title='bbox 620 4054 817 4111; x_wconf 87' lang='lat' dir='ltr'><strong>bonum</strong></span> <span class='ocrx_word' id='word_1_312' title='bbox 859 4066 943 4111; x_wconf 88' lang='lat' dir='ltr'><strong>est</strong></span> <span class='ocrx_word' id='word_1_313' title='bbox 973 4056 1204 4112; x_wconf 86' lang='lat' dir='ltr'><strong>faciant?</strong></span> <span class='ocrx_word' id='word_1_314' title='bbox 1234 4057 1350 4114; x_wconf 82' lang='lat' dir='ltr'><strong>Non</strong></span> <span class='ocrx_word' id='word_1_315' title='bbox 1391 4059 1534 4113; x_wconf 93' lang='lat' dir='ltr'><strong>enim</strong></span> <span class='ocrx_word' id='word_1_316' title='bbox 1579 4057 1671 4125; x_wconf 87' lang='lat' dir='ltr'><strong>ait,</strong></span> <span class='ocrx_word' id='word_1_317' title='bbox 1721 4057 1942 4114; x_wconf 79' lang='lat' dir='ltr'><strong>Oramus</strong></span> <span class='ocrx_word' id='word_1_318' title='bbox 1970 4066 2029 4114; x_wconf 91' lang='lat' dir='ltr'><strong>ut</strong></span> 
     </span>
    </p>
   </div>
   <div class='ocr_carea' id='block_1_42' title="bbox 439 4144 2030 4221">
    <p class='ocr_par' dir='ltr' id='par_1_42' title="bbox 439 4144 2030 4221">
     <span class='ocr_line' id='line_1_42' title="bbox 439 4144 2030 4221; baseline 0.005 -24"><span class='ocrx_word' id='word_1_319' title='bbox 439 4144 656 4215; x_wconf 80' lang='lat' dir='ltr'><strong>possitis</strong></span> <span class='ocrx_word' id='word_1_320' title='bbox 679 4144 809 4200; x_wconf 87' lang='lat' dir='ltr'><strong>nihil</strong></span> <span class='ocrx_word' id='word_1_321' title='bbox 845 4147 968 4201; x_wconf 85' lang='lat' dir='ltr'><strong>mali</strong></span> <span class='ocrx_word' id='word_1_322' title='bbox 999 4145 1209 4214; x_wconf 88' lang='lat' dir='ltr'><strong>facere;</strong></span> <span class='ocrx_word' id='word_1_323' title='bbox 1241 4148 1358 4218; x_wconf 90' lang='lat' dir='ltr'><strong>sed,</strong></span> <span class='ocrx_word' id='word_1_324' title='bbox 1391 4165 1455 4203; x_wconf 81' lang='lat' dir='ltr'><strong>ne</strong></span> <span class='ocrx_word' id='word_1_325' title='bbox 1479 4148 1605 4219; x_wconf 84' lang='lat' dir='ltr'><strong>quid</strong></span> <span class='ocrx_word' id='word_1_326' title='bbox 1635 4150 1836 4221; x_wconf 76' lang='lat' dir='ltr'><strong>faciatis</strong></span> <span class='ocrx_word' id='word_1_327' title='bbox 1862 4151 1986 4204; x_wconf 84' lang='lat' dir='ltr'><strong>mali</strong></span> <span class='ocrx_word' id='word_1_328' title='bbox 2009 4166 2030 4205; x_wconf 93' lang='lat'><strong><em>:</em></strong></span> 
     </span>
    </p>
   </div>
   <div class='ocr_carea' id='block_1_43' title="bbox 441 4225 2030 4311">
    <p class='ocr_par' dir='ltr' id='par_1_43' title="bbox 441 4225 2030 4311">
     <span class='ocr_line' id='line_1_43' title="bbox 441 4225 2030 4311; baseline 0.004 -22"><span class='ocrx_word' id='word_1_329' title='bbox 441 4249 560 4301; x_wconf 86' lang='lat' dir='ltr'><strong>nec,</strong></span> <span class='ocrx_word' id='word_1_330' title='bbox 595 4233 662 4292; x_wconf 90' lang='lat' dir='ltr'><strong>Ut</strong></span> <span class='ocrx_word' id='word_1_331' title='bbox 693 4237 904 4307; x_wconf 86' lang='lat' dir='ltr'><strong>possitis</strong></span> <span class='ocrx_word' id='word_1_332' title='bbox 933 4238 1130 4293; x_wconf 91' lang='lat' dir='ltr'><strong>bonum</strong></span> <span class='ocrx_word' id='word_1_333' title='bbox 1159 4236 1362 4306; x_wconf 89' lang='lat' dir='ltr'><strong>facere;</strong></span> <span class='ocrx_word' id='word_1_334' title='bbox 1389 4239 1504 4306; x_wconf 91' lang='lat' dir='ltr'><strong>sed,</strong></span> <span class='ocrx_word' id='word_1_335' title='bbox 1534 4248 1590 4294; x_wconf 89' lang='lat' dir='ltr'><strong>ut</strong></span> <span class='ocrx_word' id='word_1_336' title='bbox 1617 4241 1800 4295; x_wconf 86' lang='lat' dir='ltr'><strong>bonum</strong></span> <span class='ocrx_word' id='word_1_337' title='bbox 1819 4225 2030 4311; x_wconf 55' lang='lat' dir='ltr'><strong>faciatis</strong></span> 
     </span>
    </p>
   </div>
   <div class='ocr_carea' id='block_1_44' title="bbox 447 4323 2026 4401">
    <p class='ocr_par' dir='ltr' id='par_1_44' title="bbox 447 4323 2026 4401">
     <span class='ocr_line' id='line_1_44' title="bbox 447 4323 2026 4401; baseline 0.002 -20"><span class='ocrx_word' id='word_1_338' title='bbox 447 4323 516 4398; x_wconf 88' lang='grc' dir='ltr'>(ιι</span> <span class='ocrx_word' id='word_1_339' title='bbox 546 4324 666 4384; x_wconf 83' lang='lat' dir='ltr'><strong>Cor.</strong></span> <span class='ocrx_word' id='word_1_340' title='bbox 697 4342 814 4394; x_wconf 77' lang='lat' dir='ltr'><strong>xui,</strong></span> <span class='ocrx_word' id='word_1_341' title='bbox 844 4327 924 4401; x_wconf 85' lang='lat'><strong>7).</strong></span> <span class='ocrx_word' id='word_1_342' title='bbox 971 4328 1230 4395; x_wconf 87' lang='lat' dir='ltr'><strong>Quoniam</strong></span> <span class='ocrx_word' id='word_1_343' title='bbox 1273 4328 1342 4385; x_wconf 87' lang='lat' dir='ltr'><strong>de</strong></span> <span class='ocrx_word' id='word_1_344' title='bbox 1387 4330 1577 4400; x_wconf 85' lang='lat' dir='ltr'><strong>quibus</strong></span> <span class='ocrx_word' id='word_1_345' title='bbox 1624 4331 1880 4401; x_wconf 85' lang='lat' dir='ltr'><strong>scriptum</strong></span> <span class='ocrx_word' id='word_1_346' title='bbox 1925 4340 2026 4398; x_wconf 89' lang='lat' dir='ltr'><strong>est,</strong></span> 
     </span>
    </p>
   </div>
   <div class='ocr_carea' id='block_1_45' title="bbox 448 4418 2032 4495">
    <p class='ocr_par' dir='ltr' id='par_1_45' title="bbox 448 4418 2032 4495">
     <span class='ocr_line' id='line_1_45' title="bbox 448 4418 2032 4495; baseline 0.003 -21"><span class='ocrx_word' id='word_1_347' title='bbox 448 4418 704 4492; x_wconf 78' lang='lat' dir='ltr'><strong>Quotquot</strong></span> <span class='ocrx_word' id='word_1_348' title='bbox 743 4422 876 4478; x_wconf 81' lang='lat' dir='ltr'><strong>enim</strong></span> <span class='ocrx_word' id='word_1_349' title='bbox 915 4422 1113 4494; x_wconf 82' lang='lat' dir='ltr'><strong>Spiritu</strong></span> <span class='ocrx_word' id='word_1_350' title='bbox 1141 4421 1238 4478; x_wconf 86' lang='lat' dir='ltr'><strong>Dei</strong></span> <span class='ocrx_word' id='word_1_351' title='bbox 1273 4431 1513 4495; x_wconf 83' lang='lat' dir='ltr'><strong>aguntur,</strong></span> <span class='ocrx_word' id='word_1_352' title='bbox 1555 4424 1607 4478; x_wconf 87' lang='lat' dir='ltr'><strong>hi</strong></span> <span class='ocrx_word' id='word_1_353' title='bbox 1644 4425 1740 4494; x_wconf 80' lang='lat' dir='ltr'><strong>ﬁlii</strong></span> <span class='ocrx_word' id='word_1_354' title='bbox 1781 4432 1898 4478; x_wconf 84' lang='lat' dir='ltr'><strong>sunt</strong></span> <span class='ocrx_word' id='word_1_355' title='bbox 1935 4423 2032 4478; x_wconf 77' lang='lat' dir='ltr'><strong>Dei</strong></span> 
     </span>
    </p>
   </div>
   <div class='ocr_carea' id='block_1_46' title="bbox 445 4511 2028 4588">
    <p class='ocr_par' dir='ltr' id='par_1_46' title="bbox 445 4511 2028 4588">
     <span class='ocr_line' id='line_1_46' title="bbox 445 4511 2028 4588; baseline 0.003 -21"><span class='ocrx_word' id='word_1_356' title='bbox 445 4511 623 4584; x_wconf 81' lang='lat' dir='ltr'><strong>(Rom.</strong></span> <span class='ocrx_word' id='word_1_357' title='bbox 654 4522 766 4579; x_wconf 86' lang='lat' dir='ltr'><strong>vut,</strong></span> <span class='ocrx_word' id='word_1_358' title='bbox 797 4515 927 4585; x_wconf 63' lang='lat' dir='ltr'><strong>ll);</strong></span> <span class='ocrx_word' id='word_1_359' title='bbox 960 4514 1200 4586; x_wconf 90' lang='lat' dir='ltr'><strong>profecto</strong></span> <span class='ocrx_word' id='word_1_360' title='bbox 1233 4525 1293 4572; x_wconf 90' lang='lat' dir='ltr'><strong>ut</strong></span> <span class='ocrx_word' id='word_1_361' title='bbox 1321 4525 1480 4586; x_wconf 87' lang='lat' dir='ltr'><strong>agant</strong></span> <span class='ocrx_word' id='word_1_362' title='bbox 1507 4517 1648 4588; x_wconf 91' lang='lat' dir='ltr'><strong>quod</strong></span> <span class='ocrx_word' id='word_1_363' title='bbox 1690 4517 1888 4572; x_wconf 90' lang='lat' dir='ltr'><strong>bonum</strong></span> <span class='ocrx_word' id='word_1_364' title='bbox 1927 4527 2028 4583; x_wconf 89' lang='lat' dir='ltr'><strong>est,</strong></span> 
     </span>
    </p>
   </div>
   <div class='ocr_carea' id='block_1_47' title="bbox 445 4603 2033 4676">
    <p class='ocr_par' dir='ltr' id='par_1_47' title="bbox 445 4603 2033 4676">
     <span class='ocr_line' id='line_1_47' title="bbox 445 4603 2033 4676; baseline 0.003 -18"><span class='ocrx_word' id='word_1_365' title='bbox 445 4603 514 4660; x_wconf 72' lang='lat' dir='ltr'><strong>ab</strong></span> <span class='ocrx_word' id='word_1_366' title='bbox 538 4604 628 4659; x_wconf 92' lang='lat' dir='ltr'><strong>illo</strong></span> <span class='ocrx_word' id='word_1_367' title='bbox 668 4613 896 4675; x_wconf 87' lang='lat' dir='ltr'><strong>aguntur</strong></span> <span class='ocrx_word' id='word_1_368' title='bbox 917 4607 1008 4676; x_wconf 87' lang='lat' dir='ltr'><strong>qni</strong></span> <span class='ocrx_word' id='word_1_369' title='bbox 1051 4606 1224 4662; x_wconf 88' lang='lat' dir='ltr'><strong>bonus</strong></span> <span class='ocrx_word' id='word_1_370' title='bbox 1259 4616 1360 4666; x_wconf 88' lang='lat' dir='ltr'><strong>est.</strong></span> <span class='ocrx_word' id='word_1_371' title='bbox 1401 4607 1680 4676; x_wconf 85' lang='lat' dir='ltr'><strong>Quomodo</strong></span> <span class='ocrx_word' id='word_1_372' title='bbox 1704 4608 1834 4664; x_wconf 82' lang='lat' dir='ltr'><strong>dicit</strong></span> <span class='ocrx_word' id='word_1_373' title='bbox 1876 4609 2033 4664; x_wconf 85' lang='lat' dir='ltr'><strong>Pela-</strong></span> 
     </span>
    </p>
   </div>
   <div class='ocr_carea' id='block_1_48' title="bbox 446 4696 2032 4773">
    <p class='ocr_par' dir='ltr' id='par_1_48' title="bbox 446 4696 2032 4773">
     <span class='ocr_line' id='line_1_48' title="bbox 446 4696 2032 4773; baseline 0.004 -23"><span class='ocrx_word' id='word_1_374' title='bbox 446 4696 594 4766; x_wconf 83' lang='lat' dir='ltr'><strong>gius,</strong></span> <span class='ocrx_word' id='word_1_375' title='bbox 640 4696 836 4766; x_wconf 75' lang='lat' dir='ltr'><strong>sQuod</strong></span> <span class='ocrx_word' id='word_1_376' title='bbox 877 4697 1015 4755; x_wconf 84' lang='lat' dir='ltr'><strong>bene</strong></span> <span class='ocrx_word' id='word_1_377' title='bbox 1061 4699 1201 4770; x_wconf 88' lang='lat' dir='ltr'><strong>loqui</strong></span> <span class='ocrx_word' id='word_1_378' title='bbox 1240 4715 1555 4770; x_wconf 74' lang='lat' dir='ltr'><strong>possumus,</strong></span> <span class='ocrx_word' id='word_1_379' title='bbox 1604 4701 1698 4757; x_wconf 89' lang='lat' dir='ltr'><strong>Dei</strong></span> <span class='ocrx_word' id='word_1_380' title='bbox 1738 4714 1820 4758; x_wconf 90' lang='lat' dir='ltr'><strong>est</strong></span> <span class='ocrx_word' id='word_1_381' title='bbox 1848 4720 1862 4757; x_wconf 88' lang='lat'><strong>:</strong></span> <span class='ocrx_word' id='word_1_382' title='bbox 1891 4701 2032 4773; x_wconf 89' lang='lat' dir='ltr'><strong>quod</strong></span> 
     </span>
    </p>
   </div>
   <div class='ocr_carea' id='block_1_49' title="bbox 449 4787 2032 4858">
    <p class='ocr_par' dir='ltr' id='par_1_49' title="bbox 449 4787 2032 4858">
     <span class='ocr_line' id='line_1_49' title="bbox 449 4787 2032 4858; baseline 0.001 -14"><span class='ocrx_word' id='word_1_383' title='bbox 449 4789 582 4844; x_wconf 77' lang='lat' dir='ltr'><strong>bene</strong></span> <span class='ocrx_word' id='word_1_384' title='bbox 614 4787 898 4858; x_wconf 85' lang='lat' dir='ltr'><strong>loquimur,</strong></span> <span class='ocrx_word' id='word_1_385' title='bbox 938 4797 1177 4845; x_wconf 87' lang='lat' dir='ltr'><strong>nostrum</strong></span> <span class='ocrx_word' id='word_1_386' title='bbox 1223 4802 1336 4857; x_wconf 86' lang='lat' dir='ltr'><strong>est;</strong></span> <span class='ocrx_word' id='word_1_387' title='bbox 1364 4809 1386 4843; x_wconf 73' lang='grc' dir='ltr'><strong>ι</strong></span> <span class='ocrx_word' id='word_1_388' title='bbox 1435 4807 1559 4846; x_wconf 90' lang='lat' dir='ltr'><strong>cum</strong></span> <span class='ocrx_word' id='word_1_389' title='bbox 1586 4791 1728 4848; x_wconf 89' lang='lat' dir='ltr'><strong>dicat</strong></span> <span class='ocrx_word' id='word_1_390' title='bbox 1757 4791 2032 4854; x_wconf 85' lang='lat' dir='ltr'><strong>Dominus,</strong></span> 
     </span>
    </p>
   </div>
   <div class='ocr_carea' id='block_1_50' title="bbox 451 4877 2035 4955">
    <p class='ocr_par' dir='ltr' id='par_1_50' title="bbox 451 4877 2035 4955">
     <span class='ocr_line' id='line_1_50' title="bbox 451 4877 2035 4955; baseline 0.003 -22"><span class='ocrx_word' id='word_1_391' title='bbox 451 4877 674 4946; x_wconf 83' lang='lat' dir='ltr'><strong>Spiritus</strong></span> <span class='ocrx_word' id='word_1_392' title='bbox 705 4877 878 4934; x_wconf 86' lang='lat' dir='ltr'><strong>Patris</strong></span> <span class='ocrx_word' id='word_1_393' title='bbox 904 4881 1054 4936; x_wconf 78' lang='lat' dir='ltr'><strong>vestri</strong></span> <span class='ocrx_word' id='word_1_394' title='bbox 1081 4891 1154 4936; x_wconf 83' lang='lat' dir='ltr'><strong>est</strong></span> <span class='ocrx_word' id='word_1_395' title='bbox 1181 4882 1268 4952; x_wconf 81' lang='lat' dir='ltr'><strong>qui</strong></span> <span class='ocrx_word' id='word_1_396' title='bbox 1292 4882 1512 4954; x_wconf 80' lang='lat' dir='ltr'><strong>loquitur</strong></span> <span class='ocrx_word' id='word_1_397' title='bbox 1551 4881 1606 4936; x_wconf 85' lang='lat' dir='ltr'><strong>in</strong></span> <span class='ocrx_word' id='word_1_398' title='bbox 1638 4884 1816 4940; x_wconf 73' lang='lat' dir='ltr'><strong>vobis?</strong></span> <span class='ocrx_word' id='word_1_399' title='bbox 1853 4884 2035 4955; x_wconf 83' lang='lat' dir='ltr'><strong>Neque</strong></span> 
     </span>
    </p>
   </div>
   <div class='ocr_carea' id='block_1_51' title="bbox 449 4969 2038 5046">
    <p class='ocr_par' dir='ltr' id='par_1_51' title="bbox 449 4969 2038 5046">
     <span class='ocr_line' id='line_1_51' title="bbox 449 4969 2038 5046; baseline 0.006 -23"><span class='ocrx_word' id='word_1_400' title='bbox 449 4970 590 5024; x_wconf 89' lang='lat' dir='ltr'><strong>enim</strong></span> <span class='ocrx_word' id='word_1_401' title='bbox 617 4969 710 5037; x_wconf 90' lang='lat' dir='ltr'><strong>ait,</strong></span> <span class='ocrx_word' id='word_1_402' title='bbox 743 4970 857 5027; x_wconf 85' lang='lat' dir='ltr'><strong>Non</strong></span> <span class='ocrx_word' id='word_1_403' title='bbox 895 4987 992 5028; x_wconf 87' lang='lat' dir='ltr'><strong>vos</strong></span> <span class='ocrx_word' id='word_1_404' title='bbox 1015 4973 1144 5028; x_wconf 85' lang='lat' dir='ltr'><strong>estis</strong></span> <span class='ocrx_word' id='word_1_405' title='bbox 1173 4975 1261 5045; x_wconf 88' lang='lat' dir='ltr'><strong>qui</strong></span> <span class='ocrx_word' id='word_1_406' title='bbox 1290 4973 1510 5030; x_wconf 88' lang='lat' dir='ltr'><strong>dedistis</strong></span> <span class='ocrx_word' id='word_1_407' title='bbox 1537 4975 1687 5032; x_wconf 87' lang='lat' dir='ltr'><strong>vobis</strong></span> <span class='ocrx_word' id='word_1_408' title='bbox 1710 4975 1847 5034; x_wconf 87' lang='lat' dir='ltr'><strong>bene</strong></span> <span class='ocrx_word' id='word_1_409' title='bbox 1876 4991 2038 5046; x_wconf 83' lang='lat' dir='ltr'><strong>posse</strong></span> 
     </span>
    </p>
   </div>
   <div class='ocr_carea' id='block_1_52' title="bbox 451 5060 2034 5138">
    <p class='ocr_par' dir='ltr' id='par_1_52' title="bbox 451 5060 2034 5138">
     <span class='ocr_line' id='line_1_52' title="bbox 451 5060 2034 5138; baseline 0.006 -24"><span class='ocrx_word' id='word_1_410' title='bbox 451 5060 594 5131; x_wconf 89' lang='lat' dir='ltr'><strong>loqui</strong></span> <span class='ocrx_word' id='word_1_411' title='bbox 618 5078 632 5114; x_wconf 90' lang='lat'><strong>:</strong></span> <span class='ocrx_word' id='word_1_412' title='bbox 660 5060 754 5118; x_wconf 84' lang='lat' dir='ltr'><strong>sed</strong></span> <span class='ocrx_word' id='word_1_413' title='bbox 779 5062 874 5130; x_wconf 89' lang='lat' dir='ltr'><strong>ait,</strong></span> <span class='ocrx_word' id='word_1_414' title='bbox 920 5061 1043 5119; x_wconf 86' lang='lat' dir='ltr'><strong>Non</strong></span> <span class='ocrx_word' id='word_1_415' title='bbox 1068 5081 1156 5120; x_wconf 73' lang='lat' dir='ltr'><strong>uos</strong></span> <span class='ocrx_word' id='word_1_416' title='bbox 1187 5067 1304 5120; x_wconf 76' lang='lat' dir='ltr'><strong>estis</strong></span> <span class='ocrx_word' id='word_1_417' title='bbox 1332 5065 1416 5136; x_wconf 85' lang='lat' dir='ltr'><strong>qui</strong></span> <span class='ocrx_word' id='word_1_418' title='bbox 1442 5065 1706 5136; x_wconf 85' lang='lat' dir='ltr'><strong>loquimini</strong></span> <span class='ocrx_word' id='word_1_419' title='bbox 1735 5064 1946 5138; x_wconf 70' lang='lat' dir='ltr'><strong>(Matth.</strong></span> <span class='ocrx_word' id='word_1_420' title='bbox 1976 5084 2034 5136; x_wconf 70' lang='grc' dir='ltr'><strong>ι,</strong></span> 
     </span>
    </p>
   </div>
   <div class='ocr_carea' id='block_1_53' title="bbox 450 5146 2038 5228">
    <p class='ocr_par' dir='ltr' id='par_1_53' title="bbox 450 5146 2038 5228">
     <span class='ocr_line' id='line_1_53' title="bbox 450 5146 2038 5228; baseline 0.005 -23"><span class='ocrx_word' id='word_1_421' title='bbox 450 5149 566 5222; x_wconf 76' lang='lat'><strong>20).</strong></span> <span class='ocrx_word' id='word_1_422' title='bbox 595 5150 705 5208; x_wconf 87' lang='lat' dir='ltr'><strong>Nec</strong></span> <span class='ocrx_word' id='word_1_423' title='bbox 739 5152 834 5219; x_wconf 92' lang='lat' dir='ltr'><strong>ait,</strong></span> <span class='ocrx_word' id='word_1_424' title='bbox 866 5151 1094 5225; x_wconf 75' lang='lat' dir='ltr'><strong>Spiritus</strong></span> <span class='ocrx_word' id='word_1_425' title='bbox 1123 5155 1296 5212; x_wconf 81' lang='lat' dir='ltr'><strong>Patris</strong></span> <span class='ocrx_word' id='word_1_426' title='bbox 1320 5157 1471 5212; x_wconf 84' lang='lat' dir='ltr'><strong>vestri</strong></span> <span class='ocrx_word' id='word_1_427' title='bbox 1505 5166 1590 5212; x_wconf 89' lang='lat' dir='ltr'><strong>est</strong></span> <span class='ocrx_word' id='word_1_428' title='bbox 1612 5157 1704 5228; x_wconf 90' lang='lat' dir='ltr'><strong>qui</strong></span> <span class='ocrx_word' id='word_1_429' title='bbox 1748 5159 1900 5215; x_wconf 88' lang='lat' dir='ltr'><strong>vobis</strong></span> <span class='ocrx_word' id='word_1_430' title='bbox 1923 5146 2038 5226; x_wconf 77' lang='lat' dir='ltr'><strong>dat,</strong></span> 
     </span>
    </p>
   </div>
   <div class='ocr_carea' id='block_1_54' title="bbox 453 5241 2040 5320">
    <p class='ocr_par' dir='ltr' id='par_1_54' title="bbox 453 5241 2040 5320">
     <span class='ocr_line' id='line_1_54' title="bbox 453 5241 2040 5320; baseline 0.008 -26"><span class='ocrx_word' id='word_1_431' title='bbox 453 5241 538 5298; x_wconf 88' lang='lat' dir='ltr'><strong>vel</strong></span> <span class='ocrx_word' id='word_1_432' title='bbox 569 5241 716 5298; x_wconf 86' lang='lat' dir='ltr'><strong>dedit</strong></span> <span class='ocrx_word' id='word_1_433' title='bbox 761 5259 918 5314; x_wconf 80' lang='lat' dir='ltr'><strong>posse</strong></span> <span class='ocrx_word' id='word_1_434' title='bbox 947 5245 1087 5302; x_wconf 89' lang='lat' dir='ltr'><strong>bene</strong></span> <span class='ocrx_word' id='word_1_435' title='bbox 1113 5246 1292 5317; x_wconf 85' lang='lat' dir='ltr'><strong>loqui;</strong></span> <span class='ocrx_word' id='word_1_436' title='bbox 1341 5247 1436 5303; x_wconf 90' lang='lat' dir='ltr'><strong>sed</strong></span> <span class='ocrx_word' id='word_1_437' title='bbox 1477 5247 1570 5316; x_wconf 88' lang='lat' dir='ltr'><strong>ait,</strong></span> <span class='ocrx_word' id='word_1_438' title='bbox 1611 5247 1700 5320; x_wconf 84' lang='lat' dir='ltr'><strong>qui</strong></span> <span class='ocrx_word' id='word_1_439' title='bbox 1725 5246 1946 5320; x_wconf 85' lang='lat' dir='ltr'><strong>loquitur</strong></span> <span class='ocrx_word' id='word_1_440' title='bbox 1983 5251 2040 5306; x_wconf 80' lang='lat' dir='ltr'><strong>in</strong></span> 
     </span>
    </p>
   </div>
   <div class='ocr_carea' id='block_1_55' title="bbox 453 5335 2038 5412">
    <p class='ocr_par' dir='ltr' id='par_1_55' title="bbox 453 5335 2038 5412">
     <span class='ocr_line' id='line_1_55' title="bbox 453 5335 2038 5412; baseline 0.004 -22"><span class='ocrx_word' id='word_1_441' title='bbox 453 5335 589 5390; x_wconf 69' lang='lat' dir='ltr'><strong>vobis</strong></span> <span class='ocrx_word' id='word_1_442' title='bbox 613 5350 634 5391; x_wconf 92' lang='lat'><strong><em>:</em></strong></span> <span class='ocrx_word' id='word_1_443' title='bbox 660 5352 767 5392; x_wconf 86' lang='lat' dir='ltr'><strong>non</strong></span> <span class='ocrx_word' id='word_1_444' title='bbox 813 5338 1118 5408; x_wconf 89' lang='lat' dir='ltr'><strong>significans</strong></span> <span class='ocrx_word' id='word_1_445' title='bbox 1143 5341 1508 5410; x_wconf 81' lang='lat' dir='ltr'><strong>possibilitatis</strong></span> <span class='ocrx_word' id='word_1_446' title='bbox 1549 5341 1840 5412; x_wconf 89' lang='lat' dir='ltr'><strong>profectum</strong></span> <span class='ocrx_word' id='word_1_447' title='bbox 1860 5343 1900 5409; x_wconf 79' lang='grc' dir='ltr'>ί,</span> <span class='ocrx_word' id='word_1_448' title='bbox 1944 5347 2038 5397; x_wconf 83' lang='lat' dir='ltr'><strong>sed</strong></span> 
     </span>
    </p>
   </div>
   <div class='ocr_carea' id='block_1_56' title="bbox 454 5429 2039 5502">
    <p class='ocr_par' dir='ltr' id='par_1_56' title="bbox 454 5429 2039 5502">
     <span class='ocr_line' id='line_1_56' title="bbox 454 5429 2039 5502; baseline 0.005 -20"><span class='ocrx_word' id='word_1_449' title='bbox 454 5429 761 5498; x_wconf 78' lang='lat' dir='ltr'><strong>exprimens</strong></span> <span class='ocrx_word' id='word_1_450' title='bbox 787 5432 1180 5500; x_wconf 87' lang='lat' dir='ltr'><strong>cooperationis</strong></span> <span class='ocrx_word' id='word_1_451' title='bbox 1215 5432 1482 5489; x_wconf 81' lang='lat' dir='ltr'><strong>effectum.</strong></span> <span class='ocrx_word' id='word_1_452' title='bbox 1517 5434 1795 5502; x_wconf 88' lang='lat' dir='ltr'><strong>Quomodo</strong></span> <span class='ocrx_word' id='word_1_453' title='bbox 1817 5435 1947 5491; x_wconf 91' lang='lat' dir='ltr'><strong>dicit</strong></span> <span class='ocrx_word' id='word_1_454' title='bbox 1972 5435 2039 5490; x_wconf 77' lang='lat' dir='ltr'><strong>li-</strong></span> 
     </span>
    </p>
   </div>
   <div class='ocr_carea' id='block_1_57' title="bbox 456 5519 2039 5598">
    <p class='ocr_par' dir='ltr' id='par_1_57' title="bbox 456 5519 2039 5598">
     <span class='ocr_line' id='line_1_57' title="bbox 456 5519 2039 5598; baseline 0.006 -26"><span class='ocrx_word' id='word_1_455' title='bbox 456 5519 569 5574; x_wconf 85' lang='lat' dir='ltr'><strong>beri</strong></span> <span class='ocrx_word' id='word_1_456' title='bbox 608 5521 812 5576; x_wconf 86' lang='lat' dir='ltr'><strong>arbitrii</strong></span> <span class='ocrx_word' id='word_1_457' title='bbox 841 5521 1012 5578; x_wconf 86' lang='lat' dir='ltr'><strong>elatus</strong></span> <span class='ocrx_word' id='word_1_458' title='bbox 1055 5533 1319 5588; x_wconf 77' lang='lat' dir='ltr'><strong>assertor,</strong></span> <span class='ocrx_word' id='word_1_459' title='bbox 1349 5543 1368 5577; x_wconf 72' lang='grc' dir='ltr'><strong>ι</strong></span> <span class='ocrx_word' id='word_1_460' title='bbox 1397 5525 1548 5596; x_wconf 85' lang='lat' dir='ltr'><strong>Quod</strong></span> <span class='ocrx_word' id='word_1_461' title='bbox 1593 5543 1876 5598; x_wconf 81' lang='lat' dir='ltr'><strong>possumus</strong></span> <span class='ocrx_word' id='word_1_462' title='bbox 1905 5527 2039 5583; x_wconf 92' lang='lat' dir='ltr'><strong>bene</strong></span> 
     </span>
    </p>
   </div>
   <div class='ocr_carea' id='block_1_58' title="bbox 457 5613 2038 5689">
    <p class='ocr_par' dir='ltr' id='par_1_58' title="bbox 457 5613 2038 5689">
     <span class='ocr_line' id='line_1_58' title="bbox 457 5613 2038 5689; baseline 0.004 -21"><span class='ocrx_word' id='word_1_463' title='bbox 457 5613 708 5685; x_wconf 75' lang='lat' dir='ltr'><strong>cogitare,</strong></span> <span class='ocrx_word' id='word_1_464' title='bbox 743 5615 837 5670; x_wconf 87' lang='lat' dir='ltr'><strong>Dei</strong></span> <span class='ocrx_word' id='word_1_465' title='bbox 875 5625 994 5681; x_wconf 87' lang='lat' dir='ltr'><strong>est;</strong></span> <span class='ocrx_word' id='word_1_466' title='bbox 1040 5617 1180 5687; x_wconf 90' lang='lat' dir='ltr'><strong>quod</strong></span> <span class='ocrx_word' id='word_1_467' title='bbox 1229 5628 1400 5674; x_wconf 84' lang='lat' dir='ltr'><strong>autem</strong></span> <span class='ocrx_word' id='word_1_468' title='bbox 1435 5620 1568 5674; x_wconf 75' lang='lat' dir='ltr'><strong>bene</strong></span> <span class='ocrx_word' id='word_1_469' title='bbox 1610 5621 1900 5689; x_wconf 76' lang='lat' dir='ltr'><strong>cogitamus</strong></span> <span class='ocrx_word' id='word_1_470' title='bbox 1942 5639 2038 5676; x_wconf 86' lang='lat' dir='ltr'><strong>no-</strong></span> 
     </span>
    </p>
   </div>
   <div class='ocr_carea' id='block_1_59' title="bbox 523 5853 1076 5916">
    <p class='ocr_par' dir='ltr' id='par_1_59' title="bbox 523 5853 1076 5916">
     <span class='ocr_line' id='line_1_59' title="bbox 523 5853 1076 5916; baseline 0 -15"><span class='ocrx_word' id='word_1_471' title='bbox 523 5853 538 5886; x_wconf 83' lang='grc'>¹</span> <span class='ocrx_word' id='word_1_472' title='bbox 565 5857 612 5901; x_wconf 84' lang='grc' dir='ltr'><strong>ιιι</strong></span> <span class='ocrx_word' id='word_1_473' title='bbox 635 5858 764 5913; x_wconf 55' lang='grc' dir='ltr'><strong>κω,</strong></span> <span class='ocrx_word' id='word_1_474' title='bbox 785 5857 1076 5916; x_wconf 73' lang='lat' dir='ltr'><strong>provectum.</strong></span> 
     </span>
    </p>
   </div>
   <div class='ocr_carea' id='block_1_60' title="bbox 1495 361 2446 423">
    <p class='ocr_par' dir='ltr' id='par_1_60' title="bbox 1495 361 2446 423">
     <span class='ocr_line' id='line_1_60' title="bbox 1495 361 2446 423; baseline -0.005 -2"><span class='ocrx_word' id='word_1_475' title='bbox 1495 365 1696 422; x_wconf 76' lang='lat' dir='ltr'><strong>UBER</strong></span> <span class='ocrx_word' id='word_1_476' title='bbox 1737 367 1824 422; x_wconf 84' lang='lat' dir='ltr'><strong>DE</strong></span> <span class='ocrx_word' id='word_1_477' title='bbox 1865 365 2122 423; x_wconf 64' lang='lat' dir='ltr'><strong>GliATIA</strong></span> <span class='ocrx_word' id='word_1_478' title='bbox 2161 361 2446 418; x_wconf 74' lang='lat' dir='ltr'><strong>CHRISTI.</strong></span> 
     </span>
    </p>
   </div>
   <div class='ocr_carea' id='block_1_61' title="bbox 3553 349 3657 404">
    <p class='ocr_par' dir='ltr' id='par_1_61' title="bbox 3553 349 3657 404">
     <span class='ocr_line' id='line_1_61' title="bbox 3553 349 3657 404; baseline 0 -1"><span class='ocrx_word' id='word_1_479' title='bbox 3553 349 3657 404; x_wconf 58' lang='lat'><strong>375</strong></span> 
     </span>
    </p>
   </div>
   <div class='ocr_carea' id='block_1_62' title="bbox 2068 466 3660 541">
    <p class='ocr_par' dir='ltr' id='par_1_62' title="bbox 2068 466 3660 541">
     <span class='ocr_line' id='line_1_62' title="bbox 2068 466 3660 541; baseline -0.008 -8"><span class='ocrx_word' id='word_1_480' title='bbox 2068 491 2235 534; x_wconf 79' lang='lat' dir='ltr'><strong>strum</strong></span> <span class='ocrx_word' id='word_1_481' title='bbox 2267 476 2384 537; x_wconf 82' lang='lat' dir='ltr'><strong>est?</strong></span> <span class='ocrx_word' id='word_1_482' title='bbox 2412 494 2431 528; x_wconf 75' lang='grc' dir='ltr'><strong>ι</strong></span> <span class='ocrx_word' id='word_1_483' title='bbox 2462 474 2559 530; x_wconf 86' lang='lat' dir='ltr'><strong>Cui</strong></span> <span class='ocrx_word' id='word_1_484' title='bbox 2603 469 2887 541; x_wconf 80' lang='lat' dir='ltr'><strong>respondet</strong></span> <span class='ocrx_word' id='word_1_485' title='bbox 2930 469 3142 523; x_wconf 82' lang='lat' dir='ltr'><strong>bntnilis</strong></span> <span class='ocrx_word' id='word_1_486' title='bbox 3184 469 3364 539; x_wconf 72' lang='lat' dir='ltr'><strong>gratim</strong></span> <span class='ocrx_word' id='word_1_487' title='bbox 3405 466 3660 535; x_wconf 60' lang='lat' dir='ltr'><strong>pra-dica-</strong></span> 
     </span>
    </p>
   </div>
   <div class='ocr_carea' id='block_1_63' title="bbox 2070 559 3665 637">
    <p class='ocr_par' dir='ltr' id='par_1_63' title="bbox 2070 559 3665 637">
     <span class='ocr_line' id='line_1_63' title="bbox 2070 559 3665 637; baseline -0.006 -12"><span class='ocrx_word' id='word_1_488' title='bbox 2070 580 2190 625; x_wconf 19' lang='lat' dir='ltr'><strong>tori:</strong></span> <span class='ocrx_word' id='word_1_489' title='bbox 2224 567 2345 623; x_wconf 85' lang='lat' dir='ltr'><strong>Non</strong></span> <span class='ocrx_word' id='word_1_490' title='bbox 2379 567 2497 637; x_wconf 86' lang='lat' dir='ltr'><strong>quia</strong></span> <span class='ocrx_word' id='word_1_491' title='bbox 2531 563 2699 619; x_wconf 75' lang='lat' dir='ltr'><strong>idonei</strong></span> <span class='ocrx_word' id='word_1_492' title='bbox 2735 578 2905 616; x_wconf 81' lang='lat' dir='ltr'><strong>sumus</strong></span> <span class='ocrx_word' id='word_1_493' title='bbox 2949 561 3169 632; x_wconf 79' lang='lat' dir='ltr'><strong>rogitare</strong></span> <span class='ocrx_word' id='word_1_494' title='bbox 3194 559 3390 632; x_wconf 77' lang='lat' dir='ltr'><strong>aliquid</strong></span> <span class='ocrx_word' id='word_1_495' title='bbox 3429 575 3460 613; x_wconf 88' lang='grc' dir='ltr'><em>α</em></span> <span class='ocrx_word' id='word_1_496' title='bbox 3497 559 3665 630; x_wconf 79' lang='lat' dir='ltr'><strong>nobis,</strong></span> 
     </span>
    </p>
   </div>
   <div class='ocr_carea' id='block_1_64' title="bbox 2069 654 3667 732">
    <p class='ocr_par' dir='ltr' id='par_1_64' title="bbox 2069 654 3667 732">
     <span class='ocr_line' id='line_1_64' title="bbox 2069 654 3667 732; baseline -0.004 -15"><span class='ocrx_word' id='word_1_497' title='bbox 2069 663 2214 732; x_wconf 80' lang='lat' dir='ltr'><strong>quasi</strong></span> <span class='ocrx_word' id='word_1_498' title='bbox 2247 677 2311 716; x_wconf 71' lang='lat' dir='ltr'><strong>ea:</strong></span> <span class='ocrx_word' id='word_1_499' title='bbox 2349 657 2749 728; x_wconf 79' lang='lat' dir='ltr'><strong>nobismetipsis;</strong></span> <span class='ocrx_word' id='word_1_500' title='bbox 2785 654 2876 710; x_wconf 79' lang='lat' dir='ltr'><strong>sed</strong></span> <span class='ocrx_word' id='word_1_501' title='bbox 2915 655 3418 727; x_wconf 62' lang='lat' dir='ltr'><strong>suﬂicientiamostra</strong></span> <span class='ocrx_word' id='word_1_502' title='bbox 3461 671 3522 708; x_wconf 78' lang='lat' dir='ltr'><strong>ea:</strong></span> <span class='ocrx_word' id='word_1_503' title='bbox 3559 654 3667 711; x_wconf 86' lang='lat' dir='ltr'><strong>Deo</strong></span> 
     </span>
    </p>
   </div>
   <div class='ocr_carea' id='block_1_65' title="bbox 2073 745 3664 826">
    <p class='ocr_par' dir='ltr' id='par_1_65' title="bbox 2073 745 3664 826">
     <span class='ocr_line' id='line_1_65' title="bbox 2073 745 3664 826; baseline -0.005 -17"><span class='ocrx_word' id='word_1_504' title='bbox 2073 764 2144 809; x_wconf 82' lang='lat' dir='ltr'><strong>est</strong></span> <span class='ocrx_word' id='word_1_505' title='bbox 2171 753 2236 826; x_wconf 88' lang='lat' dir='ltr'><strong>(ll</strong></span> <span class='ocrx_word' id='word_1_506' title='bbox 2263 751 2382 808; x_wconf 84' lang='lat' dir='ltr'><strong>Cor.</strong></span> <span class='ocrx_word' id='word_1_507' title='bbox 2407 767 2488 817; x_wconf 91' lang='grc' dir='ltr'>ιιι,</span> <span class='ocrx_word' id='word_1_508' title='bbox 2514 746 2592 824; x_wconf 82' lang='lat'><strong>5).</strong></span> <span class='ocrx_word' id='word_1_509' title='bbox 2625 748 2742 803; x_wconf 86' lang='lat' dir='ltr'><strong>Non</strong></span> <span class='ocrx_word' id='word_1_510' title='bbox 2767 747 2910 804; x_wconf 90' lang='lat' dir='ltr'><strong>enim</strong></span> <span class='ocrx_word' id='word_1_511' title='bbox 2936 747 3031 814; x_wconf 88' lang='lat' dir='ltr'><strong>ait,</strong></span> <span class='ocrx_word' id='word_1_512' title='bbox 3064 745 3224 802; x_wconf 84' lang='lat' dir='ltr'><strong>Posse</strong></span> <span class='ocrx_word' id='word_1_513' title='bbox 3246 746 3518 818; x_wconf 80' lang='lat' dir='ltr'><strong>cogitare;</strong></span> <span class='ocrx_word' id='word_1_514' title='bbox 3547 745 3664 807; x_wconf 91' lang='lat' dir='ltr'><strong>sed.</strong></span> 
     </span>
    </p>
   </div>
   <div class='ocr_carea' id='block_1_66' title="bbox 2073 846 3506 917">
    <p class='ocr_par' dir='ltr' id='par_1_66' title="bbox 2073 846 3506 917">
     <span class='ocr_line' id='line_1_66' title="bbox 2073 846 3506 917; baseline 0.006 -17"><span class='ocrx_word' id='word_1_515' title='bbox 2073 846 2311 917; x_wconf 81' lang='lat' dir='ltr'><strong>cogitare.</strong></span> <span class='ocrx_word' id='word_1_516' title='bbox 3498 896 3506 909; x_wconf 90' lang='lat'><strong>.</strong></span> 
     </span>
    </p>
   </div>
   <div class='ocr_carea' id='block_1_67' title="bbox 2146 927 3668 1000">
    <p class='ocr_par' dir='ltr' id='par_1_67' title="bbox 2146 927 3668 1000">
     <span class='ocr_line' id='line_1_67' title="bbox 2146 927 3668 1000; baseline -0.005 -11"><span class='ocrx_word' id='word_1_517' title='bbox 2146 933 2372 991; x_wconf 83' lang='lat' dir='ltr'><strong>CAPUT</strong></span> <span class='ocrx_word' id='word_1_518' title='bbox 2408 931 2691 989; x_wconf 61' lang='grc' dir='ltr'>χχιιι..-</span> <span class='ocrx_word' id='word_1_519' title='bbox 2710 929 2802 984; x_wconf 71' lang='grc'><strong>27.</strong></span> <span class='ocrx_word' id='word_1_520' title='bbox 2843 927 3004 984; x_wconf 89' lang='lat' dir='ltr'><strong>Istam</strong></span> <span class='ocrx_word' id='word_1_521' title='bbox 3026 927 3119 984; x_wconf 90' lang='lat' dir='ltr'><strong>Dei</strong></span> <span class='ocrx_word' id='word_1_522' title='bbox 3145 927 3368 1000; x_wconf 88' lang='lat' dir='ltr'><strong>gratiam</strong></span> <span class='ocrx_word' id='word_1_523' title='bbox 3392 927 3445 982; x_wconf 92' lang='lat' dir='ltr'><strong>in</strong></span> <span class='ocrx_word' id='word_1_524' title='bbox 3473 927 3668 982; x_wconf 82' lang='lat' dir='ltr'><strong>divinis</strong></span> 
     </span>
    </p>
   </div>
   <div class='ocr_carea' id='block_1_68' title="bbox 2077 1017 3672 1098">
    <p class='ocr_par' dir='ltr' id='par_1_68' title="bbox 2077 1017 3672 1098">
     <span class='ocr_line' id='line_1_68' title="bbox 2077 1017 3672 1098; baseline -0.005 -16"><span class='ocrx_word' id='word_1_525' title='bbox 2077 1027 2304 1098; x_wconf 86' lang='lat' dir='ltr'><strong>eloquiis</strong></span> <span class='ocrx_word' id='word_1_526' title='bbox 2337 1023 2674 1082; x_wconf 82' lang='lat' dir='ltr'><strong>manifestam</strong></span> <span class='ocrx_word' id='word_1_527' title='bbox 2720 1021 2881 1078; x_wconf 87' lang='lat' dir='ltr'><strong>etiam</strong></span> <span class='ocrx_word' id='word_1_528' title='bbox 2908 1019 3153 1090; x_wconf 78' lang='lat' dir='ltr'><strong>Pelagius</strong></span> <span class='ocrx_word' id='word_1_529' title='bbox 3196 1017 3477 1074; x_wconf 73' lang='lat' dir='ltr'><strong>manifeste</strong></span> <span class='ocrx_word' id='word_1_530' title='bbox 3505 1017 3672 1074; x_wconf 79' lang='lat' dir='ltr'><strong>fatea-</strong></span> 
     </span>
    </p>
   </div>
   <div class='ocr_carea' id='block_1_69' title="bbox 2081 1113 3675 1191">
    <p class='ocr_par' dir='ltr' id='par_1_69' title="bbox 2081 1113 3675 1191">
     <span class='ocr_line' id='line_1_69' title="bbox 2081 1113 3675 1191; baseline -0.005 -15"><span class='ocrx_word' id='word_1_531' title='bbox 2081 1130 2184 1188; x_wconf 89' lang='lat' dir='ltr'><strong>tur,</strong></span> <span class='ocrx_word' id='word_1_532' title='bbox 2216 1134 2381 1191; x_wconf 90' lang='lat' dir='ltr'><strong>seque</strong></span> <span class='ocrx_word' id='word_1_533' title='bbox 2419 1117 2622 1174; x_wconf 91' lang='lat' dir='ltr'><strong>tamdiu</strong></span> <span class='ocrx_word' id='word_1_534' title='bbox 2648 1123 2832 1172; x_wconf 87' lang='lat' dir='ltr'><strong>contra</strong></span> <span class='ocrx_word' id='word_1_535' title='bbox 2861 1114 3094 1170; x_wconf 83' lang='lat' dir='ltr'><strong>sensisse</strong></span> <span class='ocrx_word' id='word_1_536' title='bbox 3124 1129 3229 1170; x_wconf 91' lang='lat' dir='ltr'><strong>non</strong></span> <span class='ocrx_word' id='word_1_537' title='bbox 3259 1113 3466 1186; x_wconf 87' lang='lat' dir='ltr'><strong>operiat</strong></span> <span class='ocrx_word' id='word_1_538' title='bbox 3498 1113 3675 1184; x_wconf 53' lang='lat' dir='ltr'><strong>impn.</strong></span> 
     </span>
    </p>
   </div>
   <div class='ocr_carea' id='block_1_70' title="bbox 2083 1203 3674 1283">
    <p class='ocr_par' dir='ltr' id='par_1_70' title="bbox 2083 1203 3674 1283">
     <span class='ocr_line' id='line_1_70' title="bbox 2083 1203 3674 1283; baseline -0.009 -13"><span class='ocrx_word' id='word_1_539' title='bbox 2083 1213 2398 1271; x_wconf 90' lang='lat' dir='ltr'><strong>dentissimo</strong></span> <span class='ocrx_word' id='word_1_540' title='bbox 2425 1210 2652 1283; x_wconf 87' lang='lat' dir='ltr'><strong>pudore,</strong></span> <span class='ocrx_word' id='word_1_541' title='bbox 2693 1208 2789 1266; x_wconf 90' lang='lat' dir='ltr'><strong>sed</strong></span> <span class='ocrx_word' id='word_1_542' title='bbox 2820 1207 3007 1264; x_wconf 89' lang='lat' dir='ltr'><strong>dolore</strong></span> <span class='ocrx_word' id='word_1_543' title='bbox 3035 1207 3392 1264; x_wconf 86' lang='lat' dir='ltr'><strong>saluberrimo</strong></span> <span class='ocrx_word' id='word_1_544' title='bbox 3433 1203 3674 1275; x_wconf 77' lang='lat' dir='ltr'><strong>aperiat;</strong></span> 
     </span>
    </p>
   </div>
   <div class='ocr_carea' id='block_1_71' title="bbox 2082 1297 3678 1371">
    <p class='ocr_par' dir='ltr' id='par_1_71' title="bbox 2082 1297 3678 1371">
     <span class='ocr_line' id='line_1_71' title="bbox 2082 1297 3678 1371; baseline -0.009 -5"><span class='ocrx_word' id='word_1_545' title='bbox 2082 1319 2142 1366; x_wconf 91' lang='lat' dir='ltr'><strong>ut</strong></span> <span class='ocrx_word' id='word_1_546' title='bbox 2165 1317 2348 1366; x_wconf 91' lang='lat' dir='ltr'><strong>sancta</strong></span> <span class='ocrx_word' id='word_1_547' title='bbox 2376 1305 2613 1362; x_wconf 92' lang='lat' dir='ltr'><strong>Ecclesia</strong></span> <span class='ocrx_word' id='word_1_548' title='bbox 2639 1320 2746 1360; x_wconf 92' lang='lat' dir='ltr'><strong>non</strong></span> <span class='ocrx_word' id='word_1_549' title='bbox 2786 1303 3030 1359; x_wconf 83' lang='lat' dir='ltr'><strong>turbetur</strong></span> <span class='ocrx_word' id='word_1_550' title='bbox 3067 1299 3329 1371; x_wconf 85' lang='lat' dir='ltr'><strong>pervicaci</strong></span> <span class='ocrx_word' id='word_1_551' title='bbox 3355 1297 3472 1369; x_wconf 89' lang='lat' dir='ltr'><strong>ejus</strong></span> <span class='ocrx_word' id='word_1_552' title='bbox 3505 1297 3678 1354; x_wconf 69' lang='lat' dir='ltr'><strong>obsti~</strong></span> 
     </span>
    </p>
   </div>
   <div class='ocr_carea' id='block_1_72' title="bbox 2085 1389 3683 1468">
    <p class='ocr_par' dir='ltr' id='par_1_72' title="bbox 2085 1389 3683 1468">
     <span class='ocr_line' id='line_1_72' title="bbox 2085 1389 3683 1468; baseline -0.008 -10"><span class='ocrx_word' id='word_1_553' title='bbox 2085 1403 2322 1468; x_wconf 86' lang='lat' dir='ltr'><strong>natione,</strong></span> <span class='ocrx_word' id='word_1_554' title='bbox 2349 1399 2443 1458; x_wconf 89' lang='lat' dir='ltr'><strong>sed</strong></span> <span class='ocrx_word' id='word_1_555' title='bbox 2467 1398 2642 1456; x_wconf 86' lang='lat' dir='ltr'><strong>veraci</strong></span> <span class='ocrx_word' id='word_1_556' title='bbox 2681 1396 3018 1454; x_wconf 89' lang='lat' dir='ltr'><strong>correctione</strong></span> <span class='ocrx_word' id='word_1_557' title='bbox 3049 1394 3279 1450; x_wconf 82' lang='lat' dir='ltr'><strong>laetetur.</strong></span> <span class='ocrx_word' id='word_1_558' title='bbox 3309 1389 3683 1463; x_wconf 84' lang='lat' dir='ltr'><strong>Cognitionem</strong></span> 
     </span>
    </p>
   </div>
   <div class='ocr_carea' id='block_1_73' title="bbox 2088 1484 3682 1556">
    <p class='ocr_par' dir='ltr' id='par_1_73' title="bbox 2088 1484 3682 1556">
     <span class='ocr_line' id='line_1_73' title="bbox 2088 1484 3682 1556; baseline -0.011 -3"><span class='ocrx_word' id='word_1_559' title='bbox 2088 1504 2144 1553; x_wconf 88' lang='lat' dir='ltr'><strong>et</strong></span> <span class='ocrx_word' id='word_1_560' title='bbox 2186 1493 2581 1556; x_wconf 71' lang='lat' dir='ltr'><strong>dilectionem‘,</strong></span> <span class='ocrx_word' id='word_1_561' title='bbox 2625 1491 2762 1548; x_wconf 87' lang='lat' dir='ltr'><strong>sicut</strong></span> <span class='ocrx_word' id='word_1_562' title='bbox 2803 1496 2931 1546; x_wconf 89' lang='lat' dir='ltr'><strong>sunt</strong></span> <span class='ocrx_word' id='word_1_563' title='bbox 2964 1485 3340 1553; x_wconf 89' lang='lat' dir='ltr'><strong>discernenda,</strong></span> <span class='ocrx_word' id='word_1_564' title='bbox 3385 1484 3682 1542; x_wconf 88' lang='lat' dir='ltr'><strong>discernat.</strong></span> 
     </span>
    </p>
   </div>
   <div class='ocr_carea' id='block_1_74' title="bbox 2089 1574 3684 1657">
    <p class='ocr_par' dir='ltr' id='par_1_74' title="bbox 2089 1574 3684 1657">
     <span class='ocr_line' id='line_1_74' title="bbox 2089 1574 3684 1657; baseline -0.009 -12"><span class='ocrx_word' id='word_1_565' title='bbox 2089 1587 2224 1657; x_wconf 91' lang='lat' dir='ltr'><strong>Quia</strong></span> <span class='ocrx_word' id='word_1_566' title='bbox 2253 1585 2474 1644; x_wconf 89' lang='lat' dir='ltr'><strong>scientia</strong></span> <span class='ocrx_word' id='word_1_567' title='bbox 2502 1581 2672 1650; x_wconf 79' lang='lat' dir='ltr'><strong>inflat,</strong></span> <span class='ocrx_word' id='word_1_568' title='bbox 2712 1580 2948 1636; x_wconf 78' lang='lat' dir='ltr'><strong>Charitas</strong></span> <span class='ocrx_word' id='word_1_569' title='bbox 2981 1578 3212 1636; x_wconf 66' lang='lat' dir='ltr'><strong>aedificat</strong></span> <span class='ocrx_word' id='word_1_570' title='bbox 3237 1575 3281 1652; x_wconf 92' lang='lat' dir='ltr'><strong>(l</strong></span> <span class='ocrx_word' id='word_1_571' title='bbox 3310 1574 3429 1634; x_wconf 87' lang='lat' dir='ltr'><strong>Cor.</strong></span> <span class='ocrx_word' id='word_1_572' title='bbox 3453 1592 3570 1641; x_wconf 79' lang='lat' dir='ltr'><strong>vni,</strong></span> <span class='ocrx_word' id='word_1_573' title='bbox 3605 1575 3684 1648; x_wconf 72' lang='lat' dir='ltr'><strong>i).</strong></span> 
     </span>
    </p>
   </div>
   <div class='ocr_carea' id='block_1_75' title="bbox 2090 1665 3685 1742">
    <p class='ocr_par' dir='ltr' id='par_1_75' title="bbox 2090 1665 3685 1742">
     <span class='ocr_line' id='line_1_75' title="bbox 2090 1665 3685 1742; baseline -0.009 -8"><span class='ocrx_word' id='word_1_574' title='bbox 2090 1677 2160 1734; x_wconf 89' lang='lat' dir='ltr'><strong>Et</strong></span> <span class='ocrx_word' id='word_1_575' title='bbox 2187 1686 2312 1733; x_wconf 89' lang='lat' dir='ltr'><strong>tunc</strong></span> <span class='ocrx_word' id='word_1_576' title='bbox 2343 1673 2565 1731; x_wconf 88' lang='lat' dir='ltr'><strong>scientia</strong></span> <span class='ocrx_word' id='word_1_577' title='bbox 2594 1687 2702 1728; x_wconf 94' lang='lat' dir='ltr'><strong>non</strong></span> <span class='ocrx_word' id='word_1_578' title='bbox 2733 1669 2901 1736; x_wconf 81' lang='lat' dir='ltr'><strong>inflat,</strong></span> <span class='ocrx_word' id='word_1_579' title='bbox 2929 1668 3144 1742; x_wconf 89' lang='lat' dir='ltr'><strong>quando</strong></span> <span class='ocrx_word' id='word_1_580' title='bbox 3177 1667 3412 1726; x_wconf 87' lang='lat' dir='ltr'><strong>cbaritas</strong></span> <span class='ocrx_word' id='word_1_581' title='bbox 3435 1665 3685 1722; x_wconf 80' lang='lat' dir='ltr'><strong>:edificat.</strong></span> 
     </span>
    </p>
   </div>
   <div class='ocr_carea' id='block_1_76' title="bbox 2094 1757 3691 1837">
    <p class='ocr_par' dir='ltr' id='par_1_76' title="bbox 2094 1757 3691 1837">
     <span class='ocr_line' id='line_1_76' title="bbox 2094 1757 3691 1837; baseline -0.011 -11"><span class='ocrx_word' id='word_1_582' title='bbox 2094 1771 2162 1827; x_wconf 88' lang='lat' dir='ltr'><strong>Et</strong></span> <span class='ocrx_word' id='word_1_583' title='bbox 2189 1784 2309 1826; x_wconf 90' lang='lat' dir='ltr'><strong>cum</strong></span> <span class='ocrx_word' id='word_1_584' title='bbox 2346 1768 2420 1826; x_wconf 88' lang='lat' dir='ltr'><strong>sit</strong></span> <span class='ocrx_word' id='word_1_585' title='bbox 2446 1776 2730 1837; x_wconf 89' lang='lat' dir='ltr'><strong>utrumque</strong></span> <span class='ocrx_word' id='word_1_586' title='bbox 2755 1763 2954 1819; x_wconf 93' lang='lat' dir='ltr'><strong>donum</strong></span> <span class='ocrx_word' id='word_1_587' title='bbox 2982 1761 3100 1830; x_wconf 90' lang='lat' dir='ltr'><strong>Dei,</strong></span> <span class='ocrx_word' id='word_1_588' title='bbox 3147 1759 3240 1816; x_wconf 87' lang='lat' dir='ltr'><strong>sed</strong></span> <span class='ocrx_word' id='word_1_589' title='bbox 3280 1775 3444 1815; x_wconf 92' lang='lat' dir='ltr'><strong>unum</strong></span> <span class='ocrx_word' id='word_1_590' title='bbox 3489 1757 3691 1824; x_wconf 85' lang='lat' dir='ltr'><strong>minus,</strong></span> 
     </span>
    </p>
   </div>
   <div class='ocr_carea' id='block_1_77' title="bbox 2095 1849 3692 1930">
    <p class='ocr_par' dir='ltr' id='par_1_77' title="bbox 2095 1849 3692 1930">
     <span class='ocr_line' id='line_1_77' title="bbox 2095 1849 3692 1930; baseline -0.011 -11"><span class='ocrx_word' id='word_1_591' title='bbox 2095 1863 2322 1919; x_wconf 92' lang='lat' dir='ltr'><strong>alterum</strong></span> <span class='ocrx_word' id='word_1_592' title='bbox 2355 1858 2552 1930; x_wconf 88' lang='lat' dir='ltr'><strong>majus,</strong></span> <span class='ocrx_word' id='word_1_593' title='bbox 2576 1873 2681 1913; x_wconf 87' lang='lat' dir='ltr'><strong>non</strong></span> <span class='ocrx_word' id='word_1_594' title='bbox 2711 1855 2824 1911; x_wconf 59' lang='lat' dir='ltr'><strong>sic”</strong></span> <span class='ocrx_word' id='word_1_595' title='bbox 2845 1854 3104 1926; x_wconf 85' lang='lat' dir='ltr'><strong>justitiam</strong></span> <span class='ocrx_word' id='word_1_596' title='bbox 3129 1860 3366 1906; x_wconf 90' lang='lat' dir='ltr'><strong>nostram</strong></span> <span class='ocrx_word' id='word_1_597' title='bbox 3392 1864 3553 1920; x_wconf 89' lang='lat' dir='ltr'><strong>super</strong></span> <span class='ocrx_word' id='word_1_598' title='bbox 3579 1849 3692 1902; x_wconf 54' lang='lat' dir='ltr'><strong>Ian-</strong></span> 
     </span>
    </p>
   </div>
   <div class='ocr_carea' id='block_1_78' title="bbox 2095 1941 3693 2024">
    <p class='ocr_par' dir='ltr' id='par_1_78' title="bbox 2095 1941 3693 2024">
     <span class='ocr_line' id='line_1_78' title="bbox 2095 1941 3693 2024; baseline -0.011 -13"><span class='ocrx_word' id='word_1_599' title='bbox 2095 1954 2218 2012; x_wconf 89' lang='lat' dir='ltr'><strong>dem</strong></span> <span class='ocrx_word' id='word_1_600' title='bbox 2253 1950 2622 2024; x_wconf 88' lang='lat' dir='ltr'><strong>justificatoris</strong></span> <span class='ocrx_word' id='word_1_601' title='bbox 2659 1948 2828 2005; x_wconf 88' lang='lat' dir='ltr'><strong>nostri</strong></span> <span class='ocrx_word' id='word_1_602' title='bbox 2872 1947 3110 2010; x_wconf 85' lang='lat' dir='ltr'><strong>extollat,</strong></span> <span class='ocrx_word' id='word_1_603' title='bbox 3155 1952 3212 1998; x_wconf 93' lang='lat' dir='ltr'><strong>ut</strong></span> <span class='ocrx_word' id='word_1_604' title='bbox 3245 1942 3436 1998; x_wconf 85' lang='lat' dir='ltr'><strong>horum</strong></span> <span class='ocrx_word' id='word_1_605' title='bbox 3467 1941 3693 1996; x_wconf 88' lang='lat' dir='ltr'><strong>duorum</strong></span> 
     </span>
    </p>
   </div>
   <div class='ocr_carea' id='block_1_79' title="bbox 2097 2031 3696 2116">
    <p class='ocr_par' dir='ltr' id='par_1_79' title="bbox 2097 2031 3696 2116">
     <span class='ocr_line' id='line_1_79' title="bbox 2097 2031 3696 2116; baseline -0.01 -16"><span class='ocrx_word' id='word_1_606' title='bbox 2097 2043 2240 2116; x_wconf 89' lang='lat' dir='ltr'><strong>quod</strong></span> <span class='ocrx_word' id='word_1_607' title='bbox 2265 2043 2440 2099; x_wconf 90' lang='lat' dir='ltr'><strong>minus</strong></span> <span class='ocrx_word' id='word_1_608' title='bbox 2463 2051 2566 2110; x_wconf 91' lang='lat' dir='ltr'><strong>est,</strong></span> <span class='ocrx_word' id='word_1_609' title='bbox 2596 2040 2776 2095; x_wconf 87' lang='lat' dir='ltr'><strong>divino</strong></span> <span class='ocrx_word' id='word_1_610' title='bbox 2806 2037 3004 2094; x_wconf 90' lang='lat' dir='ltr'><strong>tribuat</strong></span> <span class='ocrx_word' id='word_1_611' title='bbox 3030 2035 3316 2105; x_wconf 86' lang='lat' dir='ltr'><strong>adjutorio,</strong></span> <span class='ocrx_word' id='word_1_612' title='bbox 3344 2031 3485 2104; x_wconf 94' lang='lat' dir='ltr'><strong>quod</strong></span> <span class='ocrx_word' id='word_1_613' title='bbox 3517 2042 3696 2086; x_wconf 88' lang='lat' dir='ltr'><strong>autem</strong></span> 
     </span>
    </p>
   </div>
   <div class='ocr_carea' id='block_1_80' title="bbox 2101 2121 3694 2207">
    <p class='ocr_par' dir='ltr' id='par_1_80' title="bbox 2101 2121 3694 2207">
     <span class='ocr_line' id='line_1_80' title="bbox 2101 2121 3694 2207; baseline -0.009 -15"><span class='ocrx_word' id='word_1_614' title='bbox 2101 2136 2274 2207; x_wconf 85' lang='lat' dir='ltr'><strong>majus</strong></span> <span class='ocrx_word' id='word_1_615' title='bbox 2293 2141 2395 2203; x_wconf 85' lang='lat' dir='ltr'><strong>est,</strong></span> <span class='ocrx_word' id='word_1_616' title='bbox 2416 2133 2652 2188; x_wconf 88' lang='lat' dir='ltr'><strong>humano</strong></span> <span class='ocrx_word' id='word_1_617' title='bbox 2675 2139 2896 2201; x_wconf 86' lang='lat' dir='ltr'><strong>usurpet</strong></span> <span class='ocrx_word' id='word_1_618' title='bbox 2921 2127 3164 2184; x_wconf 91' lang='lat' dir='ltr'><strong>arbitrio.</strong></span> <span class='ocrx_word' id='word_1_619' title='bbox 3187 2125 3254 2181; x_wconf 84' lang='lat' dir='ltr'><strong>Et</strong></span> <span class='ocrx_word' id='word_1_620' title='bbox 3272 2125 3317 2180; x_wconf 92' lang='lat' dir='ltr'><strong>si</strong></span> <span class='ocrx_word' id='word_1_621' title='bbox 3342 2121 3694 2188; x_wconf 84' lang='lat' dir='ltr'><strong>consenserit,</strong></span> 
     </span>
    </p>
   </div>
   <div class='ocr_carea' id='block_1_81' title="bbox 2101 2216 3698 2300">
    <p class='ocr_par' dir='ltr' id='par_1_81' title="bbox 2101 2216 3698 2300">
     <span class='ocr_line' id='line_1_81' title="bbox 2101 2216 3698 2300; baseline -0.009 -16"><span class='ocrx_word' id='word_1_622' title='bbox 2101 2242 2202 2284; x_wconf 91' lang='lat' dir='ltr'><strong>nos</strong></span> <span class='ocrx_word' id='word_1_623' title='bbox 2237 2227 2409 2300; x_wconf 85' lang='lat' dir='ltr'><strong>gratia</strong></span> <span class='ocrx_word' id='word_1_624' title='bbox 2433 2225 2526 2282; x_wconf 90' lang='lat' dir='ltr'><strong>Dei</strong></span> <span class='ocrx_word' id='word_1_625' title='bbox 2553 2225 2798 2295; x_wconf 88' lang='lat' dir='ltr'><strong>accipere</strong></span> <span class='ocrx_word' id='word_1_626' title='bbox 2823 2220 3178 2284; x_wconf 89' lang='lat' dir='ltr'><strong>cbaritatem;</strong></span> <span class='ocrx_word' id='word_1_627' title='bbox 3221 2232 3328 2274; x_wconf 91' lang='lat' dir='ltr'><strong>non</strong></span> <span class='ocrx_word' id='word_1_628' title='bbox 3364 2219 3450 2273; x_wconf 86' lang='lat' dir='ltr'><strong>sic</strong></span> <span class='ocrx_word' id='word_1_629' title='bbox 3481 2216 3698 2282; x_wconf 89' lang='lat' dir='ltr'><strong>sentiat,</strong></span> 
     </span>
    </p>
   </div>
   <div class='ocr_carea' id='block_1_82' title="bbox 2102 2308 3704 2393">
    <p class='ocr_par' dir='ltr' id='par_1_82' title="bbox 2102 2308 3704 2393">
     <span class='ocr_line' id='line_1_82' title="bbox 2102 2308 3704 2393; baseline -0.009 -15"><span class='ocrx_word' id='word_1_630' title='bbox 2102 2330 2354 2393; x_wconf 88' lang='lat' dir='ltr'><strong>tanquam</strong></span> <span class='ocrx_word' id='word_1_631' title='bbox 2385 2319 2491 2376; x_wconf 91' lang='lat' dir='ltr'><strong>ulla</strong></span> <span class='ocrx_word' id='word_1_632' title='bbox 2528 2317 2715 2374; x_wconf 86' lang='lat' dir='ltr'><strong>merita</strong></span> <span class='ocrx_word' id='word_1_633' title='bbox 2743 2316 2882 2378; x_wconf 87' lang='lat' dir='ltr'><strong>bona</strong></span> <span class='ocrx_word' id='word_1_634' title='bbox 2925 2323 3105 2370; x_wconf 88' lang='lat' dir='ltr'><strong>nostra</strong></span> <span class='ocrx_word' id='word_1_635' title='bbox 3134 2310 3528 2384; x_wconf 64' lang='lat' dir='ltr'><strong>prmeesserint.</strong></span> <span class='ocrx_word' id='word_1_636' title='bbox 3567 2308 3704 2365; x_wconf 83' lang='lat' dir='ltr'><strong>Nam</strong></span> 
     </span>
    </p>
   </div>
   <div class='ocr_carea' id='block_1_83' title="bbox 2105 2400 3696 2485">
    <p class='ocr_par' dir='ltr' id='par_1_83' title="bbox 2105 2400 3696 2485">
     <span class='ocr_line' id='line_1_83' title="bbox 2105 2400 3696 2485; baseline -0.009 -16"><span class='ocrx_word' id='word_1_637' title='bbox 2105 2427 2226 2485; x_wconf 61' lang='lat' dir='ltr'><strong>quae</strong></span> <span class='ocrx_word' id='word_1_638' title='bbox 2267 2410 2456 2468; x_wconf 89' lang='lat' dir='ltr'><strong>merita</strong></span> <span class='ocrx_word' id='word_1_639' title='bbox 2495 2409 2636 2465; x_wconf 88' lang='lat' dir='ltr'><strong>bona</strong></span> <span class='ocrx_word' id='word_1_640' title='bbox 2681 2417 2808 2464; x_wconf 91' lang='lat' dir='ltr'><strong>tunc</strong></span> <span class='ocrx_word' id='word_1_641' title='bbox 2853 2407 3054 2462; x_wconf 82' lang='lat' dir='ltr'><strong>habere</strong></span> <span class='ocrx_word' id='word_1_642' title='bbox 3095 2413 3426 2476; x_wconf 87' lang='lat' dir='ltr'><strong>poteramus,</strong></span> <span class='ocrx_word' id='word_1_643' title='bbox 3479 2400 3696 2485; x_wconf 80' lang='lat' dir='ltr'><strong>quando</strong></span> 
     </span>
    </p>
   </div>
   <div class='ocr_carea' id='block_1_84' title="bbox 2049 2482 3705 2572">
    <p class='ocr_par' dir='ltr' id='par_1_84' title="bbox 2049 2482 3705 2572">
     <span class='ocr_line' id='line_1_84' title="bbox 2049 2482 3705 2572; baseline -0.007 -15"><span class='ocrx_word' id='word_1_644' title='bbox 2049 2553 2052 2557; x_wconf 76' lang='grc'><strong>,</strong></span> <span class='ocrx_word' id='word_1_645' title='bbox 2107 2482 2276 2560; x_wconf 86' lang='lat' dir='ltr'><strong>Deum</strong></span> <span class='ocrx_word' id='word_1_646' title='bbox 2317 2516 2425 2560; x_wconf 90' lang='lat' dir='ltr'><strong>non</strong></span> <span class='ocrx_word' id='word_1_647' title='bbox 2451 2498 2842 2572; x_wconf 81' lang='lat' dir='ltr'><strong>diligebamus?</strong></span> <span class='ocrx_word' id='word_1_648' title='bbox 2873 2495 2942 2556; x_wconf 90' lang='lat' dir='ltr'><strong>Ut</strong></span> <span class='ocrx_word' id='word_1_649' title='bbox 2984 2496 3129 2553; x_wconf 92' lang='lat' dir='ltr'><strong>enim</strong></span> <span class='ocrx_word' id='word_1_650' title='bbox 3171 2482 3542 2567; x_wconf 80' lang='lat' dir='ltr'><strong>acciperemus</strong></span> <span class='ocrx_word' id='word_1_651' title='bbox 3567 2491 3705 2548; x_wconf 84' lang='lat' dir='ltr'><strong>dile-</strong></span> 
     </span>
    </p>
   </div>
   <div class='ocr_carea' id='block_1_85' title="bbox 2108 2588 3710 2666">
    <p class='ocr_par' dir='ltr' id='par_1_85' title="bbox 2108 2588 3710 2666">
     <span class='ocr_line' id='line_1_85' title="bbox 2108 2588 3710 2666; baseline -0.009 -13"><span class='ocrx_word' id='word_1_652' title='bbox 2108 2597 2342 2653; x_wconf 90' lang='lat' dir='ltr'><strong>ctionem</strong></span> <span class='ocrx_word' id='word_1_653' title='bbox 2381 2609 2489 2666; x_wconf 88' lang='lat' dir='ltr'><strong>qua</strong></span> <span class='ocrx_word' id='word_1_654' title='bbox 2528 2593 2894 2664; x_wconf 82' lang='lat' dir='ltr'><strong>diligeremus,</strong></span> <span class='ocrx_word' id='word_1_655' title='bbox 2938 2588 3121 2646; x_wconf 87' lang='lat' dir='ltr'><strong>dilecti</strong></span> <span class='ocrx_word' id='word_1_656' title='bbox 3160 2602 3366 2652; x_wconf 89' lang='lat' dir='ltr'><strong>sumus,</strong></span> <span class='ocrx_word' id='word_1_657' title='bbox 3417 2601 3539 2641; x_wconf 91' lang='lat' dir='ltr'><strong>cum</strong></span> <span class='ocrx_word' id='word_1_658' title='bbox 3587 2599 3710 2640; x_wconf 90' lang='lat' dir='ltr'><strong>eam</strong></span> 
     </span>
    </p>
   </div>
   <div class='ocr_carea' id='block_1_86' title="bbox 2109 2677 3711 2752">
    <p class='ocr_par' dir='ltr' id='par_1_86' title="bbox 2109 2677 3711 2752">
     <span class='ocr_line' id='line_1_86' title="bbox 2109 2677 3711 2752; baseline -0.009 -7"><span class='ocrx_word' id='word_1_659' title='bbox 2109 2689 2346 2746; x_wconf 88' lang='lat' dir='ltr'><strong>nondum</strong></span> <span class='ocrx_word' id='word_1_660' title='bbox 2377 2686 2718 2744; x_wconf 82' lang='lat' dir='ltr'><strong>haberemus.</strong></span> <span class='ocrx_word' id='word_1_661' title='bbox 2753 2685 2871 2740; x_wconf 86' lang='lat' dir='ltr'><strong>Hoc</strong></span> <span class='ocrx_word' id='word_1_662' title='bbox 2911 2684 3144 2740; x_wconf 84' lang='lat' dir='ltr'><strong>Joannes</strong></span> <span class='ocrx_word' id='word_1_663' title='bbox 3174 2679 3447 2752; x_wconf 87' lang='lat' dir='ltr'><strong>apostolus</strong></span> <span class='ocrx_word' id='word_1_664' title='bbox 3484 2677 3711 2750; x_wconf 85' lang='lat' dir='ltr'><strong>apertis-</strong></span> 
     </span>
    </p>
   </div>
   <div class='ocr_carea' id='block_1_87' title="bbox 2112 2767 3709 2848">
    <p class='ocr_par' dir='ltr' id='par_1_87' title="bbox 2112 2767 3709 2848">
     <span class='ocr_line' id='line_1_87' title="bbox 2112 2767 3709 2848; baseline -0.01 -11"><span class='ocrx_word' id='word_1_665' title='bbox 2112 2783 2248 2837; x_wconf 88' lang='lat' dir='ltr'><strong>sime</strong></span> <span class='ocrx_word' id='word_1_666' title='bbox 2273 2778 2401 2834; x_wconf 88' lang='lat' dir='ltr'><strong>dicit</strong></span> <span class='ocrx_word' id='word_1_667' title='bbox 2429 2795 2444 2834; x_wconf 91' lang='lat'><strong>:</strong></span> <span class='ocrx_word' id='word_1_668' title='bbox 2473 2775 2596 2832; x_wconf 87' lang='lat' dir='ltr'><strong>Non</strong></span> <span class='ocrx_word' id='word_1_669' title='bbox 2626 2775 2760 2848; x_wconf 88' lang='lat' dir='ltr'><strong>quod</strong></span> <span class='ocrx_word' id='word_1_670' title='bbox 2789 2791 2880 2829; x_wconf 83' lang='lat' dir='ltr'><strong>nos</strong></span> <span class='ocrx_word' id='word_1_671' title='bbox 2905 2771 3233 2828; x_wconf 77' lang='lat' dir='ltr'><strong>dilexerimus</strong></span> <span class='ocrx_word' id='word_1_672' title='bbox 3258 2769 3450 2838; x_wconf 83' lang='lat' dir='ltr'><strong>Deum,</strong></span> <span class='ocrx_word' id='word_1_673' title='bbox 3474 2767 3562 2822; x_wconf 84' lang='lat' dir='ltr'><strong>sed</strong></span> <span class='ocrx_word' id='word_1_674' title='bbox 3588 2767 3709 2838; x_wconf 88' lang='lat' dir='ltr'><strong>quia</strong></span> 
     </span>
    </p>
   </div>
   <div class='ocr_carea' id='block_1_88' title="bbox 2112 2858 3714 2946">
    <p class='ocr_par' dir='ltr' id='par_1_88' title="bbox 2112 2858 3714 2946">
     <span class='ocr_line' id='line_1_88' title="bbox 2112 2858 3714 2946; baseline -0.009 -18"><span class='ocrx_word' id='word_1_675' title='bbox 2112 2872 2257 2946; x_wconf 81' lang='lat' dir='ltr'><strong>ipse&#39;</strong></span> <span class='ocrx_word' id='word_1_676' title='bbox 2277 2871 2454 2927; x_wconf 72' lang='lat' dir='ltr'><strong>dilexit</strong></span> <span class='ocrx_word' id='word_1_677' title='bbox 2483 2885 2595 2925; x_wconf 83' lang='lat' dir='ltr'><strong>nos.</strong></span> <span class='ocrx_word' id='word_1_678' title='bbox 2624 2870 2691 2924; x_wconf 89' lang='lat' dir='ltr'><strong>Et</strong></span> <span class='ocrx_word' id='word_1_679' title='bbox 2715 2867 2842 2922; x_wconf 91' lang='lat' dir='ltr'><strong>alibi</strong></span> <span class='ocrx_word' id='word_1_680' title='bbox 2871 2883 2886 2926; x_wconf 88' lang='lat'><strong>:</strong></span> <span class='ocrx_word' id='word_1_681' title='bbox 2914 2865 3024 2920; x_wconf 88' lang='lat' dir='ltr'><strong>Nos</strong></span> <span class='ocrx_word' id='word_1_682' title='bbox 3058 2863 3354 2936; x_wconf 76' lang='lat' dir='ltr'><strong>diligamus,</strong></span> <span class='ocrx_word' id='word_1_683' title='bbox 3383 2861 3572 2932; x_wconf 89' lang='lat' dir='ltr'><strong>inquit,</strong></span> <span class='ocrx_word' id='word_1_684' title='bbox 3595 2858 3714 2930; x_wconf 83' lang='lat' dir='ltr'><strong>quia</strong></span> 
     </span>
    </p>
   </div>
   <div class='ocr_carea' id='block_1_89' title="bbox 2113 2949 3708 3038">
    <p class='ocr_par' dir='ltr' id='par_1_89' title="bbox 2113 2949 3708 3038">
     <span class='ocr_line' id='line_1_89' title="bbox 2113 2949 3708 3038; baseline -0.01 -20"><span class='ocrx_word' id='word_1_685' title='bbox 2113 2965 2222 3038; x_wconf 83' lang='lat' dir='ltr'><strong>ipse</strong></span> <span class='ocrx_word' id='word_1_686' title='bbox 2259 2963 2400 3036; x_wconf 78' lang='lat' dir='ltr'><strong>prior</strong></span> <span class='ocrx_word' id='word_1_687' title='bbox 2439 2959 2615 3016; x_wconf 72' lang='lat' dir='ltr'><strong>dilexit</strong></span> <span class='ocrx_word' id='word_1_688' title='bbox 2657 2976 2750 3016; x_wconf 86' lang='lat' dir='ltr'><strong>nos</strong></span> <span class='ocrx_word' id='word_1_689' title='bbox 2789 2957 2836 3032; x_wconf 89' lang='lat' dir='ltr'><strong>(l</strong></span> <span class='ocrx_word' id='word_1_690' title='bbox 2867 2955 3028 3014; x_wconf 76' lang='lat' dir='ltr'><strong>Joan.</strong></span> <span class='ocrx_word' id='word_1_691' title='bbox 3067 2971 3140 3021; x_wconf 86' lang='lat' dir='ltr'><strong>tv,</strong></span> <span class='ocrx_word' id='word_1_692' title='bbox 3189 2954 3280 3023; x_wconf 72' lang='lat'><strong>‘10,</strong></span> <span class='ocrx_word' id='word_1_693' title='bbox 3333 2949 3446 3026; x_wconf 79' lang='grc'><strong>19).</strong></span> <span class='ocrx_word' id='word_1_694' title='bbox 3495 2950 3708 3022; x_wconf 88' lang='lat' dir='ltr'><strong>Optime</strong></span> 
     </span>
    </p>
   </div>
   <div class='ocr_carea' id='block_1_90' title="bbox 2115 3043 3714 3126">
    <p class='ocr_par' dir='ltr' id='par_1_90' title="bbox 2115 3043 3714 3126">
     <span class='ocr_line' id='line_1_90' title="bbox 2115 3043 3714 3126; baseline -0.009 -13"><span class='ocrx_word' id='word_1_695' title='bbox 2115 3057 2336 3114; x_wconf 90' lang='lat' dir='ltr'><strong>omnino</strong></span> <span class='ocrx_word' id='word_1_696' title='bbox 2363 3063 2523 3126; x_wconf 91' lang='lat' dir='ltr'><strong>atque</strong></span> <span class='ocrx_word' id='word_1_697' title='bbox 2550 3052 2854 3110; x_wconf 90' lang='lat' dir='ltr'><strong>verissime.</strong></span> <span class='ocrx_word' id='word_1_698' title='bbox 2883 3049 3000 3106; x_wconf 86' lang='lat' dir='ltr'><strong>Non</strong></span> <span class='ocrx_word' id='word_1_699' title='bbox 3039 3047 3183 3105; x_wconf 90' lang='lat' dir='ltr'><strong>enim</strong></span> <span class='ocrx_word' id='word_1_700' title='bbox 3219 3046 3542 3104; x_wconf 84' lang='lat' dir='ltr'><strong>haberemus</strong></span> <span class='ocrx_word' id='word_1_701' title='bbox 3571 3043 3714 3099; x_wconf 89' lang='lat' dir='ltr'><strong>unde</strong></span> 
     </span>
    </p>
   </div>
   <div class='ocr_carea' id='block_1_91' title="bbox 2118 3135 3714 3217">
    <p class='ocr_par' dir='ltr' id='par_1_91' title="bbox 2118 3135 3714 3217">
     <span class='ocr_line' id='line_1_91' title="bbox 2118 3135 3714 3217; baseline -0.01 -13"><span class='ocrx_word' id='word_1_702' title='bbox 2118 3148 2269 3204; x_wconf 89' lang='lat' dir='ltr'><strong>illum</strong></span> <span class='ocrx_word' id='word_1_703' title='bbox 2295 3146 2661 3217; x_wconf 83' lang='lat' dir='ltr'><strong>diligeremus,</strong></span> <span class='ocrx_word' id='word_1_704' title='bbox 2690 3143 2793 3198; x_wconf 89' lang='lat' dir='ltr'><strong>nisi</strong></span> <span class='ocrx_word' id='word_1_705' title='bbox 2830 3141 2934 3196; x_wconf 85' lang='lat' dir='ltr'><strong>hoc</strong></span> <span class='ocrx_word' id='word_1_706' title='bbox 2958 3139 3159 3204; x_wconf 90' lang='lat' dir='ltr'><strong>abillo,</strong></span> <span class='ocrx_word' id='word_1_707' title='bbox 3189 3151 3312 3194; x_wconf 93' lang='lat' dir='ltr'><strong>cum</strong></span> <span class='ocrx_word' id='word_1_708' title='bbox 3339 3137 3487 3208; x_wconf 89' lang='lat' dir='ltr'><strong>prior</strong></span> <span class='ocrx_word' id='word_1_709' title='bbox 3513 3151 3612 3191; x_wconf 90' lang='lat' dir='ltr'><strong>nos</strong></span> <span class='ocrx_word' id='word_1_710' title='bbox 3639 3135 3714 3190; x_wconf 85' lang='lat' dir='ltr'><strong>di-</strong></span> 
     </span>
    </p>
   </div>
   <div class='ocr_carea' id='block_1_92' title="bbox 2119 3228 3712 3312">
    <p class='ocr_par' dir='ltr' id='par_1_92' title="bbox 2119 3228 3712 3312">
     <span class='ocr_line' id='line_1_92' title="bbox 2119 3228 3712 3312; baseline -0.008 -16"><span class='ocrx_word' id='word_1_711' title='bbox 2119 3241 2327 3312; x_wconf 87' lang='lat' dir='ltr'><strong>ligeret,</strong></span> <span class='ocrx_word' id='word_1_712' title='bbox 2354 3252 2708 3294; x_wconf 88' lang='lat' dir='ltr'><strong>sumeremus.</strong></span> <span class='ocrx_word' id='word_1_713' title='bbox 2727 3233 2866 3304; x_wconf 87' lang='lat' dir='ltr'><strong>Quid</strong></span> <span class='ocrx_word' id='word_1_714' title='bbox 2895 3242 3072 3288; x_wconf 90' lang='lat' dir='ltr'><strong>autem</strong></span> <span class='ocrx_word' id='word_1_715' title='bbox 3102 3229 3227 3286; x_wconf 93' lang='lat' dir='ltr'><strong>boni</strong></span> <span class='ocrx_word' id='word_1_716' title='bbox 3253 3228 3575 3296; x_wconf 87' lang='lat' dir='ltr'><strong>faceremus,</strong></span> <span class='ocrx_word' id='word_1_717' title='bbox 3608 3228 3712 3283; x_wconf 92' lang='lat' dir='ltr'><strong>nisi</strong></span> 
     </span>
    </p>
   </div>
   <div class='ocr_carea' id='block_1_93' title="bbox 2119 3321 3718 3404">
    <p class='ocr_par' dir='ltr' id='par_1_93' title="bbox 2119 3321 3718 3404">
     <span class='ocr_line' id='line_1_93' title="bbox 2119 3321 3718 3404; baseline -0.008 -15"><span class='ocrx_word' id='word_1_718' title='bbox 2119 3331 2508 3404; x_wconf 79' lang='lat' dir='ltr'><strong>diligeremus‘i</strong></span> <span class='ocrx_word' id='word_1_719' title='bbox 2551 3330 2659 3385; x_wconf 86' lang='lat' dir='ltr'><strong>Aut</strong></span> <span class='ocrx_word' id='word_1_720' title='bbox 2695 3325 2965 3400; x_wconf 92' lang='lat' dir='ltr'><strong>quomodo</strong></span> <span class='ocrx_word' id='word_1_721' title='bbox 3005 3327 3202 3382; x_wconf 88' lang='lat' dir='ltr'><strong>bonum</strong></span> <span class='ocrx_word' id='word_1_722' title='bbox 3243 3338 3350 3378; x_wconf 91' lang='lat' dir='ltr'><strong>non</strong></span> <span class='ocrx_word' id='word_1_723' title='bbox 3381 3321 3625 3387; x_wconf 84' lang='lat' dir='ltr'><strong>facimus,</strong></span> <span class='ocrx_word' id='word_1_724' title='bbox 3673 3323 3718 3376; x_wconf 91' lang='lat' dir='ltr'><strong>si</strong></span> 
     </span>
    </p>
   </div>
   <div class='ocr_carea' id='block_1_94' title="bbox 2121 3412 3721 3498">
    <p class='ocr_par' dir='ltr' id='par_1_94' title="bbox 2121 3412 3721 3498">
     <span class='ocr_line' id='line_1_94' title="bbox 2121 3412 3721 3498; baseline -0.009 -16"><span class='ocrx_word' id='word_1_725' title='bbox 2121 3423 2441 3498; x_wconf 82' lang='lat' dir='ltr'><strong>diligamus?</strong></span> <span class='ocrx_word' id='word_1_726' title='bbox 2461 3419 2571 3478; x_wconf 86' lang='lat' dir='ltr'><strong>Etsi</strong></span> <span class='ocrx_word' id='word_1_727' title='bbox 2591 3420 2734 3476; x_wconf 89' lang='lat' dir='ltr'><strong>enim</strong></span> <span class='ocrx_word' id='word_1_728' title='bbox 2759 3419 2852 3474; x_wconf 89' lang='lat' dir='ltr'><strong>Dei</strong></span> <span class='ocrx_word' id='word_1_729' title='bbox 2875 3417 3180 3472; x_wconf 89' lang='lat' dir='ltr'><strong>mandatum</strong></span> <span class='ocrx_word' id='word_1_730' title='bbox 3202 3413 3414 3478; x_wconf 85' lang='lat' dir='ltr'><strong>videtur</strong></span> <span class='ocrx_word' id='word_1_731' title='bbox 3433 3412 3721 3486; x_wconf 87' lang='lat' dir='ltr'><strong>aliquando</strong></span> 
     </span>
    </p>
   </div>
   <div class='ocr_carea' id='block_1_95' title="bbox 2122 3507 3720 3587">
    <p class='ocr_par' dir='ltr' id='par_1_95' title="bbox 2122 3507 3720 3587">
     <span class='ocr_line' id='line_1_95' title="bbox 2122 3507 3720 3587; baseline -0.008 -12"><span class='ocrx_word' id='word_1_732' title='bbox 2122 3535 2229 3575; x_wconf 82' lang='lat' dir='ltr'><strong>non</strong></span> <span class='ocrx_word' id='word_1_733' title='bbox 2274 3533 2304 3572; x_wconf 93' lang='lat' dir='ltr'><strong>a</strong></span> <span class='ocrx_word' id='word_1_734' title='bbox 2345 3511 2752 3587; x_wconf 64' lang='lat' dir='ltr'><strong>diligentibus‘,</strong></span> <span class='ocrx_word' id='word_1_735' title='bbox 2797 3510 2894 3568; x_wconf 90' lang='lat' dir='ltr'><strong>sed</strong></span> <span class='ocrx_word' id='word_1_736' title='bbox 2937 3526 2966 3566; x_wconf 90' lang='lat' dir='ltr'><strong>a</strong></span> <span class='ocrx_word' id='word_1_737' title='bbox 2999 3508 3308 3565; x_wconf 89' lang='lat' dir='ltr'><strong>timentibus</strong></span> <span class='ocrx_word' id='word_1_738' title='bbox 3353 3507 3504 3574; x_wconf 89' lang='lat' dir='ltr'><strong>fieri;</strong></span> <span class='ocrx_word' id='word_1_739' title='bbox 3543 3515 3720 3562; x_wconf 89' lang='lat' dir='ltr'><strong>tamen</strong></span> 
     </span>
    </p>
   </div>
   <div class='ocr_carea' id='block_1_96' title="bbox 2125 3599 3720 3671">
    <p class='ocr_par' dir='ltr' id='par_1_96' title="bbox 2125 3599 3720 3671">
     <span class='ocr_line' id='line_1_96' title="bbox 2125 3599 3720 3671; baseline -0.01 -5"><span class='ocrx_word' id='word_1_740' title='bbox 2125 3611 2214 3667; x_wconf 89' lang='lat' dir='ltr'><strong>ubi</strong></span> <span class='ocrx_word' id='word_1_741' title='bbox 2244 3623 2349 3665; x_wconf 93' lang='lat' dir='ltr'><strong>non</strong></span> <span class='ocrx_word' id='word_1_742' title='bbox 2385 3616 2470 3664; x_wconf 89' lang='lat' dir='ltr'><strong>est</strong></span> <span class='ocrx_word' id='word_1_743' title='bbox 2503 3605 2744 3671; x_wconf 90' lang='lat' dir='ltr'><strong>dilectio,</strong></span> <span class='ocrx_word' id='word_1_744' title='bbox 2786 3603 2988 3658; x_wconf 88' lang='lat' dir='ltr'><strong>nullum</strong></span> <span class='ocrx_word' id='word_1_745' title='bbox 3016 3603 3214 3657; x_wconf 88' lang='lat' dir='ltr'><strong>bonum</strong></span> <span class='ocrx_word' id='word_1_746' title='bbox 3242 3613 3379 3671; x_wconf 92' lang='lat' dir='ltr'><strong>opus</strong></span> <span class='ocrx_word' id='word_1_747' title='bbox 3409 3599 3720 3670; x_wconf 84' lang='lat' dir='ltr'><strong>imputatur,</strong></span> 
     </span>
    </p>
   </div>
   <div class='ocr_carea' id='block_1_97' title="bbox 2127 3689 3721 3767">
    <p class='ocr_par' dir='ltr' id='par_1_97' title="bbox 2127 3689 3721 3767">
     <span class='ocr_line' id='line_1_97' title="bbox 2127 3689 3721 3767; baseline -0.009 -9"><span class='ocrx_word' id='word_1_748' title='bbox 2127 3717 2227 3758; x_wconf 91' lang='lat' dir='ltr'><strong>nec</strong></span> <span class='ocrx_word' id='word_1_749' title='bbox 2263 3709 2412 3757; x_wconf 91' lang='lat' dir='ltr'><strong>recte</strong></span> <span class='ocrx_word' id='word_1_750' title='bbox 2438 3698 2640 3755; x_wconf 89' lang='lat' dir='ltr'><strong>bonum</strong></span> <span class='ocrx_word' id='word_1_751' title='bbox 2663 3711 2798 3767; x_wconf 86' lang='lat' dir='ltr'><strong>opus</strong></span> <span class='ocrx_word' id='word_1_752' title='bbox 2821 3703 3046 3751; x_wconf 86' lang='lat' dir='ltr'><strong>vocatur</strong></span> <span class='ocrx_word' id='word_1_753' title='bbox 3074 3711 3088 3748; x_wconf 90' lang='lat'><strong>:</strong></span> <span class='ocrx_word' id='word_1_754' title='bbox 3115 3691 3237 3764; x_wconf 90' lang='lat' dir='ltr'><strong>quia</strong></span> <span class='ocrx_word' id='word_1_755' title='bbox 3263 3705 3423 3747; x_wconf 92' lang='lat' dir='ltr'><strong>omne</strong></span> <span class='ocrx_word' id='word_1_756' title='bbox 3452 3689 3592 3760; x_wconf 89' lang='lat' dir='ltr'><strong>quod</strong></span> <span class='ocrx_word' id='word_1_757' title='bbox 3617 3704 3721 3744; x_wconf 89' lang='lat' dir='ltr'><strong>non</strong></span> 
     </span>
    </p>
   </div>
   <div class='ocr_carea' id='block_1_98' title="bbox 2127 3780 3725 3862">
    <p class='ocr_par' dir='ltr' id='par_1_98' title="bbox 2127 3780 3725 3862">
     <span class='ocr_line' id='line_1_98' title="bbox 2127 3780 3725 3862; baseline -0.009 -12"><span class='ocrx_word' id='word_1_758' title='bbox 2127 3809 2194 3850; x_wconf 82' lang='lat' dir='ltr'><strong>ex</strong></span> <span class='ocrx_word' id='word_1_759' title='bbox 2227 3792 2330 3848; x_wconf 91' lang='lat' dir='ltr'><strong>fide</strong></span> <span class='ocrx_word' id='word_1_760' title='bbox 2355 3799 2456 3858; x_wconf 91' lang='lat' dir='ltr'><strong>est,</strong></span> <span class='ocrx_word' id='word_1_761' title='bbox 2479 3797 2754 3862; x_wconf 87' lang='lat' dir='ltr'><strong>peccatum</strong></span> <span class='ocrx_word' id='word_1_762' title='bbox 2785 3796 2867 3843; x_wconf 90' lang='lat' dir='ltr'><strong>est</strong></span> <span class='ocrx_word' id='word_1_763' title='bbox 2894 3785 3068 3858; x_wconf 85' lang='lat' dir='ltr'><strong>(Rom.</strong></span> <span class='ocrx_word' id='word_1_764' title='bbox 3095 3799 3206 3852; x_wconf 81' lang='lat' dir='ltr'><strong>xiv,</strong></span> <span class='ocrx_word' id='word_1_765' title='bbox 3233 3781 3360 3856; x_wconf 78' lang='lat'><strong>9.5);</strong></span> <span class='ocrx_word' id='word_1_766' title='bbox 3391 3790 3443 3838; x_wconf 90' lang='lat' dir='ltr'><strong>et</strong></span> <span class='ocrx_word' id='word_1_767' title='bbox 3474 3780 3606 3838; x_wconf 90' lang='lat' dir='ltr'><strong>fides</strong></span> <span class='ocrx_word' id='word_1_768' title='bbox 3628 3796 3725 3851; x_wconf 90' lang='lat' dir='ltr'><strong>per</strong></span> 
     </span>
    </p>
   </div>
   <div class='ocr_carea' id='block_1_99' title="bbox 2128 3873 3724 3954">
    <p class='ocr_par' dir='ltr' id='par_1_99' title="bbox 2128 3873 3724 3954">
     <span class='ocr_line' id='line_1_99' title="bbox 2128 3873 3724 3954; baseline -0.011 -11"><span class='ocrx_word' id='word_1_769' title='bbox 2128 3887 2464 3943; x_wconf 87' lang='lat' dir='ltr'><strong>dilectionem</strong></span> <span class='ocrx_word' id='word_1_770' title='bbox 2503 3890 2756 3954; x_wconf 85' lang='lat' dir='ltr'><strong>Operatur</strong></span> <span class='ocrx_word' id='word_1_771' title='bbox 2793 3879 2988 3951; x_wconf 76' lang='lat' dir='ltr'><strong>(Colat,</strong></span> <span class='ocrx_word' id='word_1_772' title='bbox 3015 3892 3070 3945; x_wconf 86' lang='lat' dir='ltr'><strong>v,</strong></span> <span class='ocrx_word' id='word_1_773' title='bbox 3113 3875 3190 3949; x_wconf 90' lang='lat'><strong>6).</strong></span> <span class='ocrx_word' id='word_1_774' title='bbox 3222 3875 3302 3931; x_wconf 85' lang='lat' dir='ltr'><strong>Ac</strong></span> <span class='ocrx_word' id='word_1_775' title='bbox 3341 3889 3435 3946; x_wconf 91' lang='lat' dir='ltr'><strong>per</strong></span> <span class='ocrx_word' id='word_1_776' title='bbox 3463 3873 3568 3928; x_wconf 83' lang='lat' dir='ltr'><strong>hoc</strong></span> <span class='ocrx_word' id='word_1_777' title='bbox 3595 3888 3724 3944; x_wconf 87' lang='lat' dir='ltr'><strong>gra-</strong></span> 
     </span>
    </p>
   </div>
   <div class='ocr_carea' id='block_1_100' title="bbox 2131 3965 3723 4048">
    <p class='ocr_par' dir='ltr' id='par_1_100' title="bbox 2131 3965 3723 4048">
     <span class='ocr_line' id='line_1_100' title="bbox 2131 3965 3723 4048; baseline -0.009 -13"><span class='ocrx_word' id='word_1_778' title='bbox 2131 3981 2256 4035; x_wconf 90' lang='lat' dir='ltr'><strong>tiam</strong></span> <span class='ocrx_word' id='word_1_779' title='bbox 2299 3978 2420 4046; x_wconf 90' lang='lat' dir='ltr'><strong>Dei,</strong></span> <span class='ocrx_word' id='word_1_780' title='bbox 2463 3991 2567 4048; x_wconf 91' lang='lat' dir='ltr'><strong>qua</strong></span> <span class='ocrx_word' id='word_1_781' title='bbox 2600 3973 2833 4031; x_wconf 87' lang='lat' dir='ltr'><strong>charitas</strong></span> <span class='ocrx_word' id='word_1_782' title='bbox 2877 3972 2970 4027; x_wconf 91' lang='lat' dir='ltr'><strong>Dei</strong></span> <span class='ocrx_word' id='word_1_783' title='bbox 3015 3969 3328 4026; x_wconf 85' lang='lat' dir='ltr'><strong>diffunditur</strong></span> <span class='ocrx_word' id='word_1_784' title='bbox 3371 3968 3422 4022; x_wconf 93' lang='lat' dir='ltr'><strong>in</strong></span> <span class='ocrx_word' id='word_1_785' title='bbox 3469 3965 3723 4022; x_wconf 88' lang='lat' dir='ltr'><strong>cordibus</strong></span> 
     </span>
    </p>
   </div>
   <div class='ocr_carea' id='block_1_101' title="bbox 2130 4057 3834 4142">
    <p class='ocr_par' dir='ltr' id='par_1_101' title="bbox 2130 4057 3834 4142">
     <span class='ocr_line' id='line_1_101' title="bbox 2130 4057 3834 4142; baseline -0.007 -14"><span class='ocrx_word' id='word_1_786' title='bbox 2130 4071 2329 4128; x_wconf 87' lang='lat' dir='ltr'><strong>nostris</strong></span> <span class='ocrx_word' id='word_1_787' title='bbox 2379 4085 2476 4142; x_wconf 86' lang='lat' dir='ltr'><strong>per</strong></span> <span class='ocrx_word' id='word_1_788' title='bbox 2519 4066 2776 4139; x_wconf 89' lang='lat' dir='ltr'><strong>Spiritum</strong></span> <span class='ocrx_word' id='word_1_789' title='bbox 2819 4071 3063 4120; x_wconf 91' lang='lat' dir='ltr'><strong>sanctum</strong></span> <span class='ocrx_word' id='word_1_790' title='bbox 3106 4060 3197 4132; x_wconf 90' lang='lat' dir='ltr'><strong>qui</strong></span> <span class='ocrx_word' id='word_1_791' title='bbox 3242 4059 3398 4116; x_wconf 90' lang='lat' dir='ltr'><strong>datus</strong></span> <span class='ocrx_word' id='word_1_792' title='bbox 3440 4067 3522 4114; x_wconf 90' lang='lat' dir='ltr'><strong>est</strong></span> <span class='ocrx_word' id='word_1_793' title='bbox 3569 4057 3728 4113; x_wconf 89' lang='lat' dir='ltr'><strong>nobis</strong></span> <span class='ocrx_word' id='word_1_794' title='bbox 3829 4111 3834 4116; x_wconf 89' lang='lat'><strong>.</strong></span> 
     </span>
    </p>
   </div>
   <div class='ocr_carea' id='block_1_102' title="bbox 2137 4150 3729 4239">
    <p class='ocr_par' dir='ltr' id='par_1_102' title="bbox 2137 4150 3729 4239">
     <span class='ocr_line' id='line_1_102' title="bbox 2137 4150 3729 4239; baseline -0.012 -17"><span class='ocrx_word' id='word_1_795' title='bbox 2137 4165 2310 4239; x_wconf 84' lang='lat' dir='ltr'><strong>(Rom.</strong></span> <span class='ocrx_word' id='word_1_796' title='bbox 2341 4179 2398 4232; x_wconf 77' lang='grc' dir='ltr'>ν,</span> <span class='ocrx_word' id='word_1_797' title='bbox 2425 4163 2506 4234; x_wconf 83' lang='grc'><strong>5),</strong></span> <span class='ocrx_word' id='word_1_798' title='bbox 2535 4161 2614 4218; x_wconf 88' lang='lat' dir='ltr'><strong>sic</strong></span> <span class='ocrx_word' id='word_1_799' title='bbox 2655 4159 2972 4216; x_wconf 86' lang='lat' dir='ltr'><strong>confiteatur</strong></span> <span class='ocrx_word' id='word_1_800' title='bbox 3010 4155 3098 4227; x_wconf 92' lang='lat' dir='ltr'><strong>qui</strong></span> <span class='ocrx_word' id='word_1_801' title='bbox 3126 4153 3242 4210; x_wconf 88' lang='lat' dir='ltr'><strong>vult</strong></span> <span class='ocrx_word' id='word_1_802' title='bbox 3267 4152 3528 4208; x_wconf 88' lang='lat' dir='ltr'><strong>veraciter</strong></span> <span class='ocrx_word' id='word_1_803' title='bbox 3557 4150 3729 4205; x_wconf 83' lang='lat' dir='ltr'><strong>conﬁ-</strong></span> 
     </span>
    </p>
   </div>
   <div class='ocr_carea' id='block_1_103' title="bbox 2135 4243 3730 4324">
    <p class='ocr_par' dir='ltr' id='par_1_103' title="bbox 2135 4243 3730 4324">
     <span class='ocr_line' id='line_1_103' title="bbox 2135 4243 3730 4324; baseline -0.01 -12"><span class='ocrx_word' id='word_1_804' title='bbox 2135 4257 2257 4324; x_wconf 91' lang='lat' dir='ltr'><strong>teri,</strong></span> <span class='ocrx_word' id='word_1_805' title='bbox 2287 4264 2348 4313; x_wconf 91' lang='lat' dir='ltr'><strong>ut</strong></span> <span class='ocrx_word' id='word_1_806' title='bbox 2389 4253 2609 4310; x_wconf 92' lang='lat' dir='ltr'><strong>omnino</strong></span> <span class='ocrx_word' id='word_1_807' title='bbox 2637 4251 2770 4308; x_wconf 88' lang='lat' dir='ltr'><strong>nihil</strong></span> <span class='ocrx_word' id='word_1_808' title='bbox 2803 4250 2926 4306; x_wconf 90' lang='lat' dir='ltr'><strong>boni</strong></span> <span class='ocrx_word' id='word_1_809' title='bbox 2973 4249 3092 4306; x_wconf 88' lang='lat' dir='ltr'><strong>sine</strong></span> <span class='ocrx_word' id='word_1_810' title='bbox 3122 4247 3232 4312; x_wconf 88' lang='lat' dir='ltr'><strong>illa,</strong></span> <span class='ocrx_word' id='word_1_811' title='bbox 3281 4244 3422 4316; x_wconf 86' lang='lat' dir='ltr'><strong>quod</strong></span> <span class='ocrx_word' id='word_1_812' title='bbox 3453 4243 3518 4298; x_wconf 91' lang='lat' dir='ltr'><strong>ad</strong></span> <span class='ocrx_word' id='word_1_813' title='bbox 3557 4244 3730 4314; x_wconf 72' lang='lat' dir='ltr'><strong>pieta-</strong></span> 
     </span>
    </p>
   </div>
   <div class='ocr_carea' id='block_1_104' title="bbox 2134 4335 3733 4422">
    <p class='ocr_par' dir='ltr' id='par_1_104' title="bbox 2134 4335 3733 4422">
     <span class='ocr_line' id='line_1_104' title="bbox 2134 4335 3733 4422; baseline -0.013 -15"><span class='ocrx_word' id='word_1_814' title='bbox 2134 4359 2242 4406; x_wconf 89' lang='lat' dir='ltr'><strong>tem</strong></span> <span class='ocrx_word' id='word_1_815' title='bbox 2266 4348 2498 4422; x_wconf 90' lang='lat' dir='ltr'><strong>pertinet</strong></span> <span class='ocrx_word' id='word_1_816' title='bbox 2521 4359 2810 4414; x_wconf 88' lang='lat' dir='ltr'><strong>veramque</strong></span> <span class='ocrx_word' id='word_1_817' title='bbox 2833 4342 3116 4414; x_wconf 89' lang='lat' dir='ltr'><strong>justitiam,</strong></span> <span class='ocrx_word' id='word_1_818' title='bbox 3149 4338 3263 4395; x_wconf 90' lang='lat' dir='ltr'><strong>fieri</strong></span> <span class='ocrx_word' id='word_1_819' title='bbox 3303 4352 3464 4410; x_wconf 74' lang='lat' dir='ltr'><strong>posse</strong></span> <span class='ocrx_word' id='word_1_820' title='bbox 3497 4353 3603 4392; x_wconf 85' lang='lat' dir='ltr'><strong>non</strong></span> <span class='ocrx_word' id='word_1_821' title='bbox 3634 4335 3733 4390; x_wconf 88' lang='lat' dir='ltr'><strong>du-</strong></span> 
     </span>
    </p>
   </div>
   <div class='ocr_carea' id='block_1_105' title="bbox 2136 4430 3731 4513">
    <p class='ocr_par' dir='ltr' id='par_1_105' title="bbox 2136 4430 3731 4513">
     <span class='ocr_line' id='line_1_105' title="bbox 2136 4430 3731 4513; baseline -0.012 -12"><span class='ocrx_word' id='word_1_822' title='bbox 2136 4445 2287 4500; x_wconf 89' lang='lat' dir='ltr'><strong>bitet.</strong></span> <span class='ocrx_word' id='word_1_823' title='bbox 2329 4442 2445 4498; x_wconf 85' lang='lat' dir='ltr'><strong>Non</strong></span> <span class='ocrx_word' id='word_1_824' title='bbox 2469 4437 2739 4513; x_wconf 89' lang='lat' dir='ltr'><strong>quomodo</strong></span> <span class='ocrx_word' id='word_1_825' title='bbox 2764 4437 2890 4504; x_wconf 89' lang='lat' dir='ltr'><strong>iste,</strong></span> <span class='ocrx_word' id='word_1_826' title='bbox 2924 4435 3014 4506; x_wconf 88' lang='lat' dir='ltr'><strong>qui</strong></span> <span class='ocrx_word' id='word_1_827' title='bbox 3043 4447 3164 4490; x_wconf 90' lang='lat' dir='ltr'><strong>cum</strong></span> <span class='ocrx_word' id='word_1_828' title='bbox 3203 4430 3351 4497; x_wconf 90' lang='lat' dir='ltr'><strong>dicit,</strong></span> <span class='ocrx_word' id='word_1_829' title='bbox 3395 4449 3415 4484; x_wconf 71' lang='grc' dir='ltr'><strong>ι</strong></span> <span class='ocrx_word' id='word_1_830' title='bbox 3449 4437 3731 4500; x_wconf 88' lang='lat' dir='ltr'><strong>propterea</strong></span> 
     </span>
    </p>
   </div>
   <div class='ocr_carea' id='block_1_106' title="bbox 2135 4519 3733 4608">
    <p class='ocr_par' dir='ltr' id='par_1_106' title="bbox 2135 4519 3733 4608">
     <span class='ocr_line' id='line_1_106' title="bbox 2135 4519 3733 4608; baseline -0.013 -15"><span class='ocrx_word' id='word_1_831' title='bbox 2135 4536 2251 4593; x_wconf 90' lang='lat' dir='ltr'><strong>dari</strong></span> <span class='ocrx_word' id='word_1_832' title='bbox 2276 4534 2522 4608; x_wconf 86' lang='lat' dir='ltr'><strong>gratiam,</strong></span> <span class='ocrx_word' id='word_1_833' title='bbox 2555 4540 2614 4588; x_wconf 92' lang='lat' dir='ltr'><strong>ut</strong></span> <span class='ocrx_word' id='word_1_834' title='bbox 2637 4529 2778 4602; x_wconf 91' lang='lat' dir='ltr'><strong>quod</strong></span> <span class='ocrx_word' id='word_1_835' title='bbox 2825 4543 2856 4583; x_wconf 92' lang='lat' dir='ltr'><strong>a</strong></span> <span class='ocrx_word' id='word_1_836' title='bbox 2897 4528 3007 4583; x_wconf 89' lang='lat' dir='ltr'><strong>Deo</strong></span> <span class='ocrx_word' id='word_1_837' title='bbox 3036 4523 3366 4596; x_wconf 65' lang='lat' dir='ltr'><strong>praecipitur,</strong></span> <span class='ocrx_word' id='word_1_838' title='bbox 3391 4519 3597 4577; x_wconf 91' lang='lat' dir='ltr'><strong>facilius</strong></span> <span class='ocrx_word' id='word_1_839' title='bbox 3633 4519 3733 4574; x_wconf 89' lang='lat' dir='ltr'><strong>im-</strong></span> 
     </span>
    </p>
   </div>
   <div class='ocr_carea' id='block_1_107' title="bbox 2063 4611 3730 4701">
    <p class='ocr_par' dir='ltr' id='par_1_107' title="bbox 2063 4611 3730 4701">
     <span class='ocr_line' id='line_1_107' title="bbox 2063 4611 3730 4701; baseline -0.016 -12"><span class='ocrx_word' id='word_1_840' title='bbox 2063 4682 2070 4689; x_wconf 88' lang='lat'><strong>.</strong></span> <span class='ocrx_word' id='word_1_841' title='bbox 2139 4629 2368 4701; x_wconf 86' lang='lat' dir='ltr'><strong>pleatur,</strong></span> <span class='ocrx_word' id='word_1_842' title='bbox 2403 4645 2423 4680; x_wconf 76' lang='grc' dir='ltr'><strong>ι</strong></span> <span class='ocrx_word' id='word_1_843' title='bbox 2457 4623 2585 4698; x_wconf 88' lang='lat' dir='ltr'><strong>quid</strong></span> <span class='ocrx_word' id='word_1_844' title='bbox 2619 4623 2688 4679; x_wconf 91' lang='lat' dir='ltr'><strong>de</strong></span> <span class='ocrx_word' id='word_1_845' title='bbox 2717 4621 2806 4677; x_wconf 90' lang='lat' dir='ltr'><strong>illa</strong></span> <span class='ocrx_word' id='word_1_846' title='bbox 2835 4619 3028 4676; x_wconf 90' lang='lat' dir='ltr'><strong>sentiat</strong></span> <span class='ocrx_word' id='word_1_847' title='bbox 3053 4616 3184 4672; x_wconf 88' lang='lat' dir='ltr'><strong>satis</strong></span> <span class='ocrx_word' id='word_1_848' title='bbox 3213 4613 3466 4678; x_wconf 89' lang='lat' dir='ltr'><strong>ostendit,</strong></span> <span class='ocrx_word' id='word_1_849' title='bbox 3499 4611 3730 4676; x_wconf 90' lang='lat' dir='ltr'><strong>scilicet,</strong></span> 
     </span>
    </p>
   </div>
   <div class='ocr_carea' id='block_1_108' title="bbox 2137 4701 3730 4791">
    <p class='ocr_par' dir='ltr' id='par_1_108' title="bbox 2137 4701 3730 4791">
     <span class='ocr_line' id='line_1_108' title="bbox 2137 4701 3730 4791; baseline -0.012 -16"><span class='ocrx_word' id='word_1_850' title='bbox 2137 4719 2278 4791; x_wconf 90' lang='lat' dir='ltr'><strong>quod</strong></span> <span class='ocrx_word' id='word_1_851' title='bbox 2307 4718 2469 4774; x_wconf 89' lang='lat' dir='ltr'><strong>etiam</strong></span> <span class='ocrx_word' id='word_1_852' title='bbox 2511 4716 2630 4772; x_wconf 84' lang='lat' dir='ltr'><strong>sine</strong></span> <span class='ocrx_word' id='word_1_853' title='bbox 2672 4713 2784 4778; x_wconf 88' lang='lat' dir='ltr'><strong>illa,</strong></span> <span class='ocrx_word' id='word_1_854' title='bbox 2816 4709 2916 4766; x_wconf 90' lang='lat' dir='ltr'><strong>etsi</strong></span> <span class='ocrx_word' id='word_1_855' title='bbox 2960 4708 3137 4762; x_wconf 92' lang='lat' dir='ltr'><strong>minus</strong></span> <span class='ocrx_word' id='word_1_856' title='bbox 3167 4703 3344 4768; x_wconf 85' lang='lat' dir='ltr'><strong>facile,</strong></span> <span class='ocrx_word' id='word_1_857' title='bbox 3390 4701 3504 4758; x_wconf 88' lang='lat' dir='ltr'><strong>fieri</strong></span> <span class='ocrx_word' id='word_1_858' title='bbox 3547 4709 3730 4756; x_wconf 89' lang='lat' dir='ltr'><strong>tamen-</strong></span> 
     </span>
    </p>
   </div>
   <div class='ocr_carea' id='block_1_109' title="bbox 2139 4803 3138 4884">
    <p class='ocr_par' dir='ltr' id='par_1_109' title="bbox 2139 4803 3138 4884">
     <span class='ocr_line' id='line_1_109' title="bbox 2139 4803 3138 4884; baseline -0.015 -16"><span class='ocrx_word' id='word_1_859' title='bbox 2139 4811 2281 4884; x_wconf 88' lang='lat' dir='ltr'><strong>quod</strong></span> <span class='ocrx_word' id='word_1_860' title='bbox 2305 4810 2557 4866; x_wconf 90' lang='lat' dir='ltr'><strong>divinitus</strong></span> <span class='ocrx_word' id='word_1_861' title='bbox 2585 4803 2910 4877; x_wconf 88' lang='lat' dir='ltr'><strong>praccipitur,</strong></span> <span class='ocrx_word' id='word_1_862' title='bbox 2942 4807 3138 4872; x_wconf 90' lang='lat' dir='ltr'><strong>potest.</strong></span> 
     </span>
    </p>
   </div>
   <div class='ocr_carea' id='block_1_110' title="bbox 2209 4884 3737 4960">
    <p class='ocr_par' dir='ltr' id='par_1_110' title="bbox 2209 4884 3737 4960">
     <span class='ocr_line' id='line_1_110' title="bbox 2209 4884 3737 4960; baseline -0.014 0"><span class='ocrx_word' id='word_1_863' title='bbox 2209 4896 2692 4960; x_wconf 69' lang='lat' dir='ltr'><strong>CAPUT&#39;XXVII.</strong></span> <span class='ocrx_word' id='word_1_864' title='bbox 2719 4893 2906 4950; x_wconf 72' lang='lat'><strong>—-28.</strong></span> <span class='ocrx_word' id='word_1_865' title='bbox 2948 4891 3005 4947; x_wconf 93' lang='lat' dir='ltr'><strong>ln</strong></span> <span class='ocrx_word' id='word_1_866' title='bbox 3047 4891 3186 4946; x_wconf 90' lang='lat' dir='ltr'><strong>libro</strong></span> <span class='ocrx_word' id='word_1_867' title='bbox 3227 4887 3426 4958; x_wconf 89' lang='lat' dir='ltr'><strong>quippe</strong></span> <span class='ocrx_word' id='word_1_868' title='bbox 3461 4884 3529 4941; x_wconf 91' lang='lat' dir='ltr'><strong>ad</strong></span> <span class='ocrx_word' id='word_1_869' title='bbox 3574 4884 3737 4956; x_wconf 84' lang='lat' dir='ltr'><strong>virgi-</strong></span> 
     </span>
    </p>
   </div>
   <div class='ocr_carea' id='block_1_111' title="bbox 2143 4975 3736 5061">
    <p class='ocr_par' dir='ltr' id='par_1_111' title="bbox 2143 4975 3736 5061">
     <span class='ocr_line' id='line_1_111' title="bbox 2143 4975 3736 5061; baseline -0.014 -9"><span class='ocrx_word' id='word_1_870' title='bbox 2143 5011 2264 5053; x_wconf 88' lang='lat' dir='ltr'><strong>nem</strong></span> <span class='ocrx_word' id='word_1_871' title='bbox 2285 5007 2516 5061; x_wconf 88' lang='lat' dir='ltr'><strong>sacram,</strong></span> <span class='ocrx_word' id='word_1_872' title='bbox 2541 4988 2683 5060; x_wconf 89' lang='lat' dir='ltr'><strong>quod</strong></span> <span class='ocrx_word' id='word_1_873' title='bbox 2710 4995 2766 5044; x_wconf 86' lang='lat' dir='ltr'><strong>et</strong></span> <span class='ocrx_word' id='word_1_874' title='bbox 2786 4999 2944 5056; x_wconf 89' lang='lat' dir='ltr'><strong>supra</strong></span> <span class='ocrx_word' id='word_1_875' title='bbox 2967 4979 3405 5044; x_wconf 88' lang='lat' dir='ltr'><strong>commemoravi,</strong></span> <span class='ocrx_word' id='word_1_876' title='bbox 3433 4991 3554 5034; x_wconf 89' lang='lat' dir='ltr'><strong>cum</strong></span> <span class='ocrx_word' id='word_1_877' title='bbox 3582 4975 3736 5038; x_wconf 89' lang='lat' dir='ltr'><strong>dicit.</strong></span> 
     </span>
    </p>
   </div>
   <div class='ocr_carea' id='block_1_112' title="bbox 2148 5071 3737 5151">
    <p class='ocr_par' dir='ltr' id='par_1_112' title="bbox 2148 5071 3737 5151">
     <span class='ocr_line' id='line_1_112' title="bbox 2148 5071 3737 5151; baseline -0.013 -8"><span class='ocrx_word' id='word_1_878' title='bbox 2148 5109 2167 5143; x_wconf 70' lang='grc' dir='ltr'><strong>ι</strong></span> <span class='ocrx_word' id='word_1_879' title='bbox 2197 5088 2440 5146; x_wconf 87' lang='lat' dir='ltr'><strong>Divinam</strong></span> <span class='ocrx_word' id='word_1_880' title='bbox 2493 5097 2797 5140; x_wconf 88' lang='lat' dir='ltr'><strong>mereamur</strong></span> <span class='ocrx_word' id='word_1_881' title='bbox 2848 5078 3094 5151; x_wconf 73' lang='lat' dir='ltr'><strong>gratiam,</strong></span> <span class='ocrx_word' id='word_1_882' title='bbox 3147 5083 3203 5131; x_wconf 94' lang='lat' dir='ltr'><strong>et</strong></span> <span class='ocrx_word' id='word_1_883' title='bbox 3244 5071 3452 5128; x_wconf 90' lang='lat' dir='ltr'><strong>facilius</strong></span> <span class='ocrx_word' id='word_1_884' title='bbox 3508 5084 3737 5143; x_wconf 83' lang='lat' dir='ltr'><strong>nequam</strong></span> 
     </span>
    </p>
   </div>
   <div class='ocr_carea' id='block_1_113' title="bbox 2143 5163 3741 5254">
    <p class='ocr_par' dir='ltr' id='par_1_113' title="bbox 2143 5163 3741 5254">
     <span class='ocr_line' id='line_1_113' title="bbox 2143 5163 3741 5254; baseline -0.015 -15"><span class='ocrx_word' id='word_1_885' title='bbox 2143 5181 2372 5254; x_wconf 89' lang='lat' dir='ltr'><strong>spiritui,</strong></span> <span class='ocrx_word' id='word_1_886' title='bbox 2401 5177 2570 5234; x_wconf 91' lang='lat' dir='ltr'><strong>sancti</strong></span> <span class='ocrx_word' id='word_1_887' title='bbox 2611 5173 2844 5246; x_wconf 89' lang='lat' dir='ltr'><strong>Spiritus</strong></span> <span class='ocrx_word' id='word_1_888' title='bbox 2881 5171 3101 5237; x_wconf 81' lang='lat' dir='ltr'><strong>auxilio,</strong></span> <span class='ocrx_word' id='word_1_889' title='bbox 3135 5168 3487 5231; x_wconf 89' lang='lat' dir='ltr'><strong>resistamus;</strong></span> <span class='ocrx_word' id='word_1_890' title='bbox 3523 5182 3542 5216; x_wconf 76' lang='grc' dir='ltr'><strong>ι</strong></span> <span class='ocrx_word' id='word_1_891' title='bbox 3571 5163 3741 5232; x_wconf 77' lang='lat' dir='ltr'><strong>signi-</strong></span> 
     </span>
    </p>
   </div>
   <div class='ocr_carea' id='block_1_114' title="bbox 2145 5255 3740 5344">
    <p class='ocr_par' dir='ltr' id='par_1_114' title="bbox 2145 5255 3740 5344">
     <span class='ocr_line' id='line_1_114' title="bbox 2145 5255 3740 5344; baseline -0.014 -13"><span class='ocrx_word' id='word_1_892' title='bbox 2145 5275 2269 5331; x_wconf 88' lang='lat' dir='ltr'><strong>ficat</strong></span> <span class='ocrx_word' id='word_1_893' title='bbox 2291 5270 2534 5344; x_wconf 89' lang='lat' dir='ltr'><strong>profecto</strong></span> <span class='ocrx_word' id='word_1_894' title='bbox 2559 5267 2685 5340; x_wconf 88' lang='lat' dir='ltr'><strong>quid</strong></span> <span class='ocrx_word' id='word_1_895' title='bbox 2729 5264 2921 5334; x_wconf 89' lang='lat' dir='ltr'><strong>sapiat.</strong></span> <span class='ocrx_word' id='word_1_896' title='bbox 2963 5261 3161 5332; x_wconf 86' lang='lat' dir='ltr'><strong>thuid</strong></span> <span class='ocrx_word' id='word_1_897' title='bbox 3205 5260 3348 5344; x_wconf 64' lang='lat' dir='ltr'><strong>enim</strong></span> <span class='ocrx_word' id='word_1_898' title='bbox 3377 5258 3480 5311; x_wconf 82' lang='lat' dir='ltr'><strong>hoc</strong></span> <span class='ocrx_word' id='word_1_899' title='bbox 3517 5255 3740 5310; x_wconf 83' lang='lat' dir='ltr'><strong>verbum</strong></span> 
     </span>
    </p>
   </div>
   <div class='ocr_carea' id='block_1_115' title="bbox 2145 5333 3746 5438">
    <p class='ocr_par' dir='ltr' id='par_1_115' title="bbox 2145 5333 3746 5438">
     <span class='ocr_line' id='line_1_115' title="bbox 2145 5333 3746 5438; baseline -0.015 -15"><span class='ocrx_word' id='word_1_900' title='bbox 2145 5333 2484 5438; x_wconf 77' lang='lat' dir='ltr'><strong>interposuit,</strong></span> <span class='ocrx_word' id='word_1_901' title='bbox 2515 5333 2698 5426; x_wconf 42' lang='lat' dir='ltr'><strong>id-est,</strong></span> <span class='ocrx_word' id='word_1_902' title='bbox 2737 5377 2758 5412; x_wconf 75' lang='grc' dir='ltr'><strong>ι</strong></span> <span class='ocrx_word' id='word_1_903' title='bbox 2786 5333 3034 5412; x_wconf 79' lang='lat' dir='ltr'><strong>facilius?</strong></span> <span class='ocrx_word' id='word_1_904' title='bbox 3069 5371 3088 5406; x_wconf 79' lang='grc' dir='ltr'><strong>ι</strong></span> <span class='ocrx_word' id='word_1_905' title='bbox 3123 5353 3205 5409; x_wconf 84' lang='lat' dir='ltr'><strong>An</strong></span> <span class='ocrx_word' id='word_1_906' title='bbox 3233 5333 3365 5408; x_wconf 70' lang='lat' dir='ltr'><strong>v&#39;ero</strong></span> <span class='ocrx_word' id='word_1_907' title='bbox 3389 5363 3497 5404; x_wconf 89' lang='lat' dir='ltr'><strong>non</strong></span> <span class='ocrx_word' id='word_1_908' title='bbox 3528 5355 3644 5403; x_wconf 91' lang='lat' dir='ltr'><strong>crat</strong></span> <span class='ocrx_word' id='word_1_909' title='bbox 3673 5346 3746 5400; x_wconf 80' lang='lat' dir='ltr'><strong>in-</strong></span> 
     </span>
    </p>
   </div>
   <div class='ocr_carea' id='block_1_116' title="bbox 2211 5529 3744 5604">
    <p class='ocr_par' dir='ltr' id='par_1_116' title="bbox 2211 5529 3744 5604">
     <span class='ocr_line' id='line_1_116' title="bbox 2211 5529 3744 5604; baseline -0.015 -11"><span class='ocrx_word' id='word_1_910' title='bbox 2211 5546 2227 5578; x_wconf 78' lang='grc' dir='ltr'><strong>ι</strong></span> <span class='ocrx_word' id='word_1_911' title='bbox 2251 5542 2388 5602; x_wconf 75' lang='lat' dir='ltr'><strong>Editi,</strong></span> <span class='ocrx_word' id='word_1_912' title='bbox 2403 5537 2744 5604; x_wconf 80' lang='lat' dir='ltr'><strong>cogitationem</strong></span> <span class='ocrx_word' id='word_1_913' title='bbox 2762 5541 2809 5588; x_wconf 86' lang='lat' dir='ltr'><strong>et</strong></span> <span class='ocrx_word' id='word_1_914' title='bbox 2830 5531 3126 5587; x_wconf 80' lang='lat' dir='ltr'><strong>electionem.</strong></span> <span class='ocrx_word' id='word_1_915' title='bbox 3139 5529 3444 5592; x_wconf 78' lang='lat' dir='ltr'><strong>Castigantur</strong></span> <span class='ocrx_word' id='word_1_916' title='bbox 3453 5529 3744 5574; x_wconf 73' lang='lat' dir='ltr'><strong>auctoritate</strong></span> 
     </span>
    </p>
   </div>
   <div class='ocr_carea' id='block_1_117' title="bbox 2146 5605 3166 5666">
    <p class='ocr_par' dir='ltr' id='par_1_117' title="bbox 2146 5605 3166 5666">
     <span class='ocr_line' id='line_1_117' title="bbox 2146 5605 3166 5666; baseline 0.007 -9"><span class='ocrx_word' id='word_1_917' title='bbox 2146 5605 2634 5666; x_wconf 25' lang='lat' dir='ltr'><strong>manuscriptorum.“</strong></span> <span class='ocrx_word' id='word_1_918' title='bbox 2804 5662 2816 5666; x_wconf 94' lang='lat'><em>_</em></span> <span class='ocrx_word' id='word_1_919' title='bbox 2992 5663 3033 5666; x_wconf 95' lang='lat'><em>__</em></span> <span class='ocrx_word' id='word_1_920' title='bbox 3153 5651 3166 5664; x_wconf 95' lang='lat'><strong>.</strong></span> 
     </span>
    </p>
   </div>
   <div class='ocr_carea' id='block_1_118' title="bbox 2211 5661 3482 5724">
    <p class='ocr_par' dir='ltr' id='par_1_118' title="bbox 2211 5661 3482 5724">
     <span class='ocr_line' id='line_1_118' title="bbox 2211 5661 3482 5724; baseline -0.006 -11"><span class='ocrx_word' id='word_1_921' title='bbox 2211 5671 2232 5700; x_wconf 72' lang='grc'><em>³</em></span> <span class='ocrx_word' id='word_1_922' title='bbox 2249 5661 2510 5724; x_wconf 75' lang='lat' dir='ltr'><strong>Editi,&#39;hic.</strong></span> <span class='ocrx_word' id='word_1_923' title='bbox 2531 5661 2700 5712; x_wconf 78' lang='lat' dir='ltr'><strong>Melius</strong></span> <span class='ocrx_word' id='word_1_924' title='bbox 2718 5662 2974 5724; x_wconf 70' lang='lat' dir='ltr'><strong>Vatia-inus</strong></span> <span class='ocrx_word' id='word_1_925' title='bbox 2992 5663 3104 5724; x_wconf 81' lang='lat' dir='ltr'><strong>Ms.,_</strong></span> <span class='ocrx_word' id='word_1_926' title='bbox 3123 5661 3211 5704; x_wconf 83' lang='lat' dir='ltr'><strong>sic.</strong></span> <span class='ocrx_word' id='word_1_927' title='bbox 3330 5722 3344 5724; x_wconf 29' lang='lat' dir='ltr'><strong>A</strong></span> <span class='ocrx_word' id='word_1_928' title='bbox 3358 5704 3482 5724; x_wconf 31' lang='grc' dir='ltr'><strong>ΛΜ,</strong></span> 
     </span>
    </p>
   </div>
   <div class='ocr_carea' id='block_1_119' title="bbox 2213 5701 3748 5786">
    <p class='ocr_par' dir='ltr' id='par_1_119' title="bbox 2213 5701 3748 5786">
     <span class='ocr_line' id='line_1_119' title="bbox 2213 5701 3748 5786; baseline -0.02 -9"><span class='ocrx_word' id='word_1_929' title='bbox 2213 5731 2235 5762; x_wconf 83' lang='grc'>³</span> <span class='ocrx_word' id='word_1_930' title='bbox 2250 5701 2970 5786; x_wconf 54' lang='lat' dir='ltr'><strong>&quot;Ei-&quot;itii</strong></span> <span class='ocrx_word' id='word_1_931' title='bbox 2984 5701 3108 5768; x_wconf 57' lang='lat' dir='ltr'><strong>{Qui</strong></span> <span class='ocrx_word' id='word_1_932' title='bbox 3130 5701 3516 5768; x_wconf 34' lang='lat' dir='ltr'><strong>a&#39;maouscriptis</strong></span> <span class='ocrx_word' id='word_1_933' title='bbox 3531 5709 3584 5752; x_wconf 84' lang='lat' dir='ltr'><strong>et</strong></span> <span class='ocrx_word' id='word_1_934' title='bbox 3599 5701 3662 5750; x_wconf 80' lang='lat' dir='ltr'><strong>ab</strong></span> <span class='ocrx_word' id='word_1_935' title='bbox 3681 5711 3748 5752; x_wconf 18' lang='lat' dir='ltr'><strong>eo.</strong></span> 
     </span>
    </p>
   </div>
   <div class='ocr_carea' id='block_1_120' title="bbox 2151 5788 2654 5841">
    <p class='ocr_par' dir='ltr' id='par_1_120' title="bbox 2151 5788 2654 5841">
     <span class='ocr_line' id='line_1_120' title="bbox 2151 5788 2654 5841; baseline -0.018 0"><span class='ocrx_word' id='word_1_936' title='bbox 2151 5792 2258 5841; x_wconf 84' lang='lat' dir='ltr'><strong>loco</strong></span> <span class='ocrx_word' id='word_1_937' title='bbox 2280 5788 2474 5837; x_wconf 76' lang='lat' dir='ltr'><strong>Joannis</strong></span> <span class='ocrx_word' id='word_1_938' title='bbox 2495 5789 2654 5836; x_wconf 81' lang='lat' dir='ltr'><strong>abest.</strong></span> 
     </span>
    </p>
   </div>
   <div class='ocr_carea' id='block_1_121' title="bbox 2217 5833 3276 5916">
    <p class='ocr_par' dir='ltr' id='par_1_121' title="bbox 2217 5833 3276 5916">
     <span class='ocr_line' id='line_1_121' title="bbox 2217 5833 3276 5916; baseline -0.016 -19"><span class='ocrx_word' id='word_1_939' title='bbox 2217 5833 2245 5885; x_wconf 57' lang='grc' dir='ltr'><strong>ἶ</strong></span> <span class='ocrx_word' id='word_1_940' title='bbox 2261 5833 2633 5916; x_wconf 58' lang='grc' dir='ltr'><strong>άέέίῑξξίηέιιέῐέ</strong></span> <span class='ocrx_word' id='word_1_941' title='bbox 2655 5855 2756 5907; x_wconf 80' lang='lat' dir='ltr'><strong>\ts.,</strong></span> <span class='ocrx_word' id='word_1_942' title='bbox 2783 5859 2812 5895; x_wconf 85' lang='lat' dir='ltr'><strong>tt</strong></span> <span class='ocrx_word' id='word_1_943' title='bbox 2835 5856 2927 5894; x_wconf 83' lang='lat' dir='ltr'><strong>non</strong></span> <span class='ocrx_word' id='word_1_944' title='bbox 2950 5833 3276 5899; x_wconf 78' lang='lat' dir='ltr'><strong>diligentibus.</strong></span> 
     </span>
    </p>
   </div>
  </div>
