4170 6542
450 414 557 472 373

452 540 601 600 teger
640 540 833 584 sensus
880 542 900 577 ι
936 532 994 580 ut
1047 539 1276 594 nequam
1317 521 1547 593 spiritui,
1603 524 1773 579 sancti
1821 522 2052 591 Spiritus

451 621 670 688 auxilio,
700 617 1050 676 resistamus?
1079 634 1099 670 ι
1130 616 1236 673 Sed
1263 625 1519 686 quantum
1545 614 1921 670 detrimentum
1954 612 2055 667 hoc

456 712 829 769 additamenta
847 709 1054 777 fecerit,
1070 709 1190 779 quis
1206 724 1310 762 non
1340 707 1637 781 intelligat?
1657 705 1851 761 Volens
1873 705 2054 776 utique

452 803 624 870 credi,
655 808 832 858 tantas
856 815 978 857 esse
1004 808 1213 855 natura:
1240 798 1405 865 vires,
1437 811 1571 869 quas
1592 797 1897 853 extollendo
1928 813 2055 867 prae-

452 893 661 965 cipitat,
690 901 750 950 ut
772 892 934 949 etiam
965 890 1082 946 sine
1115 889 1315 945 auxilio
1340 888 1573 965 Spiritus
1601 888 1792 954 sancti,
1826 889 1924 943 etsi
1955 888 2053 941 mi-

451 1000 554 1043 nus
582 984 759 1052 facile,
790 994 966 1041 tamen
994 982 1176 1055 aliquo
1202 981 1364 1038 modo
1407 995 1637 1053 nequam
1678 980 1886 1054 spiritui
1917 980 2051 1035 resi-

449 1090 643 1137 statur.
1126 1122 1134 1127 η

511 1172 749 1246 CAPUT
788 1170 1029 1229 XXVIII.
1059 1170 1241 1227 —29.
1284 1170 1415 1225 Item
1458 1170 1509 1223 in
1558 1168 1731 1239 primo
1779 1164 1916 1219 libro
1955 1180 2051 1234 pro

450 1266 647 1322 Libero
677 1265 953 1322 Arbitrio:
987 1283 1007 1319 ι
1038 1262 1173 1320 Cum
1217 1271 1397 1318 autem
1440 1270 1547 1317 tam
1591 1261 1747 1326 forte,
1781 1277 1799 1311 ι
1857 1258 2047 1328 inquit,

455 1377 474 1410 ι
515 1366 621 1412 tam
672 1358 885 1414 firmum
930 1356 997 1412 ad
1029 1372 1135 1412 non
1165 1354 1494 1429 peccandum
1542 1354 1769 1408 liberum
1810 1367 1862 1405 tn
1896 1348 2051 1405 nobis

456 1450 750 1506 habeamus
774 1449 1077 1517 arbitrium,
1111 1447 1251 1518 quod
1279 1446 1598 1519 generaliter
1628 1452 1832 1498 natura:
1859 1443 2049 1497 huma-

451 1556 537 1596 nte
559 1542 783 1598 Creator
812 1541 1057 1606 inseruit,
1091 1553 1279 1595 rursus
1307 1553 1403 1609 pro
1431 1535 1787 1591 inaestimabili
1810 1534 1925 1605 ejus
1954 1534 2051 1588 bc-

371 1649 374 1652 ’
456 1634 739 1704 niguitate,
768 1632 1079 1704 quotidiano
1106 1631 1273 1702 ipsius
1304 1629 1577 1684 munimur
1603 1627 1825 1681 auxilio.
1860 1645 1880 1679 ι
1914 1625 2052 1693 Quid

452 1740 589 1794 opus
611 1732 694 1780 est
715 1724 817 1779 hoc
839 1723 1059 1787 auxilio,
1099 1723 1144 1776 si
1173 1731 1280 1776 tam
1310 1719 1465 1783 forte,
1497 1727 1604 1773 tam
1634 1718 1846 1771 firmum
1879 1716 2051 1772 estad

450 1832 558 1870 non
605 1813 936 1885 peccandum
981 1812 1211 1868 liberum
1259 1810 1579 1866 arbitrium?
1617 1808 1724 1865 Sed
1764 1809 1924 1863 etiam
1966 1808 2053 1863 hic

453 1910 565 1964 vult
586 1909 830 1981 intelligi,
854 1908 918 1962 ad
952 1907 1051 1962 hoc
1076 1921 1201 1962 esse
1223 1904 1502 1967 auxilium,
1524 1912 1579 1958 ut
1607 1902 1816 1959 facilius
1844 1901 1934 1956 fiat
1958 1915 2054 1970 per

452 2002 702 2069 gratiam,
734 2000 875 2071 quod
920 2000 1019 2056 etsi
1070 2000 1248 2053 minus
1293 1996 1472 2062 facile,
1522 2006 1701 2051 tamen
1744 2002 1894 2066 putat
1937 1994 2053 2049 fieri

450 2101 645 2161 pra-ter
671 2093 916 2162 gratiam.
1011 2162 1030 2173 ν

519 2186 750 2242 CAPUT
790 2183 988 2241 XXIX.
1020 2215 1088 2225 —
1120 2183 1210 2241 30.
1253 2182 1384 2240 Item
1437 2183 1490 2241 in
1530 2181 1720 2238 eodem
1767 2179 1905 2235 libro
1948 2179 2053 2233 alio

449 2282 568 2335 loco
598 2299 611 2334 :
647 2298 665 2332 ι
696 2278 769 2336 Ut
794 2279 936 2350 quod
977 2295 1071 2349 per
1094 2278 1348 2344 liberum,
1380 2295 1399 2330 ι
1433 2277 1622 2347 inquit,
1652 2294 1671 2327 ι
1702 2275 1947 2331 homines
1976 2274 2053 2328 fa-

448 2388 572 2427 cere
595 2372 852 2442 jubentur
881 2358 1184 2436 arbitrium,
1215 2370 1424 2425 facilius
1454 2369 1664 2449 possint
1705 2367 1926 2439 implere
1960 2382 2056 2445 per

446 2467 695 2535 gratiam.
728 2484 747 2518 ι
788 2464 941 2527 Tulle
987 2483 1006 2516 ι
1036 2462 1269 2534 facilius,
1301 2481 1319 2515 ι
1373 2471 1428 2517 et
1473 2477 1581 2516 non
1626 2461 1799 2524 solum
1836 2460 2051 2532 plenus,

448 2574 635 2613 verum
679 2558 839 2615 etiam
881 2573 1044 2613 sanus
1083 2565 1167 2612 est
1211 2570 1423 2623 sensus,
1462 2554 1507 2610 si
1554 2554 1625 2609 ita
1671 2554 1899 2621 dicatur,
1933 2571 1952 2604 ι
1986 2552 2056 2609 Ut

449 2648 591 2720 quod
620 2664 716 2718 per
737 2649 964 2711 liberum
996 2648 1241 2703 homines
1269 2647 1448 2704 facere
1469 2647 1729 2719 jubeutur
1748 2644 2050 2711 arbitrium,

452 2740 660 2809 possint
687 2740 908 2810 implere
933 2753 1031 2810 per
1049 2738 1294 2810 gratiam.
1326 2755 1347 2790 ι
1379 2738 1511 2794 Cum
1537 2746 1718 2794 autem
1750 2754 1768 2788 ι
1800 2734 2007 2791 facilius
2028 2754 2047 2787 ι

406 2842 420 2856 ·
450 2830 687 2898 additur,
718 2830 1180 2901 adimpletioboni
1211 2829 1389 2899 operis
1414 2829 1575 2884 etiam
1615 2827 1735 2883 sine
1764 2827 1857 2883 Dei
1883 2825 2053 2897 gratia

456 2941 616 2997 posse
666 2926 804 2995 fieri,
863 2925 1021 2984 tacita
1071 2922 1458 2995 significatione
1503 2922 1824 2997 suggeritur.
1881 2919 2054 2987 Quem

448 3032 669 3084 sensum
711 3017 987 3089 redarguit
1013 3017 1104 3089 qui
1143 3014 1293 3082 dicit,
1324 3013 1451 3071 Sine
1476 3030 1554 3070 me
1581 3013 1711 3067 nihil
1737 3011 1942 3083 potestis
1966 3014 2052 3083 [a-

448 3126 563 3165 cere
591 3108 774 3181 (Joan.
805 3123 898 3173 xv,
931 3107 1009 3179 5).

518 3200 749 3258 CAPUT
789 3200 959 3257 XXX.
983 3229 1055 3241 --
1078 3202 1137 3258 3|
1153 3240 1166 3253 .
1192 3198 1461 3256 Emendet
1484 3200 1598 3254 hrec
1617 3197 1819 3264 omnia,
1844 3212 1910 3252 ne
1930 3196 1975 3251 si
1999 3195 2052 3251 in

342 3314 359 3331 ο
451 3308 630 3348 rerum
659 3307 968 3364 magnarum
1010 3292 1371 3363 profunditate
1401 3291 1634 3347 humana
1667 3289 1868 3347 erravit
1896 3288 2053 3343 infir-

448 3392 630 3459 mitas,
661 3392 820 3451 etiam
850 3391 1115 3447 diabolica
1142 3390 1267 3447 huic
1300 3390 1520 3447 accedat
1558 3389 1753 3458 errori,
1785 3388 1866 3442 vel
1896 3386 2050 3442 falla-

450 3487 554 3553 cia,
591 3486 677 3551 vel
717 3486 1051 3552 animositas,
1094 3485 1209 3541 sive
1250 3484 1495 3561 negando
1521 3482 1663 3563 quod
1710 3480 1898 3548 sensit,
1939 3480 2053 3535 sive

453 3577 793 3635 defendendo
821 3578 965 3657 quod
1006 3593 1289 3650 perperam
1328 3579 1518 3642 sensit,
1565 3592 1686 3639 cum
1735 3574 1786 3630 id
1838 3590 1897 3629 se
1945 3589 2050 3628 non

446 3670 699 3737 debuisse
723 3672 923 3729 sentire
946 3678 1367 3728 commemorata
1393 3669 1678 3750 perspicua
1709 3668 1935 3737 veritate
1955 3682 2052 3728 eo-

450 3767 715 3837 gnovcrit.
758 3765 919 3822 Istam
945 3766 1145 3837 quippe
1179 3764 1409 3834 gratiam
1451 3777 1554 3833 qua
1575 3759 1953 3832 justificamur,
1999 3758 2052 3813 id

452 3868 560 3925 est,
592 3874 695 3929 qua
724 3859 959 3921 charitas
1006 3858 1102 3915 Dei
1133 3856 1449 3916 diffunditur
1478 3856 1529 3910 in
1558 3854 1813 3910 cordibus
1853 3853 2052 3907 nostris

452 3966 548 4018 per
575 3949 833 4020 Spiritum
862 3958 1106 4007 sanctum
1142 3948 1231 4025 qui
1256 3946 1412 4007 datus
1440 3955 1524 4005 est
1556 3944 1732 4015 nobis,
1771 3943 1825 3998 in
1855 3942 2051 4012 Pelagii

450 4052 504 4097 et
545 4041 786 4106 Ctelestii
826 4041 1064 4111 scriptis,
1105 4055 1458 4111 quaecumque
1495 4038 1675 4109 legere
1719 4037 1885 4109 potui,
1923 4052 2051 4103 nus-

447 4148 609 4213 quam
630 4148 725 4190 eos
751 4132 954 4199 inveni,
985 4129 1440 4203 quemadmodum
1467 4129 1768 4187 confitenda
1794 4138 1895 4193 est,
1920 4145 2051 4188 eet.-

451 4226 610 4280 Iiteri.
639 4225 868 4281 Prorsus
890 4239 1151 4295 nusquam
1178 4238 1272 4280 eos
1296 4222 1526 4290 adverti,
1553 4222 1694 4278 sicut
1721 4221 2048 4292 agnoscendi

448 4326 596 4385 sunt,
628 4332 924 4390 agnoscere
967 4317 1103 4370 filios
1142 4316 1533 4387 promissionis,
1579 4315 1648 4370 de
1687 4315 1882 4385 quibus
1918 4312 2051 4369 dicit

448 4407 762 4481 Apostolus,
797 4407 918 4463 Non
947 4408 983 4469 ii
1009 4407 1096 4483 qui
1119 4407 1218 4476 lilii
1256 4407 1445 4473 carnis,
1475 4407 1527 4459 hi
1554 4406 1652 4475 ﬁlii
1678 4404 1813 4469 Dei;
1843 4404 1932 4459 sed
1953 4404 2049 4472 ﬁlii

450 4501 803 4570 promissionis
828 4500 1137 4575 deputantur
1167 4501 1221 4554 in
1259 4517 1429 4561 semen
1474 4498 1648 4571 (Rom.
1679 4515 1759 4564 tx,
1784 4499 1860 4570 8).
1894 4498 2048 4565 Quod

449 4592 596 4657 enim
619 4593 887 4664 promittit
919 4593 1084 4660 Deus,
1119 4608 1227 4655 non
1258 4592 1481 4657 facimus
1521 4608 1620 4655 nos
1648 4607 1743 4663 per
1768 4592 2046 4647 arbitrium

444 4700 543 4741 seu
564 4693 835 4750 naturam,
860 4683 955 4739 sed
984 4683 1111 4743 facit
1141 4684 1255 4754 ipse
1288 4699 1382 4754 per
1408 4680 1657 4754 gratiam.

516 4777 604 4832 32.
633 4776 766 4833 Nam
797 4785 855 4833 ut
879 4776 947 4832 de
986 4775 1220 4835 leestii
1257 4773 1528 4845 opusculis
1563 4771 1776 4838 interim
1806 4781 2042 4838 taceam,

444 4873 528 4928 vel
547 4870 738 4933 libellis
750 4869 887 4941 ejus,
903 4884 1037 4941 quos
1052 4868 1270 4939 judiciis
1290 4864 1670 4933 ecclesiasticis
1684 4863 1932 4934 allegavit
1944 4862 2041 4936 (ιι),

443 4981 566 5036 quae
604 4964 756 5025 vobis
780 4965 958 5019 omnia
978 5004 992 5027 ,
1018 4978 1141 5018 eum
1170 4960 1291 5016 aliis
1335 4972 1469 5033 quas
1493 4957 1825 5015 necessarias
1864 4956 2048 5011 existi-

444 5058 711 5112 mavimus
738 5056 932 5112 litteris
953 5096 969 5121 ,
1001 5053 1256 5117 mittenda
1282 5052 1586 5109 curavimus
1609 5091 1624 5117 ,
1654 5048 1849 5121 quibus
1869 5049 2065 5107 omnis

444 5153 546 5206 lius
568 5149 856 5221 diligenter
893 5147 1180 5217 inSpectis,
1206 5146 1425 5215 possitis
1450 5144 1731 5209 advertere
1747 5182 1762 5211 ,
1788 5155 1895 5194 non
1923 5154 2045 5195 eum

446 5255 647 5310 ponere
676 5239 767 5294 Dei
787 5238 1038 5309 gratiam,
1062 5252 1163 5307 qua
1185 5237 1458 5306 juvamur,
1483 5236 1567 5291 vel
1583 5233 1651 5289 ad
1671 5231 2047 5297 declinandum

447 5351 475 5388 a
504 5333 668 5400 malo,
695 5331 781 5393 vel
800 5331 868 5386 ad
895 5329 1196 5395 faciendum
1222 5330 1443 5397 bonum,
1469 5339 1667 5400 praeter
1695 5324 1937 5393 naturale
1956 5339 2045 5379 ar-

514 5530 592 5596 (a)
621 5526 860 5596 Libellum
877 5526 1214 5596 Romae_gestis
1229 5526 1581 5596 ecclesiasticis
1616 5523 1905 5596 a_Caalestio
1926 5522 2047 5596 alle-

445 5588 613 5657 gaiuin
633 5593 752 5643 dicit
767 5603 967 5657 rursum
981 5588 1103 5639 infra
1122 5624 1137 5647 ,
1159 5589 1309 5657 mgni.
1335 5596 1396 5657 et_
1411 5588 1607 5657 inlibro
1628 5589 1701 5657 de
1726 5594 1924 5657 reecago
1946 5589 2045 5638 ori—

450 5647 629 5718 ginali,
652 5668 739 5703 un.
762 5652 813 5718 f2,
835 5653 883 5718 5,
911 5659 1008 5704 etc.
1033 5657 1177 5718 gesta
1200 5649 1281 5699 illa
1301 5649 1558 5718 Ctelestio,
1584 5656 1640 5699 ut
1662 5651 1710 5698 in
1734 5647 1859 5698 libro
1878 5648 1908 5697 ΕΞ
1930 5662 2043 5699 eon-

448 5711 520 5773 ira
543 5711 665 5773 duas
701 5711 936 5777 Epistolas
966 5711 1330 5777 Pelagianorum
1348 5745 1363 5769 ,
1388 5725 1436 5760 n.
1460 5714 1512 5777 5,
1534 5718 1777 5777 testatur,
1802 5718 2046 5777 prasente

450 5785 503 5831 et
522 5773 859 5837 respondente
881 5773 1101 5837 confecta
1125 5781 1237 5823 sunt
1256 5774 1350 5837 sub
1370 5776 1554 5822 Zosimo
1574 5787 1704 5837 anno
1736 5774 1903 5823 cluisti
1938 5773 2041 5821 H7.

451 5839 566 5899 Vide
779 5836 968 5895 litteras
991 5836 1130 5899 infra,
1158 5835 1370 5901 Append.
1401 5844 1536 5903 parte
1564 5835 1608 5883 ‘2.

1687 410 1743 465 S.
1787 413 1824 463 Α
1838 404 2151 464 υιλυενίιῑιι
2201 408 2522 466 ΕΡίὃΩὒΡΙ.

3656 417 3758 473 576

2167 525 2382 579 bitt-ium
2414 524 2717 587 voluntatis,
2752 524 2850 578 nisi
2881 527 2930 578 in
2971 524 3083 594 lege
3109 534 3266 594 atque
3296 527 3533 584 doctrina
3561 524 3581 597 ;’
3606 535 3675 587 ita
3701 546 3756 590 ut

2164 619 2306 688 ipsas
2327 634 2539 689 quoque
2562 619 2830 673 orationes
2860 617 2925 673 ad
2964 617 3064 672 hoc
3088 630 3293 674 asserat
3322 624 3674 687 necessarias,
3702 642 3758 681 ut

2162 710 2475 767 aStendatur
2517 709 2719 765 homini
2764 710 2889 781 quid
2934 712 3278 781 concupiscat
3328 722 3386 768 et
3427 715 3658 786 diligat:
3701 728 3759 773 ut

2162 819 2288 873 ergo
2331 803 2446 859 hate
2488 804 2701 859 interim
2731 804 2973 859 omittam
2994 845 3008 869 ,
3036 819 3229 876 nempe
3262 807 3376 878 ipse
3409 808 3655 880 Pelagius
3704 822 3757 866 et

2166 894 2368 950 litteras
2409 910 2579 965 nuper
2623 901 2678 951 et
2716 895 2955 951 libellum
3001 896 3225 955 Romam
3262 898 3387 954 fidei
3433 915 3545 955 sua:
3586 901 3755 969 misit,

2159 985 2400 1041 scribens
2439 985 2507 1042 ad
2562 986 2732 1042 beata:
2778 988 3052 1043 memoria:
3112 1004 3302 1060 papam
3348 989 3755 1057 Innocentium,

2158 1092 2319 1146 quem
2359 1076 2666 1133 delhnetum
2701 1093 2822 1134 esse
2867 1079 3159 1135 nesciebat.
3189 1082 3244 1136 In
3285 1081 3368 1136 his
3406 1097 3534 1151 ergo
3563 1083 3754 1139 litteris

2158 1167 2310 1235 dicit,
2345 1186 2365 1220 ι
2389 1170 2518 1226 Esse
2546 1169 2615 1225 de
2636 1170 2833 1241 quibus
2851 1185 2972 1225 eum
2997 1172 3247 1239 homines
3268 1173 3526 1231 infamare
3547 1190 3755 1231 conan—

2161 1271 2245 1315 tur
2271 1280 2285 1316 :
2319 1277 2481 1316 unum
2503 1303 2518 1328 ,
2552 1262 2693 1334 quod
2722 1272 2878 1334 neget
2906 1264 3139 1332 parvulis
3163 1248 3417 1334 Ba/ptismi
3443 1281 3756 1323 sacramen-

2159 1360 2292 1418 tum,
2318 1359 2372 1406 et
2411 1352 2612 1422 absque
2649 1353 3021 1424 redemptione
3057 1355 3255 1411 Christi
3295 1355 3562 1427 aliquibus
3587 1359 3758 1414 εωιο-

2157 1459 2275 1499 rum
2320 1460 2482 1516 regna
2527 1447 2831 1514 promittat;
2879 1447 3062 1514 aliud,
3111 1449 3252 1520 quod
3277 1450 3345 1504 ita
3399 1451 3543 1506 dicat
3595 1467 3756 1524 posse

2160 1535 2429 1591 hominem
2457 1535 2626 1592 vitare
2652 1545 2926 1606 peccatum
2949 1580 2964 1604 ,
2988 1548 3047 1593 ut
3071 1539 3163 1594 Dei
3192 1540 3437 1596 excludat
3461 1544 3713 1597 auxilium
3737 1586 3755 1612 ,

2159 1640 2210 1684 et
2242 1631 2292 1684 iu
2318 1639 2522 1685 tantum
2546 1631 2715 1687 libero
2742 1631 2978 1687 confidat
3004 1632 3227 1688 arbitrio
3249 1675 3263 1698 ,
3298 1642 3353 1688 ut
3373 1635 3560 1705 gratia:
3590 1652 3755 1705 repu-

2157 1723 2267 1778 diet
2309 1723 2654 1794 adjutorium.
2685 1743 2704 1778 ι
2754 1725 2861 1782 Sed
2907 1724 2976 1781 de
3032 1726 3306 1796 Baptismo
3369 1728 3752 1797 parvulorum,

2158 1816 2400 1885 quamvis
2441 1818 2519 1873 eis
2542 1817 2775 1873 dandum
2819 1833 2941 1875 esse
2973 1819 3233 1875 concedat
3256 1860 3270 1883 ,
3302 1835 3463 1891 quam
3503 1836 3757 1891 perverse

2158 1915 2342 1965 contra
2378 1906 2535 1971 fidem
2565 1907 2910 1963 christianam
2949 1917 3004 1965 et
3027 1910 3345 1965 catholicam
3386 1913 3582 1967 sentiat
3611 1914 3750 1968 veri.

2160 2009 2319 2063 tatem
2345 2041 2361 2067 ,
2386 2016 2491 2056 non
2523 2000 2609 2057 hie
2653 2001 2802 2061 locus
2838 2010 2923 2059 est
2951 2011 3008 2058 ut
3034 2003 3341 2075 diligentius
3380 2005 3708 2062 disseramus
3738 2026 3751 2062 :

2161 2110 2301 2151 nunc
2322 2095 2465 2162 enim
2491 2094 2561 2151 de
2592 2093 2859 2164 adjutorio
2892 2096 3078 2166 gratia:
3101 2096 3241 2167 quod
3273 2097 3599 2155 instituimus
3630 2115 3757 2170 per-

2164 2186 2427 2261 agendum
2458 2197 2560 2243 est.
2586 2187 2739 2243 Unde
2766 2187 2831 2242 ad
2856 2187 2907 2243 id
2929 2187 3069 2259 quod
3106 2190 3384 2259 proposuit
3405 2233 3416 2254 ,
3439 2192 3565 2261 quid
3591 2193 3753 2247 etiam

2162 2278 2285 2334 hinc
2322 2278 2644 2349 respondeat
2688 2279 2981 2335 videamus.
3025 2278 3093 2337 Ut
3118 2280 3259 2336 enim
3298 2283 3611 2343 omittamus
3638 2283 3757 2352 ejus

2161 2369 2450 2431 invidiosas
2472 2370 2540 2427 de
2563 2371 2674 2425 suis
2701 2370 2932 2431 inimicis
2960 2373 3206 2443 querelas
3230 2414 3245 2440 ,
3270 2373 3356 2429 ubi
3382 2373 3450 2429 ad
3478 2390 3590 2431 rem
3620 2392 3756 2432 vcn-

2162 2470 2272 2517 tum
2302 2470 2404 2525 est,
2428 2462 2499 2518 ita
2530 2462 2739 2523 locutus
2764 2472 2866 2526 est,

2230 2554 2461 2612 CAPUT
2502 2554 2791 2613 XXXI.—
2829 2558 2920 2616 53.
2975 2578 2993 2609 σ
3022 2558 3197 2631 Ecce,
3236 2578 3255 2615 ι
3294 2561 3493 2633 inquit,
3544 2581 3565 2619 ι
3613 2564 3755 2633 apud
3834 2588 3849 2597 ·

2160 2648 2547 2705 Beatitudinem
2577 2660 2719 2714 tuam
2759 2651 2983 2721 epistola
3034 2653 3133 2708 ista
3175 2669 3261 2711 me
3305 2667 3525 2727 purget,
3568 2657 3755 2728 inqua

2160 2755 2291 2810 pure
2316 2749 2478 2812 atque
2511 2742 2827 2812 simpliciter
2850 2742 2918 2800 ad
2948 2744 3276 2813 peccandum
3307 2759 3362 2802 et
3387 2748 3455 2802 ad
3483 2765 3588 2803 non
3630 2766 3759 2820 pec.-

2159 2832 2386 2888 candum
2414 2834 2677 2905 integrum
2705 2834 2933 2891 liberum
2959 2836 3241 2894 arbitrium
3271 2837 3472 2896 habere
3493 2855 3592 2897 nos
3617 2841 3757 2897 dici-

2160 2940 2309 3001 mus,
2327 2927 2471 2998 quod
2497 2926 2548 2982 in
2569 2928 2817 2984 omnibus
2844 2929 2999 2984 bonis
3026 2931 3287 3000 cperibus
3327 2932 3507 2989 divino
3532 2934 3757 3004 adjuva-

2160 3027 2246 3077 tur
2279 3033 2495 3092 semper
2528 3020 2744 3075 auxilio.
2779 3038 2798 3072 ι
2832 3017 3063 3076 Ccrnitis
3106 3022 3285 3092 itaque
3306 3064 3322 3090 ,
3354 3038 3448 3093 pro
3484 3025 3759 3085 intellectu

2158 3128 2316 3185 quem
2346 3113 2498 3170 vobis
2521 3112 2780 3169 Dominus
2806 3112 2976 3180 dedit,
3007 3113 3123 3169 hare
3148 3114 3267 3185 ejus
3299 3118 3458 3173 verba
3483 3118 3758 3173 solvendm

2159 3220 2265 3260 non
2287 3203 2534 3261 sufficere
2553 3202 2857 3275 quaestioni.
2887 3204 3190 3274 Qumrimus
3216 3206 3359 3261 enim
3400 3207 3579 3262 adhuc
3598 3249 3614 3273 ,
3645 3224 3758 3278 quo

2158 3297 2357 3353 auxilio
2375 3296 2603 3353 liberum
2621 3296 2859 3367 adjuvari
2880 3297 3023 3354 dicat
3044 3297 3344 3365 arbitrium,
3369 3315 3437 3354 ne
3466 3298 3627 3367 forte,
3649 3303 3758 3357 sic-

2159 3401 2217 3447 ut
2244 3392 2434 3459 ‘solet,
2476 3390 2603 3445 velit
2648 3390 2871 3461 intelligi
2911 3391 3081 3461 legem
3123 3399 3286 3461 atque
3334 3390 3653 3447 doctrinam.
3696 3396 3757 3450 Si

2157 3486 2299 3541 enim
2327 3498 2536 3555 qumras
2561 3498 2659 3539 cur
2677 3483 2894 3550 dixerit,
2927 3500 3157 3555 semper;
3183 3485 3376 3552 poterit
3398 3486 3754 3555 respondere.

2156 3579 2289 3648 Quia
2317 3578 2514 3634 dictum
2541 3586 2641 3643 est,
2669 3575 2734 3631 Et
2763 3577 2816 3631 in
2840 3576 2947 3647 lege
2970 3577 3081 3648 ejus
3108 3577 3432 3632 meditabitur
3460 3578 3541 3632 die
3567 3595 3629 3631 ac
3653 3595 3756 3633 που

2156 3684 2233 3727 cte
2261 3670 2432 3744 (Prol.
2466 3687 2503 3737 ι,
2531 3669 2846 3743 2).'Deinde
2890 3684 3012 3724 cum
3046 3668 3114 3724 de
3157 3667 3390 3724 hominis
3419 3669 3752 3736 conditione,

2156 3773 2210 3822 et
2232 3763 2297 3819 ad
2326 3763 2655 3834 peccandum
2690 3769 2849 3832 atque
2873 3776 2981 3815 non
3010 3758 3344 3830 peccandum
3375 3761 3604 3814 naturali
3632 3762 3755 3830 ejus

2156 3854 2511 3926 possibilitate
2539 3852 2783 3924 quzedam
2809 3850 3235 3922 interposuisset,
3263 3850 3507 3921 adjunxit
3525 3850 3753 3908 dicens:

2163 3967 2182 3999 ι
2210 3946 2378 4013 Quam
2404 3945 2557 3999 liberi
2588 3942 2796 3998 arbitrii
2820 3949 3137 4012 potestatem
3166 3940 3397 3997 dicimus
3419 3940 3472 3995 in
3500 3940 3756 3997 omnibus

2155 4051 2276 4092 esse
2293 4034 2635 4107 generaliter,
2669 4035 2721 4088 iu
2752 4033 3091 4100 Christianis,
3124 4032 3346 4098 Judzeis,
3375 4041 3533 4102 atque
3561 4031 3756 4088 Genti-

2155 4128 2313 4183 libus.
2342 4128 2397 4182 ln
2427 4126 2674 4182 euntibus
2702 4133 2785 4180 est
2804 4124 3031 4182 liberum
3058 4124 3336 4178 arbitrium
3359 4123 3636 4193 :equaliter
3657 4139 3757 4192 per

2156 4225 2431 4285 naturam,
2468 4217 2562 4273 sed
2604 4218 2656 4272 in
2696 4217 2827 4273 solis
2856 4215 3175 4271 Christianis
3204 4214 3422 4285 juvatur
3447 4231 3477 4269 a
3501 4217 3694 4287 gratia.
3727 4234 3749 4268 ι

2154 4311 2352 4368 lterum
2393 4309 2686 4381 quzerimus
2722 4323 2825 4379 qua
2867 4307 3078 4378 gratia?
3103 4307 3174 4365 Et
3211 4307 3386 4363 adhuc
3425 4307 3624 4377 poterit
3666 4324 3755 4362 re-

2154 4404 2445 4476 spondere,
2462 4403 2602 4473 Lege
2626 4412 2785 4472 atque
2809 4400 3051 4457 doctrina
3077 4400 3389 4457 christiana.

2226 4500 2313 4555 54.
2357 4496 2563 4557 Deinde
2589 4495 2883 4567 quamlibet
2915 4495 3110 4550 sentiat
3134 4494 3358 4564 gratiam
3385 4534 3400 4560 ,
3433 4494 3562 4564 ipsis
3591 4494 3750 4548 Chri-

2154 4593 2342 4647 stianis
2367 4589 2660 4647 secundum
2688 4589 2877 4645 merita
2905 4587 3018 4642 dari
3052 4587 3183 4642 dicit
3207 4606 3219 4640 :
3249 4603 3372 4642 cum
3409 4602 3503 4643 eos
3527 4588 3615 4658 qui
3650 4586 3753 4641 hoc

2153 4686 2359 4752 dicunt,
2382 4684 2495 4754 jam
2522 4682 2578 4737 in
2613 4682 2894 4739 Palaestina
2917 4723 2934 4748 ,
2962 4681 3101 4737 sicut
3132 4696 3292 4751 supra
3331 4682 3752 4735 COIlllll-‘nlurzni

2155 4777 2308 4849 (Cap.
2329 4777 2437 4843 22,
2473 4794 2527 4831 rt.
2554 4774 2686 4847 23).
2730 4789 2827 4830 sua
2871 4775 2961 4830 illa
2999 4774 3253 4843 prteclara
3296 4774 3616 4845 purgatione
3650 4773 3751 4827 da-

2154 4870 2435 4929 mnaverit.
2459 4869 2592 4924 Nam
2614 4868 2774 4923 verba
2797 4866 2914 4937 ejus
2930 4868 3028 4922 ista
3051 4875 3175 4922 sunt
3200 4883 3212 4920 :
3234 4886 3253 4917 ι
3279 4866 3335 4922 In
3369 4867 3492 4929 illis,
3516 4885 3534 4918 ›
3554 4867 3750 4936 inquit,

2159 4984 2176 5017 ι
2214 4963 2414 5020 nudum
2450 4971 2505 5017 et
2532 4962 2738 5017 inerme
2774 4966 2860 5015 est
2891 4958 3214 5015 conditionis
3259 4959 3456 5013 bonum
3487 4975 3500 5009 :
3539 4977 3556 5010 ι
3588 4959 3636 5011 in
3671 4960 3754 5012 eis

2152 5060 2314 5125 dicit,
2356 5058 2446 5128 qui
2488 5055 2765 5111 christiani
2805 5069 2913 5110 non
2955 5061 3097 5110 sunt.
3146 5054 3348 5109 Deinde
3381 5065 3572 5109 caetera
3614 5071 3753 5108 con—-

2156 5163 2344 5209 texens
2377 5169 2389 5205 :
2429 5169 2449 5203 ι
2480 5150 2535 5205 1η
2572 5149 2656 5204 his
2692 5163 2856 5213 vero,
2889 5167 2908 5199 ι
2948 5147 3154 5218 inquit,
3184 5165 3204 5198 ι
3232 5146 3324 5218 qui
3366 5147 3432 5200 ad
3476 5148 3753 5203 Christum

2154 5243 2675 5316 pertinent,Cbristi
2718 5244 2958 5297 munitur
3002 5243 3221 5297 auxilio.
3252 5261 3271 5293 ι
3321 5241 3525 5298 Videtis
3572 5242 3755 5297 adhuc

2154 5339 2417 5395 incertum
2446 5352 2567 5407 esse
2592 5351 2699 5407 quo
2735 5334 2965 5399 auxilio,
2991 5334 3288 5390 secundum
3328 5348 3389 5388 ea
3422 5348 3540 5402 qua:
3585 5348 3751 5403 supra

2152 5430 2404 5485 diximus.
2436 5424 2544 5484 Sed
2571 5427 2751 5483 adhuc
2764 5425 3009 5497 sequitur
3024 5424 3090 5480 de
3111 5425 3194 5478 his
3222 5424 3312 5495 qui
3339 5424 3616 5479 christiani
3641 5440 3753 5479 non

2153 5530 2299 5586 sunt,
2327 5530 2382 5575 et
2409 5519 2578 5574 dicit:
2618 5537 2638 5571 ι
2671 5517 2749 5572 Illi
2791 5516 2914 5573 ideo
2953 5516 3228 5585 iudicandi
3256 5524 3419 5585 atque
3458 5515 3754 5570 damnandi

2154 5624 2298 5678 sunt,
2330 5614 2455 5683 quia
2482 5629 2603 5669 cum
2635 5612 2865 5668 habeant
2892 5610 3118 5665 liberum
3147 5610 3425 5664 arbitrium
3445 5651 3459 5674 ,
3491 5624 3589 5678 per
3607 5610 3755 5678 qttnd

2153 5709 2220 5761 ad
2251 5706 2409 5760 fidem
2437 5705 2620 5759 venire
2649 5710 2900 5773 possent,
2934 5711 2988 5755 et
3019 5701 3109 5755 Dei
3154 5701 3382 5769 gratiam
3413 5699 3751 5769 promereri,

2155 5801 2295 5859 male
2330 5808 2548 5859 utuntur
2576 5798 2820 5854 libertate
2839 5808 3109 5851 concessa.
3140 5792 3202 5859 Ili
3224 5809 3349 5851 vero
3368 5792 3754 5857 remunerandi
