4202 6520
241 392 329 450 577

242 510 372 568 sunt,
403 496 488 570 qui
528 494 670 550 bene
699 489 788 546 libi
808 504 867 542 ro
908 491 1116 539 utentes
1155 478 1376 533 arbitrio
1410 483 1684 530 mercntur
1711 470 1816 525 Do-

245 563 369 653 mini
391 563 615 663 gratiam
636 628 653 654 ,
681 593 734 639 et
756 581 872 653 ejus
908 576 1156 633 mandata
1198 568 1528 628 custodiunt.
1564 586 1580 617 ι
1613 563 1817 633 Nempe

146 676 156 685 ’
244 684 566 744 manifestum
588 685 692 744 est,
715 689 836 730 eum
862 670 1042 727 dicere
1059 665 1281 739 gratiam
1304 658 1596 718 secundum
1630 656 1817 710 merita

247 780 370 846 dari,
391 772 681 847 quamlibet
697 784 835 833 eam,
868 765 952 820 vel
982 758 1327 834 qualemlibet
1350 753 1635 826 signiﬁcet,
1658 761 1819 820 quam

247 882 409 928 tamen
447 872 629 939 aperte
667 876 774 917 non
813 856 1082 928 exprimit.
1118 851 1255 907 Nam
1292 863 1412 904 cum
1440 860 1536 902 eos
1567 857 1819 899 remune-

250 962 428 1020 randos
451 932 601 1026 dic-it,
633 954 722 1026 qui
747 953 885 1008 bene
913 956 1131 1003 utuntur
1160 943 1328 998 libero
1353 936 1598 1003 arbitrio,
1622 944 1679 991 et
1698 932 1821 989 ideo

252 1055 430 1113 mereri
474 1050 684 1107 Domini
729 1038 1254 1118 gratiam,debitum
1299 1034 1379 1090 eis
1413 1030 1562 1087 reddi
1604 1028 1819 1083 fatetur.

254 1154 341 1212 Ubi
364 1158 442 1207 est
465 1161 595 1219 ergo
626 1143 754 1199 illud
783 1136 1023 1211 Apostoli
1045 1177 1059 1203 ,
1086 1130 1367 1200 Iusti/irati
1408 1125 1566 1198 gratis
1597 1139 1687 1219 per
1706 1137 1824 1190 gra~

254 1248 360 1301 tiam
393 1212 556 1316 ίρςιιιὶ
594 1238 773 1310 (Rom.
800 1248 895 1297 ιιι,
927 1226 1061 1299 et)?
1088 1224 1192 1282 Ubi
1240 1228 1324 1279 est
1365 1227 1421 1274 et
1448 1215 1611 1282 illud,
1637 1212 1825 1316 ἀναιια

252 1337 362 1394 iatn
400 1304 524 1404 facit
561 1304 719 1385 estis?
747 1326 813 1380 Et
858 1337 927 1377 ne
957 1322 1203 1390 putarent
1231 1328 1325 1384 per
1353 1324 1552 1382 opera,
1585 1304 1821 1368 addidit,

251 1445 331 1500 per
352 1394 526 1495 ﬁdem.
552 1420 759 1475 Rursus
786 1430 855 1470 ne
882 1413 1052 1483 ipsam
1081 1407 1239 1463 ﬁdem
1264 1405 1384 1459 sine
1416 1400 1508 1456 Dei
1529 1398 1698 1470 gratia
1725 1394 1824 1449 sibi

252 1493 483 1589 putarent
511 1526 631 1567 esse
653 1503 988 1564 tribuendam
1006 1543 1021 1569 ,
1046 1499 1113 1553 Et
1135 1498 1230 1552 hoc
1255 1536 1270 1562 ,
1298 1493 1502 1564 inquit,
1532 1505 1634 1544 non
1654 1503 1717 1542 ea;
1736 1502 1826 1540 ωε

252 1577 337 1676 iis,
362 1605 447 1662 sed
483 1602 585 1657 Dei
612 1600 801 1655 donum
830 1604 901 1650 est
929 1591 1145 1666 (Ephes.
1174 1604 1237 1652 ιι,
1270 1584 1349 1657 8).
1380 1583 1584 1652 Nempe
1610 1594 1738 1649 ergo
1767 1577 1826 1631 il-

253 1700 334 1757 lud
360 1696 502 1753 unde
529 1692 714 1763 incipit
732 1702 892 1745 omne
917 1682 1061 1755 quod
1087 1679 1281 1736 merito
1308 1674 1554 1743 accipere
1578 1670 1826 1730 dicimur,

250 1797 354 1851 sine
389 1789 584 1847 merito
621 1759 943 1852 aecipimus,
979 1775 1031 1831 id
1056 1782 1169 1839 est,
1196 1773 1367 1843 ipsam
1412 1765 1592 1822 ﬁdem.
1635 1764 1742 1817 Aut
1784 1759 1830 1815 si

250 1896 458 1959 negatur
476 1879 628 1946 dari;
657 1874 782 1949 quid
808 1881 892 1929 est
918 1867 1059 1941 quod
1092 1867 1295 1923 dictum
1319 1869 1423 1959 est,
1457 1858 1603 1916 Sicut
1627 1854 1831 1959 uniani-

250 1944 341 2052 qu;
358 1976 490 2031 Deus
521 1944 737 2043 partitus
760 1973 833 2020 est
871 1974 1159 2017 mensuram
1176 1954 1299 2026 ﬁdei
1325 1950 1500 2028 (Rom.
1530 1963 1624 2015 xu,
1648 1945 1704 2018 5)
1725 1944 1832 2052 ἰιεί

251 2035 415 2127 autem
444 2035 534 2123 sic
556 2061 752 2118 dicitur
780 2056 892 2113 dari
916 2096 932 2118 ,
954 2061 1015 2108 ut
1046 2048 1300 2107 reddatur
1329 2041 1538 2099 meritis
1557 2080 1572 2105 ,
1601 2053 1706 2093 non
1738 2035 1835 2090 do-

254 2174 436 2226 netur;
464 2155 596 2229 quid
622 2162 706 2209 est
731 2149 872 2222 quod
905 2148 1095 2201 iterum
1125 2140 1275 2205 dicit,
1315 2135 1469 2193 Vobis
1496 2133 1741 2189 donatum
1765 2136 1835 2183 est

255 2272 340 2327 pro
367 2251 591 2314 Christo,
616 2262 717 2299 non
742 2242 906 2297 solum
932 2245 987 2292 ut
1011 2232 1228 2289 credatis
1255 2231 1308 2284 in
1331 2244 1469 2293 cum,
1492 2238 1663 2280 verum
1686 2223 1837 2275 etiam

258 2313 306 2404 iu
326 2350 339 2382 ¹
361 2342 626 2419 patiamini
654 2354 745 2409 pro
771 2352 829 2391 eo
859 2331 1121 2406 (Philipp.
1154 2343 1191 2392 ι,
1216 2324 1346 2393 29)?
1375 2320 1668 2387 Utrumque
1692 2313 1836 2370 enim

258 2410 500 2499 donatum
534 2449 653 2491 esse
676 2437 897 2486 testatus
917 2435 1020 2493 est,
1047 2430 1103 2479 et
1125 2418 1269 2492 quod
1289 2414 1460 2474 credit
1474 2414 1528 2469 in
1542 2410 1836 2476 Christum,

259 2546 307 2589 et
331 2530 468 2603 quod
501 2527 704 2600 patitur
731 2521 958 2593 quisque
974 2530 1079 2605 pro
1095 2512 1329 2570 Christo.
1355 2507 1445 2563 Isti
1467 2514 1643 2562 autem
1669 2501 1841 2557 libero

258 2592 470 2681 arbitrio
502 2592 594 2676 sic
631 2615 899 2687 applicant
946 2592 1135 2673 ﬁilem,
1162 2612 1223 2661 ut
1253 2601 1378 2659 ﬁdei
1416 2598 1667 2655 videlicet
1689 2592 1841 2650 reddi

260 2715 509 2780 videatur,
544 2723 650 2765 non
668 2684 897 2778 gratuita
916 2742 933 2769 ,
963 2698 1058 2755 sed
1083 2694 1261 2752 debita
1287 2690 1455 2764 gratia
1488 2707 1503 2745 :
1530 2694 1598 2743 'ae
1621 2701 1719 2758 per
1740 2684 1844 2739 hoc

255 2810 356 2881 jam
376 2821 475 2862 nec
496 2801 694 2876 gratia,
721 2798 843 2868 quia
868 2792 969 2850 nisi
996 2790 1247 2863 gratuita,
1277 2801 1384 2842 non
1406 2790 1490 2840 est
1509 2780 1698 2853 gratia.

325 2871 551 2955 CAPUT
589 2888 809 2949 XXXII.
836 2916 909 2929 —
936 2886 1026 2942 55.
1048 2882 1155 2939 Sed
1184 2881 1253 2936 ab
1277 2879 1360 2934 his
1378 2875 1572 2932 litteris
1597 2871 1845 2943 Pelagius

262 2990 323 3046 ad
350 2986 470 3045 ﬁdei
494 3001 611 3041 sua:
638 2981 830 3038 librum
863 2977 937 3051 (a)
971 2976 1083 3032 vult
1112 2973 1342 3029 transire
1368 2970 1623 3025 lectorem
1646 3005 1662 3032 ,
1692 2961 1848 3033 cujus

264 3081 406 3137 vobis
428 3082 449 3112 ¹
474 3071 1044 3135 commemorationem
1068 3065 1195 3123 fecit
1217 3080 1232 3120 :
1257 3063 1312 3119 in
1339 3076 1447 3133 quo
1472 3074 1550 3128 ea,
1562 3057 1630 3113 de
1652 3054 1848 3126 quibus

266 3188 365 3229 non
388 3166 819 3239 interrogabatur
838 3205 852 3228 ,
881 3160 1045 3217 multa
1074 3155 1348 3217 disseruit.
1377 3152 1485 3209 Sed
1514 3164 1613 3205 nos
1641 3147 1708 3203 de
1733 3144 1852 3218 qui-

266 3267 358 3321 bus
387 3265 602 3335 agimus
636 3273 759 3315 cum
789 3256 928 3319 illis,
950 3254 1064 3325 ipsa
1104 3250 1403 3305 videamus.
1444 3241 1579 3301 Cum
1611 3241 1753 3297 enim
1782 3238 1852 3294 ab

267 3333 460 3412 unitate
499 3349 784 3410 Trinitatis
826 3361 995 3417 usque
1031 3342 1099 3400 ad
1142 3340 1589 3398 resurrectionem
1648 3333 1849 3397 carnis,

267 3449 398 3520 quod
420 3447 490 3503 ab
517 3445 617 3501 illo
647 3456 805 3498 nemo
825 3437 1098 3511 quaerebat
1114 3477 1130 3504 ,
1161 3432 1578 3506 disputationem
1600 3435 1853 3499 quantam

269 3540 426 3595 voluit
454 3536 838 3607 terminasset:
877 3548 896 3584 ι
932 3530 997 3585 Ει
1021 3527 1313 3598 Baptisms,
1354 3542 1374 3576 ι
1408 3521 1597 3593 inquit,
1637 3537 1656 3571 ι
1686 3530 1854 3573 unum

270 3641 528 3694 tenemus,
558 3624 701 3698 quod
719 3623 905 3680 iisdem
921 3617 1251 3677 Sacramenti
1276 3614 1454 3671 verbis
1470 3613 1524 3668 in
1545 3609 1854 3676 infantibus,

269 3724 454 3795 quibus
498 3721 667 3778 etiam
706 3719 759 3773 in
800 3714 1092 3787 majoribus
1116 3754 1131 3780 ,
1157 3711 1386 3767 dicimus
1415 3722 1537 3763 esse
1574 3706 1858 3762 celebran-

268 3815 412 3872 dum.
448 3834 470 3869 ι
505 3813 626 3870 Hoc
647 3818 795 3867 certe
827 3822 922 3863 vos
949 3816 1002 3862 et
1026 3821 1057 3859 a
1079 3810 1342 3874 prresente
1370 3798 1583 3855 audisse
1607 3797 1856 3853 dixistis:

268 3908 358 3965 sed
399 3906 527 3979 quid
563 3902 818 3975 prodest,
850 3898 995 3971 quod
1042 3895 1246 3952 eisdem
1293 3892 1470 3948 verbis
1500 3890 1553 3944 in
1596 3889 1856 3960 parvulis,

268 4002 455 4072 quibus
481 4006 541 4056 et
580 3997 638 4052 in
672 3984 1283 4065 majoribus,celebrari
1321 3984 1454 4041 dicit
1478 3981 1734 4053 Baptismi
1775 3996 1862 4035 sa-

269 4100 607 4148 cramentum
625 4130 640 4155 ,
669 4102 793 4143 cum
824 4100 911 4141 res
952 4098 982 4137 a
1011 4081 1165 4138 nobis
1186 4121 1202 4146 ,
1232 4093 1340 4134 non
1369 4075 1485 4133 sola
1519 4073 1681 4131 verba
1719 4088 1865 4144 quaa-

268 4184 489 4241 rantur?
517 4182 653 4239 Plus
676 4189 760 4235 est
786 4176 928 4250 quod
953 4175 1107 4231 vobis
1131 4189 1226 4230 ore
1248 4171 1464 4244 preprio
1484 4166 1864 4239 interroganti-

272 4277 366 4333 bus
386 4273 691 4347 respondit,
719 4273 796 4327 uti
817 4269 1071 4336 scribitis,
1100 4286 1119 4320 ι
1149 4265 1379 4321 infantes
1405 4265 1460 4318 in
1493 4261 1865 4318 remissionem

270 4381 618 4443 peccatorum
643 4368 919 4440 percipere
939 4364 1292 4436 Baptismum.
1334 4381 1353 4415 ι
1385 4359 1502 4416 Non
1530 4359 1676 4415 enim
1707 4364 1761 4414 et
1783 4356 1869 4411 hic

271 4465 431 4528 dixit,
462 4464 521 4518 in
547 4461 728 4518 verbis
754 4457 1091 4515 remissionis
1114 4462 1491 4526 peccatorum;
1525 4450 1621 4507 sed
1649 4464 1743 4506 eos
1772 4449 1867 4505 ba-

275 4556 461 4625 ptizari
487 4555 544 4610 in
569 4555 740 4624 ipsam
762 4550 1135 4608 remissionem
1164 4547 1442 4604 confessus
1457 4553 1541 4602 est
1566 4562 1580 4599 :
1611 4552 1667 4600 et
1692 4552 1870 4598 tamen

273 4652 316 4702 si
338 4648 407 4702 ab
431 4663 500 4704 eo
529 4644 873 4718 quazreretis,
898 4641 1026 4714 quid
1054 4641 1258 4713 peccati
1279 4640 1357 4695 eis
1376 4638 1627 4695 credatur
1647 4636 1869 4703 remitti,

275 4757 377 4796 non
404 4755 505 4797 eos
535 4737 740 4808 aliquid
774 4736 974 4792 habere
1002 4733 1371 4790 contenderet.

342 4828 580 4886 CAPUT
623 4825 860 4882 XXXIII.
898 4854 973 4867 —
1011 4825 1100 4880 56.
1132 4824 1262 4892 Quis
1300 4821 1581 4887 crederet,
1632 4818 1734 4874 sub
1777 4819 1877 4873 hac

277 4921 426 4989 quasi
477 4917 770 4975 manifesta
803 4916 1145 4973 confessione
1186 4930 1401 4971 sensum
1451 4913 1617 4967 latere
1662 4920 1878 4966 contra-

279 5017 451 5085 rium,
473 5014 585 5071 nisi
620 5028 741 5069 eum
785 5012 1070 5069 C(elestius
1107 5005 1446 5080 aperuisset?
1473 5006 1576 5073 Qui
1614 5005 1665 5058 in
1695 5003 1878 5059 libello

278 5122 397 5177 luo,
418 5124 589 5180 quem
620 5105 804 5161 Roma:
830 5105 999 5177 gestis
1024 5100 1404 5158 ecclesiasticis
1427 5097 1697 5168 allegavit,
1727 5110 1881 5165 «par—

279 5201 430 5257 vulos
452 5209 510 5257 et
537 5198 796 5269 baptizari
829 5197 882 5252 in
912 5196 1286 5252 remissionem
1327 5202 1667 5263 peccatorum
1698 5208 1718 5243 ›
1748 5204 1879 5244 con-

282 5293 456 5351 fessus
486 5302 577 5349 est
597 5334 613 5358 ,
644 5302 698 5347 et
724 5292 939 5362 negavit
970 5308 989 5342 ι
1026 5289 1191 5344 ullum
1226 5287 1424 5341 habere
1460 5284 1718 5355 originale
1754 5299 1881 5353 pec-

280 5396 481 5441 catum.
515 5404 538 5438 ι
571 5383 680 5439 Sed
710 5397 853 5437 nunc
892 5396 997 5438 non
1038 5380 1105 5436 de
1131 5379 1458 5450 Baptismate
1496 5377 1838 5447 parvulorum
1865 5416 1881 5442 ,

281 5477 374 5534 sed
399 5477 472 5534 de
512 5475 787 5547 adjutorio
818 5473 1002 5546 gratia:
1032 5472 1209 5544 potius
1228 5513 1243 5539 ,
1270 5471 1430 5525 etiam
1463 5474 1515 5523 in
1554 5467 1736 5522 libello
1764 5466 1885 5521 ﬁdei

342 5594 361 5627 ⁸
387 5599 594 5665 missu,
611 5603 777 5665 verum
798 5589 942 5640 etiam
964 5586 1215 5654 patiamini
1233 5600 1321 5653 pro
1341 5599 1397 5636 cc
1410 5599 1427 5648 ,'
1448 5586 1644 5645 omisso,
1661 5589 1709 5633 ut
1726 5595 1741 5643 ;
1758 5581 1887 5646 quod

282 5668 375 5707 nec
395 5662 653 5719 repetitur
675 5662 725 5703 in
748 5666 926 5716 grzeco.

345 5719 368 5750 ι
392 5712 498 5768 Ani.
526 5723 606 5765 Er.
632 5723 684 5765 et
709 5712 834 5775 $35.,
859 5712 1010 5765 nobis.

349 5779 369 5811 ³
386 5786 553 5838 Forte,
582 5778 771 5827 credat.

348 5842 422 5906 (a)
457 5834 763 5895 lixltibemus
786 5837 926 5900 infra,
958 5837 1165 5900 Appon'i.
1194 5844 1329 5899 parte
1358 5834 1401 5883 2.

1391 360 1592 419 LlBER
1632 358 1718 415 DE
1755 354 2010 414 GRA'I‘IA
2052 348 2351 409 CHRISTI.

3416 337 3520 395 378

1929 481 2061 531 sum,
2092 480 2251 536 quem
2284 465 2506 518 Romam
2536 457 2712 526 misit,
2745 456 2869 528 quid
2893 454 3134 527 Pelagius
3177 456 3406 511 senserit
3440 466 3521 509 at-

1926 556 2231 613 tendamus.
2278 573 2297 607 (
2328 554 2610 619 Liberum,
2642 570 2661 604 ι
2697 551 2861 620 inquit
2888 590 2906 618 ,
2939 568 2960 602 ι
2994 550 3073 604 sic
3099 547 3416 604 conﬁtemur
3435 561 3519 599 ar-

1927 650 2145 707 bitrium
2166 692 2183 717 ,
2210 658 2271 704 ut
2306 648 2548 703 dicamus
2588 660 2687 700 nos
2725 643 2965 714 indigere
3002 642 3098 697 Dei
3129 653 3344 709 semper
3371 638 3520 692 anxi-

1927 742 2021 799 lio.
2053 760 2072 795 ι
2106 742 2247 797 Ecce
2272 742 2463 796 iterum
2481 738 2790 810 quaerimus,
2813 750 2919 806 quo
2936 733 3133 789 auxilio
3158 746 3256 787 nos
3281 730 3520 799 indigre

1928 832 2159 891 fateatur
2188 850 2202 889 :
2228 841 2284 888 et
2324 834 2515 886 iterum
2556 829 2857 885 invenimus
2894 825 3239 896 ambiguum,
3269 820 3522 892 quoniam

1929 936 2107 997 potest
2132 924 2482 996 respondere,
2515 924 2685 994 legem
2712 937 2772 976 se
2793 920 2974 976 dicere
2990 917 3354 974 doctrinamve
3374 913 3522 968 chri-

1928 1021 2179 1086 stianam,
2212 1033 2317 1089 qua
2345 1016 2603 1073 naturalis
2633 1015 2719 1069 illa
2745 1012 3065 1084 possibilitas
3081 1010 3389 1080 adjuvetur.
3411 1005 3522 1060 Nos

1929 1126 2107 1169 autem
2142 1114 2288 1169 illam
2323 1111 2549 1184 gratiam
2589 1110 2640 1164 iu
2682 1123 2871 1164 eorum
2912 1104 3252 1161 confessione
3295 1098 3526 1171 requiri-

1932 1223 2052 1263 mus
2076 1248 2091 1271 ,
2115 1206 2184 1262 de
2217 1219 2321 1276 qua
2356 1203 2487 1259 dicit
2516 1200 2807 1272 Apostolus
2832 1241 2846 1265 ,
2883 1195 3005 1251 Non
3050 1194 3182 1249 enim
3208 1191 3346 1247 dedit
3381 1189 3527 1244 nobis

1934 1300 2074 1354 Deus
2093 1298 2327 1369 spiritum
2351 1296 2545 1350 timoris
2567 1334 2581 1355 .
2609 1296 2699 1348 sed
2727 1291 2925 1346 virtutis
2956 1298 3002 1343 et
3031 1285 3290 1342 charitatis
3320 1293 3365 1338 et
3401 1298 3527 1336 cou-

1934 1391 2159 1444 tinentia:
2189 1388 2255 1460 (ll
2287 1387 2419 1442 Tim.
2450 1403 2489 1454 ι,
2522 1386 2600 1455 7).
2628 1383 2746 1439 Non
2778 1390 2860 1437 est
2894 1388 3072 1436 autem
3105 1389 3441 1445 consequens
3471 1381 3530 1427 ut

1933 1482 2022 1553 qui
2067 1480 2223 1536 habet
2255 1478 2455 1534 donum
2498 1475 2771 1538 scientiae,
2808 1487 2915 1543 quo
2953 1469 3165 1526 noverit
3202 1467 3330 1537 quid
3369 1478 3530 1535 agere

1935 1570 2150 1635 debeat,
2177 1568 2369 1626 habeat
2394 1567 2554 1621 etiam
2582 1564 2878 1627 charitatis,
2906 1570 2964 1616 ut
2991 1567 3136 1631 agat.

2005 1661 2232 1719 CAPUT
2260 1658 2499 1716 XXXIV.
2522 1688 2596 1698 —
2620 1658 2709 1713 57.
2742 1655 2866 1710 Illos
2886 1653 3068 1718 etiam,
3096 1664 3231 1720 quos
3254 1649 3307 1703 in
3328 1644 3529 1702 eisdem

1937 1755 2129 1812 litteris
2151 1796 2166 1821 ,
2192 1768 2325 1825 quas
2352 1751 2497 1807 misit
2530 1749 2599 1805 ad
2619 1756 2819 1804 saneta:
2848 1745 3121 1801 memorim
3153 1756 3343 1813 papam
3374 1739 3532 1793 Inno-

1938 1848 2170 1904 centium
2196 1887 2210 1911 ,
2241 1846 2409 1901 libros
2446 1857 2573 1899 suos
2603 1841 2685 1897 vel
2714 1840 2913 1911 scripta
2938 1842 3361 1898 commemorat,
3393 1831 3517 1901 legi.

1940 1949 2136 2010 praeter
2172 1951 2331 1992 unam
2366 1933 2648 2006 epistolam
2670 1975 2685 1998 ,
2709 1946 2866 2003 quam
2893 1944 2954 1984 se
2980 1928 3196 1983 brevem
3229 1925 3439 1980 misisse
3465 1922 3532 1976 ad

1940 2042 2183 2088 sanctum
2223 2026 2596 2084 Constantium
2634 2024 2941 2093 episcopum
2979 2019 3148 2074 dicit:
3194 2030 3293 2072 nec
3335 2014 3533 2070 alicubi

1942 2123 2087 2195 potui
2119 2120 2354 2192 reperire
2373 2160 2388 2184 ,
2420 2118 2560 2173 hanc
2585 2130 2709 2171 eum
2737 2113 2960 2185 gratiam
2987 2108 3265 2177 conﬁteri,
3294 2122 3396 2179 qua
3428 2119 3536 2162 nun

1942 2218 2115 2273 solum
2161 2213 2484 2284 possibilitas
2522 2207 2781 2265 naturalis
2828 2204 3115 2261 voluntatis
3162 2210 3220 2257 et
3265 2199 3492 2254 actionis
3518 2239 3534 2263 ,

1943 2325 2101 2380 quam
2128 2306 2259 2362 dicit
2282 2320 2379 2360 nos
2406 2303 2604 2359 habere
2640 2299 2849 2356 etiamsi
2890 2298 2992 2353 nec
3029 2295 3273 2375 volumus
3302 2307 3399 2347 nec
3427 2291 3541 2360 agi-

1946 2416 2067 2457 mus
2095 2402 2292 2456 l'lonum
2319 2439 2333 2464 ,
2363 2397 2458 2453 sed
2488 2398 2601 2465 ipsa
2632 2395 2793 2450 etiam
2820 2391 3066 2447 voluntas
3092 2371 3155 2444 et.
3175 2388 3315 2442 actio
3339 2385 3542 2440 submi-

1946 2489 2263 2550 nistratione
2292 2490 2462 2546 sancti
2492 2488 2722 2559 Spiritus
2745 2485 3047 2556 adjuvatur.

2020 2583 2247 2642 CAPUT
2284 2579 2505 2637 XXXV.
2531 2608 2607 2621 -—
2630 2579 2720 2633 '58.
2758 2594 2777 2629 ‹
2809 2576 3033 2647 Legant,
3066 2590 3085 2625 ι
3119 2570 3307 2643 inquit,
3344 2588 3363 2622 ι
3400 2570 3544 2624 illam

1949 2678 2251 2751 epistolam,
2278 2690 2437 2747 quam
2467 2672 2534 2728 ad
2559 2682 2802 2728 sanctum
2829 2670 3002 2724 virum
3032 2665 3309 2722 Paulinum
3332 2663 3543 2733 episco-
3572 2702 3577 2707 .

1950 2788 2077 2845 pum
2108 2779 2233 2825 ante
2257 2766 2542 2824 duodecim
2569 2763 2681 2819 fere
2705 2775 2876 2818 annos
2907 2758 3222 2830 scripsimus
3243 2798 3259 2824 ,
3288 2771 3406 2825 qum
3437 2763 3545 2808 tre-

1950 2863 2125 2920 centis
2147 2862 2284 2917 forte
2311 2858 2555 2915 versibus
2581 2855 2716 2910 nihil
2755 2851 2900 2917 aliud
2932 2864 3090 2921 quam
3122 2848 3212 2903 Dei
3242 2846 3464 2917 gratiam
3493 2850 3547 2898 et

1950 2956 2208 3018 auxilium
2238 2952 2543 3015 conﬁtetur,
2573 2962 2777 3019 nosque
2803 2945 2932 3001 nihil
2959 2943 3178 2999 omnino
3215 2939 3341 2996 boni
3370 2939 3548 2993 facere

1954 3064 2115 3121 posse
2143 3046 2261 3103 sine
2287 3046 2421 3102 Deo.
2454 3062 2474 3096 ι
2500 3042 2649 3098 llane
2672 3054 2801 3111 ergo
2835 3038 3114 3109 epistolam
3139 3033 3265 3103 legi,
3293 3042 3349 3087 et
3372 3031 3548 3086 inveni

1954 3156 2079 3199 cum
2121 3154 2258 3211 pene
2294 3152 2391 3209 per
2416 3143 2582 3193 totam
2609 3148 2714 3188 non
2743 3130 3036 3194 immorari,
3067 3127 3171 3183 nisi
3202 3126 3254 3181 in
3280 3123 3552 3179 facultate

1956 3242 2013 3291 et
2032 3230 2383 3304 possibilitate
2402 3235 2626 3293 naturae,
2644 3233 2700 3281 et
2718 3238 2855 3295 pene
2876 3221 2946 3276 ibi
2977 3228 3181 3274 tantum
3207 3217 3299 3272 Dei
3326 3215 3552 3286 gratiam

1959 3323 2286 3381 constituere
2310 3339 2323 3375 :
2354 3319 2702 3375 christianum
2730 3329 2856 3370 vero
2884 3312 3108 3382 gratiam
3128 3317 3272 3364 tanta
3294 3308 3554 3362 brevitate

1959 3417 2074 3473 sola
2121 3414 2355 3471 nominis
2396 3407 2911 3467 commemoratione
2960 3397 3286 3477 perstringit,
3330 3408 3387 3454 ut
3423 3397 3555 3452 nihil

1961 3509 2103 3565 aliud
2132 3506 2397 3569 videatur,
2430 3517 2590 3573 quam
2621 3514 2740 3555 eam
2766 3506 2944 3553 tacere
2968 3495 3230 3550 timuisse.
3256 3490 3446 3547 Utrum
3481 3498 3558 3541 ta-

1962 3617 2088 3657 men
2111 3614 2228 3655 eam
2256 3597 2309 3652 in
2335 3592 2657 3652 remissione
2680 3598 3017 3661 peccatorum
3046 3584 3176 3641 velit
3196 3581 3417 3650 intelligi
3446 3623 3460 3645 ,
3489 3594 3556 3631 an

1964 3694 2125 3751 etiam
2157 3692 2210 3746 in
2254 3688 2492 3746 doetrina
2530 3684 2764 3748 Christi,
2798 3680 2885 3737 ubi
2920 3687 3003 3735 est
3039 3686 3095 3734 et
3133 3671 3560 3731 conversationis

1965 3786 2083 3856 ejus
2124 3781 2425 3851 exemplum
2447 3819 2462 3845 ,
2492 3776 2633 3848 quod
2671 3771 2885 3844 aliquod
2922 3784 3140 3826 suorum
3179 3763 3558 3837 opusculorum

1968 3854 2102 3934 locis
2130 3875 2276 3941 facit,
2302 3888 2371 3929 an
2394 3872 2580 3928 credat
2607 3865 2822 3939 aliquod
2851 3862 3175 3933 adjutorium
3209 3859 3348 3914 bene
3366 3854 3558 3925 agendi

1968 3969 2274 4041 adjunctum
2320 3973 2524 4021 natura:
2552 3970 2713 4032 atque
2747 3958 3003 4014 doctrina:
3040 3971 3135 4027 per
3155 3951 3559 4023 inspirationcm

1972 4059 2399 4132 flagrantissima:
2420 4068 2474 4112 et
2494 4051 2925 4110 luminosissima:
2953 4045 3251 4113 charitatis,
3273 4058 3381 4098 non
3402 4057 3566 4112 appa-

1973 4162 2056 4208 ret
2081 4151 2321 4207 omnino.

2044 4242 2272 4299 CAPUT
2314 4238 2556 4296 XXXVI.
2578 4268 2649 4279 ——
2670 4236 2759 4293 39.
2789 4252 2808 4286 ι
2839 4233 3042 4303 Legaut
3073 4225 3232 4285 etiam
3254 4270 3269 4293 ,
3304 4245 3325 4278 ι
3358 4226 3563 4297 inquit,

1982 4356 2002 4390 ι
2036 4337 2103 4392 ad
2131 4342 2374 4391 sanctum
2419 4329 2790 4387 Constantium
2834 4326 3177 4396 episcopum,
3207 4321 3294 4375 ubi
3335 4318 3571 4373 breviter

1977 4427 2210 4501 quidem,
2234 4423 2332 4482 sed
2362 4423 2518 4495 plane
2542 4421 2715 4476 libero
2738 4416 2972 4472 hominis
2995 4412 3214 4469 arbitrio
3230 4410 3324 4466 Dei
3346 4408 3570 4481 gratiam

1978 4521 2341 4590 auxiliumque
2367 4515 2642 4587 conjunxi.
2676 4533 2696 4567 ι
2732 4511 2881 4567 Hanc
2909 4508 3216 4579 epistolam,
3245 4513 3304 4559 ut
3326 4502 3572 4573 superius

1924 4658 1957 4678 κ
1980 4615 2088 4672 dixi
2112 4612 2262 4686 (Cap.
2294 4611 2365 4667 54
2387 4652 2402 4677 ,
2428 4626 2482 4664 n.
2516 4606 2631 4678 57),
2656 4621 2763 4661 non
2794 4604 2898 4673 legi
2930 4620 2944 4656 :
2976 4600 3071 4656 sed
3096 4599 3141 4654 si
3170 4612 3275 4651 non
3301 4603 3384 4650 est
3411 4592 3572 4648 dissi-

1981 4683 2130 4761 milis
2149 4683 2380 4769 caéteris,
2411 4715 2531 4771 qua:
2556 4696 2685 4752 mihi
2712 4704 2836 4750 nota
2857 4695 3263 4755 commemorat,
3292 4701 3397 4741 non
3415 4683 3576 4738 habet

1984 4800 2146 4856 etiam
2176 4796 2291 4867 ipsa
2315 4792 2459 4865 quod
2484 4791 2795 4862 quaerimus.

2053 4886 2280 4945 CAPUT
2318 4882 2674 4940 XXXVll.—-
2701 4879 2792 4935 40.
2815 4896 2833 4930 ι
2871 4876 3072 4946 Legam
3098 4873 3278 4935 etiam,
3315 4888 3331 4921 ι
3366 4870 3536 4939 inquit
3561 4910 3577 4932 ,

1993 5004 2014 5038 ι
2047 4996 2203 5055 quam
2234 4980 2302 5035 ad
2328 4992 2535 5033 sacram
2564 4971 2765 5029 Christi
2800 4968 3062 5039 virginem
3106 4963 3493 5020 Demetriadem
3527 4962 3579 5016 in

1988 5078 2207 5134 Oriente
2234 5070 2655 5141 conscripsimus
2679 5063 2781 5138 (a),
2804 5073 2859 5120 et
2886 5059 3159 5117 invenient
3188 5073 3287 5113 nos
3317 5058 3387 5111 ita
3411 5055 3583 5110 Immi-

1990 5170 2074 5225 nis
2101 5165 2320 5223 laudare
2352 5172 2596 5218 naturam
2619 5201 2633 5224 ,
2660 5166 2720 5212 ut
2746 5154 2840 5210 Dei
2874 5166 3087 5222 semper
3111 5150 3297 5221 gratia:
3323 5145 3583 5201 addamus

1991 5257 2268 5314 auxilium.
2304 5273 2323 5307 ι
2353 5253 2513 5309 Istam
2538 5264 2669 5307 sane
2694 5246 2833 5319 legi,
2858 5242 3100 5314 mihique
3127 5256 3262 5312 pene
3298 5252 3584 5309 persuase-

1992 5358 2095 5417 rat,
2129 5349 2266 5404 hanc
2280 5346 2429 5401 illum
2450 5343 2696 5414 gratiam,
2715 5318 2784 5395 de
2800 5353 2903 5411 qua
2924 5333 3150 5406 quaestio
3175 5318 3279 5396 est,
3307 5328 3547 5385 conﬁteri
3571 5341 3585 5380 :

1994 5439 2236 5511 quamvis
2265 5438 2319 5493 in
2346 5435 2528 5492 multis
2556 5433 2672 5503 ejus
2697 5427 2941 5503 opusculi
2961 5424 3096 5481 locis
3113 5423 3215 5478 sibi
3238 5421 3350 5491 ipse
3376 5428 3593 5474 contra-

1994 5530 2177 5587 dicere
2198 5527 2470 5585 videretur
2500 5542 2515 5580 :
2546 5522 2644 5579 sed
2672 5536 2794 5579 cum
2818 5520 2875 5575 in
2900 5528 3093 5573 manus
3120 5527 3269 5569 meas
3295 5518 3350 5565 et
3374 5509 3476 5563 alia
3497 5520 3590 5559 ve-

1997 5621 2224 5686 nissent,
2271 5633 2392 5689 qua:
2443 5614 2714 5687 posterius
2765 5612 3034 5678 latiusque
3081 5601 3425 5670 conscripsit;
3479 5595 3581 5649 vidi

1998 5710 2449 5783 quemadmodum
2476 5706 2709 5779 potuerit
2734 5706 2892 5761 etiam
2911 5700 3017 5755 illic
3041 5696 3261 5767 gratiam
3288 5690 3582 5750 nominare,

2064 5825 2135 5889 ((1)
2174 5824 2271 5874 ‘itl-
2300 5824 2422 5874 hanc
2454 5820 2707 5883 Ppis‘tnlant
2733 5819 2781 5868 in
2818 5810 3083 5878 tutetttltcc
3110 5805 3224 5857 loud
3246 5802 3293 5852 ‘3.
