4170 6566
518 395 623 455 379

519 511 622 566 sub
652 507 898 579 ambigua
944 503 1297 578 generalitate
1322 499 1448 572 quid
1488 499 1713 555 sentiret
1736 497 2070 553 abscondens
2089 539 2103 562 ,

519 603 706 672 gratia:
732 610 920 655 tamen
946 596 1204 653 vocabulo
1252 595 1502 664 frangens
1542 590 1794 660 invidiam
1816 631 1832 657 ,
1864 588 2117 643 offensio-

522 709 750 766 nemque
778 693 1071 749 declinans.
1118 688 1252 744 Nam
1294 688 1346 741 iu
1381 687 1545 756 ipsius
1574 682 1859 754 principio,
1891 681 1978 735 ubi
2021 681 2116 747 ait,

527 808 545 840 ι
582 786 865 857 Proposito
892 783 1203 839 insudcmus
1222 780 1394 851 operi,
1434 794 1532 833 nec
1562 774 1951 831 mediocritati‘
1971 772 2114 828 diffi-

522 880 712 933 damus
741 876 972 947 ingenii,
1002 874 1143 946 quod
1178 871 1445 928 credimus
1472 869 1573 924 fide
1615 867 1800 922 matris
1829 872 1884 920 et
1922 865 2118 919 merito

522 970 743 1042 virginis
780 968 1054 1040 adjuvari;
1086 985 1105 1019 ι
1155 963 1380 1051 gratiam
1422 976 1524 1032 qua
1567 960 1880 1031 adjuvamur
1919 957 1987 1013 ad
2016 956 2115 1011 ali-

522 1062 651 1132 quid
679 1060 963 1132 agendum,
996 1058 1124 1113 mihi
1149 1050 1293 1111 visus
1325 1055 1493 1117 fuerat
1522 1050 1784 1115 confiteri,
1813 1063 1914 1105 nec
1942 1055 2117 1102 atten-

522 1152 706 1208 deram
735 1152 874 1208 hanc
900 1166 1021 1208 eum
1050 1162 1249 1220 ponere
1271 1145 1506 1217 potuisse
1545 1143 1597 1198 in
1638 1142 1750 1197 sola
1780 1139 2115 1195 revelatione

471 1251 488 1259 ‘
522 1243 799 1299 doctrinm.

592 1333 842 1389 41.1mm
897 1332 947 1386 in
989 1329 1177 1386 eodem
1224 1343 1385 1400 opere
1433 1326 1539 1380 alio
1591 1326 1707 1378 loco
1751 1342 1763 1378 :
1816 1341 1835 1374 ί
1866 1321 2018 1391 Quod
2070 1321 2117 1375 si

524 1427 684 1483 etiam
711 1426 828 1480 sine
859 1425 989 1489 Deo,
1020 1441 1039 1475 ι
1076 1422 1283 1492 inquit,
1320 1438 1338 1471 ‹
1372 1417 1616 1472 homines
1644 1414 1949 1478 ostendunt,
1981 1428 2117 1483 qua-

523 1517 604 1572 les
630 1531 660 1570 a
687 1517 798 1572 Deo
825 1515 945 1570 facti
972 1523 1130 1578 sunt;
1159 1512 1280 1566 vide
1308 1509 1431 1580 quid
1456 1506 1742 1561 Christiani
1784 1505 1959 1560 facere
1989 1519 2118 1573 pos-

523 1607 663 1673 sint,
724 1621 949 1677 quorum
995 1604 1048 1658 in
1103 1602 1294 1657 melius
1347 1615 1442 1671 per
1496 1597 1772 1653 Christum
1826 1596 2117 1650 instaurata

526 1706 715 1753 natura
764 1705 885 1761 est,
917 1704 968 1751 et
999 1693 1088 1765 qui
1128 1693 1324 1748 divinae
1371 1705 1584 1762 quoque
1637 1691 1822 1760 gratiae
1866 1688 2118 1757 juvantur

523 1790 738 1845 auxilio.
754 1808 773 1842 ι
795 1788 1047 1843 Naturam
1077 1785 1130 1841 in
1147 1785 1337 1839 melius
1354 1784 1721 1846 instauratam,
1748 1779 2119 1835 remissionem

522 1880 637 1936 vult
661 1879 881 1949 intelligi
914 1886 1255 1948 peccatorum
1284 1893 1298 1927 :
1337 1875 1480 1946 quod
1507 1875 1612 1929 alio
1642 1873 1761 1928 loco
1789 1873 1841 1926 in
1875 1874 1976 1927 hoc
2004 1873 2119 1940 ipso

521 1971 660 2027 libro
686 1971 815 2026 satis
841 1969 1251 2033 demonstravit,
1275 1967 1368 2022 ubi
1392 1967 1486 2034 ait,
1522 1983 1541 2017 ι
1581 1964 1752 2020 Etiam
1785 1963 1861 2018 illi
1891 1964 1980 2033 qui
2006 1963 2122 2017 lon-

524 2079 593 2136 go
623 2063 878 2136 peccandi
902 2079 1001 2119 usu
1030 2060 1263 2133 quodam
1294 2059 1454 2114 modo
1479 2057 1801 2124 obduruere,
1834 2055 2120 2111 instaurari

522 2171 620 2227 per
660 2155 1029 2227 paenitentiam
1070 2162 1315 2225 possunt.
1368 2170 1388 2203 ι
1428 2150 1699 2205 Auxilium
1751 2162 1882 2203 vero
1928 2147 2123 2202 divinae

519 2248 708 2317 gratiae
759 2253 938 2318 potest
998 2252 1052 2301 et
1115 2243 1202 2298 hic
1262 2256 1465 2313 ponere
1525 2241 1580 2295 in
1645 2239 1970 2295 revelatioue
2019 2237 2123 2293 do—

521 2341 730 2397 ctrinae.

592 2431 817 2489 CAPUT
855 2430 1143 2487 XXXVIII.
1167 2460 1243 2471 —
1264 2428 1355 2485 4‘2.
1383 2427 1512 2484 Item
1539 2426 1665 2482 alibi
1691 2428 1742 2483 in
1771 2426 1959 2483 eadem
2008 2425 2122 2497 epi-

523 2522 704 2578 stola:
742 2540 761 2575 ‹
802 2522 934 2577 Nam
985 2522 1029 2576 si
1073 2522 1234 2576 etiam
1279 2528 1404 2574 ante
1447 2519 1652 2590 legem,
1699 2535 1719 2569 ι
1755 2517 1962 2587 inquit,
2017 2534 2037 2568 ι
2067 2523 2127 2570 ut

524 2613 788 2679 diximus,
812 2627 874 2667 ac
903 2613 1071 2667 multo
1112 2620 1236 2666 ante
1272 2610 1479 2665 Domini
1531 2608 1700 2664 nostri
1732 2617 1788 2664 et
1830 2607 2125 2664 Salvatoris

523 2705 832 2772 adventum,
851 2705 996 2775 juste
1023 2702 1237 2782 quidam
1267 2710 1322 2757 et
1341 2709 1525 2757 sancte
1546 2701 1747 2757 vixisse
1776 2700 2121 2769 referuntur;

523 2807 724 2867 quanto
763 2794 932 2865 magis
974 2803 1093 2865 post
1122 2793 1532 2848 illustrationem
1576 2791 1838 2848 adventus
1883 2790 2000 2863 ejus
2027 2806 2126 2848 nos

526 2886 584 2942 id
626 2900 783 2956 posse
826 2883 1155 2941 credendum
1202 2892 1305 2950 est,
1337 2883 1432 2953 qui
1468 2881 1747 2937 instaurati
1795 2896 1893 2952 per
1927 2880 2127 2937 Christi

524 2977 748 3048 gratiam
776 2986 831 3032 et
868 2977 922 3031 in
967 2976 1245 3032 meliorem
1276 2974 1543 3030 hominem
1577 2974 1750 3030 renati
1779 2988 1998 3042 sumus,
2030 2974 2122 3045 qui

525 3069 783 3140 sanguine
811 3067 924 3137 ejus
949 3067 1151 3136 expiati
1180 3074 1338 3136 atque
1357 3064 1612 3129 mundati,
1638 3065 1911 3135 ipsiusque
1932 3079 2118 3120 exem-

526 3162 618 3232 plo
656 3161 723 3218 ad
767 3160 1150 3231 perfectionem
1190 3159 1393 3214 incitati
1421 3158 1680 3229 justitite,
1721 3157 1973 3212 meliores
2019 3156 2126 3212 illis

528 3270 650 3311 csse
675 3254 951 3319 debemus,
980 3254 1074 3324 qui
1100 3261 1226 3308 ante
1250 3251 1422 3323 legem
1453 3251 1643 3307 fuere?
1677 3270 1697 3304 ι
1728 3250 1920 3307 Videte
1941 3266 2128 3321 quem-

529 3348 818 3405 admodum
840 3358 894 3404 et
923 3347 1010 3403 hic
1028 3347 1148 3403 aliis
1175 3346 1390 3417 quidem
1410 3345 1608 3411 verbis,
1633 3348 1727 3401 sed
1751 3352 1929 3400 tamen
1950 3345 2002 3398 in
2032 3359 2125 3400 re-

534 3442 792 3498 missione
839 3448 1177 3512 peccatorum
1212 3448 1269 3493 et
1301 3436 1623 3507 inexemplo
1664 3435 1869 3490 Christi
1921 3434 2129 3504 adjuto-

530 3534 669 3588 rium
695 3531 881 3605 gratia:
924 3529 1285 3587 constituerit.
1326 3526 1529 3583 Deinde
1554 3526 1826 3597 subjungit
1868 3533 1925 3581 et
1950 3524 2081 3579 dicit
2110 3541 2124 3579 :

537 3647 555 3680 ι
583 3627 826 3682 Meliores
846 3625 1006 3680 etiam
1035 3631 1194 3695 quam
1223 3621 1438 3678 fuerunt
1466 3620 1569 3676 sub
1590 3621 1726 3691 lege,
1749 3620 1961 3675 dicente
1985 3619 2132 3688 Apo-

531 3717 690 3781 stolo,
719 3715 990 3771 Peccatum
1015 3714 1153 3768 vobis
1191 3731 1295 3768 non
1336 3711 1838 3775 dontinabiturmou
1876 3711 2009 3764 enim
2036 3709 2128 3764 sub

532 3810 640 3878 lege
669 3806 786 3862 estis
809 3847 824 3872 ,
847 3805 935 3860 sed
974 3803 1064 3860 sub
1091 3805 1258 3875 gratia
1287 3802 1463 3876 (Rom.
1502 3818 1576 3866 v1,
1615 3802 1724 3871 Li).
1764 3801 1832 3855 Et
1871 3800 2126 3871 quoniam

534 3903 682 3971 hinc,
716 3920 736 3956 ι
768 3901 960 3971 inquit,
997 3919 1016 3952 ι
1049 3899 1397 3963 sufficienter,
1430 3904 1489 3951 ut
1518 3904 1665 3965 puto,
1696 3893 1926 3949 diximus
1948 3934 1963 3959 ,
1988 3907 2132 3947 nunc

535 3991 823 4063 perfectam
852 3990 1191 4045 instituamus
1217 3987 1499 4057 virginem,
1525 4000 1643 4055 quae
1664 4000 1729 4040 cx
1753 3993 1975 4054 utroque
1991 3998 2134 4037 sem-

536 4098 632 4154 per
654 4096 902 4147 accensa,
922 4088 976 4135 et
1001 4090 1202 4132 naturae
1230 4078 1386 4133 simul
1417 4086 1469 4131 et
1494 4076 1679 4145 gratiae
1702 4076 1897 4131 bonum
1921 4089 2129 4129 morum

534 4172 815 4228 sanctitate
850 4179 1089 4225 testetur.
1125 4189 1143 4221 ι
1175 4169 1243 4222 Et
1282 4168 1334 4222 in
1381 4169 1463 4222 his
1492 4166 1670 4221 verbis
1698 4166 1903 4221 debetis
1936 4165 2131 4221 adver-

537 4274 672 4328 tere,
696 4262 817 4318 ideo
843 4262 988 4316 illum
1013 4259 1151 4331 quod
1173 4259 1404 4323 dicebat,
1433 4259 1515 4312 sic
1541 4256 1771 4311 voluisse
1786 4255 2129 4324 concludere,

537 4367 593 4410 ut
616 4362 821 4409 natura:
844 4354 1044 4409 bonum
1076 4352 1431 4421 intelligamus
1450 4392 1463 4415 ,
1492 4348 1636 4419 quod
1661 4363 1781 4402 cum
1818 4362 2133 4403 creareinur

538 4445 876 4516 accepimus;
926 4444 1112 4515 gratia:
1162 4452 1378 4505 autem,
1421 4456 1541 4495 cum
1576 4438 1776 4494 Christi
1818 4439 2129 4495 intuemur”

539 4538 1170 4607 cxcmplum:lanquam
1220 4532 1341 4587 idco
1385 4541 1662 4601 peccatum
1712 4544 1818 4584 non
1871 4528 2135 4584 indultum

539 4630 707 4686 fuerit
729 4629 809 4684 eis
835 4627 926 4699 qui
967 4626 1067 4681 sub
1090 4625 1209 4695 lege
1250 4623 1466 4677 fuerunt
1499 4620 1583 4676 vel
1608 4628 1768 4687 sunt,
1796 4619 1919 4689 quia
1949 4636 2135 4675 exem-

543 4723 689 4794 plum
719 4719 919 4777 Christi
944 4718 1057 4773 sive
1088 4732 1192 4771 non
1224 4714 1545 4778 habuerunt,
1576 4714 1689 4767 sive
1717 4728 1822 4766 non
1851 4712 2096 4767 credunt.

610 4812 839 4869 CAPUT
875 4809 1123 4867 XXXIX.
1181 4839 1255 4850 —
1282 4808 1373 4863 45.
1429 4806 1539 4861 lloc
1581 4815 1759 4860 autem
1794 4805 1950 4860 istum
1978 4820 2135 4874 sape-

541 4921 634 4969 re,
665 4914 718 4960 et
744 4904 847 4959 alia
876 4902 993 4973 ejus
1036 4900 1197 4956 verba
1242 4897 1567 4963 ostendunt,
1598 4911 1707 4951 non
1752 4897 1805 4950 in
1838 4897 1937 4952 hoc
1964 4897 2099 4951 libro
2119 4938 2132 4959 ,

544 4996 640 5053 sed
670 4995 723 5049 in
750 4994 907 5049 tertio
926 5009 1022 5063 pro
1048 4992 1242 5048 Libero
1271 4988 1526 5053 Arbitrio,
1550 4987 1639 5042 ubi
1666 4985 1734 5041 ad
1763 5002 1885 5042 eum
1913 4987 2137 5057 loquens

544 5096 732 5141 contra
768 5100 928 5154 quem
983 5083 1248 5153 disputat,
1287 5081 1536 5150 quoniam
1573 5079 1662 5134 ille
1695 5087 1945 5147 posuerat
1979 5078 2137 5132 verba

547 5175 787 5245 Apostoli
817 5174 1062 5240 dicentis,
1092 5171 1211 5226 Non
1239 5171 1375 5242 quod
1402 5171 1514 5224 volo
1540 5185 1676 5241 ago;
1697 5175 1771 5235 et,
1805 5166 1962 5221 Video
1984 5168 2140 5221 aliam

549 5272 709 5340 legem
734 5269 787 5322 in
825 5266 1058 5321 membris
1088 5266 1211 5320 meis
1238 5272 1603 5334 repugnantem
1638 5261 1737 5329 legi
1770 5261 1951 5315 mentis
1982 5276 2134 5324 mete,

548 5368 606 5414 et
627 5367 820 5414 caetera
843 5372 962 5427 qure
988 5357 1061 5411 ibi
1084 5356 1364 5418 dicuntur;
1396 5354 1497 5410 iste
1523 5352 1820 5423 respondit.
1848 5360 2008 5421 atque
2027 5352 2100 5406 ait
2124 5369 2136 5403 :

556 5472 578 5505 ι
612 5440 726 5507 Iloc
758 5451 902 5506 enim
944 5449 1085 5519 quod
1111 5458 1168 5504 tu
1209 5449 1276 5504 de
1321 5448 1580 5519 Apostolo
1624 5446 1917 5516 intelligere
1955 5444 2139 5513 cupis,

551 5561 741 5601 omnes
763 5540 1113 5600 ecclesiastici
1151 5540 1252 5596 viri
1292 5542 1344 5596 in
1374 5540 1666 5611 peccatoris
1692 5546 1749 5594 et
1776 5538 1875 5594 sub
1905 5537 2021 5607 lege
2050 5535 2141 5590 ad-

621 5723 637 5753 ²
665 5726 770 5769 Am.
808 5726 860 5771 et
891 5726 1030 5777 Mss.
1073 5718 1416 5783 Μῶφι-ἤπια
1453 5722 1507 5783 tu
1546 5715 1747 5783 epistola
1790 5714 1846 5763 ad
1880 5714 2145 5764 Demetria-

559 5782 699 5847 (lem,
737 5785 947 5855 lin-eiul.
989 5789 1101 5829 tom.
1142 5781 1203 5831 ‘2.
1238 5782 1294 5832 -le
1336 5781 1680 5829 m'fiuivitrztt'.
1818 5800 1823 5807 -

622 5855 643 5893 ³
662 5860 783 5903 Αιιι..
809 5851 925 5900 inciti
940 5858 1068 5895 mur.
1098 5851 1191 5899 Η..

1789 386 1846 441 S.
1889 384 2258 441 AUGUSTINI
2302 386 2533 444 EPlSCO
2543 389 2599 444 Pl

3715 393 3819 447 330

2235 498 2336 554 huc
2371 501 2526 570 positi
2556 511 2803 556 asserunt
2842 518 2965 557 eum
2996 504 3195 559 dixisse
3232 518 3456 574 persona
3478 543 3493 568 ,
3520 504 3611 574 qui
3653 506 3819 562 nimia
3883 491 3887 494 i

2221 591 2471 646 vitiorum
2498 593 2885 651 consuetudine
2914 594 3058 649 velut
3083 594 3307 665 quadam
3333 604 3604 651 teneretur
3626 613 3817 653 neces-

2221 681 2376 737 sitate
2405 684 2655 753 peccandi
2677 724 2693 752 ,
2719 695 2772 740 et
2798 686 3042 755 quamvis
3069 687 3266 741 bonum
3303 696 3580 757 appeteret
3620 689 3810 742 volun-

2224 783 2362 841 tate,
2392 790 2488 830 usu
2515 784 2692 832 tamen
2720 779 3140 848 praecipitaretur
3167 779 3217 833 in
3247 780 3466 835 malum.
3497 781 3553 836 In
3586 797 3815 851 persona

2220 876 2422 935 autem,
2454 887 2472 920 ι
2506 869 2696 940 inquit,
2732 888 2751 922 ι
2782 870 3017 925 hominis
3044 873 3200 926 unius
3224 914 3238 940 ,
3270 872 3515 944 designat
3555 875 3812 946 populum

2220 960 2322 1014 sub
2350 970 2530 1015 vetere
2557 961 2731 1017 adhuc
2759 963 2877 1032 lege
2905 973 3245 1032 peccantem;
3274 978 3430 1033 quem
3458 964 3525 1021 ab
3551 965 3651 1021 hoc
3681 982 3815 1021 con-

2220 1051 2518 1105 suetudinis
2555 1055 2698 1107 malo
2734 1052 2861 1107 dicit
2896 1052 3227 1110 liberandum
3255 1070 3374 1111 esse
3401 1071 3499 1125 per
3522 1057 3818 1125 Christum,

2220 1142 2312 1213 qui
2354 1144 2699 1199 credentibus
2744 1145 2845 1200 sibi
2895 1146 3071 1215 primo
3113 1147 3291 1202 omnia
3341 1163 3437 1217 per
3491 1150 3819 1219 Baptismqu

2222 1244 2438 1304 peccata
2468 1235 2720 1304 dimittit,
2747 1236 2940 1293 deinde
2970 1237 3263 1293 imitatione
3291 1240 3371 1294 sui
3410 1239 3478 1294 ad
3526 1241 3820 1310 perfecmiu

2222 1327 2405 1382 incitat
2428 1320 2791 1395 sanctitatem,
2823 1339 2879 1385 et
2905 1330 3152 1385 vitiorqu
3182 1331 3624 1388 consuetudinem
3655 1334 3823 1386 virtu-

2223 1427 2333 1473 tum
2371 1420 2535 1475 viucit
2573 1421 2838 1490 exemplo.
2875 1439 2895 1473 ι
2946 1422 3082 1477 Ecce
3127 1423 3398 1492 quomodo
3446 1423 3557 1478 vult
3601 1425 3820 1493 intelligi

2221 1511 2460 1581 adjuvari
2502 1527 2597 1567 eos
2642 1514 2731 1582 qui
2775 1513 2874 1569 sub
2921 1512 3037 1583 lege
3084 1523 3325 1585 peccant,
3364 1524 3420 1569 ut
3465 1531 3558 1584 per
3596 1517 3821 1585 gratiam

2220 1604 2418 1659 Christi
2436 1604 2711 1675 justificati
2738 1605 3053 1670 liberentur,
3083 1615 3330 1675 tanquam
3359 1606 3437 1661 eis
3461 1620 3568 1659 non
3594 1606 3823 1660 sufficiat

2222 1696 2333 1751 sola
2377 1698 2481 1763 lex,
2525 1706 2744 1767 propter
2790 1697 3006 1752 nimiam
3053 1698 3306 1767 peccandi
3356 1700 3820 1766 consuetudinem,

2222 1786 2324 1842 nisi
2350 1785 2544 1843 Christi
2571 1787 2811 1854 accedat,
2841 1804 2946 1843 non
2979 1789 3255 1858 inspiratio
3284 1788 3557 1845 cbaritatis
3582 1806 3677 1860 per
3698 1792 3824 1860 Spi-

2223 1881 2383 1935 ritum
2412 1889 2652 1936 sanctum
2674 1922 2690 1949 ,
2722 1883 2813 1937 sed
2858 1881 3170 1937 intuendum
3199 1893 3254 1938 et
3282 1883 3594 1938 imitandum
3636 1886 3689 1939 in
3720 1884 3823 1938 do-

2223 1973 2393 2027 ctrina
2434 1974 2739 2045 evangelica
2779 1972 2991 2029 virtutis
3030 1974 3145 2043 ejus
3181 1976 3509 2046 exemplum.
3564 1976 3634 2031 Et
3675 1985 3824 2032 certe

2224 2064 2455 2119 maxima
2502 2063 2591 2120 hic
2627 2072 2745 2121 erat
2787 2080 2947 2120 causa
2992 2065 3371 2136 exprimendi,
3419 2081 3578 2137 quam
3621 2067 3824 2123 diceret

2223 2155 2470 2224 gratiam,
2497 2156 2586 2211 ubi
2616 2156 2790 2211 locum
2819 2157 2993 2226 ipsum
3019 2157 3086 2212 de
3113 2172 3219 2228 quo
3244 2157 3553 2227 respondet,
3578 2158 3657 2212 sic
3686 2173 3817 2212 con-

2225 2246 2382 2301 clusit
2409 2247 2696 2317 Apostolus
2716 2290 2730 2314 ,
2763 2256 2822 2303 ut
2848 2247 3051 2304 diceret
3084 2266 3098 2299 :
3140 2246 3334 2318 Infelix
3360 2264 3451 2319 ego
3499 2248 3669 2316 homo,
3710 2248 3823 2321 quis

2226 2354 2306 2391 me
2330 2336 2557 2392 liberabit
2598 2339 2661 2392 de
2697 2355 2909 2411 corpore
2934 2340 3109 2395 mortis
3138 2340 3334 2411 hujus?
3374 2339 3554 2396 Gratia
3593 2340 3692 2395 Dei
3735 2358 3826 2410 per

2225 2427 2404 2484 Jesum
2433 2429 2687 2484 Christum
2716 2430 2993 2485 Dominum
3022 2442 3250 2486 nostrum
3273 2430 3448 2503 (Rom.
3482 2446 3571 2496 vn,
3602 2432 3689 2496 l5,
3720 2431 3822 2485 25-

2226 2519 2340 2591 25).
2374 2519 2524 2577 Hanc
2562 2521 2662 2576 istc
2689 2537 2812 2576 cum
2855 2524 3184 2588 constituat,
3215 2536 3319 2577 non
3363 2522 3416 2575 in
3460 2523 3668 2576 virtutis
3708 2521 3825 2591 ejus

2231 2612 2447 2677 auxilio,
2482 2611 2576 2667 sed
2606 2612 2918 2667 imitationis
2947 2613 3211 2683 exemplo,
3246 2611 3369 2682 quid
3399 2613 3626 2683 amplius
3646 2612 3711 2667 de
3732 2613 3825 2667 illo

2231 2717 2450 2773 sperare
2478 2701 2756 2772 debemus,
2786 2704 3106 2774 ubicumque
3131 2704 3316 2775 gratia:
3342 2718 3539 2759 nomen
3578 2704 3677 2760 sub
3711 2718 3829 2758 am-

2230 2792 2383 2864 bigua
2412 2794 2758 2863 generalitate
2782 2793 3201 2850 commemorat?
3458 2829 3465 2835 ο

2300 2882 2528 2940 CAPUT
2558 2883 2673 2940 XL.
2702 2915 2775 2925 —
2800 2885 2890 2941 M.
2922 2885 3053 2941 Item
3086 2885 3141 2939 in
3170 2884 3361 2940 eodem
3403 2884 3541 2941 libro
3570 2885 3636 2941 ad
3662 2886 3827 2958 virgi-

2230 2990 2354 3032 nem
2382 2990 2588 3032 sacram
2614 3018 2629 3044 ,
2662 2976 2804 3032 unde
2822 2976 2934 3046 jam
2959 2977 3122 3032 etiam
3152 2991 3310 3047 supra
3337 2975 3708 3044 disseruimus,
3738 2979 3828 3035 ubi

2230 3067 2341 3122 ait:
2372 3066 2607 3133 «subditi
2627 3067 2792 3122 simus
2814 3068 2945 3134 Deo,
2970 3068 3190 3138 ejusque
3210 3066 3454 3124 faciendo
3474 3068 3828 3139 voluntatem,

2230 3155 2463 3211 divinam
2490 3171 2791 3212 mereamur
2814 3158 3059 3228 gratiam,
3089 3167 3142 3213 et
3175 3157 3386 3214 facilius
3411 3174 3637 3229 nequam
3667 3161 3829 3231 spiri-

2232 3249 2330 3315 tui,
2364 3247 2535 3303 sancti
2565 3248 2797 3319 Spiritus
2840 3250 3060 3317 auxilio,
3108 3251 3438 3306 resistamus.
3470 3270 3491 3305 ι
3537 3251 3593 3306 In
3639 3253 3831 3323 quibus

2231 3339 2349 3411 ejus
2372 3339 2551 3395 verbis
2580 3347 2724 3395 certe
2753 3338 3092 3396 manifeStum
3121 3348 3223 3408 est,
3271 3342 3343 3397 ita
3380 3357 3502 3397 eum
3551 3344 3688 3399 velle
3731 3359 3829 3399 nos

2231 3432 2470 3503 adjuvari
2513 3434 2680 3503 gratia
2731 3433 2962 3504 Spiritus
3013 3435 3202 3499 sancti,
3246 3451 3355 3490 non
3407 3436 3530 3506 quia
3576 3436 3692 3492 sine
3739 3437 3832 3492 illo

2233 3525 2393 3579 etiam
2416 3539 2512 3593 per
2539 3525 2708 3579 solam
2740 3532 2944 3581 natura:
2975 3526 3381 3596 possibilitatem
3409 3541 3515 3582 non
3548 3542 3832 3597 possumus

2234 3618 2490 3673 resistere
2520 3618 2768 3672 teutatori
2792 3659 2806 3683 ,
2833 3617 2929 3673 sed
2960 3626 3019 3672 ut
3062 3616 3268 3673 facilius
3295 3618 3630 3675 resistamus.
3676 3619 3832 3688 Quod

2235 3719 2411 3763 tamen
2439 3708 2823 3778 qualecumque
2847 3717 2902 3764 et
2920 3710 3462 3781 quantulumcumque
3482 3710 3827 3781 adjutorium,
3873 3728 3877 3731 '

2236 3817 2356 3856 cam
2384 3800 2642 3856 credibile
2670 3810 2753 3856 est
2782 3803 2833 3856 in
2864 3802 2965 3857 hoc
2994 3803 3345 3868 constituere,
3374 3803 3516 3872 quod
3547 3803 3706 3859 nobis
3733 3804 3833 3858 ad-

2235 3892 2378 3948 ditur
2404 3892 2626 3947 scientia
2656 3892 2927 3949 revelante
2955 3891 3158 3964 Spiritu
3196 3909 3292 3963 per
3318 3895 3639 3958 doctrinam,
3670 3912 3831 3965 quam

2236 3985 2320 4039 vel
2350 3999 2454 4040 non
2482 3999 2787 4056 possumus,
2819 3986 2905 4040 vel
2934 3985 3148 4041 difficile
3169 3984 3365 4041 habere
3409 4001 3691 4055 possumus
3722 4002 3823 4057 per

2237 4081 2508 4133 naturam.
2542 4075 2643 4129 Ista
2689 4084 2814 4131 sunt
2853 4092 2972 4145 qua:
3016 4075 3071 4131 in
3109 4076 3280 4141 libro,
3327 4091 3486 4147 quem
3528 4078 3740 4149 scripsit
3766 4079 3832 4134 ad

2238 4167 2496 4237 virginem
2540 4165 2759 4234 Christi,
2809 4167 3086 4224 advertere
3132 4170 3299 4239 potui,
3344 4171 3433 4227 ubi
3462 4172 3671 4227 videtur
3707 4189 3835 4243 gra-

2240 4258 2370 4312 tiam
2394 4257 2638 4315 conflteri
2666 4276 2681 4312 :
2711 4275 2831 4329 qua:
2856 4259 3096 4329 profecto
3122 4261 3297 4332 qualia
3326 4262 3432 4318 sint
3453 4304 3468 4329 ,
3499 4264 3680 4334 utique
3709 4281 3834 4319 cer-

2238 4349 2386 4404 nitis.

2310 4440 2535 4499 CAPUT
2554 4441 2881 4499 XII—45.
2911 4443 3188 4515 «Legant,
3221 4464 3241 4499 ι
3276 4445 3475 4516 inquit,
3507 4466 3527 4499 ι
3555 4449 3714 4503 etiam
3754 4466 3838 4504 re-

2239 4547 2369 4588 cens
2394 4549 2572 4589 meum
2597 4534 2946 4605 opusculum,
2990 4535 3132 4605 quod
3160 4550 3256 4605 pro
3293 4535 3488 4592 Libero
3534 4553 3704 4607 nuper
3732 4540 3838 4593 Ar-

2240 4624 2399 4681 bitrio
2440 4625 2603 4681 edere
2644 4626 2905 4695 compulsi
2951 4640 3171 4692 sumus;
3237 4636 3293 4682 et
3333 4639 3623 4697 agnoscent
3676 4647 3838 4701 quam
3874 4630 3877 4635 ’

2241 4717 2420 4787 inique
2461 4732 2559 4772 nos
2594 4717 2879 4787 negatione
2905 4717 3091 4788 gratiae
3120 4716 3379 4771 infamare
3405 4719 3683 4788 gestierint
3702 4761 3717 4783 ,
3747 4723 3838 4790 qui

2242 4825 2339 4880 per
2362 4817 2529 4865 totum
2568 4824 2707 4880 pene
2737 4810 2902 4879 ipsius
2947 4818 3147 4864 textum
3177 4810 3357 4879 operis
3398 4809 3635 4880 perfecte
3680 4820 3841 4884 atque

2244 4901 2450 4971 integre
2477 4907 2533 4954 et
2559 4899 2784 4955 liberum
2814 4899 3094 4954 arbitrium
3119 4901 3435 4956 confitemur
3460 4910 3516 4957 et
3535 4904 3778 4972 gratiam.
3816 4923 3836 4957 ι

2244 4992 2486 5060 Quatuor
2513 4999 2639 5046 sunt
2660 4990 2783 5045 libri
2806 4991 2984 5061 operis
3011 4991 3190 5061 hujus,
3217 4992 3389 5075 ethos
3410 4993 3536 5063 legi,
3566 5004 3621 5051 et
3644 5010 3708 5050 ex
3738 4996 3845 5050 illis

2245 5085 2447 5155 sumpsi
2477 5100 2596 5155 quae
2626 5084 2901 5138 tractanda
2930 5092 2984 5138 et
3009 5084 3339 5140 discutienda
3379 5088 3670 5155 proposui,
3703 5096 3755 5141 et
3787 5095 3847 5142 ut

2244 5174 2394 5245 potui
2424 5173 2763 5243 pertractavi,
2792 5181 3077 5244 antequam
3105 5174 3171 5230 ad
3199 5175 3315 5244 ejus
3345 5176 3442 5230 bas
3471 5176 3696 5243 litteras,
3723 5193 3846 5247 qua:

2247 5267 2473 5321 Romam
2522 5267 2700 5322 missa:
2745 5275 2903 5332 sunt,
2956 5268 3279 5323 veniremus.-
3318 5268 3425 5324 Sed
3467 5270 3518 5323 in
3564 5271 3647 5325 his
3683 5269 3844 5325 etiam

2248 5370 2475 5432 quatuor
2499 5361 2649 5416 libris
2692 5376 3042 5431 quaecumque
3083 5376 3182 5431 pro
3204 5362 3374 5432 gratia
3403 5362 3614 5418 videtur
3640 5363 3845 5428 dicere.

2251 5469 2350 5524 qua
2374 5454 2623 5524 juvamur
2661 5463 2719 5509 ut
2755 5454 3086 5510 declinemus
3115 5469 3145 5507 a
3175 5454 3317 5508 malo
3350 5454 3655 5525 bonumque
3682 5453 3845 5510 facia-

2251 5559 2391 5613 mus,
2419 5548 2489 5599 ita
2514 5544 2660 5611 dicit,
2693 5555 2750 5600 ut
2774 5546 2921 5601 nullo
2947 5545 3107 5601 modo
3133 5560 3163 5600 a
3190 5545 3474 5601 verborum
3499 5545 3852 5617 ambiguitate

2252 5636 2510 5705 discedat,
2537 5653 2693 5707 quam
2726 5639 2998 5707 discipulis
3028 5639 3105 5694 sic
3136 5639 3302 5709 possit
3327 5653 3616 5709 exponere,
3647 5646 3705 5694 ut
3732 5636 3854 5695 nul-

2256 5731 2364 5786 lum
2391 5731 2641 5785 auxilium
2670 5733 2849 5802 gratia:
2879 5733 3117 5800 credant,
3152 5749 3254 5803 qua
3286 5743 3491 5788 natura:
3520 5730 3851 5803 possibilitas

2258 5824 2551 5892 adjuvetur,
2595 5824 2693 5876 nisi
2746 5826 2795 5879 in
2842 5826 2956 5895 lege
2987 5836 3143 5894 atque
3180 5827 3420 5881 doctrina
3457 5844 3467 5877 :
3502 5826 3572 5879 ita
3605 5835 3661 5879 ut
3706 5824 3849 5893 ipsas
