4170 6524
212 401 306 460 ssi
1443 394 1644 451 LIBER
1687 395 1772 449 ne
1813 351 2066 450 enim
2109 392 2398 450 eumsrt.

211 553 424 612 quoque
449 535 754 603 orationes,
787 544 843 590 ut
871 535 924 590 in
951 535 1158 604 scriptis
1188 533 1297 588 suis
1323 533 1656 603 apertissime
1677 533 1822 586 amr-

133 648 150 665 ι
211 639 344 696 mat,
372 627 441 684 ad
471 627 606 684 nihil
635 627 782 682 aliud
809 625 1136 682 adhibendas
1157 625 1424 696 opinetur,
1455 625 1554 679 nisi
1583 632 1637 678 ut
1668 623 1822 678 nobis

211 720 456 775 doctrina
499 719 665 776 etiam
711 718 892 774 divina
936 716 1264 774 revelatione
1307 717 1595 786 aperiatur,
1629 731 1734 769 non
1767 724 1822 768 ut

211 812 497 883 adjuvetur
524 823 684 866 mens
715 809 946 864 hominis
965 852 980 877 ,
1013 817 1070 864 ut
1100 808 1152 864 id
1181 808 1323 878 quod
1357 806 1655 864 faciendum
1700 820 1822 861 esse

214 905 482 968 didicerit,
506 905 673 961 etiam
703 904 992 960 dilectione
1019 913 1072 957 et
1095 903 1304 958 actione
1331 901 1592 972 perliciat.
1625 899 1707 955 Ab
1733 899 1824 954 illo

216 1003 358 1059 enim
385 1015 488 1056 suo
516 999 960 1055 manifestissimo
987 997 1236 1070 dogmate
1279 1012 1385 1053 non
1415 995 1620 1054 recedit
1648 995 1824 1051 omni-

215 1111 306 1162 no,
335 1093 426 1148 ubi
457 1093 558 1148 tria
581 1093 669 1146 illa
693 1092 990 1156 constituit,
1017 1089 1446 1160 possibilitatem,
1471 1090 1823 1157 voluntatem,

215 1186 484 1242 actionem
513 1202 528 1240 :
559 1193 613 1240 et
657 1184 826 1238 solam
859 1184 1270 1256 possibilitatem
1307 1183 1437 1240 dicit
1461 1182 1640 1238 divino
1668 1183 1824 1252 adju-

219 1279 326 1332 vari
359 1292 578 1346 semper
602 1277 840 1342 auxilio;
871 1276 1198 1332 voluntatem
1245 1283 1424 1331 autem
1468 1284 1523 1332 et
1559 1275 1824 1330 actionem

183 1369 366 1453 ἱιιιιιιο
413 1368 508 1422 Dei
557 1365 824 1436 adjutorio
869 1367 1138 1424 existimat
1185 1367 1444 1438 indigere.
1489 1365 1666 1435 Ipsum
1700 1381 1826 1420 vero

187 1459 499 1550 :auxilium,
542 1475 648 1530 quo
678 1459 1086 1529 possibilitatem
1129 1459 1422 1514 naturalem
1454 1458 1700 1529 perhibet
1728 1458 1824 1512 atl-

213 1549 425 1620 juvari,
459 1549 512 1604 in
546 1551 662 1621 lege
689 1551 966 1605 constituit
995 1561 1152 1622 atque
1182 1551 1420 1606 doctrina
1445 1593 1458 1615 ,
1488 1567 1644 1622 quam
1675 1550 1826 1606 nobis

220 1641 418 1695 fatetur
449 1642 611 1696 etiam
639 1649 825 1695 sancto
852 1640 1052 1711 Spiritu
1084 1643 1331 1709 revelari,
1361 1653 1582 1713 propter
1604 1641 1743 1712 quod
1773 1649 1827 1696 et

131 1723 140 1740 ⁵
217 1730 487 1784 orandmn
515 1745 636 1787 esse
670 1731 936 1786 concedit.
973 1731 1077 1787 Sed
1105 1733 1208 1788 boc
1231 1733 1556 1803 adjutorimn
1584 1732 1714 1800 legis
1741 1741 1824 1786 at-

217 1835 324 1891 que
373 1821 639 1878 doctrina;
666 1823 828 1878 etiam
871 1823 1199 1894 prepbetieis
1245 1821 1410 1878 fuisse
1451 1821 1822 1891 temporibus:

217 1913 550 1982 adjutorium
585 1923 766 1970 autem
795 1915 1000 1986 gratiae,
1028 1932 1147 1986 qure
1175 1917 1387 1987 proprie
1423 1917 1588 1986 gratia
1620 1931 1817 1969 nuncu-

218 2013 400 2074 patur,
433 2005 700 2062 inCltristi
725 2022 844 2063 esse
863 2009 1150 2063 arbitratur
1169 2009 1446 2078 exemplo;
1471 2009 1609 2078 quod
1637 2007 1746 2062 nibi
1759 2009 1828 2062 lo-

215 2095 402 2152 minus
427 2096 495 2152 ad
522 2097 819 2154 doctrinam
853 2101 1119 2169 pertinere
1167 2101 1486 2170 perspicitis,
1527 2117 1644 2170 qua:
1675 2101 1828 2154 nobis

219 2191 537 2266 evangelica
567 2193 888 2265 praedicatur
918 2211 931 2249 :
961 2205 1020 2249 ut
1045 2194 1295 2250 videlicet
1322 2203 1572 2265 tanquam
1617 2194 1699 2248 via
1730 2194 1825 2248 de-

221 2293 548 2353 monstrata,
592 2302 697 2358 qua
726 2286 1003 2343 ambulare
1041 2287 1352 2351 debeamus,
1388 2285 1498 2357 jam
1540 2285 1741 2342 viribus
1767 2284 1828 2340 li-

190 2378 339 2435 -beri
365 2379 598 2444 arbitrii,
627 2379 896 2450 adjutorio
922 2381 1066 2435 nullo
1090 2381 1310 2436 alterius
1333 2381 1648 2452 indigentes,
1682 2379 1829 2435 sulti-

220 2471 432 2528 ciamus
459 2471 631 2537 nobis,
662 2487 729 2527 ne
753 2471 1063 2528 deficiamus
1088 2473 1138 2527 in
1165 2473 1244 2527 via
1267 2489 1280 2538 ;
1311 2473 1552 2542 quamvis
1574 2480 1629 2528 et
1657 2471 1824 2542 ipsam

220 2563 364 2616 viam
392 2563 683 2618 contendat
711 2564 870 2620 etiam
906 2565 1017 2619 sola
1048 2565 1276 2620 inveniri
1311 2579 1468 2635 posse
1495 2577 1703 2632 natura,
1733 2565 1826 2619 sed

221 2651 457 2716 facilius.
485 2655 528 2708 si
554 2656 770 2726 adjuvet
797 2657 988 2728 gratia.

290 2743 524 2803 CAPUT
553 2745 714 2804 XLII.
745 2778 818 2790 —
843 2749 932 2803 46.
969 2749 1092 2806 llaec
1119 2765 1246 2820 ergo
1276 2764 1375 2822 pro
1405 2765 1526 2806 meo
1551 2759 1708 2820 captu
1741 2749 1826 2803 in-

217 2839 468 2912 teltigere
514 2842 663 2911 potui
709 2842 762 2897 in
812 2843 1008 2914 Pelagii
1050 2843 1284 2914 scriptis,
1331 2844 1548 2914 quando
1589 2842 1829 2897 nominat

213 2933 470 3004 gratiam.
502 2932 706 2989 Videtis
733 2943 934 3001 autem,
963 2937 1104 3006 quod
1135 2937 1222 3006 qui
1256 2935 1354 2990 ista
1381 2937 1636 3002 sentiunt,
1673 2935 1824 3006 igno-

216 3033 408 3079 rantes
435 3023 532 3081 Dei
557 3023 819 3096 justitiam
845 3068 860 3092 ,
887 3041 1039 3080 suam
1066 3027 1248 3082 volunt
1282 3027 1609 3082 constituere
1643 3025 1822 3097 (Rom.

215 3132 272 3180 ι,
306 3116 386 3186 5),
421 3124 475 3171 et
520 3116 677 3188 longe
719 3117 788 3172 ab
831 3117 920 3172 illa
953 3126 1096 3183 sunt,
1142 3133 1260 3189 qua:
1299 3117 1454 3174 nobis
1483 3130 1553 3174 ex
1594 3117 1706 3174 Deo
1745 3125 1827 3172 est

220 3204 489 3279 (Philipp.
523 3223 602 3274 ιιι,
633 3207 688 3278 9)
720 3249 736 3275 ,
765 3222 872 3263 non
917 3224 979 3264 ex
1025 3209 1199 3276 nobis,
1248 3225 1406 3280 quam
1446 3211 1501 3265 in
1537 3209 1828 3280 Scripturis

217 3301 458 3354 maxime
487 3300 688 3356 sanctis
707 3300 979 3356 canonicis
1000 3302 1040 3366 ⁸,
1057 3301 1336 3358 advertere
1355 3311 1514 3374 atque
1535 3317 1827 3372 agnoscere

217 3387 548 3443 debuerunt.
593 3388 699 3446 Sed
751 3391 873 3460 quia
918 3407 1007 3447 eas
1048 3393 1340 3448 secundum
1391 3409 1546 3450 suum
1609 3411 1826 3451 sensum

217 3479 426 3550 legunt,
447 3480 688 3550 profecto
706 3482 759 3536 in
780 3481 886 3537 illis
905 3499 1004 3538 nec
1020 3486 1591 3554 aperta'contuentur.
1613 3486 1826 3543 Utinam

219 3589 356 3645 ergo
376 3575 566 3630 saltem
587 3574 640 3630 in
654 3576 1038 3631 catholicorum
1069 3577 1306 3632 virorum
1329 3578 1566 3649 scriptis,
1589 3595 1618 3633 a
1637 3579 1827 3649 quibus

219 3681 317 3721 eas
338 3677 487 3720 recte
509 3667 808 3722 intellectas
836 3683 954 3724 csse
976 3684 1082 3724 non
1104 3657 1380 3736 dubitant,
1399 3672 1522 3740 quid
1550 3672 1620 3726 sit
1645 3671 1708 3726 de
1736 3672 1828 3726 ad-

213 3757 422 3830 jutorio
467 3758 665 3814 divina:
711 3761 895 3830 gratite
943 3761 1300 3825 sentiendum,
1351 3776 1457 3816 non
1502 3762 1830 3834 negligenter

217 3850 586 3915 attenderem,
628 3865 730 3906 nec
757 3867 867 3906 sua:
893 3853 1172 3908 sententiae
1201 3867 1384 3909 amore
1415 3853 1579 3908 nimio
1610 3864 1831 3925 praeter-

219 3942 385 3997 irent.
416 3941 551 3998 Nam
582 3942 683 3997 iste
713 3943 827 4014 ipse
857 3943 1101 4014 Pelagius
1127 3946 1182 3999 in
1212 3945 1301 3999 illo
1331 3947 1446 4016 ipso
1473 3947 1671 4002 recenti
1697 3961 1830 4020 opu-

219 4035 376 4090 sculo
401 4050 520 4100 suo,
554 4035 708 4106 cujus
733 4051 792 4090 sc
819 4039 1326 4094 commemoratione
1352 4037 1609 4106 defendit,
1643 4041 1694 4097 id
1723 4053 1826 4111 est,

220 4127 277 4180 in
307 4127 472 4180 tertio
501 4125 662 4182 Libro
690 4143 786 4197 pro
815 4127 985 4184 libero
1028 4129 1284 4195 Arbitrio,
1313 4139 1556 4187 sanctum
1595 4133 1828 4188 Ambro-
1890 4176 1898 4182 .

219 4217 363 4270 sium
394 4217 849 4287 quemadmodum
881 4218 1079 4284 laudet,
1112 4220 1358 4290 accipite.

201 4326 212 4334 '
291 4307 529 4365 CAPUT
556 4307 742 4363 XLIII.
763 4339 838 4350 —
865 4311 954 4365 47.
989 4328 1008 4362 ι
1034 4310 1248 4375 Beatus,
1281 4331 1301 4365 ι
1333 4312 1526 4384 inquit,
1557 4331 1574 4366 ι
1604 4314 1830 4370 Ambro-

221 4399 337 4454 sius
361 4399 672 4469 episeOpus,
695 4401 748 4454 in
771 4400 923 4470 cujus
941 4403 1205 4472 prmeipue
1229 4403 1374 4458 libris
1391 4405 1630 4460 Romana
1656 4406 1832 4462 elucet

223 4489 380 4558 ﬁdes,
408 4488 502 4560 qui
529 4491 851 4562 scriptorum
894 4493 1032 4547 inter
1061 4491 1282 4548 Latinos
1306 4492 1406 4549 llos
1444 4494 1661 4566 quidam
1702 4512 1830 4566 spe-

221 4583 408 4638 ciosus
427 4583 643 4647 enituit,
669 4583 822 4653 cujus
848 4582 1002 4640 [idem
1027 4594 1082 4640 et
1106 4587 1447 4656 purissimum
1471 4589 1522 4643 in
1543 4587 1832 4660 Scriptnris

223 4689 470 4740 sensum,
491 4689 564 4730 ne
583 4675 832 4732 inimicus
851 4677 1065 4747 quidem
1093 4693 1254 4736 ausus
1277 4689 1357 4735 est
1379 4680 1826 4751 reprehendere.»

224 4765 369 4822 Ecce
387 4766 644 4838 qualibus
667 4777 721 4823 et
743 4770 955 4844 quantis
979 4769 1230 4841 praedicat
1252 4771 1514 4838 laudibus,
1540 4774 1832 4844 quamlibet

225 4871 478 4916 sanctum
505 4870 563 4918 et
588 4862 807 4918 doctum
835 4863 1008 4919 virum
1033 4906 1048 4931 ,
1081 4879 1414 4936 nequaquam
1445 4876 1620 4922 tamen
1650 4883 1832 4924 aucto-

226 4953 370 5008 ritati
399 4951 697 5024 Scriptura:
725 4956 999 5010 canonica:
1029 4959 1472 5027 comparandum.
1511 4960 1680 5024 Quem
1712 4975 1834 5030 pro-

225 5052 416 5115 pterea
442 5045 522 5100 sic
549 5047 650 5102 iste
689 5047 1052 5116 commendat,
1085 5049 1208 5119 quia
1251 5049 1461 5104 videtur
1487 5051 1587 5104 sibi
1619 5050 1670 5105 in
1697 5065 1832 5122 quo-

225 5134 354 5190 dam
391 5135 512 5193 loco
541 5135 801 5192 librorum
827 5137 942 5208 ejus
983 5153 1050 5195 eo
1099 5147 1234 5195 teste
1263 5140 1360 5208 uti,
1390 5156 1495 5211 quo
1520 5141 1711 5211 probet
1739 5141 1833 5196 bo.

224 5227 430 5283 minem
454 5242 613 5298 posse
627 5243 750 5285 esse
770 5229 883 5284 sine
907 5241 1154 5300 peccato:
1180 5233 1320 5288 unde
1343 5249 1483 5288 nunc
1511 5251 1614 5287 non
1637 5233 1829 5305 agitur,

221 5319 322 5377 aed
349 5321 530 5391 agitur
553 5319 624 5376 de
664 5321 865 5376 auxilio
891 5325 1073 5392 gratiae
1100 5366 1115 5392 ,
1145 5341 1250 5395 quo
1278 5327 1342 5378 ad
1373 5341 1476 5381 non
1505 5325 1831 5394 peccandum

220 5413 548 5486 adjuvamur
568 5413 826 5488 justeque
855 5415 1161 5472 vivendum.

295 5507 533 5566 CAPUT
569 5508 758 5565 XLIV.
784 5539 856 5551 -—-
882 5509 972 5566 48.
1001 5511 1196 5566 Audiat
1224 5527 1352 5583 ergo
1379 5512 1525 5568 illum
1554 5513 1834 5570 venerabi-

227 5598 333 5656 lem
357 5599 656 5656 antistitem
681 5598 951 5656 dicentem
977 5609 1031 5656 et
1054 5601 1334 5658 docentem
1361 5605 1414 5658 in
1439 5603 1674 5660 secundo
1701 5605 1834 5660 libro

291 5733 306 5764 ¹
334 5738 404 5800 Ita
440 5737 567 5800 Ilss._
603 5739 661 5782 At
702 5730 946 5800 editiboc
977 5709 1240 5784 verborum
1263 5735 1452 5797 ordine,
1497 5733 1546 5785 in
1571 5731 1834 5800 scripturis

226 5795 405 5845 umetis
427 5793 647 5846 maxime
671 5793 933 5845 rationicis.

288 5862 309 5889 ε
330 5857 470 5917 aliti,
494 5865 684 5919 aperte.
703 5857 1004 5914 castigantur
1032 5869 1092 5907 ex
1123 5865 1226 5907 uss.

3429 400 3534 454 5.13

1938 508 2298 576 Evpositionis
2316 508 2586 578 Evangelii
2606 508 2896 564 secundum
2917 509 3111 563 Lucam
3132 509 3269 579 (Lib.
3295 512 3349 574 ‘2,
3371 515 3530 579 11.85,

1930 603 1996 654 ad
2021 599 2148 654 Luc.
2177 618 2251 666 ιιι,
2278 603 2397 672 22).
2427 602 2704 670 cooperari
2740 603 3020 657 Dominum
3053 605 3213 658 etiam
3246 605 3534 660 voluntati~

1933 693 2032 747 bus
2065 692 2281 748 nostris.
2320 713 2339 746 ι
2372 692 2531 748 Vides
2570 693 2784 764 itaque,
2819 713 2838 745 ι
2883 695 3086 764 inquit,
3127 715 3146 749 ι
3175 697 3298 766 quia
3338 698 3536 768 ubique

1934 784 2145 838 Domini
2172 785 2343 840 virtus
2373 784 2564 840 studiis
2604 795 2924 855 cooperator
2967 787 3246 850 Immanis;
3289 801 3345 844 ut
3367 807 3535 845 nemo

1931 879 2100 947 possit
2123 877 2389 934 aedificare
2409 880 2524 933 sine
2547 879 2794 945 Domino,
2820 895 2979 934 nemo
2998 882 3268 937 custodire
3294 883 3410 936 sine
3435 883 3537 936 Do-

1931 969 2098 1035 mino,
2128 985 2288 1026 nemo
2315 970 2602 1040 quidquam
2631 970 2868 1041 incipere
2897 973 3012 1026 sine
3045 973 3288 1028 Domino.
3321 974 3389 1028 Et
3417 974 3537 1028 ideo

1926 1059 2077 1132 juxta
2105 1063 2414 1132 Apostolum
2437 1105 2449 1125 .
2484 1063 2604 1119 Sive
2627 1066 2944 1119 manducetis
2962 1108 2976 1129 ,
3005 1066 3107 1118 sive
3135 1065 3332 1134 bibitis,
3365 1068 3537 1120 omnia

1931 1152 1985 1206 iu
2012 1152 2107 1207 Dei
2134 1153 2352 1224 gloriam
2393 1156 2544 1226 facile
2580 1175 2598 1207 ι
2633 1155 2686 1225 (l
2713 1154 2832 1211 Cor.
2867 1172 2900 1210 Χ
2921 1198 2934 1220 ,
2967 1156 3078 1227 51).
3113 1157 3312 1213 Videtis
3341 1175 3535 1228 quem-

1933 1244 2218 1300 admodum
2250 1257 2467 1302 sanctus
2496 1247 2812 1302 Ambrosius
2838 1248 2997 1302 etiam
3033 1247 3161 1303 illud
3192 1249 3331 1318 quod
3360 1250 3538 1304 solent

1936 1335 2178 1390 homines
2203 1335 2382 1392 dicere
2401 1379 2417 1402 ,
2447 1336 2556 1392 Nos
2584 1337 2895 1406 incipimus,
2924 1346 2978 1393 et
3010 1339 3148 1394 Dens
3179 1341 3416 1408 perlicit,
3450 1339 3536 1396 bis

1933 1427 2112 1481 verbis
2137 1429 2389 1496 abstulit,
2418 1428 2624 1494 dicens,
2661 1449 2678 1481 ι
2709 1429 2986 1484 Neminem
3019 1432 3305 1502 quidquam
3335 1432 3420 1486 vel
3452 1433 3538 1486 in-

1933 1522 2112 1589 cipere
2140 1523 2258 1574 sine
2283 1522 2410 1577 Deo.
2444 1540 2463 1574 ι
2496 1521 2625 1576 Item
2654 1522 2705 1576 in
2732 1532 2884 1576 sexto
2908 1522 3042 1577 libro
3065 1523 3304 1590 ejusdem
3333 1525 3533 1593 operis,

1933 1625 2054 1665 cum
2083 1610 2150 1664 de
2174 1609 2384 1665 duobus
2411 1611 2514 1666 illis
2537 1611 2850 1666 feneratoris
2877 1613 3032 1667 unius
3060 1613 3392 1668 debitoribus
3413 1629 3537 1684 age-

1921 1705 2016 1756 ret
2055 1719 2068 1756 :
2115 1721 2134 1754 ‹
2163 1701 2468 1758 Secundum
2501 1702 2743 1757 homines
2764 1743 2779 1768 ,
2810 1721 2829 1755 ι
2861 1703 3066 1772 inquit,
3101 1723 3120 1756 ι
3151 1706 3268 1774 plus
3311 1705 3537 1760 fortasse

1933 1793 2156 1846 oll'cndit
2177 1833 2194 1857 ,
2225 1783 2313 1861 qui
2361 1793 2477 1862 plus
2519 1793 2778 1848 debuerat
2810 1811 2824 1848 :
2854 1795 2948 1848 sed
2991 1811 3084 1863 per
3114 1797 3534 1852 misericordiam

1935 1885 2142 1938 Domini
2166 1901 2325 1939 causa
2349 1895 2600 1948 mutatur,
2631 1887 2936 1956 utamplius
2962 1887 3165 1958 diligat,
3195 1891 3283 1958 qui
3308 1890 3536 1959 amplius

1932 1979 2135 2044 debuit,
2161 1980 2204 2033 si
2237 1989 2412 2034 tamen
2441 1981 2664 2050 gratiam
2682 1990 3044 2050 consequatur
3069 2001 3088 2034 ι
3115 1981 3250 2054 (Lib.
3277 1983 3330 2048 6,
3357 2000 3409 2037 ιι.
3439 1983 3531 2049 9.3,

1933 2070 2000 2123 ad
2025 2069 2150 2123 an.
2177 2086 2284 2137 vn,
2313 2072 2428 2144 4t).
2477 2073 2614 2128 Ecce
2651 2075 2988 2144 apertissime
3042 2075 3296 2144 pr.rdieat
3348 2075 3535 2130 eatbo-

1934 2160 2066 2217 licus
2112 2163 2300 2218 doctor
2343 2165 2504 2219 etiam
2553 2166 2722 2236 ipsam
2764 2167 3136 2233 dilectionem,
3168 2184 3269 2238 qna
3309 2169 3537 2239 quisque

1933 2253 2164 2322 amplius
2189 2254 2388 2325 diligit,
2417 2255 2484 2312 ad
2511 2255 2827 2314 beneﬁcium
2856 2258 3038 2330 gratia:
3066 2264 3354 2329 pertinere.

2007 2347 2236 2406 CAPUT
2277 2349 2436 2405 XLV.
2465 2381 2537 2391 —
2562 2351 2651 2406 t9.
2685 2350 2856 2422 Ipsam
2886 2354 3115 2422 denique
3145 2355 3533 2423 penitentiam,

1932 2457 2091 2512 quam
2119 2443 2302 2510 procul
2329 2442 2490 2498 dubio
2517 2446 2761 2498 voluntas
2785 2445 2912 2515 agit,
2939 2445 3146 2500 Domini
3170 2448 3537 2503 misericordia

1933 2545 1985 2588 et
2015 2535 2280 2603 atljntorio
2310 2535 2424 2590 fieri
2450 2544 2510 2590 ut
2539 2547 2761 2607 agatur,
2795 2536 2848 2590 in
2876 2538 3056 2591 nono‘
3089 2539 3328 2608 ejusdem
3357 2540 3537 2610 Operis

1933 2627 2068 2681 libro
2114 2628 2300 2682 beatus
2342 2627 2472 2682 dicit
2513 2628 2864 2696 Ambrosius,
2908 2630 2977 2682 ita
3022 2631 3290 2700 loquens:
3327 2650 3345 2682 ι
3378 2633 3538 2688 Bona:

1933 2716 2206 2788 lacrymze,
2233 2732 2354 2787 qua:
2381 2717 2590 2786 culpam
2619 2719 2816 2774 lavant.
2848 2719 3086 2790 Denique
3112 2736 3246 2791 quos
3265 2721 3420 2777 Jesus
3445 2739 3535 2778 re-

1932 2806 2112 2878 spicit,
2142 2809 2352 2878 plorant
2372 2811 2415 2862 ².
2441 2809 2659 2879 Negavit
2689 2810 2860 2880 primo
2892 2811 3080 2876 Petrus
3099 2854 3114 2878 ,
3145 2820 3199 2866 et
3227 2828 3333 2868 non
3361 2814 3534 2882 tlevit,

1931 2902 2055 2973 quia
2087 2917 2190 2957 non
2217 2911 2528 2972 respexerat
2553 2902 2811 2957 Dominus
2840 2920 2854 2958 :
2887 2903 3101 2974 negavit
3128 2905 3396 2970 secundo,
3427 2921 3534 2961 non

1933 2994 2078 3050 ﬂevit
2097 3036 2112 3060 ,
2151 2995 2273 3065 quia
2299 2994 2473 3050 adlmc
2500 3009 2606 3050 non
2635 3006 2946 3065 respexerat
2976 2997 3228 3052 Dominus
3269 3015 3284 3054 :
3325 2999 3540 3070 negavit

1933 3096 1988 3142 et
2026 3088 2205 3153 tertio,
2236 3087 2472 3156 reSpexit
2508 3086 2686 3153 .lesus,
2733 3096 2788 3142 et
2835 3089 2924 3142 ille
2951 3089 3285 3146 amarissime
3336 3090 3480 3146 ﬂevit
3509 3111 3530 3144 ι

1933 3177 2074 3253 (Lib.
2101 3179 2187 3245 l0,
2212 3197 2265 3234 η.
2295 3180 2385 3244 89,
2414 3179 2483 3234 ad
2508 3179 2636 3234 Luc.
2665 3196 2806 3244 χιιι,
2837 3181 2948 3252 (il).
2994 3181 3198 3250 Legant
3243 3183 3328 3238 isti
3359 3184 3538 3240 Evan-

1933 3271 2150 3342 gelium,
2181 3281 2235 3328 et
2258 3271 2474 3326 videant
2500 3272 2784 3327 Dominum
2809 3271 2990 3328 Jesum
3022 3282 3148 3329 tunc
3173 3275 3314 3330 intus
3345 3275 3534 3344 fuisse,

1933 3380 2054 3420 cum
2093 3381 2124 3420 a
2163 3365 2498 3420 sacerdotum
2531 3366 2856 3436 principibus
2885 3367 3161 3422 audiretur
3189 3387 3204 3423 :
3232 3359 3532 3440 apostolum

1933 3470 2063 3510 vero
2089 3455 2306 3511 Petrum
2335 3453 2468 3510 [οι-ιε
2497 3466 2551 3511 et
2577 3455 2829 3511 deorsum
2863 3457 2913 3510 in
2945 3457 3084 3512 atrio
3111 3473 3234 3513 cum
3265 3461 3435 3515 servis
3466 3461 3535 3516 ad

1934 3545 2112 3602 locum
2139 3560 2282 3602 nunc
2307 3544 2607 3610 sedentem,
2640 3562 2781 3602 nunc
2806 3556 3056 3614 stantem,
3085 3549 3221 3605 sicut
3246 3551 3529 3606 veracissi-

1934 3653 2018 3693 ma
2046 3649 2102 3694 et
2125 3637 2543 3694 concordissima
2571 3638 3029 3708 Evangelistarum
3052 3642 3357 3699 narratione
3381 3658 3538 3698 mon-

1934 3739 2153 3786 stratur.
2181 3730 2336 3790 Unde
2362 3746 2470 3786 non
2497 3739 2671 3802 potest
2691 3732 2796 3786 diei
2814 3773 2830 3800 ,
2858 3733 2999 3803 quod
3021 3737 3387 3804 corporalibus
3407 3751 3536 3792 ocu-

1935 3821 2004 3877 lis
2047 3837 2169 3878 eum
2211 3823 2468 3878 Dominus
2509 3823 2790 3879 visibiliter
2829 3824 3168 3881 admonendo
3213 3831 3532 3898 respexerit.

1935 3913 2004 3969 Et
2035 3913 2157 3970 ideo
2186 3913 2328 3984 quod
2357 3914 2428 3969 ibi
2457 3913 2714 3984 scriptum
2743 3925 2844 3982 est,
2880 3915 3120 3988 Respexit
3148 3935 3260 3972 eum
3291 3917 3537 3976 Dominus

1936 4004 2086 4074 (Luc.
2112 4020 2248 4072 xm,
2277 4003 2402 4078 (il);
2435 4004 2580 4060 intus
2604 4014 2781 4060 actum
2809 4014 2912 4073 est,
2944 4008 2998 4062 in
3026 4017 3205 4063 mente
3229 4018 3404 4064 actum
3431 4020 3532 4074 est,

1901 4119 1910 4128 ο
1935 4095 1991 4150 in
2015 4097 2291 4152 voluntate
2313 4085 2499 4153 actum
2527 4106 2612 4154 est
2629 4097 2673 4151 ³.
2699 4097 3063 4154 Misericordia
3091 4099 3346 4155 Dominus
3368 4101 3539 4158 laten-

1936 4196 2018 4243 ter
2046 4187 2329 4256 subvenit,
2361 4205 2456 4244 cor
2486 4189 2686 4260 tetigit,
2718 4189 3031 4245 memoriam
3060 4193 3366 4258 revocavit,
3404 4193 3541 4248 inte-

1935 4280 2079 4335 riore
2117 4280 2287 4351 gratia
2329 4295 2426 4336 sua
2455 4282 2686 4336 visitavit
2715 4282 2964 4350 Petrum,
3001 4283 3268 4339 interioris
3310 4285 3539 4340 hominis

1935 4387 2106 4442 usque
2133 4372 2199 4427 ad
2230 4374 2530 4429 exteriores
2568 4375 2832 4446 lacrymas
2875 4377 3040 4432 movit
3077 4385 3130 4432 et
3169 4377 3417 4448 produxit
3455 4381 3538 4432 at-

1939 4464 2158 4519 lectum.
2199 4464 2337 4520 Ecce
2375 4465 2824 4535 quemadmodum
2868 4466 3007 4522 Dens
3046 4467 3346 4538 adjuvando
3387 4469 3541 4524 adest

1935 4553 2300 4611 voluntatibus
2332 4564 2389 4610 et
2424 4555 2726 4611 actionibus
2762 4557 2961 4613 nostris
2991 4575 3004 4614 :
3031 4574 3162 4615 ecce
3188 4559 3541 4630 quemadmo-

1936 4645 2063 4703 dum
2091 4655 2147 4702 et
2174 4648 2310 4703 velle
2337 4657 2394 4704 et
2421 4649 2633 4720 operari
2663 4659 2917 4720 operatur
2946 4652 2998 4707 in
3031 4653 3204 4709 nobis.

2007 4737 2098 4794 50.
2135 4737 2264 4793 Item
2293 4739 2349 4794 in
2378 4741 2568 4796 eodem
2599 4741 2737 4796 libro
2768 4742 2908 4797 idem
2938 4753 3155 4798 sanctus
3188 4745 3538 4802 Ambrosius:

1945 4847 1962 4880 ι
1989 4828 2124 4884 Nam
2143 4829 2189 4885 si
2211 4829 2423 4898 Petrus,
2449 4849 2469 4884 ι
2498 4832 2668 4902 inquit
2695 4831 2832 4904 (Lib.
2848 4833 2938 4900 I0,
2961 4851 3014 4888 η.
3033 4834 3124 4900 91,
3149 4837 3218 4888 ad
3233 4835 3363 4890 Luc.
3384 4836 3540 4908 uti),

1943 4940 1962 4974 ε
1993 4922 2173 4993 lapsus
2191 4931 2296 4990 est,
2321 4923 2412 4994 qui
2437 4923 2592 4989 dixit,
2620 4922 2733 4980 Etsi
2751 4926 2845 4980 alii
2864 4927 3197 4982 scandalizati
3217 4931 3424 5002 fuerint,
3443 4948 3544 5003 ego

1945 5032 1964 5065 ι
1994 5029 2094 5067 non
2115 5012 2500 5069 scandalizabor
2522 5013 2736 5086 (Δίωνι.
2757 5031 2909 5084 xxvr,
2924 5019 3039 5088 '55);
3052 5020 3172 5089 quis
3191 5023 3327 5076 alius
3337 5022 3458 5092 jure
3473 5024 3544 5079 de

1944 5122 1963 5156 ‹
1993 5119 2052 5160 se
2078 5107 2403 5176 praesumat?
2434 5105 2675 5177 Denique
2697 5107 2861 5163 David
2889 5109 3010 5180 quia
3032 5109 3268 5179 dixerat,
3293 5113 3406 5185 Ego
3435 5116 3544 5170 dixi

1945 5216 1964 5251 ι
1992 5199 2046 5253 in
2069 5215 2182 5254 mea
2207 5197 2520 5254 abundantia
2537 5240 2554 5267 ,
2588 5197 2712 5277 on
2732 5202 2964 5258 movebar
2989 5204 3042 5258 in
3080 5214 3362 5272 internum;
3391 5223 3542 5263 suam

1946 5309 1965 5343 ι
1992 5292 2092 5348 sibi
2124 5290 2436 5363 jactantiam
2463 5292 2700 5350 obfuisse
2728 5294 3008 5366 proﬁtetur
3025 5338 3040 5362 ,
3063 5297 3248 5354 dicens
3265 5340 3278 5366 ,
3307 5299 3546 5355 Avertisti

2005 5493 2021 5526 ί
2049 5493 2134 5565 [lie
2155 5492 2431 5565 editijuxta
2456 5491 2702 5565 vulgatam
2711 5495 3014 5565 ambrosiam
3036 5496 3182 5560 hujus
3196 5497 3362 5560 cperis
3386 5497 3435 5547 in
3459 5497 3545 5547 de.

1937 5567 2048 5605 cem
2071 5554 2224 5606 libros
2257 5554 2674 5619 distributionem,
2699 5555 2755 5608 in
2795 5557 3004 5610 decium.
3043 5554 3306 5611 At'omties
3339 5567 3468 5620 Mss,
3493 5573 3544 5612 tu

1943 5628 2083 5666 ηοηο.

2003 5680 2022 5709 ²
2045 5685 2094 5726 tn
2121 5677 2265 5744 editis
2281 5713 2296 5738 ,
2321 5677 2514 5742 plorant
2537 5678 2782 5732 delictum.
2809 5689 2938 5734 Itane
2961 5697 3146 5744 vocem,
3175 5681 3423 5742 delictum,
3451 5696 3544 5732 nec

1939 5746 2048 5789 Mss.
2074 5740 2270 5796 addunt,
2294 5740 2386 5790 nec
2405 5744 2694 5794 Ambrosius.

2006 5803 2026 5833 ³
2045 5809 2149 5865 tum
2168 5809 2291 5858 Mss,
2312 5816 2437 5852 ιιιιιιε
2465 5804 2734 5854 Casalensis
2751 5845 2763 5864 ,
2784 5805 2908 5854 alter
2929 5809 3210 5865 victorious,
3236 5803 3362 5852 intus
3380 5813 3544 5860 actum

1945 5869 2011 5914 est
2036 5862 2082 5914 in
2108 5872 2260 5913 nit-nte
2283 5873 2439 5913 tu'tum
2464 5874 2530 5915 est
2557 5866 2604 5917 in
2631 5862 2882 5920 tuteutute.
