4170 6542
576 402 684 461 583

581 529 602 563 ι
639 513 821 585 faciem
840 522 999 581 luant,
1031 523 1078 569 ct
1101 517 1268 585 fectus
1288 530 1399 568 sum
1420 514 1740 569 conturbatus
1765 533 1783 564 ι
1813 513 1986 583 (Psal.
2021 531 2166 577 xxix,

575 603 636 671 7,
663 604 743 678 8).
774 607 969 663 Audiat
992 608 1093 663 iste
1121 615 1325 662 tantum
1361 606 1535 661 virum
1580 606 1859 662 docentem
1886 649 1900 675 ,
1933 607 2172 662 imitetur

574 696 886 754 credentem
906 741 921 766 ,
950 700 1102 771 cujus
1139 698 1437 754 doctrinam
1468 697 1733 768 ﬁdemque
1764 696 2013 751 laudavit.
2054 698 2167 752 Au-

573 786 685 843 diat
714 789 1017 857 humiliter,
1050 791 1290 846 imitetur
1318 790 1546 847 ﬁdeliter
1573 809 1587 847 :
1614 806 1720 845 non
1753 790 1822 846 de
1849 804 1907 846 se
1933 790 2168 860 pertina-

572 883 707 939 citer
746 894 1066 955 praesumat,
1109 901 1176 940 ne
1219 895 1421 956 pereat.
1451 884 1591 954 Quid
1633 885 1686 940 in
1725 900 1791 940 eo
1829 885 2018 955 pelago
2056 887 2170 938 vult

571 977 738 1048 mergi
761 978 1024 1050 Pelagius,
1050 978 1190 1034 unde
1213 994 1307 1049 per
1326 987 1530 1050 petram
1554 978 1809 1034 liberatus
1834 986 1918 1034 est
1941 978 2168 1034 Petrus?

584 1114 590 1121 .
641 1069 868 1128 CAPUT
907 1070 1092 1126 XLVI.
1128 1100 1202 1112 --
1237 1071 1327 1127 51.
1358 1070 1553 1125 Audiat
1591 1069 1837 1126 eumdem
1876 1070 2165 1125 antistitem

569 1161 664 1217 Dei
705 1163 761 1217 in
795 1171 948 1219 sexto
981 1164 1163 1220 itidem
1207 1164 1343 1220 libro
1385 1163 1625 1235 ejusdem
1654 1162 1833 1233 Operis
1859 1161 2121 1218 dicentem
2148 1180 2163 1217 :

574 1273 593 1306 ι
621 1254 733 1311 Cur
767 1265 948 1313 autem
990 1274 1097 1313 non
1141 1257 1441 1327 receperint
1468 1271 1625 1322 eum,
1672 1253 2011 1326 Evangelista
2051 1253 2166 1325 ipse

567 1350 906 1415 memoravit,
934 1349 1117 1405 dicens
1146 1369 1159 1405 :
1192 1348 1323 1416 Quia
1349 1349 1503 1421 facies
1527 1348 1637 1418 ejus
1661 1356 1769 1401 erat
1797 1347 1958 1402 euntis
1986 1348 2039 1401 in
2066 1347 2164 1401 Je-

564 1440 807 1496 rusalcm.
831 1441 1085 1512 Discipuli
1104 1450 1283 1497 autem
1309 1440 1472 1509 recipi
1498 1439 1633 1494 intra
1654 1438 1948 1511 Samariam
1971 1438 2164 1510 gestic-

566 1530 715 1586 bant.
747 1530 851 1588 Sed
895 1533 1038 1588 Deus
1081 1547 1216 1605 quos
1252 1531 1500 1602 dignatur
1536 1540 1723 1597 vocat,
1762 1539 1820 1586 et
1854 1545 2012 1601 quem
2053 1530 2164 1585 vult

564 1621 872 1693 religiosum
921 1623 1046 1681 facit
1098 1644 1118 1677 ι
1147 1623 1281 1697 (Lib.
1311 1624 1364 1690 7,
1409 1640 1463 1678 n.
1502 1623 1608 1689 27,
1650 1623 1719 1677 ad
1754 1622 1879 1678 Luc.
1915 1638 2001 1689 ιιι,
2045 1623 2157 1694 55).

564 1711 610 1767 Ο
638 1728 856 1769 sensum
885 1714 1117 1770 hominis
1141 1715 1269 1783 Dei,
1295 1730 1361 1771 ex
1390 1714 1506 1785 ipso
1535 1714 1784 1769 haustum
1809 1714 1953 1769 fonte
1978 1713 2162 1783 gratiae

563 1801 693 1858 Dei!
727 1822 747 1856 ι
776 1804 938 1869 Deus,
969 1822 989 1857 ι
1021 1805 1211 1876 inquit,
1243 1821 1267 1859 ι
1293 1819 1429 1875 quos
1453 1794 1700 1876 dignatur
1722 1811 1896 1871 vocat,
1923 1812 1977 1860 et
2000 1818 2159 1874 quem

561 1900 678 1955 vult
702 1900 1007 1971 religiosum
1036 1899 1180 1956 facit.
1211 1919 1230 1953 ι
1257 1899 1446 1956 Videte
1470 1899 1517 1954 si
1544 1913 1648 1955 non
1675 1897 1804 1954 illud
1825 1906 1909 1954 est
1929 1898 2159 1969 prophe-

560 1989 724 2046 ticum
744 2031 762 2058 ,
796 1991 1074 2047 Miserebor
1101 1993 1249 2063 cujus
1280 1992 1511 2046 misertus
1533 2007 1621 2045 ero
1639 2031 1654 2056 ,
1687 1999 1736 2045 et
1759 1988 2159 2044 misericordiam

560 2083 810 2153 praestabo
854 2084 935 2138 cui
976 2084 1259 2140 misericors
1303 2087 1447 2156 fuero
1473 2099 1492 2137 :
1519 2091 1574 2139 et
1614 2082 1742 2139 illud
1781 2081 2155 2154 apostolicum,

556 2170 731 2246 Igitur
753 2190 857 2229 non
885 2174 1280 2246 uolentismeque
1307 2175 1573 2241 currentis,
1605 2174 1694 2231 sed
1720 2175 2000 2230 miserantis
2021 2173 2116 2228 Dei
2138 2176 2155 2207 ί

558 2265 753 2338 (Exod.
783 2283 990 2335 xxxiii,
1029 2268 1131 2334 l9;
1164 2268 1317 2324 Rom.
1348 2285 1436 2333 ix,
1479 2269 1575 2333 I5,
1618 2265 1730 2340 I6).
1770 2267 1903 2335 Quia
1944 2277 2004 2324 ut
2030 2269 2159 2325 dicit

557 2358 722 2413 etiam
751 2366 1059 2414 nostrorum
1088 2367 1388 2429 temporum
1418 2358 1581 2415 homo
1609 2357 1728 2427 ejus
1746 2359 1787 2423 ’,
1830 2378 1849 2412 ι
1878 2358 2047 2426 Quem
2076 2360 2159 2415 di-

556 2458 751 2518 goatur
786 2457 976 2517 vocat,
1005 2459 1060 2504 et
1086 2465 1245 2521 quem
1274 2450 1389 2505 vult
1417 2449 1726 2520 religiosum
1756 2449 1899 2507 facit.
1934 2470 1966 2504 ι’
1987 2450 2156 2507 Νιιιιι-

556 2539 685 2609 quid
710 2540 902 2612 aliquis
927 2539 1107 2597 dicere
1130 2540 1381 2609 audebit,
1412 2541 1647 2597 nondum
1676 2557 1799 2598 esse
1825 2543 2152 2614 religiosum,

563 2650 583 2684 ι
612 2632 705 2703 qui
733 2633 900 2688 currit
927 2634 993 2688 ad
1023 2633 1303 2689 Dominum
1324 2676 1339 2700 ,
1371 2644 1425 2691 et
1456 2634 1525 2690 ab
1555 2650 1622 2691 eo
1648 2649 1707 2691 se
1735 2637 1847 2707 regi
1884 2637 2064 2708 cupit,
2102 2645 2157 2692 et

556 2724 886 2782 voluntatem
915 2740 1067 2782 suam
1097 2742 1162 2783 ex
1192 2727 1309 2797 ejus
1338 2727 1608 2784 voluntate
1633 2728 1941 2799 suspendit,
1982 2739 2039 2785 et
2064 2730 2153 2800 qui

556 2816 957 2874 ciadltaarendo
999 2818 1228 2891 jugiter,
1277 2836 1449 2888 unus,
1492 2821 1784 2878 secundum
1814 2822 2149 2895 Apostolum,

555 2924 678 2964 cum
724 2924 790 2965 eo
828 2908 889 2965 ﬁt
925 2910 1145 2980 spiritus
1171 2929 1191 2963 ι
1239 2909 1465 2984 (Pelagii
1486 2908 1682 2979 verba,
1714 2930 1900 2983 supra,
1934 2931 1987 2969 η.
2017 2913 2155 2984 ειη

556 3002 628 3055 At
653 3000 757 3056 hoc
787 3008 953 3056 totum
996 3010 1105 3058 tam
1132 2986 1399 3074 magnum
1444 3005 1677 3076 religiosi
1722 3005 1956 3061 hominis
1994 3021 2152 3077 opus,

555 3091 802 3163 Pelagius
837 3110 858 3144 ί
888 3107 995 3148 non
1025 3111 1044 3144 ι
1077 3093 1206 3150 dicit
1236 3112 1256 3146 ι
1284 3095 1445 3161 efﬁci,
1472 3096 1573 3152 nisi
1598 3096 1804 3152 arbitrii
1832 3097 2094 3154 libertate.
2124 3115 2149 3152 ιο

552 3182 751 3238 Contra
773 3192 949 3240 autem
972 3184 1160 3240 beatus
1176 3185 1492 3242 Ambrosius
1512 3186 1678 3258 ipsius
1699 3197 1804 3243 tam
1827 3187 2154 3245 excellenter

558 3289 655 3329 ore
686 3272 931 3350 laudatus
952 3317 967 3342 ,
1006 3293 1024 3328 ι
1055 3275 1313 3332 Dominus
1336 3276 1512 3345 Deus,
1543 3295 1564 3330 ι
1597 3278 1795 3349 inquit,
1829 3296 1849 3331 ι
1877 3294 2035 3350 quem
2066 3278 2151 3336 di-

557 3373 750 3433 gnatur
774 3348 949 3433 vocat,
975 3375 1029 3423 et
1056 3382 1217 3438 quem
1243 3368 1355 3423 vult
1380 3348 1688 3441 religiosum
1714 3369 1858 3427 facit.
1889 3348 1909 3424 ἑ
1937 3372 2074 3443 Ergo
2093 3380 2154 3427 ut

550 3465 733 3511 currat
756 3456 825 3512 ad
853 3457 1156 3526 Dominum,
1182 3467 1235 3514 et
1255 3460 1323 3515 ab
1347 3476 1413 3517 eo
1438 3476 1497 3516 se
1524 3462 1636 3532 regi
1664 3463 1861 3533 cupiat,
1892 3478 2153 3534 suamque

552 3547 884 3603 voluntatem
914 3565 981 3605 ex
1011 3548 1129 3620 ejus
1157 3546 1426 3607 voluntate
1453 3552 1763 3623 suspendat,
1793 3554 1948 3625 eique
1971 3554 2153 3611 adhae-

551 3638 722 3694 rendo
741 3639 939 3711 jugiter
962 3657 1120 3708 unus,
1149 3643 1443 3699 secundum
1468 3645 1804 3715 Apostolum,
1833 3661 1954 3702 cum
1973 3662 2038 3702 eo
2061 3646 2152 3703 ﬁat

551 3729 773 3798 Spiritus
803 3729 859 3804 (1
887 3731 1006 3786 Cor.
1036 3748 1125 3800 v1,
1155 3734 1283 3804 17),
1317 3734 1457 3790 Deus
1494 3749 1652 3805 quem
1690 3735 1802 3791 vult
1841 3736 2149 3808 religiosum

551 3822 718 3879 facit:
748 3834 803 3880 et
840 3825 941 3880 hoc
971 3834 1140 3881 totum
1171 3825 1333 3882 homo
1377 3827 1481 3883 nisi
1523 3828 1805 3898 religiosus
1850 3844 1958 3884 non
2002 3828 2146 3884 facit.

551 3912 888 3985 Quapropter
901 3915 1000 3970 nisi
1017 3930 1048 3969 a
1065 3915 1176 3971 Deo
1194 3914 1315 3979 ﬁat,
1334 3926 1391 3970 ut
1408 3915 1510 3971 hoc
1528 3917 1682 3973 faciat
1695 3959 1711 3983 ,
1729 3919 1851 3989 quis
1866 3918 1968 3975 hoc
1983 3918 2149 3975 facit?

619 4003 850 4061 CAPUT
888 4005 1096 4061 XLVII.
1127 4036 1199 4047 —
1225 4007 1314 4063 52.
1346 4006 1452 4063 Sed
1481 4009 1600 4079 quia
1632 4011 1733 4065 ista
1767 4011 2028 4082 quaestio,
2056 4011 2147 4069 ubi

549 4095 617 4151 de
642 4096 867 4151 arbitrio
893 4096 1183 4153 voluntatis
1212 4107 1267 4155 et
1291 4098 1385 4155 Dei
1410 4098 1580 4170 gratia
1607 4100 1931 4172 disputatur,
1963 4103 2037 4159 ita
2065 4113 2149 4161 est

550 4187 618 4242 ad
645 4186 1062 4245 discernendum
1088 4188 1340 4254 difﬁcilis,
1371 4202 1430 4246 ut
1453 4183 1666 4262 quando
1689 4192 1992 4251 defenditur
2015 4195 2149 4253 libe-

549 4295 670 4333 rum
711 4278 1026 4347 arbitrium,
1067 4282 1250 4352 negari
1280 4282 1371 4338 Dei
1409 4284 1578 4354 gratia
1617 4284 1893 4353 videatur;
1932 4287 2147 4358 quando

512 4428 525 4440 ,
549 4380 728 4450 a/utem
754 4371 1014 4427 asseritur
1041 4373 1131 4427 Dei
1155 4374 1346 4443 gratia,
1376 4375 1604 4432 liberum
1630 4378 1906 4434 arbitrium
1931 4389 2148 4450 putetur

549 4464 792 4520 auferri:
821 4473 998 4535 potest
1042 4466 1288 4537 Pelagius
1332 4468 1407 4523 ita
1451 4484 1511 4524 se
1552 4469 1771 4526 latebris
1806 4472 2146 4529 obscuritatis

549 4556 708 4628 hujus
737 4558 1010 4615 involvere
1029 4600 1043 4625 ,
1075 4567 1133 4614 ut
1157 4560 1318 4615 etiam
1346 4560 1410 4616 iis
1446 4576 1568 4632 quae
1593 4577 1626 4618 a
1652 4572 1838 4619 saneto
1864 4565 2144 4622 Ambrosio

548 4650 849 4721 conscripta
890 4650 1201 4722 posuimus,
1241 4653 1548 4709 consentire
1584 4668 1644 4710 se
1679 4654 1854 4723 dicat;
1894 4664 1951 4712 et
1983 4672 2046 4713 ea
2084 4672 2145 4714 se

547 4757 761 4813 quoque
786 4742 988 4799 sentire
1010 4744 1326 4813 proclamet,
1351 4759 1665 4816 semperque
1692 4748 1960 4814 sensisse;
1983 4757 2145 4819 atque

547 4832 619 4889 ita
646 4833 852 4906 singula
878 4842 1103 4891 conetur
1130 4850 1422 4907 exponere,
1454 4844 1512 4892 ut
1534 4839 1696 4894 etiam
1723 4839 1838 4909 ejus
1862 4841 2145 4897 sententia:

547 4926 836 4981 convenire
863 4925 1168 4983 credantur.
1197 4926 1534 4999 Quapropter
1570 4938 1827 4999 quantum
1859 4933 2052 4988 attinet
2074 4933 2142 4988 ad

547 5016 703 5073 istam
744 5017 813 5074 de
833 5017 1021 5074 divina
1056 5020 1226 5091 gratia
1257 5029 1311 5075 et
1338 5019 1602 5089 adjutorio
1630 5022 1978 5093 quaestionem
1998 5065 2014 5090 ,
2042 5024 2142 5079 tria

544 5109 634 5164 illa
660 5125 780 5181 qua:
808 5110 1146 5181 apertissime
1175 5111 1419 5167 distinxit
1439 5113 1696 5170 attendite
1724 5132 1737 5168 :
1770 5130 1951 5186 posse,
1982 5117 2139 5184 velle,

546 5214 668 5256 esse
686 5199 739 5267 ⁸;
766 5198 821 5256 id
846 5208 932 5257 est
949 5243 965 5267 ,
994 5202 1403 5272 possibilitatem
1425 5244 1439 5267 ,
1471 5204 1820 5270 voluntatem,
1850 5206 2140 5262 actionem.

545 5292 601 5349 Si
624 5308 752 5364 ergo
772 5294 1106 5350 consenserit
1131 5294 1307 5362 nobis,
1328 5310 1438 5350 non
1463 5295 1631 5350 solam
1659 5296 2062 5366 possibilitatem
2088 5298 2140 5353 in

546 5385 763 5443 homine
783 5428 799 5454 ,
830 5386 1040 5443 etiamsi
1067 5402 1167 5442 nec
1193 5387 1346 5452 velit,
1381 5402 1479 5443 nec
1505 5398 1627 5459 agat
1652 5388 1790 5444 bene
1808 5429 1823 5454 ,
1851 5390 1946 5446 sed
1971 5390 2141 5461 ipsam

543 5494 758 5550 quoque
786 5479 1115 5535 voluntatem
1146 5488 1201 5533 et
1228 5478 1515 5545 actionem,
1548 5478 1600 5534 id
1627 5488 1729 5547 est,
1759 5488 1817 5535 ut
1844 5480 1978 5537 bene
2005 5482 2142 5537 veli-

546 5585 663 5627 tuus
693 5579 748 5626 et
774 5569 912 5625 bene
939 5582 1159 5640 agamus
1179 5610 1193 5635 ,
1221 5584 1341 5638 quae
1377 5584 1482 5623 non
1523 5578 1649 5645 sunt
1679 5571 1729 5625 in
1762 5570 2007 5638 homine,
2042 5574 2138 5629 nisi

609 5726 627 5762 ⁸
654 5725 805 5777 Editio
825 5732 924 5782 Er.,
950 5723 1038 5775 sed
1062 5724 1328 5774 ntisei‘entis
1349 5732 1416 5773 ρει
1448 5735 1547 5776 I‘ct.
1619 5734 1673 5775 tu.

610 5790 632 5825 ³
653 5787 925 5839 Casalensis
949 5795 1050 5843 Ms...
1071 5785 1208 5833 homo
1239 5789 1338 5836 Dei.

611 5851 633 5888 ε
658 5851 911 5901 Vaticanus
933 5855 1035 5903 Ms.
1064 5860 1223 5904 aacrc.

1329 398 1388 455 S.
1425 398 1797 479 AUGU§TINI
1840 399 2144 455 EPISCOI‘I
2183 403 2384 458 LiLiEII
2427 405 2513 461 DE
2554 408 2811 465 GRATIA
2852 412 3144 470 CHRISTI.

3772 423 3880 481 534

2283 519 2493 586 quando
2522 521 2656 577 bene
2687 523 2795 578 vult
2832 534 2885 579 et
2926 525 3059 581 bene
3088 527 3194 597 agit
3228 545 3239 580 :
3272 527 3314 582 si
3337 571 3349 588 ,
3383 538 3441 583 ut
3469 529 3610 596 dixi,
3641 547 3871 590 consen-

2281 612 2441 675 serit,
2474 614 2633 667 etiatn
2673 615 2841 684 ipsam
2884 617 3208 675 voluntatem
3237 629 3290 676 et
3317 621 3582 679 actionem
3619 624 3877 684 divinitus

2280 700 2548 771 adjuvari,
2577 715 2630 761 et
2668 709 2745 762 sic
2780 710 3052 778 adjuvari,
3083 720 3140 766 ut
3176 714 3291 768 sine
3323 714 3412 770 illo
3441 716 3709 786 adjutorio
3740 721 3875 777 nihil

2280 791 2415 849 bene
2441 796 2664 851 velimus
2686 808 2740 853 et
2758 813 3004 870 agamus,
3034 817 3256 873 eamque
3277 820 3396 859 esse
3414 808 3638 875 gratiam
3664 810 3755 864 Dei
3780 826 3874 880 per

2277 882 2455 939 Jesum
2486 887 2753 944 Christum
2797 892 3075 947 Dominum
3115 906 3389 961 nostrum,
3421 897 3474 952 iu
3513 916 3615 969 qua
3647 916 3745 956 nos
3776 919 3872 956 sua

2278 990 2383 1031 non
2411 988 2591 1034 nostra
2612 980 2817 1050 justitia
2842 983 3015 1053 justos
3042 984 3203 1054 facit,
3242 997 3294 1043 ut
3338 1005 3401 1044 ea
3439 991 3508 1044 sit
3534 1008 3658 1048 vera
3686 1003 3871 1051 nostra

2248 1084 2251 1089 ί
2270 1066 2471 1137 justitia
2502 1086 2622 1142 qua:
2649 1074 2803 1129 nobis
2830 1076 2898 1131 ab
2924 1076 3016 1130 illo
3042 1087 3156 1143 est;
3186 1080 3314 1134 nihil
3354 1081 3423 1137 de
3455 1083 3720 1151 adjutorio
3747 1101 3871 1157 gra-

2278 1159 2362 1211 tiae
2407 1160 2534 1225 Dei,
2573 1173 2826 1232 quantum
2872 1166 3133 1234 arbitror,
3170 1169 3308 1224 inter
3349 1186 3447 1227 nos
3489 1176 3873 1232 controversia:
3918 1240 3923 1251 .

2275 1252 2624 1323 relinquetur.

2344 1346 2572 1404 CAPUT
2609 1348 2841 1406 XLVIII.
2866 1382 2937 1392 -——
2962 1354 3049 1409 55.
3080 1353 3214 1411 Illud
3251 1368 3428 1414 autem
3471 1370 3688 1432 propter
3723 1364 3869 1436 quod

2274 1437 2351 1494 sic
2374 1439 2606 1495 laudavit
2630 1452 2873 1498 sanctum
2901 1446 3262 1517 Ambrosium,
3291 1452 3410 1521 quia
3438 1453 3642 1509 scilicet
3662 1456 3712 1509 iu
3734 1457 3868 1513 srri-

2273 1532 2377 1600 ptis
2406 1533 2523 1597 ejus
2560 1534 2760 1591 invenit
2801 1552 2866 1593 ex
2908 1539 3151 1595 laudibus
3180 1540 3452 1599 Zachariae
3483 1553 3538 1600 et
3568 1546 3869 1619 Elisabeth,

2271 1638 2431 1693 posse
2465 1626 2737 1683 hominem
2777 1629 2829 1684 in
2860 1630 2963 1687 hac
2988 1633 3094 1687 vita
3123 1648 3244 1689 esse
3270 1635 3387 1691 sine
3413 1650 3633 1706 peccato
3659 1659 3671 1695 :
3697 1658 3869 1711 quan-

2270 1729 2429 1785 quam
2453 1718 2756 1789 negandum
2781 1736 2887 1775 non
2910 1723 3000 1790 sit,
3024 1724 3068 1778 si
3092 1724 3193 1779 hoc
3216 1726 3340 1781 velit
3363 1728 3525 1797 Deus,
3547 1731 3684 1800 apud
3706 1748 3869 1802 quem

2270 1814 2396 1861 sunt
2423 1810 2602 1864 omnia
2633 1812 2936 1879 possibilia,
2979 1816 3285 1873 consideret
3323 1826 3498 1875 tamen
3538 1822 3863 1894 diligentius,

2269 1901 2719 1968 quemadmodum
2741 1905 2942 1962 dictum
2970 1910 3056 1964 sit.
3085 1910 3293 1967 Dictum
3314 1914 3456 1969 enim
3481 1926 3583 1984 est,
3607 1929 3865 1987 quantum

2269 1993 2399 2049 mihi
2452 1995 2695 2066 videtur,
2749 2001 3042 2057 secundum
3091 2006 3375 2074 quamdam
3429 2008 3569 2064 inter
3617 2009 3866 2068 homines

2269 2091 2731 2146 conversationem
2759 2092 3089 2161 probabilem
3127 2104 3289 2166 atque
3316 2097 3633 2156 laudabilem
3654 2144 3670 2170 ,
3701 2119 3865 2175 quam

2269 2176 2446 2233 nullus
2476 2175 2751 2236 hominum
2784 2181 2928 2253 juste
2968 2194 3153 2255 posset
3191 2187 3247 2242 in
3279 2192 3633 2248 accusationis
3668 2204 3725 2250 et
3754 2197 3864 2252 cri-

2267 2268 2573 2325 minationis
2604 2273 2874 2342 querelam
2919 2291 3130 2332 vocare.
3162 2276 3332 2346 Quam
3363 2291 3644 2352 propterea
3682 2285 3736 2340 in
3767 2287 3863 2342 Dei

2267 2369 2555 2430 conspectu
2584 2360 2870 2421 Zacharias
2900 2374 2954 2422 et
2981 2368 3098 2438 ejus
3123 2385 3257 2424 uxor
3284 2370 3533 2429 habuisse
3561 2376 3866 2434 referuntur

2272 2447 2419 2520 (Luc.
2449 2467 2501 2518 ι,
2529 2452 2584 2525 6)
2610 2496 2625 2520 ,
2652 2456 2776 2525 quia
2802 2457 2855 2512 in
2882 2474 2945 2515 ea
2976 2460 3220 2517 homines
3260 2465 3402 2519 nulla
3440 2467 3866 2530 dissimulatione

2268 2538 2542 2610 fallebant,
2573 2545 2668 2600 sed
2694 2555 2749 2600 ut
2775 2550 3103 2619 apparebant
3125 2551 3450 2624 hominibus,
3477 2559 3545 2612 ita
3572 2562 3681 2616 noti
3707 2576 3866 2619 erant

2267 2633 2435 2688 oculis
2458 2635 2571 2691 Dei.
2598 2636 2718 2693 Non
2744 2648 2920 2696 autem
2947 2642 3146 2698 dictum
3173 2655 3257 2701 est
3282 2646 3383 2703 hoc
3403 2651 3692 2708 secundum
3715 2655 3861 2711 illam

2268 2722 2649 2792 perfectionem
2682 2729 2932 2801 ⁸ῆιιδιὶιίιιι,
2964 2733 3015 2787 in
3044 2751 3146 2804 qua
3177 2753 3299 2793 vere
3325 2749 3484 2812 atque
3510 2745 3818 2802 omnimodo
3842 2752 3859 2780 ι

2267 2814 2589 2873 immaculati
2634 2823 2962 2894 perfectique
3003 2827 3262 2884 vivemus.
3303 2830 3438 2887 Nam
3487 2844 3543 2890 et
3585 2840 3863 2906 apostolus

2265 2904 2460 2962 Paulus
2485 2908 2639 2978 dixit,
2668 2914 2961 2970 secundum
2984 2913 3244 2987 justitiam
3273 2938 3392 2991 quae
3421 2940 3485 2979 ex
3519 2904 3634 2998 lege
3659 2941 3770 2997 est,
3799 2948 3863 2988 se

2264 2995 2427 3054 fuisse
2452 3000 2568 3057 sine
2595 3006 2848 3074 querela;
2878 3007 2930 3061 in
2961 3024 3064 3079 qua
3094 3010 3210 3082 lege
3238 3013 3399 3071 etiam
3428 2995 3714 3077 Zacharias
3740 2995 3863 3080 sine

2263 3092 2480 3161 querela
2519 3097 2937 3154 conversabalur
2963 3115 2977 3154 :
3007 3101 3103 3157 sed
3131 3102 3270 3160 hanc
3291 3105 3577 3176 Apostolus
3597 3113 3860 3181 justitiam

2264 3181 2319 3239 in
2343 3185 2671 3242 stercoribus
2701 3197 2754 3244 et
2782 3189 3119 3249 detrimentis
3158 3194 3457 3267 deputavit,
3489 3200 3542 3255 in
3581 3218 3861 3274 compara-

2263 3273 2408 3332 tione
2432 3276 2654 3347 justitiae
2680 3296 2837 3352 quam
2866 3298 3144 3355 speramus
3185 3287 3447 3361 (Philipp.
3478 3307 3572 3359 ιιι,
3599 3294 3650 3361 6,
3680 3273 3739 3366 8)
3758 3339 3773 3362 ,
3805 3308 3863 3353 et

2261 3383 2420 3438 quam
2451 3387 2594 3428 nunc
2623 3375 2830 3431 esurire
2866 3392 2929 3433 ac
2965 3377 3118 3435 sitire
3151 3379 3412 3439 debemus
3451 3384 3665 3456 (Matth.
3689 3406 3744 3457 v,
3777 3392 3857 3462 ϐ),

2263 3467 2322 3515 ut
2347 3476 2409 3518 ea
2454 3462 2772 3536 quandoque
2813 3476 3115 3531 saturemur
3144 3472 3197 3528 in
3225 3475 3434 3544 specie,
3464 3494 3583 3549 qua:
3609 3497 3751 3539 nunc
3775 3494 3864 3540 est

2261 3551 2317 3607 in
2349 3552 2470 3618 ﬁde,
2505 3557 2756 3624 quamdiu
2780 3559 2956 3629 justus
2985 3576 3050 3617 ex
3077 3560 3182 3619 ﬁde
3213 3564 3341 3621 vivit
3370 3566 3543 3639 (Rom.
3574 3586 3611 3637 t,
3642 3574 3755 3643 17).

2331 3646 2558 3702 CAPUT
2600 3648 2786 3704 XLIX.
2810 3681 2882 3690 —
2902 3652 2992 3706 54.
3022 3653 3217 3710 Audiat
3241 3655 3469 3728 denique
3497 3661 3668 3731 ipsum
3696 3680 3865 3722 vene-

2261 3738 2484 3796 rabilem
2515 3742 2844 3810 antistitem,
2890 3760 3012 3800 cum
3053 3758 3352 3818 exponeret
3395 3752 3584 3808 Isaiam
3624 3759 3864 3827 praphe-

2262 3842 2368 3915 tam
2397 3831 2477 3906 (ιι)
2495 3876 2509 3900 ,
2541 3835 2807 3892 dicentem
2831 3879 2846 3906 ,
2875 3840 3122 3895 neminem
3150 3841 3203 3895 in
3229 3842 3324 3897 hoc
3351 3848 3540 3901 mundo
3577 3864 3684 3904 esse
3711 3868 3865 3920 posse

2258 3913 2368 3978 sine
2395 3935 2619 3994 peccato.
2650 3926 2747 3983 Ubi
2778 3943 2938 3984 nemo
2965 3938 3144 4000 potest
3178 3933 3390 4003 dicere,
3428 3955 3447 3988 ι
3478 3938 3529 3992 in
3560 3937 3662 3996 hoc
3697 3913 3861 3997 mun-

2257 4015 2328 4071 do
2358 4034 2377 4069 ι
2409 4032 2531 4072 eum
2561 4018 2763 4076 dixisse
2789 4020 2936 4077 velut
2964 4023 3016 4077 in
3046 4022 3334 4083 dilectione
3360 4027 3520 4099 hujus
3547 4033 3749 4088 mundi.
3784 4036 3864 4092 De

2256 4110 2517 4180 Apostolo
2556 4112 2754 4168 etenim
2802 4113 3145 4185 loquebatur,
3192 4117 3285 4188 qui
3323 4119 3491 4190 dixit,
3533 4122 3862 4183 Conversatio

2257 4211 2431 4256 nostra
2454 4203 2508 4257 in
2533 4203 2671 4259 cazlis
2693 4213 2766 4259 est
2791 4203 3049 4279 (Philipp.
3074 4224 3153 4275 ιιι,
3174 4208 3289 4282 20).
3314 4212 3466 4270 Hunc
3489 4230 3617 4287 ergo
3637 4232 3858 4276 sensum

2255 4306 2584 4351 memoratus
2603 4297 2887 4368 episcopus
2907 4302 3214 4370 explicans:
3248 4323 3268 4356 ι
3296 4305 3590 4377 Perfectos,
3619 4330 3639 4364 ι
3662 4313 3856 4384 inquit,

2261 4404 2281 4439 ι
2308 4401 2490 4442 secum
2532 4388 2731 4445 multos
2767 4390 2843 4445 ait
2876 4391 3167 4462 Apostolus
3202 4395 3255 4450 in
3300 4395 3401 4454 hoc
3441 4400 3617 4458 adhuc
3654 4408 3861 4463 mundo

2254 4478 2408 4543 sitos,
2433 4480 2523 4550 qui
2549 4481 2595 4537 si
2622 4480 2689 4538 ad
2716 4481 3096 4553 perfectionem
3123 4502 3303 4544 veram
3328 4492 3601 4562 respicias,
3630 4497 3857 4566 perfecti

2255 4588 2376 4629 esse
2402 4588 2507 4629 non
2538 4582 2805 4644 poterant.
2833 4576 2968 4644 Quia
2996 4579 3109 4647 ipse
3135 4580 3298 4649 dixit,
3336 4583 3573 4642 Videmus
3600 4606 3737 4644 nunc
3763 4611 3860 4663 per

2253 4664 2514 4736 speculum
2534 4665 2587 4720 in
2604 4667 2891 4738 tenigmate,
2913 4678 3032 4724 tunc
3051 4682 3217 4727 autem
3236 4675 3369 4745 facie
3386 4676 3457 4730 ad
3476 4678 3658 4750 facient
3679 4699 3700 4736 :
3720 4701 3857 4740 nunc

2254 4772 2498 4827 cognosco
2523 4774 2587 4813 ea:
2606 4767 2768 4828 parte,
2796 4768 2913 4815 tunc
2937 4771 3106 4817 autem
3132 4781 3433 4835 cognoscam
3454 4769 3582 4825 sicut
3610 4782 3657 4827 et
3680 4777 3858 4845 cogni-

2253 4858 2333 4905 tus
2355 4866 2467 4910 sunt
2494 4848 2541 4921 (Ι
2562 4849 2683 4906 Cor.
2706 4867 2820 4918 xm,
2852 4852 2965 4924 12).
2994 4853 3066 4908 Ita
3093 4864 3149 4910 et
3175 4856 3497 4914 immaculati
3520 4871 3646 4917 sunt
3670 4863 3725 4918 in
3751 4864 3857 4923 hoc

2253 4940 2454 4997 mtmdo
2493 4949 2548 4996 et
2586 4941 2911 4998 immaculati
2948 4954 3106 4999 erunt
3134 4945 3190 5001 in
3225 4962 3392 5018 regno
3420 4949 3517 5005 Dei
3546 4968 3560 5005 :
3591 4967 3715 5009 cum
3746 4957 3854 5010 uti-

2253 5047 2390 5102 que,
2422 5033 2467 5087 si
2512 5033 2763 5091 minutius
2801 5035 3076 5103 excutias,
3117 5037 3485 5096 immaculatus
3526 5058 3649 5100 esse
3693 5062 3856 5102 nemo

2255 5125 2453 5194 possit,
2486 5126 2608 5196 quia
2657 5141 2817 5183 nemo
2861 5128 2979 5184 siue
3020 5140 3257 5198 peccato.
3292 5151 3312 5184 ι
3346 5132 3480 5190 Illud
3517 5152 3646 5207 ergo
3683 5144 3855 5197 sancti

2253 5217 2520 5273 Ambrosii
2543 5219 2927 5288 testimonium,
2950 5237 3057 5292 quo
3082 5238 3177 5292 pro
3201 5240 3294 5279 sua
3316 5229 3576 5282 sententia
3605 5231 3853 5304 Pelagius

2253 5308 2450 5376 utitur,
2482 5318 2573 5363 aut
2600 5311 2892 5367 secundum
2935 5314 3217 5383 quemdam
3256 5318 3474 5374 modum
3514 5321 3714 5379 dictum
3747 5338 3854 5391 est,

2319 5420 2560 5502 ittliquot
2586 5422 2975 5502 ais-squomnino.‘
2987 5432 3205 5502 Itemque
3223 5465 3237 5489 ,
3264 5430 3408 5492 paulo
3444 5431 3565 5482 infra
3582 5470 3596 5496 ,
3622 5448 3728 5501 cap.
3756 5441 3854 5502 49,

2253 5496 2300 5531 ιι.
2320 5483 2401 5550 tit,
2419 5490 2560 5544 atque
2582 5483 2773 5550 cumino
2793 5489 3021 5549 perfecta:
3032 5483 3277 5550 jusiitiaéf
3312 5522 3313 5525 η

2315 5545 2387 5618 (ιι)
2420 5553 2704 5618 nones-stat
2723 5545 2815 5618 hoc
2832 5545 2955 5610 opus
2978 5545 3229 5618 Ambrosﬁ,
3262 5554 3390 5618 quod
3412 5568 3605 5606 rursum
3630 5562 3747 5611 citat
3768 5570 3857 5613 Au-

2254 5606 2497 5679 gustinus
2520 5608 2570 5679 in
2607 5606 2729 5657 libro
2752 5609 2815 5658 de
2840 5606 3041 5679 P'eccato
3075 5606 3345 5679 originali,
3377 5630 3428 5665 ιι.
3471 5618 3560 5679 47;
3604 5606 3863 5675 lilii—Vtile

2254 5670 2505 5745 Nuptiis‘et
2527 5674 2954 5745 Cencupiscentia,
3000 5687 3050 5722 ιι.
3078 5670 3186 5745 4οξ
3205 5676 3297 5745 ιιι).
3318 5670 3559 5745 'l_contra'
3578 5670 3854 5745 Julianuni:

2255 5744 2303 5778 ιι.
2324 5733 2380 5799 ³11
2406 5744 2418 5788 ;
2441 5730 2524 5779 lib.
2566 5730 2782 5799 Licet—ilva
2804 5736 3057 5793 crinalem,
3083 5751 3131 5799 ιι.
3154 5730 3246 5796 2i;
3272 5752 3327 5787 ac
3362 5739 3446 5789 lib.
3490 5742 3521 5788 4
3542 5730 3857 5799 coritraduas

2256 5795 2487 5869 Enistotas
2521 5792 2917 5869 Pelagianorum,
2965 5811 3014 5844 ιι.
3184 5792 3394 5869 uteminjt
3419 5792 3854 5869 ﬂjllsdpjnwiilftwcj'rg';

2262 5855 2533 5901 amite-ius
2557 5855 2657 5915 ipso
2686 5854 2767 5903 lib.
2798 5858 2825 5904 Ξ)
2848 5860 2892 5909 iu
2918 5866 3105 5921 Lucam,
3125 5874 3173 5909 ιι.
3194 5863 3283 5923 iiii,
3306 5863 3365 5912 ad
3389 5854 3492 5924 ςιιῖι.
3522 5866 3600 5922 11.
3633 5869 3703 5918 19.
