4144 6520
224 393 325 452 S85

225 504 549 579 probabilem
573 506 810 577 quidem,
841 506 935 560 sed
963 522 1067 560 non
1096 505 1349 559 tninutius
1376 518 1662 558 excussum
1689 518 1703 556 :
1728 511 1819 558 attt

222 608 361 655 certe
390 599 435 655 si
468 598 560 655 ille
596 599 679 653 vir
719 608 934 654 sanctus
977 607 1134 668 atque
1176 596 1393 651 humilis
1423 595 1734 651 Zachariam
1764 604 1819 651 et

224 690 487 748 Elisabeth
518 706 745 748 summa:
773 700 930 762 atque
959 689 1270 745 omnimodo
1299 689 1546 760 perlecta;
1572 688 1814 760 juStitiae,

222 784 302 838 cui
330 781 461 837 nihil
486 782 610 837 addi
632 781 743 853 iam
772 790 987 852 posset,
1021 780 1185 836 fuisse
1206 780 1547 847 existimavit,
1578 778 1818 850 profecto

224 873 538 929 sententiam
572 888 724 928 suam
755 873 1008 927 minutius
1038 870 1356 929 excutiendo
1384 871 1635 926 correxit.

289 965 512 1023 CAPUT
540 966 604 1022 L.
627 996 698 1007 —-
723 967 813 1023 55.
840 966 1094 1022 Attendat
1122 980 1249 1021 sane
1275 965 1375 1020 iste
1404 964 1457 1019 in
1483 963 1671 1021 eodem
1701 964 1816 1035 ipso

227 1063 367 1125 loco,
412 1058 553 1115 unde
591 1059 694 1115 ltoc
722 1058 1134 1117 Ambrosianum
1168 1057 1563 1125 testimonium,
1593 1056 1732 1127 quod
1764 1057 1816 1112 ei

227 1150 482 1219 placebat,
513 1147 839 1218 assumpsit,
871 1148 1037 1203 etiam
1075 1146 1205 1203 illud
1248 1161 1369 1202 eum
1413 1146 1646 1213 dixisse,
1673 1146 1814 1217 quod

232 1262 248 1292 ι
277 1241 337 1294 ab
375 1239 530 1294 initio
550 1254 671 1294 esse
692 1239 1090 1294 immaculatum
1120 1238 1137 1271 ⁸
1157 1279 1172 1305 ,
1198 1236 1446 1293 humana:
1486 1238 1816 1308 impossibile

225 1334 284 1386 sit
315 1342 561 1387 natura:
596 1350 616 1384 ι
655 1331 744 1387 ubi
776 1330 998 1386 omnino
1026 1330 1169 1385 illam
1209 1330 1505 1385 naturalem
1550 1329 1817 1400 possibili-

224 1435 393 1490 tatem,
422 1438 585 1495 quam
608 1422 853 1494 Pelagius
876 1438 982 1478 non
1012 1422 1124 1478 vult
1143 1421 1375 1477 ﬁdeliter
1398 1422 1669 1491 respicere
1692 1436 1816 1493 pec-

222 1526 327 1570 t-ato
350 1530 470 1572 esse
498 1515 761 1582 vitiatam,
792 1522 847 1570 et
874 1513 996 1570 ideo
1016 1513 1284 1585 iactanter
1306 1514 1533 1580 extollit,
1561 1527 1814 1570 enervem

221 1608 585 1678 intirmatnque
616 1614 841 1664 testatur
874 1605 1211 1663 venerandus
1239 1605 1554 1662 Ambrosius
1583 1623 1597 1661 :
1628 1606 1815 1678 procul

218 1698 367 1753 dubio
393 1699 586 1754 contra
628 1698 781 1754 istius
807 1697 1167 1764 voluntatem,
1194 1696 1289 1753 sed
1319 1711 1426 1753 non
1464 1704 1650 1752 contra
1686 1711 1815 1768 apo-

218 1791 446 1848 stolicam
467 1792 776 1861 veritatem,
800 1791 891 1848 ubi
910 1791 1124 1863 legitur,
1152 1788 1371 1845 Fuimus
1396 1798 1445 1845 et
1470 1805 1562 1846 nos
1580 1790 1815 1862 aliquan-

273 1987 289 2020 ³
312 1994 466 2052 Forte,
486 1987 869 2042 fumantium

1761 2099 2102 2110 ————.—

911 393 967 449 S.
1009 389 1370 448 AUGUSTINI
1411 387 1706 445 El’lSCOl’t
1749 386 1948 444 LIBER
1991 387 2079 443 DE
2119 386 2429 445 PECCATO
2466 388 2832 447 ORlGlNALl.

3423 393 3524 451 386

1924 504 1989 557 do
2016 513 2197 558 natura
2222 504 2321 573 lilii
2348 504 2466 571 im,
2510 506 2637 559 sicut
2666 516 2712 560 ct
2740 507 2905 560 cwteri
2945 505 3163 578 (Epltes.
3194 523 3230 563 It
3249 549 3263 572 ,
3294 506 3374 581 3).
3406 506 3521 579 Ipsa

1923 604 2005 651 est
2032 594 2173 650 enim
2203 609 2299 665 per
2324 606 2599 665 peccatum
2627 596 2783 667 primi
2812 596 3064 665 hominis,
3093 598 3236 669 quod
3264 612 3330 655 ex
3354 598 3523 658 libero

1922 687 2039 758 ejus
2062 688 2207 743 venit
2231 686 2472 754 arbitrio,
2501 688 2685 745 vitiata
2705 698 2759 744 et
2777 688 3026 745 damnata
3050 699 3272 757 natura;
3300 690 3388 745 cui
3407 692 3520 746 sola

1922 798 2018 854 per
2036 782 2382 840 Mediatorem
2405 783 2498 839 Dei
2525 782 2581 839 et
2601 783 2873 839 hominum
2894 793 2948 840 et
2968 784 3390 854 omnipotentem
3414 800 3523 841 me-

1922 874 2099 932 dicum
2139 875 2317 931 divina
2358 875 2609 932 subvenit
2645 876 2837 947 gratia.
2874 875 2951 932 De
2978 874 3132 945 cujus
3160 875 3426 946 adjutorio
3452 876 3519 932 ad

1916 964 2351 1036 justiﬁeationem
2397 976 2633 1022 nostram
2654 1009 2670 1033 ,
2700 982 2805 1038 quo
2832 967 2975 1023 Deus
3017 966 3358 1040 diligentibus
3398 980 3518 1021 eum

1920 1059 2098 1113 omnia
2138 1069 2457 1132 cooperatur
2482 1060 2535 1115 in
2565 1059 2815 1133 bonum.l
2848 1058 3023 1134 (Rom.
3056 1076 3148 1116 vm
3169 1102 3185 1128 ,
3215 1059 3309 1133 28)
3330 1102 3346 1127 ,
3386 1072 3523 1130 quos

1920 1151 2068 1221 prior
2091 1150 2275 1206 dilexit
2301 1150 2343 1223 (l
2368 1150 2525 1206 Joan.
2549 1168 2627 1219 tv,
2654 1152 2767 1225 19),
2796 1152 3003 1209 donans
3026 1153 3106 1210 eis
3134 1161 3189 1207 ut
3213 1152 3524 1224 diligeretur

1920 1240 1989 1296 ab
2016 1242 2122 1309 eis,
2153 1242 2277 1313 quia
2300 1242 2501 1312 jamdiu
2534 1253 2615 1298 cst
2642 1253 2699 1298 ut
2728 1243 3041 1299 disserimus
3067 1262 3080 1299 :
3105 1242 3358 1314 deinceps
3386 1243 3522 1298 inci-

1919 1333 2162 1404 piamus,
2190 1345 2445 1406 quantum
2483 1334 2737 1391 Dominus
2770 1334 3069 1407 adjuverit,
3106 1336 3267 1391 etiam
3297 1336 3363 1391 de
3390 1348 3520 1405 pec-

1918 1434 2059 1494 cato,
2088 1427 2227 1498 quod
2259 1443 2356 1498 per
2385 1444 2544 1483 unum
2571 1426 2841 1483 hominem
2870 1443 2991 1483 cum
3023 1437 3195 1484 morte
3224 1429 3442 1484 intravit
3467 1428 3519 1483 in

1919 1516 2211 1586 mundum,
2256 1528 2416 1589 atque
2463 1519 2537 1574 ita
2588 1519 2642 1574 in
2686 1534 2875 1575 omnes
2922 1520 3164 1575 homines
3212 1521 3523 1591 pertransiit

1924 1609 2098 1682 (Rom.
2121 1627 2175 1677 v,
2206 1610 2318 1683 12),
2341 1612 2599 1669 adversus
2626 1613 2757 1668 istos
2782 1613 2873 1684 qui
2899 1613 2954 1668 in
2980 1628 3217 1670 errorem
3246 1613 3372 1670 huic
3392 1628 3521 1670 con-

1920 1701 2141 1757 trarium
2185 1702 2393 1758 veritati
2438 1704 2675 1774 apertius
2718 1713 3039 1776 eruperunt,
3071 1721 3192 1776 qua:
3229 1705 3360 1761 satis
3396 1720 3519 1763 esse
3546 1704 3565 1717 '

1919 1795 2240 1852 videbuntur
2263 1795 2585 1867 exprimere.

1918 1966 1933 1983 ι
1982 1926 2001 1959 ⁸
2021 1933 2338 1997 βίη-βψω
2369 1940 2464 1989 quo
2489 1936 2639 1997 Deum
2658 1926 3110 1997 dﬂigentibus__ewn
3141 1928 3305 1983 οηιηία
3343 1940 3517 1997 σωρο-

1918 1994 2092 2040 rantur
2135 1988 2187 2042 in
2210 1988 2401 2041 boum.
2425 1989 2563 2053 Itale,
2578 1992 2646 2044 ac
2664 1988 3067 2043 dissentientibus
3088 2000 3196 2044 Mss.

2139 2101 2398 2111 ¢—-—.—.——

2422 2103 2519 2112 -ι--ι

697 2212 857 2361 S.
984 2212 1812 2359 AURELII

1914 2103 3138 2421 inesse}?

217 2466 619 2692 DE
822 2454 2016 2730 GRATIA
2228 2461 3514 2691 CHRISTI

630 2825 854 2953 ET
928 2824 1173 2953 DE
1245 2820 2083 2956 PECCATO
2144 2822 3105 2959 ORIGINALI

762 3018 1236 3105 CONTRA
1309 3019 1930 3108 PELAGIUM
2000 3022 2151 3107 ET
2226 3020 2967 3110 COELESTIUM

1585 3172 1858 3271 πίε)τί
1895 3185 2132 3274 mw.

1566 3353 2151 3409 Q+§MOW>8=

1146 3470 1621 3580 LIBER
1679 3468 2568 3578 SECUNDUS.

1373 3635 1474 3697 DE
1517 3633 1882 3697 PECCATO
1924 3633 2365 3696 ORIGINALI.

1683 3753 2059 3809 mm

270 3889 485 3953 Ostendit
501 3889 819 3953 Augustinus,
843 3887 1091 3953 Pelagium
1113 3887 1164 3937 in
1185 3885 1457 3953 quaestione
1474 3882 1540 3953 de
1563 3881 1787 3953 originali
1809 3888 2014 3953 peccato
2035 3880 2506 3953 ac‘deparvuiorum
2528 3882 2817 3945 Baptismate
2836 3920 2852 3946 ,
2874 3884 2994 3936 nihil
3014 3887 3178 3953 reipsa
3195 3886 3457 3941 dissentire
3486 3905 3515 3943 ι

212 3949 436 4014 discipulo
452 3942 612 4016 ipsqu
632 3942 857 4001 Ctelestio
872 3987 886 4010 ,
912 3942 995 4014 qui
1018 3942 1273 4014 peccatum
1290 3944 1528 4009 originale
1550 3942 1773 4019 conﬁteri
1793 3942 2000 4016 nolens,
2024 3942 2108 4016 vel
2132 3942 2281 3993 etiam
2302 3951 2476 4007 aperte
2499 3942 2687 4009 negare
2710 3942 2860 3998 ausus
2875 3984 2890 4009 ,
2932 3942 3222 4019 Carthagine
3257 3953 3414 4060 prius,
3458 3942 3517 4006 ac

214 4021 374 4060 postea
395 4021 574 4060 nonum.
594 4012 954 4060 eniseonaiibus
969 4012 1159 4060 iudieiis
1178 4011 1434 4060 damnatus
1451 4014 1546 4057 est.
1570 4013 1896 4060 Quaestionem
1921 4018 2053 4054 enim
2071 4012 2213 4056 Istam
2236 4019 2333 4055 non
2365 4019 2534 4056 earum
2558 4019 2688 4060 esse.
2704 4014 2760 4060 ut
2780 4009 3002 4060 heretici
3022 4012 3171 4060 iidem
3194 4026 3256 4060 vo
3278 4014 3444 4060 ebant.
3465 4017 3514 4060 in

214 4005 374 4073 postea
395 4005 574 4075 norim,
594 4005 954 4076 episcopalibus
964 4005 1159 4075 iudieiis
1178 4005 1546 4076 damnatusest.
1570 4008 1896 4076 Quazstionem
1921 4006 2053 4054 enim
2071 4005 2213 4056 istam
2224 4005 2344 4076 _non'
2365 4019 2534 4076 earum
2557 4005 2688 4076 esse,
2704 4014 2760 4076 ut
2776 4005 3002 4076 hzeretici
3022 4005 3171 4060 iidem
3189 4026 3256 4076 _vo

3278 4014 3444 4074 ebant,
3465 4017 3515 4065 in

212 4068 379 4139 nuituis
399 4068 586 4139 praeter
610 4068 724 4125 ﬁdei
748 4068 1019 4139 periculum
1036 4085 1212 4139 errare
1234 4072 1503 4139 contingit:
1531 4070 1627 4139 imo
1648 4069 1783 4139 hunc
1794 4079 2201 4139 eorumerrorem
2223 4070 2325 4139 ipsa
2340 4070 2542 4139 omnino
2552 4068 2664 4139 ﬁdei
2684 4071 2959 4139 christiana:
2982 4080 3164 4139 petere
3181 4068 3514 4127 fundamenta.

212 4129 830 4210 tiefellit'eos_postea,nqui
852 4133 1097 4210 originalis
1110 4135 1211 4210 vitii
1228 4129 1456 4197 dogmate
1472 4132 1749 4194 nuptiarum
1772 4129 1973 4179 bonitati
1995 4129 2184 4179 detrahi
2198 4164 2212 4191 ,
2229 4137 2430 4193 Deoque
2454 4131 2575 4194 ipsi,
2593 4131 2803 4183 hominis
2817 4134 2903 4197 qui
2924 4129 3016 4197 pe'r
3034 4138 3225 4198 nuptias
3246 4149 3515 4200 generatur

212 4200 434 4251 conditori
457 4197 688 4263 iniuriam
709 4197 814 4249 ﬁeri
838 4197 1215 4249 contendebant.

275 4304 501 4363 CAPUT
541 4304 825 4361 PRIMUM.
854 4334 928 4345 —
953 4305 1006 4359 i.
1047 4302 1164 4359 iam
1196 4316 1339 4357 nunc
1376 4299 1660 4371 diligenter
1702 4297 1802 4353 ad-

212 4399 429 4467 vertite,
461 4398 532 4454 de
572 4397 901 4469 Baptismate
944 4394 1287 4467 parvulorum
1332 4407 1492 4465 quam
1522 4398 1679 4446 caute
1703 4388 1804 4445 de-

215 4487 373 4546 beatis
411 4491 608 4546 audire
652 4488 895 4545 homines
934 4487 1237 4559 ejusmodi,
1288 4485 1379 4557 qui
1422 4498 1594 4555 neque
1620 4490 1805 4554 aperte

215 4582 281 4636 illi
306 4583 446 4637 artati
483 4582 761 4637 lavacrum
800 4579 1219 4650 regenerationis
1258 4586 1312 4633 et
1341 4584 1680 4646 peccatorum
1713 4588 1804 4629 re-

216 4673 474 4729 missionis
516 4672 721 4727 audcnt
772 4685 1002 4742 negare,
1058 4684 1127 4724 ne
1174 4667 1277 4723 hoc
1316 4667 1621 4723 christiana:
1647 4678 1805 4720 aures

216 4763 342 4819 ferre
383 4781 492 4819 non
544 4764 784 4834 possint;
814 4772 869 4819 et
900 4771 1075 4817 tamen
1118 4760 1423 4831 opinionem
1466 4773 1651 4824 suam,
1699 4772 1803 4828 qua

218 4863 388 4923 putant
414 4863 642 4926 peccato
667 4853 825 4924 primi
848 4852 1079 4908 hominis
1105 4850 1373 4907 carnalem
1401 4849 1802 4921 generationem

217 4946 488 5003 obnoxiam
522 4961 631 5002 non
660 4946 864 5012 teneri,
896 4944 1032 5000 tueri
1071 4953 1126 5000 et
1159 4941 1436 4999 defensare
1467 4941 1756 5013 persistunt
1783 4983 1798 5007 ,

216 5040 445 5106 quamvis
470 5038 556 5095 eis
583 5037 910 5108 Baptismum
944 5036 1226 5092 videantur
1254 5035 1309 5090 in
1337 5043 1676 5106 peccatorum
1717 5049 1804 5089 re-

216 5132 517 5187 missionem
548 5130 866 5187 concedere.
894 5129 1098 5201 Nempe
1128 5129 1229 5200 ipsi
1256 5143 1286 5183 a
1304 5118 1529 5199 Pelagio
1548 5141 1645 5181 vos
1666 5140 1802 5196 pra:-

216 5233 356 5279 sente
402 5223 701 5295 scripsistis
752 5221 967 5278 audisse
990 5263 1007 5289 ,
1047 5221 1310 5278 recitante
1337 5219 1490 5275 vobis
1518 5217 1804 5297 deglibeilo

215 5329 324 5381 suo,
354 5331 517 5387 quem
548 5315 711 5371 etiam
747 5312 972 5369 Romam
997 5328 1057 5370 se
1085 5312 1297 5369 misisse
1324 5309 1631 5387 asserebat,
1660 5309 1801 5380 quod

220 5423 237 5457 ι
261 5407 443 5464 iisdem
474 5406 813 5464 Sacramenti
833 5406 1011 5463 verbis
1033 5424 1054 5460 ι
1075 5404 1255 5461 dicant
1274 5422 1293 5457 ι
1323 5403 1521 5460 debere
1546 5401 1799 5472 baptizari

216 5497 473 5569 infantes,
518 5498 716 5571 quibus
744 5507 799 5554 et
826 5496 1078 5569 majores.
1123 5515 1145 5552 ι
1188 5496 1320 5567 Quis
1352 5504 1473 5568 post
1512 5495 1603 5550 illa
1640 5494 1802 5550 verba

217 5598 433 5658 putaret,
460 5590 546 5646 eis
571 5589 641 5646 de
664 5588 766 5645 hac
791 5604 851 5645 re
879 5588 1039 5645 ullam
1064 5586 1381 5645 movendam
1401 5602 1521 5644 esse
1547 5586 1804 5657 quzestio-

218 5683 365 5738 nem!
409 5692 508 5738 aut
551 5695 675 5737 cum
725 5679 956 5746 faceret,
1005 5680 1093 5735 cui
1141 5692 1247 5735 non
1289 5674 1802 5735 calumniosissimus

217 5770 494 5839 Videretur,
526 5772 576 5828 si
604 5786 712 5827 non
741 5786 926 5827 eorum
961 5769 1239 5827 manifesta
1266 5770 1427 5826 verba
1457 5770 1760 5839 legerentur
1783 5808 1798 5833 ,

218 5862 294 5919 ubi
350 5874 554 5940 negant
597 5862 849 5939 parvulos
900 5863 1109 5921 trahere
1176 5863 1431 5936 originale
1483 5869 1797 5934 peccatum,

1912 4310 2209 4366 omnesque
2255 4297 2371 4352 sine
2411 4298 2521 4354 ullo
2549 4298 2681 4353 vitio
2707 4308 2862 4357 natos
2890 4316 3010 4358 esse
3040 4304 3418 4361 contendunt?

1981 4386 2208 4444 CAPUT
2229 4385 2293 4442 ll.
2318 4419 2387 4428 -
2406 4388 2461 4442 9..
2490 4389 2555 4444 Et
2575 4390 2859 4448 Caelestius
2885 4393 3101 4465 quidem
3124 4396 3176 4451 in
3208 4397 3310 4453 hoc
3339 4398 3505 4454 exsti—
3592 4408 3611 4425 '

1913 4479 1977 4534 tit
2004 4494 2189 4535 errore
2214 4477 2452 4549 liberior,
2485 4497 2652 4552 usque
2672 4482 2830 4551 adeo,
2855 4493 2914 4539 ut
2937 4500 3111 4557 neque
3136 4487 3189 4542 in
3212 4488 3508 4561 episcopali

1905 4572 2109 4643 judicio
2136 4574 2279 4645 apud
2323 4573 2698 4646 Carthaginem
2740 4576 2998 4634 damnare
3026 4581 3260 4635 voluerit
3296 4596 3391 4637 eos
3418 4582 3509 4652 qui

1910 4662 2112 4730 dicunt,
2149 4683 2169 4718 ι
2203 4665 2356 4734 Quod
2383 4676 2663 4736 peccatum
2702 4667 2833 4724 Atla:
2861 4668 3034 4741 ipsum
3065 4670 3237 4726 solum
3267 4671 3466 4727 ireserit
3488 4713 3506 4740 ,

1909 4764 2091 4811 etnon
2112 4771 2281 4827 genus
2307 4755 2633 4824 humanum;
2667 4767 2721 4813 et
2748 4759 2890 4830 quod
2920 4760 3149 4816 infantes
3164 4762 3252 4831 qui
3275 4777 3507 4818 nascun-

1909 4856 2017 4915 tur,
2041 4848 2093 4903 in
2116 4863 2180 4905 eo
2202 4854 2342 4904 statu
2365 4851 2493 4917 sint,
2522 4849 2575 4904 in
2602 4866 2707 4920 quo
2733 4851 2901 4905 Adam
2926 4851 3021 4906 fuit
3039 4860 3161 4907 ante
3186 4855 3503 4922 pracvarica-

1910 4940 2131 4996 tionem.
2173 4959 2191 4992 ι
2223 4940 2289 4995 Et
2314 4940 2367 4994 in
2396 4940 2528 4995 urbe
2567 4941 2734 4995 Roma
2766 4942 2815 4995 in
2844 4941 3025 4997 libello
3051 4957 3170 5009 suo,
3195 4961 3352 5015 quem
3374 4946 3504 5001 bea-

1910 5032 2118 5088 tissimo
2142 5047 2293 5104 papze
2321 5031 2536 5087 Zosimo
2556 5032 2721 5098 dedit,
2748 5034 2798 5089 id
2826 5037 3152 5091 asseveravit
3177 5040 3503 5109 expressius,

1915 5143 1934 5176 ι
1974 5126 2116 5196 quod
2163 5126 2509 5196 parvulorum
2569 5128 2837 5181 neminem
2895 5128 3194 5201 obstringat
3243 5133 3506 5204 originale

1910 5227 2207 5288 peccatum.
2245 5236 2265 5271 ι
2301 5218 2377 5272 De
2404 5216 2568 5287 gestis
2608 5218 2749 5272 enim
2796 5218 3175 5279 ecclesiasticis
3218 5224 3503 5298 Carthagi-

1909 5309 2166 5365 nensibus
2195 5309 2311 5365 hare
2336 5308 2449 5379 ejus
2479 5309 2639 5365 verba
2671 5310 3074 5383 descripsimus.

1979 5399 2208 5457 CAPUT
2245 5399 2333 5455 lli.
2363 5430 2434 5440 —
2458 5400 2511 5455 5.
2545 5418 2564 5452 ι
2603 5401 2852 5459 Aurelius
2881 5404 3166 5479 episcopus
3193 5407 3333 5463 dixit
3364 5426 3378 5463 :
3408 5408 3501 5464 Se-

1908 5492 2124 5562 quentia
2151 5492 2462 5548 recitentur.
2498 5492 2566 5548 Et
2594 5494 2875 5551 recitatum
2901 5504 3005 5561 est,
3039 5496 3192 5565 Quod
3223 5508 3501 5569 peccatum

1908 5583 2038 5637 Adae
2063 5584 2164 5653 ipsi
2190 5584 2288 5639 soli
2313 5582 2565 5653 obfuerit,
2594 5595 2650 5641 et
2672 5601 2780 5642 non
2798 5587 2978 5659 generi
3002 5587 3254 5645 humano.
3284 5590 3352 5645 Et
3377 5604 3499 5644 eum

1909 5675 2187 5730 recitatum
2237 5686 2417 5741 esset.
2467 5677 2750 5736 Caelestius
2791 5680 2926 5735 dixit
2959 5699 2973 5735 :
3004 5680 3121 5735 Dixi
3165 5681 3234 5736 de
3285 5680 3506 5734 traduce

1910 5767 2108 5833 peccati
2153 5766 2375 5822 dubium
2425 5785 2511 5824 me
2556 5786 2710 5835 esse,
2757 5770 2829 5825 ita
2866 5780 3040 5824 tamen
3082 5780 3138 5824 ut
3173 5770 3256 5825 cui
3283 5767 3506 5822 donavit

1910 5858 2048 5912 Deus
2076 5860 2302 5921 gratiam
2346 5864 2552 5928 peritia:
2607 5864 2975 5931 consentiam;
3025 5864 3145 5932 quia
3195 5863 3405 5919 diversa
3439 5874 3509 5918 an

2916 6094 2937 6125 Ι
