4144 6520
673 445 778 498 253"

677 561 754 610 eis
785 552 983 619 audivi,
1010 549 1100 622 qui
1134 549 1316 620 utique
1341 547 1393 602 in
1425 544 1663 601 Ecclesia
1692 543 1950 598 catholica
1992 535 2263 594 constituti

677 655 803 700 sunt
832 642 1148 717 presbyteri.
1174 641 1426 697 Paulinus
1454 638 1530 709 (a)
1561 637 1818 692 diaconus
1845 632 1978 688 dixit
2011 629 2144 686 :Die
2171 643 2267 682 no-

681 741 760 792 bis
800 735 1014 792 nomina
1059 733 1315 804 ipsorum.
1352 729 1635 785 leestius
1677 726 1811 781 dixit
1839 741 1853 776 :
1881 723 2111 778 Sanctus
2138 733 2264 790 pre-

680 831 864 900 sbyter
887 825 1110 882 Rufinus
1132 821 1205 894 (ὁ)
1231 822 1416 877 Roma:
1440 819 1529 891 qui
1559 817 1752 872 mansit
1776 831 1894 870 cum
1914 821 2098 868 sancto
2113 811 2270 866 Pam-

682 918 894 974 machio
945 935 958 972 :
1003 930 1102 988 ego
1148 913 1322 970 audivi
1364 913 1513 968 illum
1560 909 1865 975 dicentem,
1911 905 2032 974 quia
2077 902 2266 958 tradux

683 1010 886 1081 peccati
919 1026 1022 1064 non
1053 1007 1140 1064 sit.
1171 1007 1421 1062 Paulinus
1449 1003 1703 1058 diaconus
1730 1001 1864 1055 dixit
1897 1015 1910 1050 :
1956 998 2050 1051 Est
2077 995 2269 1066 aliquis

684 1103 861 1158 alius?
889 1100 1170 1158 leestius
1196 1098 1334 1153 dixit
1363 1138 1372 1149 .
1411 1094 1598 1151 Audivi
1623 1102 1676 1149 et
1706 1092 1884 1163 plures
1909 1089 2107 1145 dicere.
2135 1087 2271 1141 Pau-

687 1196 826 1251 linus
854 1195 1108 1251 diaconus
1137 1189 1271 1248 dixit
1298 1209 1310 1244 :
1342 1189 1438 1245 Dic
1463 1188 1673 1243 nomina
1701 1187 1954 1257 ipsorum.
1987 1179 2270 1237 leestius

687 1286 820 1344 dixit
851 1305 864 1344 :
895 1286 1008 1341 Non
1041 1284 1132 1340 tibi
1153 1283 1350 1339 sufficit
1381 1295 1517 1336 unus
1544 1277 1832 1335 sacerdos?
1867 1295 1886 1329 ι
1928 1276 1995 1330 Et
2023 1283 2141 1344 post
2171 1273 2268 1327 ali-

691 1397 792 1452 qua
835 1380 941 1433 alio
984 1379 1102 1436 loco
1141 1394 1156 1432 :
1205 1395 1223 1430 ι
1257 1375 1502 1430 Aurelius
1529 1371 1808 1442 cpiscopus
1841 1368 2016 1421 dixit:
2053 1365 2269 1434 Reliqua

688 1475 850 1531 libelli
881 1463 1141 1543 legantur.
1176 1470 1242 1524 Et
1273 1468 1548 1524 recitatum
1592 1473 1697 1529 est,
1732 1460 1882 1530 Quod
1915 1459 2143 1513 infantes
2183 1454 2271 1526 qui

689 1579 1014 1631 nascuntur,
1061 1563 1113 1618 in
1155 1577 1221 1617 eo
1263 1567 1402 1614 statu
1430 1558 1564 1620 sint,
1597 1555 1651 1609 in
1680 1569 1784 1624 quo
1817 1551 1914 1606 fuit
1943 1549 2109 1605 Adam
2149 1555 2273 1602 ante

689 1656 1163 1726 transgressionem
1196 1669 1208 1704 :
1242 1663 1408 1720 usque
1445 1647 1497 1702 in
1536 1647 1696 1701 finem
1733 1643 1892 1698 libelli
1925 1640 2146 1696 minoris
2185 1653 2275 1694 su-

687 1750 868 1819 perius
899 1745 1100 1800 inserti.

759 1836 984 1892 CAPUT
1021 1832 1210 1891 lV.-—r
1234 1832 1480 1888 Aurelius
1501 1829 1782 1900 episcopus
1807 1826 1939 1880 dixit
1971 1842 1983 1878 :
2019 1823 2271 1890 Doeuisti,

687 1927 924 1994 Caelesti,
954 1924 1254 1996 aliquando,
1287 1931 1344 1978 ut
1381 1921 1518 1976 dixit
1541 1922 1794 2002 dipconus
1835 1917 2102 1980 Paulinus,
2133 1913 2274 1985 quod

688 2021 914 2076 infantes
943 2017 1030 2089 qui
1070 2023 1389 2080 nascuntur,
1423 2014 1475 2067 in
1503 2028 1567 2067 eo
1597 2020 1736 2067 statu
1771 2011 1878 2064 sint
1899 2052 1913 2076 ,
1957 2007 2008 2062 in
2044 2022 2148 2077 quo
2180 2003 2276 2060 fuit

687 2113 857 2168 Adam
891 2121 1016 2168 ante
1042 2107 1552 2180 transgressionem!
1590 2104 1872 2160 Caelestius
1913 2099 2275 2169 dixitzExpo-

687 2213 782 2260 nat
823 2202 947 2274 quid
976 2202 1135 2266 dixit,
1181 2203 1321 2256 Ante
1361 2197 1860 2268 transgressionem.
1888 2193 2134 2248 Paulinus
2163 2189 2276 2244 dia-

689 2311 856 2350 conus
881 2293 1012 2348 dixit
1045 2309 1058 2346 :
1091 2291 1172 2347 Tu
1197 2306 1331 2360 nega
1367 2289 1472 2343 hoc
1514 2294 1568 2343 te
1614 2286 1878 2342 docuisse.
1919 2283 2092 2342 Unum
2125 2291 2206 2338 est
2244 2296 2276 2338 e

688 2387 914 2448 duobus,
949 2393 1034 2439 aut
1065 2392 1220 2456 neget
1245 2397 1305 2438 se
1331 2381 1594 2446 docuisse,
1617 2389 1707 2432 aut
1730 2379 1840 2448 jam
1864 2377 2080 2431 damnet
2109 2375 2283 2460 istud.

689 2479 969 2534 Caelestius
995 2475 1168 2532 dixit:
1199 2474 1315 2532 .lam
1343 2473 1474 2539 dixi,
1519 2479 1749 2544 exponat
1789 2468 2054 2540 quomodo
2095 2466 2272 2536 dixit,

689 2573 828 2630 Ante
855 2569 1351 2639 transgressionem.
1381 2566 1636 2622 Paulinus
1663 2565 1917 2620 diaconus
1939 2561 2108 2616 dixit:
2131 2558 2274 2632 Nega

689 2657 745 2718 le
785 2659 873 2716 illa
913 2660 1177 2716 docuisse.
1222 2659 1470 2715 Aurelius
1515 2657 1798 2728 episcopus
1845 2653 1980 2709 dixit
2025 2669 2038 2706 :
2085 2653 2272 2722 Rogo,

688 2752 814 2824 quid
865 2751 1169 2820 collegerim
1215 2765 1314 2822 ego
1363 2766 1428 2804 ex
1475 2747 1632 2819 hujus
1677 2747 1693 2778 ⁸
1732 2743 2032 2814 objectione
2061 2786 2076 2809 ,
2117 2743 2272 2814 dico,

689 2845 858 2900 Adam
885 2845 1206 2900 constitutus
1233 2842 1285 2899 in
1316 2842 1560 2914 paradiso
1579 2880 1595 2908 ,
1629 2839 1770 2912 quod
1803 2847 1926 2894 ante
1955 2838 2159 2894 dicatur
2188 2837 2273 2891 in-

689 2936 1106 2994 exterminabilis
1153 2935 1364 3004 factus,
1418 2945 1598 3008 postea
1652 2949 1749 3005 per
1801 2932 2274 3004 transgressionem

687 3030 940 3102 praecepti
991 3028 1162 3084 factus
1207 3029 1278 3084 sit
1322 3027 1698 3098 corruptibilis.
1751 3027 1864 3082 Hoc
1909 3025 2058 3092 dicis,
2110 3023 2278 3080 frater

685 3121 944 3177 Pauline?
970 3119 1220 3175 Paulinus
1245 3119 1500 3174 diaconus
1525 3119 1656 3173 dixit
1690 3137 1702 3173 :
1734 3119 1866 3184 lloe,
1898 3117 2132 3172 domine.
2163 3117 2272 3171 Au-

688 3211 852 3267 relius
892 3211 1172 3284 episcopus
1215 3210 1348 3264 dixit
1385 3227 1399 3264 ε
1437 3210 1617 3264 Status
1656 3218 1801 3264 certe
1831 3208 2088 3263 infantum
2117 3205 2275 3261 hodie

688 3303 1143 3374 baptizandorum,
1173 3314 1348 3357 utrum
1377 3301 1496 3356 talis
1523 3301 1612 3368 sit,
1641 3303 1814 3371 qualis
1841 3301 1936 3355 fuit
1955 3311 2078 3355 ante
2104 3309 2276 3356 trans-

685 3397 1012 3468 gressionem
1035 3395 1194 3462 Adae,
1227 3409 1292 3448 an
1321 3403 1466 3450 certe
1495 3393 1562 3449 de
1584 3393 1770 3448 eadem
1796 3394 2002 3464 origine
2032 3393 2266 3464 peccati,

685 3489 752 3545 de
777 3505 879 3559 qua
905 3488 1159 3552 nascitur,
1191 3487 1628 3556 transgressionis
1669 3487 1878 3555 culpam
1919 3485 2130 3552 trahat;
2172 3485 2274 3540 hoc

685 3581 796 3634 vult
851 3579 1105 3634 diaconus
1147 3578 1400 3633 Paulinus
1465 3577 1668 3633 audire.
1720 3576 1973 3633 Paulinus
2015 3575 2272 3632 diaconus

684 3671 816 3725 dixit
847 3689 859 3724 :
893 3669 1080 3724 Utrum
1119 3668 1300 3724 docuit
1339 3669 1468 3738 hoc,
1515 3684 1585 3724 an
1614 3683 1722 3724 non
1751 3668 1950 3740 neget?
1989 3667 2272 3724 C(elestius

682 3763 819 3818 dixit
849 3779 863 3816 :
889 3761 1004 3817 Jam
1031 3759 1098 3816 de
1125 3761 1339 3816 traduce
1367 3761 1568 3831 peccati
1599 3759 1729 3824 dixi,
1759 3759 1880 3828 quia
1908 3760 2044 3814 intra
2071 3758 2271 3814 Catho-

684 3852 842 3909 licam
869 3852 1185 3908 constitutos
1209 3853 1391 3922 plures
1426 3851 1606 3907 audivi
1647 3851 1956 3916 destruere,
1989 3865 2196 3907 necnon
2220 3859 2274 3906 et

684 3943 818 3998 alios
855 3950 1094 3998 astruere
1125 3959 1137 3996 :
1170 3943 1293 3998 licet
1317 3942 1626 4013 qua'stionis
1663 3957 1752 3997 res
1781 3941 1850 3996 sit
1877 3941 1996 4009 ista,
2031 3957 2134 3996 non
2159 3941 2274 3998 hae-

683 4034 836 4090 resis.
863 4033 1096 4090 Infantes
1120 4049 1331 4105 semper
1349 4033 1459 4089 dixi
1488 4048 1651 4105 egere
1678 4033 1969 4103 Baptismo,
1993 4047 2056 4088 ac
2075 4031 2272 4088 debere

633 4191 636 4194 _
687 4126 941 4198 baptizari
973 4143 986 4180 :
1015 4125 1140 4197 quid
1167 4125 1358 4196 qumrit
1382 4125 1564 4180 aliud?
1591 4143 1612 4178 ι

753 4219 809 4272 4.
841 4217 1042 4287 Nempe
1073 4217 1294 4271 cernitis
1329 4217 1406 4271 sic
1433 4215 1744 4272 Coelestium
1785 4213 2116 4269 concessisse
2151 4229 2274 4284 par-

682 4309 820 4365 vulis
847 4310 1194 4379 Baptismum,
1239 4315 1298 4362 ut
1343 4307 1396 4361 in
1445 4321 1538 4362 eos
1578 4306 1807 4362 transire
1844 4305 2000 4375 primi
2039 4305 2272 4361 hominis

588 4389 595 4396 ’
683 4410 982 4472 peccatum,
1013 4400 1154 4472 quod
1191 4399 1404 4454 lavacro
1442 4397 1863 4468 regenerationis
1897 4397 2148 4467 abluitur,
2174 4413 2273 4454 no-

745 4557 764 4590 ί
789 4557 862 4607 sic
881 4562 990 4606 Mss.
1016 4561 1072 4606 Δι
1095 4554 1232 4616 editi,
1259 4551 1555 4616 Imjumwdi.
1659 4615 1664 4616 γ
2001 4557 2006 4562 ·
2191 4584 2205 4593 .

745 4619 818 4682 (a)
852 4615 1204 4682 Paulinuspille,
1217 4615 1350 4666 teste
1366 4621 1640 4682 Mercatore
1654 4615 1704 4664 in
1726 4616 2095 4682 commonitorio
2119 4631 2270 4682 super

680 4676 877 4744 nomine
907 4678 1134 4744 (yrlestii,
1158 4676 1391 4744 diaconus
1413 4677 1642 4724 Ambrosii
1665 4677 2034 4744 mediolanensis
2057 4676 2269 4744 epise'opi

679 4743 786 4798 fuit,
815 4747 868 4792 et
887 4741 1007 4790 vita:
1029 4738 1260 4804 illius,_l_1
1291 4744 1453 4787 rtante
1481 4738 1775 4804 Augustino,
1821 4742 2056 4804 scriptor,
2090 4738 2188 4804 'qui
2211 4738 2270 4794 se

681 4809 928 4866 versatum
951 4812 1064 4851 esse
1085 4801 1139 4866 in
1157 4799 1308 4866 Africa
1323 4805 1544 4860 testatur,
1561 4799 1627 4866 et
1640 4800 1792 4866 )‘itani
1815 4799 2272 4866 scrjlisisseqoanne

682 4865 916 4926 praefecto
948 4862 1204 4926 praetorio,
1241 4860 1286 4909 id
1310 4867 1404 4926 est,
1427 4859 1555 4909 anno
1576 4859 1791 4926 {12,aut
1810 4859 1924 4926 .415,
1946 4872 2030 4914 aut
2051 4865 2158 4914 422.
2185 4874 2269 4914 Ju-

678 4923 856 4973 ilicium
879 4923 1026 4985 porro
1044 4923 1114 4985 de
1145 4935 1244 4985 quo
1278 4924 1469 4985 agitur,
1492 4923 1777 4985 Carthagine
1809 4925 2025 4975 habitum
2050 4928 2139 4976 fuit
2176 4929 2270 4977 sub

680 4982 1022 5052 initium'anni
1027 4983 1148 5044 412,
1164 4982 1244 5052 ’ex
1265 4982 1468 5052 epistola
1485 4985 1550 5052 ad
1569 4982 1898 5052 Innocentium
1916 5021 1932 5046 ,
1958 4987 2088 5052 inter
2111 4996 2270 5052 Augu-

680 5046 1055 5156 :tip;anasnl'g,
1081 5058 1163 5094 nn.
1187 5045 1211 5094 1
1241 5044 1360 5094 et‘6.
1385 5045 1556 5096 Confer
1577 5059 1724 5110 supra
1745 5081 1760 5108 ,
1807 5044 1984 5098 librum
2024 5051 2089 5100 de
2111 5044 2269 5102 Gestis

715 5120 743 5156 e
793 5121 878 5156 an.
939 5143 952 5154 .
1043 5143 1055 5154 .

715 5119 878 5170 etagn,
901 5119 952 5154 ιι.
976 5119 1055 5156 zu.

746 5167 1081 5242 (_f_)')htttet_'caltor
1119 5169 1168 5218 in
1189 5169 1568 5242 Commpnitorio
1585 5171 1818 5242 adversus
1837 5171 2066 5242 haeresim
2089 5173 2268 5242 Pelagii

679 5229 880 5296 scribi}.
926 5229 1140 5279 Ruﬁnum
1176 5231 1433 5296 quemdam
1453 5234 1668 5296 _natione
1708 5239 1870 5296 Syrum
1905 5236 1998 5285 sub
2035 5229 2266 5287 Anastasii

680 5291 954 5354 pontiﬁcatu
977 5298 1165 5342 Romam
1199 5291 1413 5354 primum
1451 5293 1699 5344 invexisse
1735 5291 2064 5354 quaestionem
2101 5306 2268 5349 contra

680 5352 928 5424 traducem
945 5356 1146 5424 peccati.
1168 5352 1322 5424 lsest,
1341 5353 1448 5403 aliis
1461 5356 1658 5424 quidem
1682 5352 1871 5424 Ruﬁnus
1891 5359 2264 5424 Aquilegiensis,

681 5415 764 5475 qui
810 5413 1054 5484 t'elagio,_
1081 5417 1238 5478 quoad
1287 5413 1507 5484 errorem
1530 5418 1593 5484 de
1617 5413 1967 5484 anantartéaia',
2015 5413 2265 5484 prieivissé

682 5484 874 5524 notatur
892 5479 968 5544 Aab
1003 5478 1292 5544 Hieronymo
1322 5479 1383 5544 in
1419 5478 1624 5544 epistola
1646 5481 1706 5544 ad
1740 5478 2133 5544 Ctesiphontem:
2160 5483 2268 5535 aliis

681 5549 810 5606 vero
821 5537 1016 5606 Rufinus
1031 5539 1156 5590 alter
1171 5537 1198 5598 ,'
1213 5553 1277 5606 ex
1315 5539 1378 5606 Q8
1400 5537 1672 5606 Hieronymi
1699 5537 1898 5605 epistola
1925 5554 2068 5596 notus
2086 5580 2102 5606 ,
2135 5546 2267 5597 idem

680 5596 764 5648 ille
789 5597 911 5672 forte
936 5603 1016 5672 qui
1042 5593 1228 5672 peccati
1252 5593 1704 5672 traducem_rejicit_
1721 5593 1769 5672 ἴῃ
1796 5593 1856 5672 eo
1883 5593 2100 5672 niifdlie'
2121 5593 2264 5672 tilde:

681 5673 830 5732 quem
851 5664 1358 5732 Jacobussirmondus
1389 5664 1594 5732 nomine
1612 5665 1758 5732 Rufini
1783 5667 2046 5720 Palaestinre
2070 5664 2267 5732 provinL

802 5724 1072 5795 presbyteri
1107 5725 1384 5795 publicavit.
1409 5731 1551 5776 Certe
1589 5725 1946 5795 Aquijegiensis
1963 5733 2045 5795 vix
2065 5724 2083 5790 ξ
2105 5745 2161 5780 ac
2203 5744 2268 5781 ne

679 5786 760 5856 vix
785 5786 1138 5856 quidem__credi
1175 5788 1356 5850 possit,
1381 5795 1464 5856 aut
1487 5786 1674 5856 Romani
1705 5786 1849 5843 iviSse
1886 5786 2109 5856 pontifice
2143 5802 2265 5844 ana-

679 5849 850 5910 atasio,
874 5857 955 5899 aut
981 5849 1044 5898 ibi
1067 5849 1185 5900 cum
1198 5849 1494 5900 Pammachio
1516 5853 1758 5904 mansisse.
1891 5851 1902 5858 ’

1911 426 1949 482 ἓ.
2007 412 2375 480 AUGUSTINI
2419 410 2720 474 EPISCOPI
3823 412 3908 478 388

2367 533 2525 588 luerit
2549 533 2789 588 confiteri
2815 573 2830 598 ,
2871 531 3112 603 quamvis
3141 542 3194 587 et
3221 545 3420 603 negare
3443 545 3544 587 non
3573 548 3724 592 ausus
3750 538 3810 592 sit
3833 557 3844 594 :
3867 553 3912 597 et

2368 633 2587 694 propter
2616 623 2752 679 hanc
2777 622 3156 680 dubitationem
3181 638 3332 679 suam
3361 640 3467 680 non
3491 624 3804 686 damnaverit
3834 649 3912 688 eos

2367 717 2457 787 qui
2486 716 2686 781 dicunt,
2727 734 2745 767 ι
2780 715 2931 782 Quod
2967 725 3239 786 peccatum
3282 716 3412 771 Adie
3453 717 3618 789 ipsum
3645 721 3803 780 solum
3837 723 3914 782 la:-

2370 807 2533 872 serit,
2573 817 2628 863 et
2665 823 2768 862 non
2810 823 2979 879 genus
3007 807 3327 874 humanum;
3352 817 3406 865 et
3433 810 3572 880 quod
3611 813 3820 874 infantes
3839 824 3913 888 qui

2370 907 2680 962 nascuntur,
2730 899 2781 952 in
2831 913 2896 954 eo
2938 904 3079 954 statu
3119 898 3259 966 sint,
3292 899 3342 954 in
3373 915 3478 972 quo
3504 901 3666 958 Adam
3704 904 3792 961 fuit
3813 918 3915 964 ante

2372 992 2880 1062 prmvaricationem.
2921 1011 2940 1045 ι

2443 1103 2667 1160 CAPUT
2707 1103 2770 1160 V.
2807 1135 2877 1146 —
2921 1106 2977 1162 5.
3037 1105 3095 1162 lu
3146 1106 3330 1164 libello
3377 1118 3555 1165 autem
3585 1126 3734 1180 quem
3757 1113 3916 1169 Romae

2373 1193 2560 1263 edidit,
2591 1196 2680 1266 qui
2703 1197 2868 1266 gestis
2897 1197 2969 1252 ibi
2995 1198 3370 1255 ecclesiasticis
3393 1201 3646 1272 allegatus
3663 1211 3758 1270 est,
3781 1204 3845 1260 ita
3861 1205 3918 1261 de

2377 1285 2476 1340 hac
2503 1301 2562 1341 re
2595 1286 2849 1357 loquitur,
2877 1297 2936 1344 ut
2965 1287 3066 1344 hoc
3091 1303 3150 1345 se
3174 1289 3394 1346 credere
3419 1292 3677 1360 ostendat,
3703 1295 3826 1350 unde
3845 1295 3918 1352 hic

2374 1378 2617 1434 dubitare
2643 1394 2702 1435 se
2730 1379 2955 1435 dixerat.
2982 1381 3114 1436 Nam
3142 1382 3305 1437 verba
3345 1383 3460 1452 ejus
3493 1389 3587 1440 ista
3617 1397 3735 1442 sunt
3759 1405 3772 1440 :
3801 1407 3818 1439 ι
3850 1386 3922 1442 ln-

2376 1471 2546 1527 fantes
2569 1481 2771 1534 autem.
2803 1491 2822 1526 ι
2854 1473 3043 1544 inquit,
3079 1491 3099 1525 ι
3131 1473 3329 1530 debere
3367 1451 3621 1544 baptizari
3662 1477 3712 1532 in
3755 1451 3944 1533 remis-.

2375 1562 2583 1617 sionem
2629 1571 2990 1632 peccatorum,
3039 1565 3336 1620 secundum
3378 1567 3610 1636 regulam
3647 1567 3922 1625 universalis

2378 1653 2651 1721 Ecclesiae,
2679 1661 2736 1708 et
2759 1654 3052 1710 secundum
3079 1654 3352 1727 Evangelii
3381 1658 3712 1725 sententiam,
3735 1662 3924 1716 confite-

2379 1762 2498 1800 mur
2523 1763 2537 1800 :
2567 1747 2691 1817 quia
2717 1746 2971 1801 Dominus
2997 1749 3183 1802 statuit
3212 1765 3431 1820 regnum
3467 1749 3718 1806 cmlorum
3743 1753 3922 1808 nonnisi

2377 1835 2659 1906 baptizatis
2681 1853 2839 1907 posse
2867 1837 3095 1894 conferri
3125 1837 3301 1912 (Joan.
3332 1857 3410 1904 ut,
3441 1841 3538 1912 5);
3563 1841 3698 1912 quod
3731 1841 3840 1913 quia
3863 1844 3924 1895 vi-

2379 1941 2465 1982 res
2506 1937 2709 1984 natura:
2751 1943 2857 1984 non
2905 1926 3124 1995 habent,
3169 1931 3396 1986 conferri
3436 1932 3452 1964 ί
3490 1947 3702 1988 necesse
3736 1941 3805 1989 est
3848 1949 3925 2003 per

2377 2020 2562 2090 gratia:
2595 2020 2894 2078 libertatem
2921 2023 2964 2072 ³.
3001 2039 3020 2074 ι
3047 2021 3103 2078 Si
3131 2023 3257 2076 nihil
3289 2023 3354 2077 de
3381 2023 3482 2080 hac
3519 2039 3576 2080 re
3613 2024 3840 2095 deinceps
3856 2023 3923 2079 di-

2377 2117 2525 2166 ceret
2548 2150 2564 2177 ,
2607 2109 2727 2181 quis
2752 2127 2856 2166 non
2887 2127 3010 2167 eum
3039 2113 3284 2168 crederet
3311 2114 3578 2184 confiteri,
3605 2115 3755 2170 etiam
3779 2113 3925 2169 infano

2381 2202 2520 2258 tibus
2555 2203 2610 2258 in
2648 2203 2920 2274 Baptismo
2949 2204 3225 2276 originalia
3255 2215 3467 2275 peceata
3497 2205 3708 2274 dimitti,
3732 2205 3926 2262 dicendo

2377 2308 2472 2350 eos
2497 2296 2551 2350 in
2599 2296 2966 2352 remissionem
3011 2306 3350 2368 peccatorum
3397 2299 3652 2368 baptizari
3679 2301 3926 2370 oportere!

2378 2386 2514 2442 lliuc
2537 2403 2663 2459 ergo
2688 2396 2768 2444 est
2795 2397 2849 2456 e_t
2885 2388 3014 2444 illud
3049 2389 3186 2460 quod
3221 2389 3534 2460 scripsistis,
3575 2391 3652 2446 sic
3688 2389 3826 2446 vobis
3857 2405 3927 2446 res
3963 2397 3968 2402 '

2378 2478 2661 2552 spondisse
2703 2479 2996 2550 Pelagium,
3035 2498 3054 2532 ι
3087 2480 3229 2552 quod
3256 2482 3460 2538 eisdem
3503 2483 3690 2552 quibus
3713 2491 3765 2538 et
3789 2480 3928 2553 majo-

2379 2583 2468 2628 res
2499 2569 2826 2627 Sacramenti
2851 2571 3027 2628 verbis
3051 2571 3386 2642 baptizantur
3411 2571 3678 2641 infantes;
3713 2591 3732 2628 ι
3761 2587 3928 2643 vosque

2379 2661 2542 2718 fuisse
2571 2653 2794 2730 lmtatos,
2823 2659 2880 2718 id
2919 2663 3058 2734 quod
3096 2664 3392 2736 cupiebatis
3433 2661 3664 2732 audisse,
3705 2676 3754 2721 ct
3778 2675 3925 2720 tamen

2379 2755 2551 2812 adhuc
2577 2755 2643 2812 de
2674 2755 2848 2812 verbis
2878 2757 2994 2829 ejus
3023 2773 3120 2813 nos
3145 2759 3394 2816 maluisse
3413 2760 3709 2816 consulere.

2449 2867 2678 2924 CAPUT
2720 2867 2808 2924 V'l.
2849 2899 2918 2908 —
2947 2868 3000 2924 6.
3033 2868 3306 2925 Attenditc
3331 2870 3511 2942 itaque
3535 2871 3658 2943 quid
3681 2867 3928 2926 leesdus

2377 2959 2714 3030 apertissime
2748 2959 2964 3028 dixerit,
3010 2969 3064 3016 et
3093 2961 3163 3016 ibi
3193 2961 3440 3018 videbitis
3477 2963 3604 3036 quid
3633 2963 3774 3018 vobis
3801 2959 3930 3016 Pela-

2375 3050 2496 3121 gius
2521 3051 2884 3106 occultavcrit.
2916 3052 3199 3108 leestius
3226 3053 3420 3124 quippe
3445 3055 3700 3126 adjungit,
3723 3061 3774 3110 et
3790 3052 3926 3109 dicit:

2383 3161 2404 3197 ι
2435 3142 2494 3199 In
2519 3144 2890 3199 remissionem
2921 3153 3096 3200 autem
3138 3157 3478 3216 peccatorum
3511 3145 3838 3218 baptizandos
3865 3145 3932 3199 inc

2377 3233 2581 3301 fames,
2616 3249 2720 3290 non
2752 3234 2952 3290 ideirco
2977 3235 3228 3305 diximus,
3261 3247 3320 3292 ut
3355 3248 3630 3309 peccatum
3657 3253 3720 3294 ex
3745 3235 3931 3292 traduce

2377 3323 2592 3381 firmare
2615 3325 2888 3380 videamur
2917 3343 2930 3378 :
2955 3327 3094 3396 quod
3120 3327 3277 3399 longe
3303 3345 3332 3382 a
3359 3329 3624 3385 catholico
3643 3343 3794 3384 sensu
3819 3325 3930 3381 alic-

2377 3433 2502 3475 num
2544 3427 2645 3472 est.
2678 3417 2808 3486 Quia
2841 3427 3116 3488 peccatum
3161 3436 3266 3476 non
3294 3434 3414 3476 cum
3445 3421 3662 3477 homine
3685 3420 3930 3482 nascitur,

2377 3510 2518 3580 quod
2545 3509 2884 3580 postmodum
2911 3521 3192 3568 exercetur
3211 3511 3278 3568 ab
3300 3511 3519 3570 homine
3549 3532 3562 3568 :
3591 3514 3708 3584 quia
3738 3527 3836 3566 non
3856 3523 3934 3563 na-

2379 3611 2512 3657 tura:
2567 3601 2851 3668 delictum,
2882 3603 2978 3658 sed
3007 3603 3298 3660 voluntatis
3335 3621 3456 3662 esse
3511 3614 3839 3662 monstratur.
3881 3601 3935 3655 Et

2377 3693 2504 3748 illud
2527 3709 2654 3764 ergo
2677 3695 2920 3749 confiteri
2947 3710 3263 3767 congruum,
3293 3711 3360 3752 ne
3383 3697 3598 3754 diversa
3625 3693 3932 3768 Baptismatis

2375 3801 2573 3856 genera
2613 3786 2786 3842 facere
2819 3788 3096 3844 videamur
3115 3831 3130 3855 ,
3163 3799 3216 3845 et
3245 3789 3347 3846 hoc
3375 3792 3696 3862 praemunire
3721 3800 3938 3844 accessa.

2379 3877 2516 3932 rium
2551 3888 2652 3945 est,
2689 3894 2755 3934 ne
2785 3895 2878 3950 per
2909 3883 3146 3954 mysterii
3191 3883 3555 3952 occasionem,
3597 3882 3664 3938 ad
3696 3876 3936 3938 Creatoris

2378 3968 2622 4038 iniuriam
2653 3971 2848 4026 malum
2872 3982 3154 4044 antequam
3185 3975 3276 4030 fiat
3310 3975 3378 4030 ab
3419 3976 3668 4042 homine,
3713 3972 3836 4030 tradi
3870 3969 3941 4026 di-

2377 4071 2528 4116 catur
2558 4063 2754 4117 homiui
2785 4079 2882 4135 per
2907 4075 3172 4120 naturam.
3213 4085 3233 4120 ι
3268 4067 3419 4123 Hunc
3447 4083 3666 4124 sensum
3693 4079 3836 4121 suum
3859 4075 3940 4117 vo-

2378 4156 2459 4209 bis
2501 4157 2710 4225 aperire
2751 4157 2996 4228 Pelagius
3035 4159 3121 4214 vel
3164 4159 3370 4226 timuit,
3405 4160 3486 4215 vel
3518 4160 3760 4226 erubuit,
3800 4169 3941 4228 qnem

2378 4245 2675 4317 discipulus
2717 4247 2834 4316 ejus
2881 4248 3053 4318 palam
3084 4249 3200 4304 sine
3228 4251 3387 4306 ullius
3411 4251 3754 4308 obscuritatis
3775 4247 3938 4303 amba-

2375 4336 2530 4406 gibus
2555 4337 2692 4406 apud
2722 4337 2914 4394 Sedem
2957 4341 3317 4410 Apostolicam
3359 4345 3600 4413 profiteri
3626 4359 3725 4398 nec
3751 4339 3940 4403 timuit,

2376 4442 2478 4482 nec
2502 4427 2732 4482 erubuit.

2449 4519 2501 4574 7.
2534 4519 2636 4576 Sed
2653 4519 2876 4576 multum
2905 4522 3209 4580 misericors
3229 4536 3538 4582 memoratae
3555 4527 3708 4583 Sedis
3723 4525 3940 4587 antistes,

2375 4608 2464 4664 ubi
2491 4625 2614 4666 eum
2645 4610 2774 4666 vidit
2817 4611 2942 4668 ferri
2981 4623 3122 4669 tanta
3155 4619 3568 4688 prmsumptione
3598 4617 3900 4688 praecipitent
3925 4651 3940 4676 9

2377 4710 2625 4773 tanquam
2654 4702 2940 4772 furentem,
2969 4705 3140 4762 donec
3169 4707 3212 4760 si
3243 4718 3420 4777 posset
3457 4709 3574 4764 fieri
3609 4709 3940 4778 resipiscerct,

2377 4793 2564 4846 maluit
2601 4809 2722 4848 eum
2769 4796 2970 4850 sensim
3020 4797 3133 4858 suis
3173 4799 3680 4871 interrogationibus
3720 4810 3773 4856 et
3819 4796 3942 4852 illius

2375 4879 2812 4954 responsionibus
2831 4887 3100 4958 colligare,
3123 4905 3280 4960 quam
3311 4890 3550 4948 districta
3575 4890 3810 4948 feriendo
3833 4903 3943 4944 seu-

2379 4977 2565 5044 tentia,
2600 4977 2650 5031 in
2680 4976 2812 5032 illud
2842 4979 3150 5049 abruptum,
3180 4997 3286 5052 quo
3307 4981 3418 5052 jam
3445 4983 3786 5055 propendere
3811 4978 3942 5034 vide-

2374 5065 2550 5135 batur,
2586 5069 2880 5138 impellere.
2915 5070 3039 5126 ldco
3063 5083 3240 5128 autem
3267 5089 3373 5130 non
3405 5075 3536 5142 dixi,
3586 5079 3784 5146 Aperte
3817 5071 3943 5128 ccci-

2373 5158 2544 5226 derat,
2595 5159 2710 5226 seal,
2758 5161 3095 5232 propendere
3139 5164 3448 5232 videbatur;
3481 5168 3607 5235 quia
3638 5167 3872 5238 superius
3899 5163 3942 5215 in

2373 5252 2562 5308 eodem
2580 5253 2758 5308 libello
2775 5269 2872 5309 suo
2887 5255 2952 5311 de
2973 5256 3272 5326 hujusmodi
3289 5260 3677 5330 quaestionibus
3693 5262 3942 5317 locuturus

2373 5352 2498 5400 ante
2531 5343 2884 5413 praidixerat:
2926 5366 2944 5400 ‹
2991 5345 3044 5402 Si
3089 5347 3228 5405 forte
3271 5361 3326 5404 ut
3360 5352 3666 5408 hominibus
3702 5349 3941 5422 quispiam

2373 5433 2682 5504 ignorantia:
2699 5451 2852 5492 error
2867 5425 3305 5508 obre‘psit,vcstra
3325 5445 3588 5499 sententia
3608 5460 3719 5500 COI‘I
3735 5443 3934 5513 igatum

2443 5546 2667 5604 CAPUT
2707 5548 2818 5604 VII.
2840 5579 2912 5591 —
2931 5550 2988 5608 8.
3017 5551 3163 5610 lianc
3183 5552 3298 5624 ejus
3324 5556 3762 5625 prmlomttionem
3803 5565 3946 5606 vcne-

2371 5639 2553 5697 rabilis
2578 5655 2711 5712 papa
2739 5641 2990 5701 Zosimus
3017 5653 3223 5712 tenens,
3251 5648 3360 5718 egit
3385 5664 3504 5704 cum
3535 5647 3774 5713 homine,
3802 5657 3944 5717 quem

2435 5795 2457 5868 ξ
2480 5801 2544 5868 I_ta
2565 5797 2932 5868 trygirannensis
2953 5807 3034 5849 Ms.
3058 5808 3123 5868 Al_
3137 5802 3538 5868 cditi,_conrerrc.

2435 5857 2458 5889 ³
2479 5857 3021 5925 Forte,'liberufitruem,
3047 5864 3144 5926 vel,
3171 5857 3456 5930 ﬂagitatam.
