4144 6524
263 409 364 466 389
1341 400 1543 456 LIBER
1584 399 1672 454 DE
1714 394 1863 452 PECI

1965 397 2029 452 ΓΟ
2067 394 2436 454 ΟΙὶΙῦΙΝᾹῙᾸ.

266 525 408 580 falsa:
435 523 696 580 doetrtna:
731 529 919 576 ventus
958 518 1080 574 inlla
1091 527 1258 585 verat,
1283 526 1422 571 utea
1443 531 1563 586 qua:
1588 513 1662 568 illi
1687 526 1719 566 a
1739 511 1857 567 dia-

265 629 399 672 cono
420 613 646 670 l'aubno
668 612 878 668 fuerant
897 611 1105 683 objecta
1126 609 1427 676 damnaret,
1443 617 1602 678 atque
1622 613 1683 661 ut
1699 605 1856 662 Sedis

264 708 589 780 Apostolica:
613 706 824 772 litteris,
857 721 976 776 qua:
1001 719 1033 759 a
1061 712 1258 760 sanctae
1284 701 1559 757 memoria:
1587 713 1686 754 suo
1711 712 1853 769 pra:-

263 816 478 857 cessore
505 809 874 866 manaverant,
906 797 1170 868 prmberet
1205 809 1508 852 assensum.
1547 793 1617 848 At
1642 791 1735 847 ille
1760 806 1858 846 no-

264 893 360 950 luit
382 892 598 964 quidem
622 890 833 947 diaconi
861 888 1072 960 objecta
1099 887 1354 944 damnare
1382 904 1397 941 :
1420 884 1515 941 sed
1536 884 1675 940 beati
1705 896 1857 954 papa:

267 982 556 1038 Innocentii
593 981 787 1036 litteris
817 996 924 1036 non
965 987 1048 1036 est
1089 992 1250 1034 ausus
1277 977 1574 1041 obsistere;
1601 974 1712 1030 imo
1743 991 1765 1026 ι
1798 987 1858 1028 se

265 1076 438 1129 omnia
467 1088 588 1144 qua:
629 1071 794 1128 Sedes
841 1071 928 1126 illa
973 1069 1290 1136 damnaret,
1333 1066 1708 1124 damnaturum
1737 1075 1857 1120 esse

266 1165 505 1239 promisit
537 1181 552 1220 :
589 1183 609 1217 ι
641 1173 799 1234 atque
825 1163 897 1218 ita
919 1162 1062 1217 velut
1088 1159 1448 1231 phreneticus,
1474 1165 1533 1212 ut
1554 1156 1859 1228 requiesce-

267 1265 362 1320 rct,
391 1267 640 1330 tanquam
686 1255 878 1310 leniter
921 1253 1083 1320 fotus,
1113 1268 1142 1306 a
1172 1251 1394 1308 vinculis
1430 1258 1608 1305 tamen
1637 1262 1856 1304 excom-

267 1347 643 1403 municationis
682 1344 917 1401 nondum
953 1353 1036 1400 est
1087 1345 1330 1398 creditus
1381 1356 1502 1397 esse
1545 1337 1854 1396 solvendus.

264 1438 368 1494 Sed
412 1438 730 1508 interposito
772 1435 998 1492 duorum
1043 1435 1306 1491 mensium
1357 1441 1637 1502 tempore,
1685 1430 1858 1486 donec

263 1529 646 1584 rescriberetur
700 1543 767 1584 ex
819 1528 1038 1593 Africa,
1094 1523 1442 1596 resipiscendi
1491 1525 1539 1578 ei
1579 1523 1728 1578 locus
1757 1520 1859 1576 sub

266 1622 493 1693 quadam
523 1620 830 1677 medicinali
873 1619 1153 1676 sententia:
1193 1618 1412 1673 lenitate
1436 1631 1726 1673 concessus
1753 1624 1856 1671 est.

265 1714 528 1782 Quoniam
579 1727 805 1780 revera,
863 1711 908 1768 si
957 1710 1195 1780 deposita
1241 1708 1549 1780 pervicacia:
1578 1707 1814 1763 vanitate
1841 1746 1858 1772 ,

269 1804 412 1877 quod
444 1805 764 1876 promiserat
790 1803 951 1858 vellet
977 1801 1277 1870 attendere,
1305 1810 1360 1857 ct
1384 1800 1598 1857 easdem
1631 1801 1858 1866 litteras,

263 1897 460 1968 quibus
489 1911 548 1952 se
577 1910 964 1952 consensurum
1013 1909 1134 1950 esse
1175 1893 1550 1964 responderat,
1578 1891 1864 1964 diligenter

266 1987 486 2058 legeret,
521 1995 827 2042 sanaretur.
856 1985 962 2042 Sed
991 1996 1337 2056 posteaquam
1365 2000 1430 2039 ex
1463 1983 1715 2040 Africano
1741 1982 1860 2054 epi-

265 2093 553 2148 scoporum
593 2078 822 2134 concilio
861 2079 1118 2148 rescripta
1147 2077 1351 2137 directa
1379 2086 1524 2142 sunt,
1547 2075 1676 2147 quid
1702 2075 1863 2136 fuerit

266 2181 638 2237 consecutum,
675 2181 730 2227 ut
750 2171 1048 2242 justissime
1075 2172 1130 2226 in
1157 2185 1279 2225 eum
1309 2169 1572 2225 sententia
1595 2168 1865 2238 proferre-

265 2275 366 2332 tur,
393 2274 588 2321 cuncta
617 2264 795 2334 legite,
814 2265 948 2337 quia
983 2272 1177 2319 cuncta
1206 2262 1628 2318 transmisimus.

330 2355 557 2412 CAPUT
597 2355 734 2411 VIII.
780 2384 853 2398 —-
887 2355 943 2412 9.
992 2354 1146 2411 Unde
1185 2355 1350 2410 etiam
1399 2353 1667 2424 Pelagius,
1711 2353 1756 2410 si
1802 2368 1863 2409 se

264 2448 431 2518 ipsum
479 2457 533 2503 et
576 2463 673 2504 sua
722 2448 920 2519 scripta
970 2448 1089 2504 sine
1120 2446 1247 2504 dolo
1277 2446 1514 2518 cogitat,
1569 2463 1674 2502 non
1715 2456 1864 2505 recte

262 2538 407 2606 dicit,
439 2538 631 2596 eadem
655 2540 920 2595 sententia
945 2555 1006 2598 se
1028 2555 1134 2596 non
1159 2539 1410 2597 debuisse
1433 2539 1624 2596 teneri.
1648 2539 1864 2598 Fefellit

261 2631 402 2687 enim
419 2630 681 2703 judicium
701 2631 1045 2687 Palmstinum
1065 2646 1080 2697 ;
1107 2640 1390 2702 propterea
1418 2630 1490 2686 ibi
1511 2629 1723 2686 videtur
1741 2646 1865 2688 esse

263 2733 520 2796 purgatus
548 2740 562 2778 :
593 2721 889 2778 Romanam
931 2737 1061 2778 vero
1108 2722 1427 2788 Ecclesiam,
1467 2721 1556 2778 ubi
1585 2735 1712 2779 eum
1737 2737 1863 2780 esse

261 2815 602 2872 notissimum
649 2814 820 2880 scitis,
867 2813 1052 2870 fallere
1091 2829 1474 2884 usquequaque
1514 2829 1622 2870 non
1654 2813 1860 2888 potuit;

261 2908 510 2980 quamvis
547 2916 603 2964 et
635 2905 740 2962 hoc
776 2905 936 2962 fuerit
976 2915 1266 2976 utcumque
1303 2907 1319 2938 ¹
1346 2914 1572 2961 conatus
1602 2923 1616 2961 :
1646 2904 1775 2971 sed,
1807 2913 1866 2960 ut

265 2999 402 3067 dixi,
431 2999 654 3055 minime
691 2998 880 3055 valuit.
907 2995 1155 3068 Recoluit
1182 2997 1327 3053 enim
1356 2995 1701 3053 beatissimus
1728 3009 1864 3066 papa

263 3089 537 3156 Zosimus,
567 3090 694 3162 quid
725 3087 1022 3146 imitandus
1044 3104 1343 3160 praecessor
1361 3088 1480 3160 ejus
1501 3088 1569 3146 de
1589 3088 1720 3160 ipsis
1740 3102 1864 3145 sen-

261 3183 396 3240 serit
415 3184 606 3256 gestis.
635 3182 880 3239 Attendit
905 3182 1068 3238 etiam
1095 3181 1226 3253 quid
1252 3181 1321 3240 de
1349 3181 1442 3238 illo
1471 3181 1698 3238 sentiret
1721 3196 1864 3253 pra:-

262 3274 490 3332 dicanda
533 3275 588 3330 in
635 3273 864 3332 Domino
903 3272 1272 3330 Romanorum
1318 3271 1456 3330 ﬁdes
1493 3272 1667 3346 (Rom.
1694 3289 1733 3340 I,
1762 3271 1862 3346 8),

261 3383 486 3438 quorum
532 3367 790 3424 adversus
832 3367 949 3438 ejus
986 3382 1230 3424 errorem
1265 3383 1366 3440 pro
1410 3367 1638 3425 veritate
1679 3367 1866 3424 catbo~

260 3461 382 3530 lica,
400 3460 577 3516 studia
598 3460 947 3516 consonantia
971 3458 1315 3516 concorditer
1329 3457 1558 3530 ﬂagrare
1577 3458 1863 3518 cernebat:

261 3553 403 3610 inter
428 3569 570 3624 quos
585 3553 674 3610 ille
698 3552 788 3608 diu
806 3553 1030 3620 vixerat,
1048 3561 1102 3608 et
1123 3566 1257 3622 quos
1276 3551 1396 3623 ejus
1423 3551 1673 3624 dogmata
1699 3552 1868 3608 latere

261 3660 368 3700 non
415 3652 675 3716 poterant
706 3663 720 3698 :
750 3644 841 3714 qui
869 3643 1182 3700 leestium
1221 3643 1341 3713 ejus
1377 3658 1500 3700 esse
1543 3641 1864 3714 discipulum

261 3737 338 3792 sic
362 3744 648 3800 noverant,
677 3743 736 3790 ut
760 3734 1130 3790 ﬁdelissimum
1163 3743 1220 3790 et
1255 3733 1621 3790 firmissimum
1647 3743 1870 3804 possent

262 3827 329 3883 de
357 3826 460 3883 hac
484 3842 547 3883 re
569 3825 932 3882 testimonium
959 3824 1263 3896 perhibere.
1305 3823 1442 3892 Quid
1488 3839 1618 3896 ergo
1657 3823 1727 3880 de
1761 3825 1867 3880 Pa-

263 3918 487 3974 Izestina:
514 3917 708 3991 synodi
735 3916 921 3988 gestis,
954 3915 1152 3988 quibus
1190 3930 1251 3972 se
1279 3915 1528 3986 Pelagius
1553 3915 1863 3974 absolutum

260 4027 380 4068 esse
423 4011 710 4083 gloriatur,
751 4017 969 4066 sanctus
1008 4023 1144 4080 papa
1189 4008 1534 4063 Innocentius
1571 4007 1865 4076 judicarit,

259 4103 507 4174 quamvis
538 4110 594 4156 et
621 4101 674 4156 in
706 4099 901 4156 litteris
929 4099 1080 4170 ejus,
1111 4113 1243 4169 quas
1273 4098 1428 4154 nobis
1457 4098 1758 4170 rescripsit,
1788 4099 1869 4154 Ie-

255 4209 384 4265 gere
428 4193 688 4264 possitis,
736 4180 791 4245 et
841 4197 1321 4246 commemoratum
1359 4203 1482 4244 cum
1513 4189 1534 4221 ³
1579 4187 1870 4244 venerabili

261 4301 410 4357 papae
435 4284 660 4342 Zosimo
675 4281 914 4356 synodus
934 4280 1184 4338 Africana
1202 4279 1501 4351 respondit,
1517 4279 1661 4351 quod
1677 4287 1870 4336 vestra:

259 4379 523 4436 Charitati
567 4392 692 4434 cum
729 4377 941 4434 caneris
985 4373 1428 4432 instructionibus
1476 4371 1748 4439 misimus,
1785 4380 1868 4427 ta-

257 4487 381 4528 men
407 4487 514 4527 nec
547 4471 602 4526 in
632 4470 737 4525 hoc
763 4483 928 4540 opere
953 4465 1388 4538 prtetereundum
1417 4464 1650 4522 videtur.

325 4564 564 4622 CAPUT
601 4563 694 4618 IX.
718 4593 792 4604 —-
812 4561 899 4618 I0.
915 4561 1049 4618 Cum
1070 4560 1216 4616 enim
1239 4575 1348 4614 nos.
1361 4560 1412 4614 in
1431 4557 1680 4628 epistola,
1708 4572 1868 4628 quam

257 4658 306 4713 ei
331 4659 577 4730 quinque
603 4654 844 4727 episcOpi
873 4653 1188 4724 scripsimus
1211 4648 1310 4724 (a),
1340 4648 1654 4706 earumdem
1690 4659 1872 4720 gesto-

260 4763 376 4804 rum
404 4747 842 4811 Palaestinorum,
871 4759 1099 4816 quorum
1125 4742 1192 4799 ad
1222 4757 1322 4798 nos
1358 4742 1468 4812 jam
1507 4741 1646 4796 fama
1673 4755 1868 4812 perve-

260 4848 446 4904 nerat,
489 4837 1060 4902 commemorationem
1107 4833 1452 4898 fecissemus,
1499 4832 1770 4898 dicentes,
1814 4833 1868 4888 in

258 4930 499 4997 Oriente,
529 4929 623 4984 ubi
652 4928 818 4997 degit,
849 4936 998 4999 gesta
1026 4925 1385 4982 ecclesiastica
1416 4923 1551 4978 facta
1589 4939 1731 4990 esse,
1751 4925 1870 4995 qui-

261 5021 357 5076 bus
386 5031 612 5093 putatur
639 5035 760 5076 esse
787 5029 1042 5090 purgatus
1060 5059 1076 5084 ,
1107 5025 1266 5087 atque
1290 5014 1358 5071 ad
1386 5016 1488 5070 hoc
1508 5017 1650 5071 inter
1673 5025 1869 5071 caetera

261 5113 342 5170 ille
365 5111 732 5170 rescriberet:
759 5129 778 5162 ι
809 5109 944 5165 Cum
970 5109 1099 5176 sint,
1129 5126 1150 5162 ι
1183 5107 1374 5179 inquit,
1405 5125 1424 5158 ι
1452 5106 1624 5176 aliqua
1654 5106 1707 5160 in
1735 5105 1867 5176 ipsis

260 5205 426 5276 posita
458 5203 656 5277 gestis,
687 5217 807 5274 quae
837 5201 1068 5272 objecta,
1107 5200 1300 5271 partim
1343 5198 1433 5254 ille
1474 5195 1693 5254 vitando
1736 5213 1866 5268 sup-

259 5299 486 5368 pressit,
537 5297 734 5368 partim
779 5296 946 5350 multa
979 5296 1031 5350 in
1064 5309 1125 5350 se
1152 5293 1315 5348 verba
1356 5291 1719 5364 retorquendo
1759 5302 1867 5348 tota

259 5392 593 5448 obscuritate
619 5387 892 5453 conftfdit;
931 5389 1108 5458 aliqua
1147 5387 1315 5456 magis
1351 5384 1485 5441 falsa
1506 5427 1522 5452 ,
1550 5401 1711 5456 quam
1737 5399 1866 5441 vera

256 5485 482 5552 ratione,
518 5490 582 5538 ut
621 5479 690 5537 ad
734 5492 942 5551 tempus
968 5488 1176 5551 poterat
1204 5477 1405 5545 videri,
1438 5477 1714 5548 purgavit,
1768 5492 1866 5532 ne-

316 5619 334 5651 ¹
350 5620 427 5668 Sic
449 5624 565 5666 us.
579 5613 725 5674 we,
747 5618 1022 5674 utrumque.

315 5681 337 5713 ³
363 5690 466 5730 Arn.
495 5685 554 5729 et
577 5682 679 5735 Ern,
700 5673 830 5725 eum.
855 5673 1026 5723 Melius
1059 5680 1226 5735 autem
1263 5677 1456 5735 Lov._et
1476 5677 1606 5735 uss,
1631 5683 1742 5735 cum
1770 5681 1787 5718 :
1811 5673 1867 5718 ut

254 5741 410 5804 Ipsum
429 5729 729 5804 Innocentii
740 5737 820 5804 de
833 5738 988 5804 gestis
1018 5733 1282 5804 Ealzrstinis
1299 5733 1538 5804 judicium
1561 5729 1865 5804 intelligatur

255 5795 697 5854 dommemoratum
717 5799 766 5848 in
791 5795 968 5847 Iit'teris
991 5797 1220 5846 Africanae
1242 5795 1411 5858 synodi
1427 5795 1488 5844 ad
1511 5795 1763 5844 Zosimum.
1782 5798 1864 5840 na:

256 5865 432 5918 littera:
450 5867 705 5916 hactenus
726 5859 1086 5908 desiderantur.

314 5938 385 5990 ta)
422 5925 646 5994 Epistola
670 5923 777 5987 I77,
801 5923 928 5972 inter
953 5921 1344 5985 augustiniauas,
1367 5931 1418 5967 ιι.
1440 5917 1486 5968 2.

3445 406 3550 463 390

1958 509 2134 580 gaude
2161 511 2285 579 alia,
2331 511 2436 566 alia
2481 513 2607 567 falsa
2651 513 3090 584 interpretatione
3143 516 3418 573 vertendo.
3449 513 3556 576 Sed

1960 605 2184 669 utinam,
2212 603 2356 676 quod
2384 605 2676 676 optandum
2706 608 2873 678 magis
2899 616 3000 674 est,
3028 608 3138 678 jam
3165 623 3225 664 se
3255 609 3343 664 ille
3371 611 3436 665 ad
3463 629 3559 669 ve-

1959 711 2073 750 ram
2103 697 2380 754 catholica:
2408 698 2532 755 ﬁdei
2561 699 2700 755 viam
2724 699 2793 755 ab
2819 700 2909 755 illo
2934 715 3033 755 suo
3052 717 3238 757 errore
3257 712 3558 772 convertat,

1959 795 2015 842 et
2057 788 2238 859 cupiat
2282 789 2519 860 velitque
2548 795 2798 862 purgari,
2827 791 3174 848 considerans
3197 793 3564 864 quotidianam

1961 879 2058 934 Dei
2084 880 2310 950 gratiam
2332 922 2347 948 ,
2380 881 2808 952 adjutoriuntque
2836 897 3197 954 cognoscens,
3230 891 3293 941 ut
3319 885 3562 944 videatur

1959 985 2107 1037 vere,
2152 979 2208 1028 et
2245 971 2572 1043 approbetur
2607 973 2676 1028 ab
2709 975 2978 1042 omnibus,
3019 977 3300 1034 manifesta
3351 979 3561 1035 ratione

1960 1068 2264 1127 correctus;
2299 1077 2404 1116 non
2427 1072 2700 1132 gestorum
2724 1063 2958 1133 judicio,
2991 1065 3085 1122 sed
3129 1067 3198 1123 ad
3239 1068 3557 1124 catholicam

1960 1151 2120 1209 fidem
2157 1153 2321 1210 corde
2347 1169 2628 1211 converso.
2662 1154 2816 1212 Unde
2857 1172 2964 1212 non
3013 1173 3298 1228 possumus
3347 1159 3557 1215 illorum

1961 1261 2063 1301 nec
2085 1248 2385 1318 approbare
2411 1264 2513 1305 nec
2540 1249 2758 1320 culpare
2777 1251 3058 1320 judicium,
3091 1267 3216 1310 cum
3259 1255 3560 1310 nesciamus

1961 1343 2139 1392 utrum
2165 1353 2289 1393 vera
2318 1339 2425 1394 sint
2447 1349 2630 1411 gesta;
2657 1351 2749 1398 aut
2772 1342 2818 1397 si
2844 1358 2967 1398 vera
2997 1343 3126 1411 sint,
3154 1355 3364 1402 constet
3389 1349 3562 1416 magis

1960 1428 2379 1501 subterfugisse,
2423 1447 2582 1504 quam
2609 1447 2668 1488 se
2701 1441 2808 1490 tota
2853 1437 3082 1492 veritate
3114 1452 3370 1507 purgasse
3400 1439 3499 1510 (ιι).
3537 1459 3555 1492 ι

1965 1518 2166 1576 Videtis
2181 1534 2327 1579 certe
2350 1524 2401 1579 in
2421 1524 2503 1580 his
2518 1525 2716 1592 verbis,
2732 1527 3179 1598 quemadmodum
3201 1545 3334 1600 papa
3357 1530 3559 1588 beatis-

1961 1612 2130 1669 simus
2164 1613 2504 1674 Innocentius
2542 1632 2648 1674 non
2695 1627 2943 1690 tanquam
2992 1621 3062 1677 de
3108 1622 3377 1694 incognito
3415 1623 3560 1695 loqui

1963 1704 2226 1762 videatur.
2252 1707 2455 1764 Videtis
2485 1710 2698 1780 qualem
2745 1711 2926 1768 tulerit
2964 1712 3032 1770 de
3067 1713 3208 1769 illius
3247 1716 3561 1786 purgatione

1962 1799 2304 1855 sententiam.
2342 1799 2545 1858 Videtis
2570 1802 2698 1874 quid
2727 1819 3010 1860 successor
3029 1805 3147 1877 ejus
3183 1816 3399 1864 sanctus
3421 1822 3558 1880 papa

1959 1887 2206 1958 zosimus
2253 1892 2494 1950 recolere
2540 1891 2828 1961 debuerit,
2890 1895 3030 1951 sicut
3079 1897 3352 1965 recoluit,
3406 1907 3464 1954 ut
3505 1900 3560 1954 in

1962 1996 2030 2038 eo
2060 1983 2143 2038 sui
2185 1986 2526 2054 praecessoris
2547 1986 2807 2058 judicium
2849 1999 3055 2046 remota
3091 1993 3430 2050 cunctatione
3466 1993 3560 2048 lir-

1963 2084 2155 2130 maret.

2035 2165 2264 2224 CAPUT
2305 2167 2373 2222 Χ.
2404 2196 2476 2212 -
2516 2169 2602 2225 II.
2641 2169 2759 2226 Jam
2789 2185 2931 2227 nunc
2962 2171 3244 2244 diligenter
3267 2175 3557 2243 attendite,

1963 2255 2108 2312 unde
2155 2267 2482 2315 monstretur
2508 2261 2651 2331 quod
2692 2261 3007 2320 Palaestinos
3033 2263 3280 2335 Pelagius
3316 2265 3563 2322 fefellerit

1958 2348 2196 2420 iudices,
2230 2361 2291 2407 ut
2331 2353 2432 2424 alia
2478 2362 2703 2422 taceam,
2751 2356 2806 2411 in
2857 2355 2960 2412 hac
3007 2357 3122 2428 ipsa
3162 2359 3460 2428 quzestione
3494 2359 3564 2415 de

1964 2439 2293 2512 Baptismate
2348 2446 2688 2516 parvulorum
2733 2463 2748 2500 :
2793 2461 2864 2502 ne
2911 2446 3053 2504 forte
3094 2449 3324 2520 cuipiam
3349 2491 3365 2517 ,
3405 2449 3457 2505 in
3496 2466 3564 2507 eo

1963 2533 2105 2604 quod
2131 2533 2386 2604 diximus,
2410 2551 2534 2594 eum
2554 2551 2792 2606 sensum,
2821 2538 2874 2594 in
2901 2554 3008 2610 quo
3031 2539 3252 2596 liberior
3275 2541 3564 2598 leestius

1963 2624 2081 2692 fuit,
2110 2627 2262 2682 vobis
2291 2629 2592 2686 occultasse
2617 2629 2912 2701 Pelagium,
2933 2647 3055 2688 cum
3077 2634 3263 2703 etipse
3278 2649 3385 2689 non
3408 2633 3564 2689 alite:

1962 2718 2180 2785 sentiat,
2203 2719 2520 2776 calumniari
2555 2723 2730 2792 potius
2755 2723 2839 2778 vel
2866 2723 3146 2794 suspicari,
3171 2741 3330 2796 quam
3353 2734 3565 2782 certum

1964 2808 2164 2880 aliquid
2190 2811 2666 2882 comprehendisse
2689 2813 2990 2870 videamur.
3020 2814 3224 2886 Nempe
3258 2816 3369 2886 jam
3405 2831 3566 2888 supe-

1965 2903 2078 2960 rius
2102 2904 2233 2961 satis
2262 2906 2448 2962 claruit
2474 2949 2489 2974 ,
2521 2915 2804 2978 propterea
2835 2907 3150 2964 leestium
3191 2908 3430 2966 noluisse
3470 2909 3566 2965 da-

1965 3010 2152 3051 mnare
2167 2995 2310 3067 quod
2329 2995 2548 3064 dicitur,
2571 3016 2589 3050 ι
2615 2998 2746 3053 Adae
2770 3006 3046 3068 peccatum
3063 2998 3164 3070 ipsi
3187 3000 3285 3055 soli
3306 3000 3564 3067 obfuisse,

1966 3101 2074 3142 non
2099 3089 2280 3159 generi
2309 3087 2577 3156 humano;
2608 3099 2663 3145 et
2691 3088 2924 3146 infantes
2947 3089 3040 3161 qui
3075 3099 3385 3158 nascuntur,
3417 3091 3472 3146 in
3498 3107 3567 3148 eo

1965 3187 2106 3235 statu
2132 3194 2272 3248 esse,
2297 3180 2354 3236 in
2378 3196 2484 3252 quo
2509 3181 2680 3237 Adam
2707 3180 2808 3237 fuit
2827 3190 2952 3238 ante
2978 3182 3468 3252 prmvaricationem
3497 3199 3511 3237 :
3539 3201 3557 3236 ι

1966 3271 2090 3342 quia
2119 3271 2351 3340 videbat,
2378 3273 2422 3328 si
2453 3272 2554 3332 ista
2595 3272 2910 3339 damnaret,
2953 3271 3272 3329 confirmare
3309 3285 3370 3328 se
3399 3273 3451 3329 in
3479 3272 3565 3330 in-

1969 3360 2200 3419 fantibus
2249 3365 2454 3436 peccati
2507 3380 2578 3421 ex
2629 3365 2800 3422 Adam
2851 3365 3153 3421 transitum.
3205 3365 3333 3421 Ilaec
3383 3377 3567 3423 autem

1967 3468 2090 3510 cum
2119 3453 2342 3511 fuissent
2368 3455 2579 3526 objecta
2606 3455 2842 3526 Pelagio,
2874 3455 3018 3526 quod
3049 3471 3111 3510 ea
3141 3469 3264 3510 cum
3307 3457 3566 3513 leestio

1967 3550 2128 3605 etiam
2169 3550 2283 3620 ipse
2309 3548 2554 3618 sentiret,
2583 3551 2698 3606 sine
2729 3551 2833 3605 ulla
2863 3550 3238 3606 retractatione
3268 3549 3560 3606 damnavit.

1969 3643 2120 3712 Quod
2160 3644 2288 3700 licet
2311 3659 2406 3699 vos
2433 3644 2628 3714 legisse
2657 3645 2863 3709 sciam;
2898 3652 3074 3698 tamen
3120 3643 3242 3714 quia
3281 3660 3388 3698 nou
3433 3644 3566 3699 solio

1969 3735 2121 3790 vobis
2165 3734 2265 3790 hoc
2291 3734 2540 3790 scribitur
2559 3776 2575 3803 ,
2604 3750 2672 3790 ne
2699 3735 2874 3805 pigeat
2901 3736 3156 3790 lectorem
3183 3734 3250 3790 ad
3279 3735 3390 3806 ipsa
3417 3745 3564 3805 gesta

1969 3839 2268 3893 recurrere,
2300 3824 2385 3880 vel
2422 3825 2468 3880 si
2511 3839 2574 3880 ea
2617 3840 2725 3882 non
2773 3825 2935 3880 liabet
2963 3866 2979 3892 ,
3025 3825 3186 3880 etiam
3229 3839 3352 3880 cum
3383 3825 3569 3882 labore

1969 3919 2302 3991 perquirere,
2331 3918 2446 3990 ipsa
2475 3917 2600 3974 inde
2627 3917 2791 3974 verba
2823 3917 3250 3986 transcribimus,
3283 3935 3403 3990 quae
3429 3917 3568 3975 infra

1969 4013 2166 4082 scripta
2194 4020 2337 4068 sunt.

2039 4103 2269 4160 CAPUT
2305 4103 2400 4158 XI.
2429 4131 2503 4144 --
2528 4102 2616 4158 12.
2663 4121 2684 4155 ι
2730 4101 2979 4174 Synodus
3007 4101 3140 4157 dixit
3182 4121 3196 4157 :
3246 4101 3399 4158 Nunc
3437 4117 3570 4175 quo-

1971 4195 2114 4251 niam
2146 4194 2674 4268 anathematizaverit
2707 4195 2721 4226 ⁸
2756 4193 3003 4265 Pelagius
3033 4193 3296 4248 incertum
3336 4194 3571 4249 stultilou

1971 4291 2152 4360 quium
2178 4331 2194 4358 ,
2247 4297 2397 4346 recte
2439 4287 2796 4359 respondens,
2830 4286 3100 4343 hominem
3136 4302 3258 4342 cum
3304 4286 3570 4359 adjutorio

1972 4380 2066 4436 Dei
2094 4390 2148 4437 ct
2173 4381 2342 4452 gratia
2368 4395 2526 4451 posse
2545 4395 2668 4436 esse
2694 4383 3052 4451 ἀναμάρτητον,
3091 4377 3142 4434 id
3167 4388 3270 4446 est,
3298 4379 3414 4434 sine
3436 4394 3565 4450 pec-

1971 4482 2115 4542 cato,
2138 4472 2460 4544 respondeat
2483 4481 2538 4527 et
2562 4471 2630 4528 ad
2657 4471 2761 4528 alia
2801 4471 3053 4541 capitula.
3094 4472 3250 4543 Aliud
3276 4473 3568 4542 capitulum

1972 4566 2024 4620 in
2055 4565 2296 4621 doctrina
2315 4563 2553 4620 leestii
2582 4563 2832 4634 discipuli
2854 4561 3076 4633 Pelagii,
3101 4579 3168 4617 ex
3197 4563 3276 4618 cis
3302 4577 3420 4633 qua:
3443 4562 3570 4617 Car-

1973 4657 2187 4728 thagine
2211 4671 2240 4710 a
2267 4665 2454 4712 sancto
2485 4655 2700 4711 Aurelio
2724 4653 3130 4724 Carthaginensi
3163 4653 3417 4723 episcopo
3443 4667 3568 4708 cum

1971 4749 2089 4804 aliis
2123 4747 2390 4817 episcopis
2429 4746 2608 4802 audita
2652 4754 2779 4801 sunt
2807 4753 2861 4800 et
2899 4751 3312 4802 commemorata
3349 4759 3364 4796 :
3394 4743 3565 4798 Adam

1972 4840 2252 4896 mortalem
2279 4837 2474 4916 factum
2495 4880 2510 4905 ,
2544 4838 2632 4908 qui
2661 4837 2774 4893 sive
2801 4845 3066 4909 peccaret,
3095 4839 3209 4891 sive
3239 4851 3343 4890 non
3375 4851 3567 4906 pecca-

1972 4943 2074 5001 ret,
2102 4933 2394 4989 moriturus
2419 4939 2582 4988 esset.
2629 4932 2890 5000 Quoniam
2933 4939 3207 5002 peccatum
3237 4928 3366 4984 Ada:
3391 4929 3568 5000 ipsum

1972 5027 2144 5084 solum
2172 5025 2391 5093 laeserit,
2423 5033 2476 5080 et
2505 5040 2609 5078 non
2637 5039 2805 5095 genus
2833 5023 3146 5078 humanum.
3177 5022 3440 5089 Quoniam
3483 5021 3566 5078 lex

1972 5121 2051 5176 sic
2075 5121 2248 5174 mittat
2266 5118 2332 5173 ad
2355 5133 2600 5189 regnum,
2629 5115 3078 5187 quemadmodum
3110 5126 3164 5171 et
3190 5116 3564 5187 Evangelium.

1972 5213 2232 5282 Quoniam
2262 5221 2387 5268 ante
2415 5211 2700 5266 adventum
2728 5209 2923 5266 Christi
2953 5210 3149 5266 fuerint
3177 5210 3420 5264 homines
3449 5211 3567 5265 sine

1972 5315 2212 5376 peccato.
2236 5305 2496 5374 Quoniam
2525 5303 2753 5360 infantes
2779 5320 2948 5375 nuper
2967 5303 3075 5358 nati
3105 5304 3156 5357 in
3183 5319 3248 5358 eo
3275 5311 3414 5357 statu
3439 5303 3564 5368 sint,

1973 5397 2024 5451 in
2064 5412 2170 5467 quo
2220 5397 2387 5452 Adam
2433 5397 2528 5450 fuit
2580 5405 2704 5451 ante
2745 5397 3257 5466 prmvaricationem.
3305 5393 3566 5462 Quoniam

1971 5504 2146 5559 neque
2191 5504 2284 5556 per
2326 5497 2553 5542 mortem
2601 5488 2684 5543 vel
2723 5487 3214 5558 praevaricationem
3247 5486 3374 5540 Ada:
3403 5500 3566 5538 omne

1969 5595 2136 5648 genus
2167 5579 2439 5632 hominum
2471 5580 2750 5643 moriatur,
2781 5595 2955 5650 neque
2987 5594 3080 5648 per
3108 5576 3562 5632 resurrectionem

1969 5670 2164 5726 Christi
2212 5685 2372 5724 omne
2422 5685 2592 5738 genus
2651 5671 2926 5725 hominum
2981 5675 3241 5736 resurgat.
3297 5663 3562 5732 Quoniam

2032 5782 2048 5814 ¹
2075 5787 2124 5828 In
2145 5777 2271 5842 libro
2292 5778 2356 5828 de
2393 5781 2550 5828 Gestis
2585 5779 2782 5842 Pelagii,
2808 5793 2858 5827 n.
2888 5778 2962 5837 I6,
2991 5769 3420 5828 mtathcmaliznrit.
3457 5777 3568 5818 I-‘or-

1971 5853 2020 5895 te
2043 5841 2328 5899 legendum,
2353 5855 2462 5890 (mn
2483 5841 2904 5893 (ιιιίιιΙιεεηικιῐὶτίετε».
2925 5849 2976 5888 ιτ.

2033 5891 2328 5968 (ἀιίι-ἱδμιεί
2351 5906 2608 5952 Ian-emendi
2637 5891 3147 5964 ιιιιιὲιίριιιέιιδιὶιιὶαἰιαε
3171 5895 3270 5953 ιδδν
3285 5907 3366 5941 “no
3387 5891 3419 5940 3
3441 5897 3494 5939 εί
3515 5892 3547 5937 ³
