4144 6544
602 406 701 466 391

598 529 819 578 sanctus
874 522 1157 593 episeopus
1214 523 1539 594 Augustinus
1587 524 1842 578 adversus
1891 502 2183 594 discipulos

600 618 717 688 ejus
747 619 801 673 in
823 617 1002 674 Sicilia
1028 617 1303 688 respondit
1329 618 1528 673 Hilario
1551 618 1616 672 ad
1647 618 1882 688 subjecta
1907 618 2133 691 capitula
2166 660 2181 684 ,

599 708 842 762 scribens
884 708 1079 763 librum
1115 705 1190 780 (a)
1223 708 1276 762 in
1307 723 1416 779 quo
1464 708 1563 763 ista
1604 708 1942 762 continentur
1974 724 1988 761 :
2021 707 2185 761 Posse

598 797 869 854 hominem
896 798 1013 855 sine
1040 807 1258 868 peccato
1301 813 1421 853 esse
1441 839 1459 865 ,
1508 799 1551 853 si
1601 798 1724 854 velit
1755 816 1767 853 :
1801 797 2049 862 infantes,
2082 796 2184 852 etsi

596 905 702 946 non
743 889 1096 959 baptizenlur,
1127 888 1324 944 habere
1349 890 1508 944 vitam
1535 899 1786 945 aeternam
1819 907 1833 944 :
1867 889 2064 944 Divites
2087 888 2179 943 ba-

594 982 841 1050 ptizatos,
870 980 970 1035 nisi
993 981 1239 1036 omnibus
1266 981 1661 1047 abrenuntient,
1698 980 1743 1036 si
1782 981 1905 1051 quid
1930 980 2054 1037 boni
2082 980 2180 1034 visi

594 1074 794 1129 fuerint
828 1074 1024 1139 facere,
1058 1087 1163 1128 non
1194 1074 1426 1143 reputari
1456 1074 1583 1138 illis,
1616 1088 1791 1144 neque
1830 1087 2052 1144 regnum
2086 1073 2178 1128 Dei

594 1181 755 1235 posse
782 1179 876 1221 eos
904 1165 1120 1221 habere.
1165 1166 1410 1236 Pelagius
1447 1166 1582 1221 dixit
1610 1183 1625 1220 :
1658 1167 1734 1222 De
1776 1180 1933 1236 posse
1961 1166 2176 1236 quidem

594 1258 866 1313 hominem
892 1256 1010 1312 sine
1039 1266 1256 1327 peccato
1282 1270 1422 1325 esse,
1451 1256 1651 1312 dictum
1691 1266 1774 1311 est
1801 1256 2083 1327 superius.‘
2103 1257 2177 1312 De

591 1362 659 1402 eo
688 1356 866 1403 autem
896 1345 1035 1417 quod
1078 1345 1276 1402 fuerint
1315 1346 1561 1401 homines
1589 1354 1714 1402 ante
1739 1346 2025 1402 adventum
2066 1347 2175 1401 Do-

591 1438 722 1493 mini
747 1438 862 1493 sine
888 1445 1135 1508 peccato,
1167 1437 1394 1494 dicimus
1427 1447 1481 1493 et
1522 1451 1621 1492 nos
1645 1437 1895 1509 quoniam
1923 1446 2049 1493 ante
2078 1437 2174 1491 ad-

591 1539 807 1585 ventum
873 1528 1071 1584 Christi
1134 1528 1381 1585 vixerunt
1422 1526 1637 1598 quidam
1682 1534 1867 1583 sancte
1902 1541 1966 1583 ac
1989 1528 2131 1598 juste
2156 1569 2171 1594 ,

589 1620 883 1677 secundum
922 1619 1315 1689 Scripturarum
1343 1628 1645 1675 sanctarum
1673 1618 2012 1674 traditionem
2047 1640 2061 1675 :
2090 1635 2175 1675 re—

587 1712 731 1782 liqua
768 1725 896 1767 vero
921 1719 977 1767 et
1003 1710 1293 1766 secundum
1324 1710 1563 1780 ipsorum
1606 1710 1967 1765 testimonium
1988 1752 2002 1775 ,
2049 1711 2172 1781 quia

584 1804 689 1859 ista
732 1816 837 1858 non
877 1809 1002 1858 sunt
1041 1815 1137 1872 pro
1181 1802 1375 1872 quibus
1413 1815 1511 1872 ego
1538 1800 1845 1856 satisfacere
1880 1799 2104 1857 debeam
2128 1803 2170 1868 ί,

587 1894 684 1950 sed
735 1903 912 1950 tamen
956 1892 1023 1948 ad
1057 1892 1478 1950 satisfactionem
1519 1901 1718 1948 sancta:
1765 1890 1999 1964 Synodi,
2044 1906 2174 1946 ana-

588 1986 875 2043 thematizo
911 1999 1007 2042 eos
1040 1984 1131 2056 qui
1176 1986 1256 2043 sic
1289 1993 1507 2052 tenent,
1547 1993 1638 2040 aut
1674 1983 1959 2055 aliquando
1987 1993 2170 2040 tenue-

583 2085 727 2131 runt.
768 2096 788 2130 ι

654 2167 882 2224 CAPUT
919 2166 1035 2224 XII.
1067 2197 1144 2211 —
1172 2168 1260 2224 i3.
1291 2168 1450 2233 Ecce,
1485 2175 1543 2223 ut
1571 2167 1672 2222 alia
1692 2167 1954 2234 omittam,
1978 2166 2169 2222 videtis

580 2258 1057 2316 anathematizasse
1077 2256 1346 2330 Pelagium
1367 2272 1461 2314 eos
1485 2252 1577 2329 qhi
1599 2265 1800 2326 tenent,
1829 2276 1849 2311 ι
1877 2257 2019 2328 quod
2038 2258 2167 2313 Adm

580 2362 859 2423 peccatum
888 2352 1059 2422 ipsum
1087 2351 1261 2406 solum
1288 2350 1505 2415 iusserit,
1534 2359 1590 2406 et
1628 2365 1733 2406 non
1769 2365 1939 2422 genus
1981 2349 2169 2406 huma-

582 2453 822 2513 num;et
850 2444 991 2516 quod
1040 2442 1267 2500 infantes
1310 2443 1402 2514 qui
1446 2450 1753 2509 nascuntur,
1807 2443 1863 2497 in
1908 2456 1973 2498 eo
2023 2450 2164 2497 statu

579 2540 707 2605 sint,
736 2539 790 2593 in
816 2551 922 2608 quo
948 2537 1116 2592 Adam
1146 2536 1243 2592 fuit
1271 2543 1396 2591 ante
1423 2535 1933 2605 praevaricationem.
1973 2551 1993 2587 ι
2026 2533 2162 2601 Quid

580 2644 710 2700 ergo
736 2626 823 2683 hic
845 2627 990 2683 aliud
1013 2627 1247 2699 episcOpi
1270 2625 1484 2697 judices
1512 2626 1810 2697 intelligere
1835 2633 2158 2696 potuerunt,

580 2720 684 2774 nisi
707 2734 829 2775 eum
854 2717 1116 2785 confiteri,
1156 2717 1296 2789 quod
1330 2726 1605 2787 peccatum
1645 2732 1711 2773 ex
1756 2717 1927 2772 Adam
1961 2715 2017 2771 in
2043 2731 2161 2787 par-

582 2811 732 2866 vnlos
759 2810 1027 2865 transeat?
1050 2808 1201 2878 Quod
1228 2824 1296 2866 ne
1324 2809 1670 2866 confiteretur
1696 2808 2003 2877 leestius,
2044 2808 2162 2863 base

578 2901 835 2963 damnare
856 2900 1044 2967 noluit,
1068 2915 1187 2970 qua:
1210 2899 1312 2957 iste
1336 2899 1626 2956 damnavit.
1656 2898 1885 2955 Proinde
1910 2899 1955 2955 si
1979 2907 2162 2956 osten-

577 2995 710 3051 dero
725 3036 740 3062 ,
770 2994 930 3051 etiam
957 2994 1131 3064 ipsum
1157 2992 1288 3048 nihil
1310 2994 1452 3049 aliud
1473 2994 1671 3050 sentire
1690 2994 1757 3050 de
1779 2994 2032 3065 parvulis,
2057 2994 2159 3049 nisi

578 3087 721 3158 quod
746 3088 861 3143 sine
888 3087 992 3142 ulla
1018 3089 1326 3159 cujusquam
1352 3087 1464 3142 vitii
1491 3086 1807 3156 contagione
1828 3098 2155 3154 nascuntur;

573 3179 704 3249 quid
729 3180 867 3233 inter
892 3179 1049 3233 istum
1070 3187 1125 3234 et
1142 3178 1450 3234 leestium
1477 3180 1530 3233 in
1552 3178 1650 3232 hac
1672 3179 1964 3249 quaestione
1989 3177 2158 3232 dista-

576 3271 674 3338 bit,
706 3271 807 3326 nisi
846 3270 986 3341 quod
1030 3270 1119 3326 ille
1155 3271 1409 3341 apertior,
1458 3262 1559 3324 iste
1604 3268 1862 3324 occultior
1903 3267 2033 3335 fuit;
2070 3268 2159 3324 ille

573 3362 928 3433 pertinacior,
972 3361 1073 3417 iste
1111 3360 1452 3428 mendacior;
1484 3361 1566 3415 vel
1595 3369 1741 3414 certe
1771 3360 1861 3415 ille
1895 3358 2114 3415 liberior
2137 3400 2152 3422 ,

575 3460 659 3513 hic
687 3458 943 3514 astutior'!
969 3457 1059 3513 ille
1086 3457 1227 3512 enim
1258 3470 1358 3511 nec
1391 3456 1446 3510 in
1484 3454 1720 3510 Ecclesia
1747 3452 2152 3533 carthaginensi

570 3551 825 3606 damnare
866 3550 1053 3619 voluit,
1094 3549 1237 3621 quod
1275 3551 1328 3604 in
1364 3548 1605 3603 Romana
1648 3556 1829 3618 postea
1869 3561 1930 3602 se
1970 3557 2154 3601 tenere

569 3644 846 3700 confessus
873 3652 973 3709 est,
1003 3653 1058 3699 et
1078 3643 1266 3713 corrigi
1292 3652 1524 3713 paratum
1543 3658 1597 3696 se
1621 3657 1728 3697 esse
1756 3638 2025 3709 professus
2042 3646 2148 3705 est,

567 3736 613 3790 si
638 3737 683 3791 ei
708 3745 945 3807 tanquam
974 3735 1164 3790 homini
1187 3751 1326 3790 error
1350 3733 1588 3804 obrepsit.
1615 3734 1720 3788 iste
1739 3740 1918 3787 autem
1944 3740 1999 3787 et
2023 3731 2151 3785 illud

567 3829 756 3897 dogma
778 3827 1050 3885 damnavit
1070 3837 1318 3898 tanquam
1339 3825 1664 3882 contrarium
1687 3823 1917 3886 veritati.
1933 3834 2012 3877 ne
2040 3822 2153 3893 ipse

565 3934 595 3973 a
624 3919 897 3975 catholicis
922 3919 1189 3990 judicibus
1215 3917 1688 3980 damnareturpet
1730 3913 1783 3969 id
1825 3913 1927 3970 sibi
1967 3913 2151 3969 defen—

563 4012 795 4067 dendum
826 4021 1010 4083 postea
1047 4011 1359 4078 reservavit,
1386 4018 1477 4065 aut
1501 4008 1832 4064 mendaciter
1852 4006 2113 4063 damnans
2133 4049 2147 4074 ,

561 4114 653 4159 aut
679 4105 868 4163 callide
893 4106 1271 4177 interpretans.

629 4215 854 4273 CAPUT
872 4216 1020 4289 λιιι.
1049 4249 1120 4257 -
1150 4217 1237 4272 14.
1283 4215 1388 4271 Sed
1428 4213 1584 4270 video
1611 4212 1677 4269 de
1703 4229 1790 4270 me
1821 4210 1929 4284 jam
1965 4213 2151 4285 justis-

559 4308 693 4363 sime
722 4309 1003 4378 postulari,
1034 4318 1090 4362 ut
1127 4307 1267 4378 quod
1301 4306 1549 4377 promisi,
1594 4313 1768 4360 utrum
1798 4312 1852 4361 et
1892 4305 2006 4375 ipse
2048 4305 2150 4362 hoc

559 4398 753 4453 sentiat
788 4398 927 4467 quod
963 4397 1278 4463 Caelesrius,
1325 4394 1696 4451 demonstrare
1736 4408 1841 4449 non
1882 4393 2142 4450 differam.

558 4487 613 4542 in
645 4488 817 4558 primo
853 4488 989 4543 libro
1035 4486 1352 4543 recentioris
1392 4485 1570 4555 operis
1599 4484 1712 4553 sui,
1756 4485 1898 4555 quod
1935 4486 2147 4556 scripsit

558 4596 654 4649 pro
692 4578 886 4635 Libero
936 4578 1211 4646 Arbitrio,
1241 4576 1397 4647 cujus
1443 4576 1622 4646 operis
1672 4576 1724 4630 in
1785 4576 1971 4630 litteris
2016 4591 2147 4645 quas

558 4673 780 4727 Romam
822 4672 999 4739 misit,
1027 4671 1589 4727 commemorationem
1627 4669 1751 4725 fecit
1779 4687 1792 4723 ε
1847 4688 1866 4723 ι
1899 4669 2088 4736 Οιιιηε,
2121 4690 2138 4723 ι

557 4762 756 4834 inquit,
811 4781 830 4813 ‹
866 4762 1063 4818 bonum
1090 4776 1154 4815 ac
1203 4759 1402 4814 malum
1424 4802 1439 4827 ,
1477 4775 1582 4830 quo
1612 4759 1694 4815 vel
1724 4759 2016 4816 laudabiles
2059 4761 2143 4815 vel

554 4855 928 4925 vituperabiles
954 4867 1159 4920 sumus,
1190 4868 1295 4907 non
1324 4852 1596 4907 nobiscum
1629 4852 1817 4920 oritur,
1847 4853 1941 4908 sed
1972 4854 2144 4924 agitur

554 4959 582 5000 a
615 4946 767 5001 nobis
794 4962 807 4997 :
839 4959 1060 5015 capaces
1099 4943 1242 5000 enim
1275 4944 1547 5013 utriusque
1584 4944 1694 5010 rei,
1726 4960 1829 4998 non
1868 4945 2008 5013 pleni
2046 4960 2141 4999 na-

551 5044 769 5109 scimur,
785 5047 839 5094 et
865 5048 920 5094 ut
943 5040 1058 5095 sine
1080 5039 1295 5105 virtute,
1317 5038 1385 5093 ita
1406 5046 1459 5093 et
1484 5038 1597 5093 sine
1622 5038 1748 5093 vitio
1769 5051 2136 5109 procreamur:

550 5144 709 5204 atque
751 5141 874 5188 ante
906 5133 1171 5188 actionem
1200 5132 1429 5202 propria:
1457 5132 1765 5201 voluntatis,
1811 5132 1861 5187 id
1889 5133 2060 5188 solum
2088 5132 2140 5188 in

551 5226 765 5308 homine
793 5236 894 5291 est,
925 5226 1066 5296 quod
1098 5226 1238 5281 Deus
1263 5225 1550 5280 condidit.»
1599 5226 1801 5297 Nempe
1832 5227 2051 5282 cernitis
2087 5228 2139 5284 in

552 5308 635 5373 his
665 5317 861 5387 Pelagii
881 5317 1078 5385 verbis,
1102 5317 1245 5388 quod
1267 5316 1454 5387 dogma
1482 5318 1819 5374 contineatur
1837 5319 2138 5388 amborum,

548 5409 616 5464 de
671 5409 902 5479 parvulis
946 5408 1062 5464 sine
1122 5407 1277 5463 ullius
1319 5408 1430 5463 vitii
1487 5410 1550 5463 ex
1607 5409 1776 5465 Adam
1826 5410 2141 5481 contagione

549 5499 911 5555 nascentibus.
966 5498 1082 5553 Non
1126 5498 1304 5570 itaque
1347 5498 1541 5554 mirum
1580 5509 1690 5566 est,
1736 5499 1879 5571 quod
1926 5514 2020 5556 eos
2049 5502 2138 5572 qui

609 5631 629 5664 ί
653 5637 703 5698 In
729 5629 915 5698 eodem
939 5628 1082 5691 libro,
1107 5643 1156 5679 ιι.
1178 5629 1259 5698 24,
1293 5628 1482 5696 reliqua
1509 5644 1622 5683 vero
1658 5637 1705 5683 et
1726 5632 1991 5698 secundum
2004 5596 2140 5698 ipso-

546 5704 657 5761 runt
678 5690 999 5761 testimonium
1020 5706 1051 5761 ᾳ
1070 5690 1149 5743 me
1172 5690 1305 5761 dicta
1334 5690 1427 5744 non
1460 5700 1588 5761 sunt,
1612 5707 1702 5759 pro
1724 5694 1895 5759 quibus
1922 5690 2042 5761 cgo'
2060 5709 2139 5747 sa-

544 5756 768 5865 :‘sfétfere
811 5766 906 5804 non
949 5753 1116 5805 debeo.
1161 5755 1336 5805 Eadem
1376 5757 1529 5806 verba
1577 5753 1869 5820 repetuntur
1918 5753 2136 5823 ibidem,

715 5878 917 5939 Epistula
963 5882 1065 5943 an,
1091 5880 1149 5931 ad
1174 5879 1420 5931 Hilarium.

1875 410 1931 465 S.
1976 408 2012 465 Α
2026 410 2336 466 [IGUSTINI
2381 402 2685 470 EPISCOi’l

3792 422 3900 485 3'12

2300 526 2521 591 dicunt,
2559 549 2577 580 ι
2613 530 2741 583 Adae
2774 534 3046 601 peccatum
3095 534 3192 604 ipsi
3236 535 3336 590 soli
3382 534 3651 607 obfuisse,
3683 552 3740 597 et
3784 560 3893 600 non

2291 617 2481 685 generi
2531 618 2800 685 humano;
2847 631 2901 676 et
2946 621 3177 679 infantes
3213 627 3302 696 qui
3347 640 3677 700 nascuntur,
3723 633 3776 689 in
3824 652 3894 692 eo

2289 715 2426 760 statu
2455 723 2577 764 esse
2603 750 2617 776 ,
2649 710 2701 764 in
2729 726 2833 779 quo
2864 711 2959 767 fuit
2986 713 3155 769 Adam
3184 725 3307 771 ante
3336 722 3883 791 praevaricationem,»

2288 797 2571 855 leestius
2613 800 2867 858 damnare
2909 805 3079 861 noluit
3110 825 3123 861 :
3152 809 3246 863 sed
3291 811 3516 867 multum
3545 816 3741 871 mirum
3780 827 3885 885 est,

2287 906 2390 960 qua
2416 890 2588 949 fronte
2618 893 2864 965 Pelagius
2910 897 3008 952 ista
3049 897 3400 957 damnaverit.
3448 904 3501 961 Si
3530 906 3673 962 enim
3699 949 3715 974 ,
3748 911 3888 966 sicut

2285 981 2444 1048 dicit,
2500 1001 2519 1034 ι
2554 984 2750 1039 malum
2783 1002 2888 1041 non
2937 987 3211 1045 nobiscum
3260 993 3470 1061 oritur,
3512 1005 3564 1051 et
3603 998 3721 1054 sine
3756 1000 3887 1056 vitio

2285 1069 2660 1146 procreamur,
2692 1088 2850 1150 atque
2886 1089 3010 1138 ante
3035 1084 3298 1140 actionem
3343 1090 3569 1158 propria:
3596 1092 3885 1148 voluntatis

2283 1169 2334 1223 id
2357 1171 2527 1225 solum
2558 1173 2610 1225 in
2641 1171 2855 1228 homine
2883 1183 2965 1229 est
2984 1216 2999 1240 ,
3028 1176 3169 1243 quod
3197 1177 3337 1233 Deus
3376 1181 3653 1248 condidit;
3697 1201 3717 1236 ι
3754 1198 3882 1254 pro-

2282 1256 2422 1314 fecto
2463 1271 2736 1330 peccatum
2766 1262 2896 1318 Ada:
2922 1264 3022 1335 ipsi
3062 1266 3162 1321 soli
3188 1268 3388 1334 obfuit,
3434 1272 3555 1341 quia
3596 1274 3797 1329 nullum
3826 1276 3879 1331 in

2283 1350 2481 1418 prolem
2513 1352 2790 1407 transitum
2817 1352 2961 1409 fecit.
3009 1354 3128 1410 Non
3157 1358 3299 1412 enim
3330 1370 3609 1430 peccatum
3656 1380 3762 1419 non
3794 1376 3878 1421 est

2281 1441 2478 1536 malum
2503 1484 2515 1504 ,
2549 1453 2639 1536 aut
2672 1452 2945 1514 peccatum
2973 1461 3077 1502 non
3107 1456 3190 1503 est
3224 1450 3410 1505 vitium
3433 1494 3448 1518 ,
3476 1462 3569 1507 aut
3599 1465 3882 1536 peccaturi;

2281 1529 2421 1585 Deus
2449 1531 2706 1588 condidit.
2749 1534 2884 1589 Dicit
2907 1544 3086 1591 autem
3119 1538 3240 1606 iste,
3274 1558 3292 1591 ι
3330 1540 3523 1596 Malum
3556 1556 3662 1599 non
3686 1529 3877 1601 nobis;

2278 1636 2399 1677 cum
2425 1624 2593 1678 oritur
2616 1666 2631 1690 ,
2669 1633 2724 1680 et
2749 1626 2866 1681 sine
2907 1628 3036 1681 vitio
3067 1644 3415 1699 procreamur
3436 1675 3450 1699 ,
3483 1643 3538 1689 et
3564 1634 3667 1691 hoc
3697 1638 3878 1693 solum

2278 1723 2360 1767 est
2381 1715 2432 1769 in
2469 1718 2830 1786 nascentibus,
2858 1720 3000 1790 quod
3032 1721 3172 1777 Deus
3216 1724 3506 1780 condidit.»
3543 1730 3621 1784 Ac
3649 1744 3744 1799 per
3766 1731 3877 1788 hoc

2277 1817 2396 1858 cum
2444 1823 2463 1856 ι
2503 1815 2776 1876 peccatum
2820 1808 2951 1865 Adae
2980 1810 3080 1881 ipsi
3107 1811 3206 1867 soli
3233 1814 3505 1884 obfuisse,
3538 1834 3644 1874 non
3687 1823 3879 1891 generi

2277 1893 2563 1965 humano,»
2594 1898 2885 1955 secundum
2910 1901 3066 1957 istam
3098 1918 3248 1960 suam
3272 1909 3590 1965 sententiam
3609 1953 3623 1975 ,
3651 1914 3874 1968 verissi-

2275 2000 2419 2040 mum
2443 1994 2610 2056 putet,
2633 2003 2727 2044 cur
2748 1988 2853 2046 hoc
2877 1989 3145 2048 damnavit
3168 1993 3436 2067 Pelagius,
3467 1999 3568 2055 nisi
3591 2010 3648 2057 ut
3663 2001 3876 2071 judices

2272 2078 2519 2134 catholici
2552 2080 2905 2138 fallerentur?
2951 2083 3210 2141 Similiter
3248 2088 3409 2144 etiam
3451 2090 3578 2147 illud
3622 2093 3733 2149 dici
3772 2112 3874 2165 po-

2274 2177 2376 2223 test
2408 2187 2421 2224 :
2460 2187 2480 2222 ι
2510 2169 2565 2227 Si
2594 2172 2789 2228 malum
2821 2189 2924 2229 non
2956 2177 3234 2233 nobiscum
3263 2181 3435 2236 oritur
3458 2223 3473 2249 ,
3516 2192 3571 2239 et
3596 2185 3713 2241 sine
3739 2187 3873 2243 vitio

2274 2277 2654 2332 procreamur,
2703 2264 2862 2337 idque
2904 2267 3080 2323 solum
3117 2279 3200 2325 est
3248 2272 3300 2326 in
3331 2272 3549 2331 homine
3590 2288 3867 2345 nascente,

2269 2352 2409 2422 quod
2441 2354 2579 2409 Deus
2596 2355 2869 2424 condidit;
2918 2374 2937 2410 ι
2971 2360 3157 2428 procul
3184 2360 3367 2432 dubio,
3402 2381 3422 2417 ι
3457 2367 3545 2437 qui
3578 2379 3875 2425 nascuntur

2269 2442 2520 2513 infantes,
2548 2445 2602 2501 in
2629 2461 2694 2502 eo
2719 2456 2860 2503 statu
2886 2459 3031 2518 sunt,
3055 2452 3107 2506 in
3129 2468 3237 2523 quo
3261 2454 3431 2511 Adam
3459 2456 3559 2513 fuit
3577 2469 3703 2517 ante
3727 2477 3872 2532 pra:-

2268 2536 2665 2605 varicationem,
2695 2558 2715 2592 ι
2745 2541 2831 2595 cui
2864 2542 3067 2597 nullum
3112 2543 3309 2602 ma'lum
3335 2549 3626 2622 vitiumque
3660 2552 3859 2623 inerat,

2267 2637 2426 2699 atque
2455 2627 2507 2683 id
2536 2629 2710 2685 solum
2748 2630 2802 2686 in
2841 2632 2935 2688 illo
2979 2643 3125 2702 erat,
3180 2639 3320 2708 quod
3355 2639 3496 2696 Deus
3526 2643 3866 2702 condiderat.

2269 2720 2332 2775 Et
2362 2728 2539 2776 tamen
2570 2723 3042 2782 anathematizavit
3084 2728 3360 2800 Pelagius,
3396 2728 3538 2804 (qui
3567 2744 3749 2792 tenent
3777 2750 3868 2794 aut

2264 2808 2554 2880 aliquando
2604 2822 2917 2880 tenuerunt,
2965 2817 3017 2871 in
3059 2833 3124 2874 eo
3153 2828 3297 2876 statu
3340 2836 3461 2879 esse
3507 2838 3756 2883 recentes
3798 2832 3869 2887 ab

2265 2909 2387 2957 ortu
2430 2904 2707 2973 parvulos,
2737 2906 2788 2960 in
2831 2923 2938 2977 quo
2961 2909 3129 2965 Adam
3169 2910 3267 2968 fuit
3307 2925 3432 2970 ante
3466 2920 3866 2989 prazvaricatio-

2264 3007 2407 3087 nem,
2439 3012 2460 3047 ι
2495 2993 2548 3050 id
2575 3005 2676 3065 est,
2705 2997 2821 3053 sine
2839 2999 2945 3055 ullo
2970 3002 3131 3069 malo,
3158 3003 3274 3059 sine
3302 3005 3412 3061 ullo
3438 3008 3587 3076 vitio,
3617 3010 3667 3065 id
3692 3012 3865 3087 solum

2265 3083 2554 3152 habentes,
2601 3088 2744 3157 quod
2791 3088 2932 3144 Deus
2973 3092 3230 3149 condidit.
3286 3096 3483 3168 thuid
3519 3115 3648 3172 ergo
3676 3113 3733 3158 et
3757 3083 3864 3162 hoc

2263 3176 2534 3232 damnavit
2573 3177 2846 3250 Pelagius,
2889 3183 2990 3236 nisi
3018 3193 3077 3239 ut
3120 3180 3659 3262 catholica‘synodus
3708 3193 3863 3251 falle-

2261 3277 2431 3335 retur,
2461 3285 2528 3325 ne
2554 3285 2725 3325 novus
2750 3269 3036 3329 haereticus
3063 3274 3459 3333 damnaretur?

2331 3360 2559 3417 CAPUT
2587 3360 2729 3417 XIV.
2751 3392 2822 3404 -
2849 3365 2936 3420 15.
2964 3366 3116 3432 Quod
3146 3378 3323 3424 autem
3349 3371 3521 3439 scitis,
3553 3381 3608 3429 et
3636 3374 3777 3445 quod
3806 3377 3860 3432 in
3894 3414 3901 3419 μ

2259 3466 2326 3507 eo
2354 3455 2510 3509 etiam
2544 3454 2680 3510 libro
2709 3457 2895 3525 posui,
2927 3472 3085 3529 quem
3132 3459 3200 3515 de
3227 3463 3393 3531 gestis
3440 3463 3745 3522 Palaestinis
3791 3467 3857 3523 ad

2259 3543 2617 3599 venerabilem
2662 3557 2847 3603 senem
2891 3558 3135 3606 nostrum
3164 3552 3441 3609 Aurelium
3488 3556 3708 3626 scripsi,
3766 3560 3860 3616 illa

2258 3648 2360 3703 ego
2389 3635 2405 3666 ¹
2434 3638 2786 3707 responsione
2826 3638 3057 3711 Pelagii,
3104 3649 3267 3697 totam
3315 3644 3467 3700 istam
3509 3648 3857 3718 quaestionem

2257 3734 2626 3794 consumptam
2650 3742 2769 3782 esse
2794 3729 3110 3799 gaudebam,
3140 3733 3527 3806 confessusque
3548 3737 3676 3791 mihi
3702 3755 3865 3810 apero.

2259 3814 2463 3869 tissime
2483 3815 2780 3885 videbatur,
2802 3834 2922 3874 esse
2944 3819 2996 3874 in
3020 3822 3253 3890 parvulis
3268 3825 3526 3895 originale
3548 3840 3849 3898 peccatum,

2257 3904 2536 3961 anathema
2561 3905 2788 3963 dicendo
2814 3909 2893 3964 eis
2920 3912 3011 3982 qui
3043 3922 3263 3981 peccato
3284 3915 3415 3970 Adae
3444 3916 3615 3988 ipsum
3649 3920 3852 3989 solum,

2257 4010 2361 4049 non
2383 3997 2544 4051 etiam
2566 4011 2735 4068 genus
2764 3998 3051 4057 humanum
3079 4004 3361 4061 crederent
3390 4007 3595 4077 lmsum,
3624 4020 3680 4067 et
3707 4013 3759 4066 in
3787 4028 3853 4068 eo

2255 4095 2397 4139 statu
2431 4086 2778 4157 opinarentur
2817 4104 2940 4147 esse
2981 4095 3266 4163 parvulos,
3311 4096 3365 4151 in
3413 4114 3520 4169 quo
3563 4101 3658 4156 ille
3690 4102 3852 4157 homo

2257 4176 2457 4246 primus
2490 4186 2616 4233 ante
2655 4182 3148 4249 praevaricationem
3198 4184 3315 4241 fuit.
3367 4187 3471 4243 Sed
3516 4202 3701 4261 postea
3731 4209 3850 4248 cum

2255 4266 2498 4337 legissem
2526 4280 2753 4340 quatuor
2774 4272 2891 4342 ejus
2914 4273 3100 4344 libros,
3133 4275 3202 4333 de
3236 4292 3467 4347 quorum
3503 4283 3678 4351 primo
3710 4285 3852 4341 libro

2253 4359 2410 4428 paulo
2446 4368 2571 4415 ante
2605 4373 3023 4420 commemorata
3065 4367 3229 4422 verba
3278 4368 3568 4442 descripsi,
3611 4383 3667 4430 et
3707 4376 3853 4431 inve-

2254 4449 2452 4503 nissem
2487 4448 2758 4506 hominem
2796 4453 2971 4511 adhuc
3012 4466 3199 4512 contra
3239 4460 3561 4517 catholicam
3590 4463 3752 4520 fidem
3781 4466 3851 4521 de

2251 4539 2484 4610 parvulis
2512 4542 2867 4611 sentientem;
2917 4546 3035 4616 plus
3060 4550 3080 4581 ²
3110 4550 3293 4607 mirari
3318 4555 3485 4624 coepi,
3523 4566 3630 4612 tam
3671 4559 3849 4629 impu-

2252 4630 2385 4685 dens
2413 4632 2469 4687 in
2513 4634 2873 4691 ecclesiastico
2913 4638 3115 4707 judicio
3158 4652 3211 4697 et
3245 4644 3315 4699 de
3360 4654 3501 4702 tanta
3552 4651 3850 4719 qumstione

2251 4723 2605 4779 mendacium.
2663 4729 2721 4782 Si
2755 4730 2897 4784 enim
2929 4734 3145 4788 eosdem
3174 4736 3339 4792 libros
3379 4747 3503 4794 ante
3548 4747 3658 4811 jam
3712 4744 3850 4798 scri-

2252 4825 2430 4884 pserat
2446 4856 2461 4884 ,
2486 4818 2755 4886 quomodo
2779 4834 2838 4876 se
2858 4822 2993 4878 dixit
3015 4828 3617 4900 eounathematizare,
3650 4838 3741 4907 qui
3770 4840 3849 4893 sic

2248 4907 2533 4977 aliquando
2586 4913 2921 4973 tenuerunt?
2963 4915 3016 4970 Si
3066 4928 3243 4973 autem
3291 4935 3473 4991 postea
3526 4925 3657 4981 illud
3712 4943 3849 4999 opus

2250 5000 2516 5068 pollicitus
2557 5002 2577 5033 ³
2617 5013 2733 5069 εει,
2781 5009 3049 5076 quomodo
3105 5012 3573 5072 anathematizavit
3619 5021 3712 5089 qui
3770 5021 3846 5077 sic

2251 5093 2480 5148 tenent?
2515 5094 2625 5149 Nisi
2672 5097 2894 5155 ridicule
2922 5100 3058 5158 forte
3086 5102 3325 5162 dicturus
3352 5117 3463 5174 est,
3509 5125 3603 5166 eos
3644 5128 3705 5169 se
3748 5114 3846 5169 da-

2255 5199 2470 5241 mnasse
2492 5187 2585 5257 qui
2608 5188 2686 5244 sic
2707 5189 2992 5262 aliquando
3015 5205 3321 5268 tenuerunt,
3337 5211 3390 5255 et
3405 5203 3492 5272 qui
3510 5204 3588 5259 sic
3619 5214 3842 5275 tenent;

2247 5275 2317 5332 de
2343 5286 2584 5347 tempore
2608 5288 2785 5336 autem
2808 5281 2989 5339 futuro
3014 5328 3028 5354 ,
3071 5287 3124 5342 id
3150 5297 3263 5355 est,
3304 5292 3382 5345 eis
3410 5294 3602 5362 quisic
3630 5295 3843 5356 fuerant

2246 5370 2534 5438 retenturi,
2563 5385 2664 5426 nec
2690 5373 2812 5441 sibi,
2840 5390 2941 5430 nec
2967 5379 3084 5434 aliis
3104 5382 3453 5452 praejudicare
3476 5387 3719 5455 potuisse
3744 5406 3761 5455 ;
3788 5401 3842 5446 et

2248 5463 2368 5520 ideo
2396 5478 2503 5519 non
2531 5465 2696 5522 fuisse
2724 5470 3010 5525 mentitum
3032 5514 3046 5538 ,
3078 5474 3202 5544 quia
3241 5485 3424 5545 postea
3468 5478 3842 5550 deprehensus

2244 5563 2326 5610 est
2354 5554 2433 5609 sic
2483 5564 2687 5612 tenere.
2740 5557 2846 5614 Sed
2878 5576 2986 5616 non
3030 5562 3133 5619 hoc
3160 5564 3321 5634 dicit,
3354 5585 3461 5625 non
3500 5572 3673 5627 solum
3717 5577 3841 5646 quia

2245 5646 2522 5702 ridiculum
2559 5656 2672 5714 est,
2713 5650 2809 5705 sed
2847 5653 2969 5722 quia
3011 5671 3193 5713 verum
3223 5672 3343 5716 esse
3382 5678 3485 5719 non
3534 5674 3731 5735 potest.
3782 5665 3840 5723 in

2312 5762 2329 5836 ξ
2356 5761 2430 5836 sic
2448 5768 2551 5836 Mss.
2572 5768 2628 5836 At
2650 5761 2786 5836 editi,
2803 5777 2936 5836 ergo.

2310 5823 2329 5890 ξ
2361 5828 2455 5890 sm.
2482 5828 2555 5871 Er.
2584 5830 2779 5890 ειμιεεη
2805 5823 2939 5890 prius

2313 5885 2333 5917 ³
2362 5889 2517 5948 Forte,
2542 5883 2755 5938 molitus.
