4170 6524
371 396 481 463 593

368 521 576 577 eisdem
612 516 810 590 quippe
848 507 997 572 libris
1018 557 1033 582 ,
1064 524 1117 569 et
1159 522 1342 569 contra
1372 512 1573 583 peccati
1618 526 1687 566 ex
1720 508 1887 565 Adam
1920 510 1971 564 in

372 613 623 685 parvulos
663 608 944 665 transitum
986 607 1254 678 loquitur,
1300 616 1355 662 et
1386 604 1455 661 de
1482 607 1646 675 gestis
1674 604 1975 660 Palaestina:

370 706 564 780 synodi
608 706 892 776 gloriatur,
935 701 1023 757 ubi
1072 716 1166 756 eos
1204 700 1293 771 qui
1342 699 1422 755 sic
1457 706 1674 766 tenent,
1715 696 1977 751 veraciter

371 796 660 851 damnasse
688 803 901 864 putatus
926 801 1029 858 est,
1051 800 1106 848 et
1130 790 1526 847 absolutionem
1557 803 1707 844 suam
1741 785 1976 842 fallendo

373 884 579 942 fundus
604 894 705 950 est.

444 977 671 1034 CAPUT
694 975 811 1032 XV.
834 1005 907 1018 -—
926 975 1013 1031 l6.
1036 973 1174 1043 Quid
1196 974 1337 1029 enim
1354 971 1422 1028 ad
1443 986 1581 1035 rem.
1612 970 1681 1027 de
1701 985 1804 1041 qua
1831 983 1976 1025 nunc

371 1073 612 1140 agimus,
669 1067 938 1138 pertinet,
985 1065 1127 1136 quod
1176 1064 1457 1135 discipulis
1507 1062 1619 1121 suis
1660 1060 1971 1131 respondet,

375 1178 400 1211 ι
435 1159 555 1214 ideo
583 1173 644 1213 se
684 1160 768 1213 illa
796 1158 999 1227 objecta
1032 1157 1359 1222 damnasse,
1390 1154 1514 1225 quia
1554 1161 1611 1209 et
1659 1152 1775 1223 ipse
1821 1151 1973 1215 dicit,

373 1266 482 1306 non
513 1260 713 1305 tantmn
745 1252 916 1320 primo
949 1248 1186 1311 homini,
1218 1247 1312 1303 sed
1340 1247 1500 1304 etiam
1528 1245 1762 1301 humano
1790 1243 1976 1315 generi

372 1343 605 1413 primum
640 1341 766 1397 illud
804 1340 1039 1397 obfuisse
1069 1349 1366 1410 peceatum,
1394 1353 1499 1394 non
1532 1335 1841 1407 propagine,
1875 1333 1971 1389 sed

372 1434 660 1503 exeniplo;
695 1456 714 1486 ›
746 1433 797 1488 id
827 1438 930 1494 est.
956 1449 1063 1487 non
1091 1431 1232 1503 quod
1261 1448 1326 1486 ex
1354 1431 1445 1485 illo
1475 1429 1736 1486 traxerint
1760 1426 1975 1499 aliquod

373 1526 597 1586 vitium,
630 1524 718 1592 qni
762 1538 826 1579 ex
874 1523 965 1577 illo
1014 1522 1283 1593 propagati
1325 1530 1485 1588 sunt,
1524 1519 1619 1576 sed
1665 1518 1807 1590 quod
1851 1534 1975 1574 eum

376 1616 605 1684 primum
653 1623 961 1682 peccantem
993 1612 1182 1668 imitati
1230 1620 1357 1667 sunt
1400 1625 1623 1678 omnes,
1656 1611 1747 1681 qui
1790 1620 1975 1681 postea

374 1704 776 1774 peccaverunt?
821 1714 915 1759 aut
942 1705 1062 1774 quia
1094 1702 1251 1769 dicit,
1287 1721 1306 1756 ι
1343 1702 1464 1759 ideo
1507 1699 1735 1757 infantes
1775 1718 1880 1756 non
1921 1702 1975 1758 in

371 1809 441 1850 eo
483 1807 623 1850 statu
663 1811 816 1858 esse,
852 1795 1037 1867 inquo
1081 1794 1179 1850 fuit
1208 1795 1377 1850 Adam
1405 1803 1530 1850 ante
1576 1794 1976 1862 pnevaricatio-

373 1903 500 1943 nem
521 1931 535 1952 ,
566 1888 688 1959 quia
735 1887 821 1943 isti
872 1896 1195 1958 praeceptum
1226 1901 1420 1958 capere
1461 1885 1698 1945 nondum
1729 1893 1973 1955 possunt,

373 1979 466 2035 ille
528 1992 705 2035 autem
758 1975 969 2049 potuit;
1026 1977 1372 2048 nondumque
1430 1985 1649 2032 utuntur
1702 1975 1975 2031 rationalis

374 2071 669 2126 voluntatis
713 2071 967 2139 arbitrio,
1018 2086 1124 2141 quo
1173 2068 1263 2124 ille
1310 2067 1412 2123 nisi
1462 2075 1719 2133 uteretur,
1770 2083 1876 2121 non
1923 2067 1975 2123 ei

371 2174 703 2238 prceceptum
754 2160 1014 2219 daretur?
1062 2181 1080 2215 ι
1125 2160 1261 2230 Quid
1308 2160 1410 2235 hoc
1450 2158 1518 2225 ad
1563 2174 1678 2215 rem
1725 2159 1972 2230 pertinet,

374 2256 504 2327 quia
537 2254 699 2310 verba
727 2254 828 2308 sibi
858 2251 1064 2323 objecta
1095 2253 1173 2307 sic
1201 2250 1540 2317 exponendo,
1568 2260 1713 2305 recte
1740 2264 1799 2306 se
1829 2258 1977 2321 putat

372 2344 661 2401 damnasse
708 2344 850 2416 quod
896 2342 1128 2410 dicitur,
1178 2363 1197 2396 ι
1249 2350 1525 2416 peccatum
1556 2342 1685 2399 Adae
1729 2341 1829 2412 ipsi
1876 2341 1973 2397 soli

372 2437 651 2501 obfuisse,
696 2445 752 2490 et
795 2450 899 2489 non
947 2434 1132 2506 generi
1181 2432 1460 2495 humano;
1507 2439 1561 2488 et
1606 2432 1836 2486 infantes
1883 2428 1976 2502 qui

376 2537 706 2591 nascuntur,
737 2527 789 2581 in
833 2540 900 2582 eo
942 2533 1082 2580 Statu
1122 2540 1276 2588 esse,
1309 2523 1360 2580 in
1392 2539 1498 2596 quo
1525 2522 1693 2579 Adam
1725 2522 1823 2579 fuit
1850 2532 1976 2581 ante

373 2629 657 2693 peccatum
689 2638 702 2673 :
739 2639 758 2672 ι
790 2628 845 2675 et
872 2627 1047 2673 tamen
1080 2617 1163 2672 his
1201 2617 1465 2672 damnatis
1503 2632 1608 2673 non
1650 2615 1979 2672 mendaciter

376 2720 590 2779 tenere,
621 2709 762 2784 quod
788 2713 839 2767 in
869 2713 984 2781 ejus
1013 2722 1197 2782 postea
1233 2710 1550 2783 conscriptis
1591 2710 1861 2781 opusculis
1892 2710 1977 2766 in-

373 2805 626 2869 venitur,
665 2821 685 2855 t
723 2804 840 2858 sine
883 2800 989 2857 ullo
1034 2802 1172 2856 malo
1198 2844 1211 2865 ,
1254 2802 1371 2857 sine
1417 2801 1525 2855 ullo
1557 2798 1686 2855 vitio
1727 2800 1979 2871 parvulos

373 2902 545 2961 nasci,
571 2906 625 2949 et
652 2892 754 2948 hoc
778 2891 950 2949 solum
980 2893 1031 2947 in
1059 2893 1138 2947 eis
1168 2908 1307 2956 esse,
1336 2893 1476 2964 quod
1502 2888 1641 2948 Deus
1666 2891 1924 2961 condidit,
1948 2908 1972 2948 ι

374 3002 487 3043 non
512 2988 704 3040 Vulnus
734 2982 875 3054 quod
903 2986 1150 3041 inimicus
1181 2984 1412 3040 inﬂixit?

449 3079 682 3135 CAPUT
721 3073 862 3134 XVI.
893 3108 963 3118 —
991 3074 1075 3133 I7.
1106 3076 1368 3149 Numquid
1402 3074 1515 3133 hzrc
1543 3075 1786 3145 dicendo,
1818 3078 1979 3136 verba

378 3183 606 3247 prepter
634 3170 774 3226 aliud
805 3170 1011 3241 objecta
1041 3168 1196 3226 aliter
1226 3169 1563 3240 exponendo,
1597 3170 1648 3225 id
1676 3172 1802 3242 agit,
1836 3179 1893 3228 ut
1920 3187 1980 3229 se

290 3330 305 3342 ,
371 3264 587 3337 iudices
632 3276 737 3317 non
789 3256 1039 3317 fefellisse
1082 3261 1459 3316 demonstret?
1508 3260 1736 3318 Prorsus
1779 3279 1883 3318 non
1928 3262 1979 3320 id

374 3358 544 3413 efﬁcit
581 3375 595 3413 :
631 3342 777 3411 tanto
804 3355 945 3412 enim
985 3352 1176 3410 fefellit
1200 3353 1481 3419 occultius,
1527 3365 1726 3425 quanto
1762 3357 1981 3427 exponit

373 3452 480 3508 ista
543 3451 830 3507 versutius.
891 3450 1137 3521 Episcopi
1216 3450 1410 3522 quippe
1463 3449 1713 3506 catholici
1766 3449 1980 3520 quando

376 3543 670 3599 audiebant
692 3543 961 3599 hominem
986 3542 1521 3600 analhematizantetn
1546 3557 1640 3598 eos
1660 3542 1749 3611 qui
1773 3542 1976 3610 dicunt,

383 3655 404 3688 ι
438 3637 571 3691 Αάςυ
616 3645 889 3708 peceatum
938 3634 1035 3706 ipsi
1067 3634 1166 3690 soli
1208 3633 1478 3702 obfuisse,
1509 3649 1615 3690 non
1663 3635 1843 3704 generi
1877 3634 1976 3689 hu-

379 3744 581 3794 mano;
619 3747 639 3780 ι
677 3726 811 3783 nihil
838 3726 981 3780 aliud
1013 3742 1134 3782 eum
1166 3740 1355 3795 sapere
1384 3724 1780 3792 existimabant,
1820 3740 1977 3795 quam

377 3818 433 3877 Id
493 3819 636 3892 quod
692 3817 949 3872 catholica
1021 3817 1256 3872 Ecclesia
1312 3816 1603 3887 pra:dicare
1654 3816 1975 3871 consuevit:

376 3912 523 3967 unde
553 3911 819 3966 veraciter
851 3910 1101 3980 parvulos
1145 3910 1197 3965 in
1237 3894 1575 3980 peccatorum
1606 3908 1975 3964 remissionem

376 4002 651 4075 baptizat,
681 4019 784 4056 non
812 4014 931 4074 quae
963 3999 1223 4055 imit-mdo
1251 3998 1528 4066 fecerunt,
1563 4009 1775 4071 propter
1821 4000 1976 4070 primi

370 4094 681 4170 peccatoris
707 4092 1007 4164 exemplum
1034 4111 1049 4159 ;
1094 4092 1189 4147 sed
1220 4108 1341 4162 qua:
1374 4091 1646 4147 nascendo
1675 4099 1973 4156 traxerunt,

368 4202 603 4261 propter
642 4186 865 4258 originis
896 4186 1101 4239 vitium.
1155 4186 1221 4239 Et
1264 4185 1477 4256 quando
1519 4184 1807 4241 audiebant
1845 4200 1977 4239 ana-

371 4283 815 4339 thematizantem
844 4293 939 4335 eos
979 4279 1066 4350 qui
1097 4275 1311 4339 dicunt,
1345 4276 1571 4332 infantes
1613 4277 1701 4348 qui
1744 4292 1976 4332 nascun-

369 4388 481 4440 tur,
519 4374 571 4431 in
615 4388 681 4429 eo
712 4380 850 4428 statu
881 4386 1035 4438 esse,
1069 4370 1119 4423 in
1151 4384 1258 4440 quo
1288 4368 1455 4423 Adam
1488 4368 1586 4423 fuit
1614 4376 1737 4424 ante
1767 4383 1974 4438 przeva-

367 4468 732 4528 rieationem;
769 4483 787 4515 ι
823 4462 954 4517 nihil
984 4478 1105 4517 eum
1138 4460 1283 4515 aliud
1312 4460 1490 4515 dicere
1519 4460 1838 4525 credebant,
1873 4459 1976 4518 nisi

369 4577 471 4617 eos
516 4559 608 4630 qui
658 4558 905 4628 parvulo;
955 4565 1139 4625 putant
1187 4552 1389 4609 nullum
1437 4567 1501 4606 ex
1539 4551 1703 4608 Adam
1755 4553 1976 4608 traxisse

369 4662 678 4728 peceatum,
726 4658 779 4704 et
825 4643 1119 4702 secundum
1166 4644 1270 4700 hoc
1318 4645 1370 4699 in
1419 4659 1485 4699 eo
1537 4654 1681 4699 statu
1733 4660 1873 4712 ese,
1923 4645 1974 4700 in

372 4762 483 4813 quo
520 4741 616 4795 fuit
647 4740 733 4793 ille
773 4749 896 4793 ante
926 4747 1223 4808 peccatum.
1273 4736 1482 4791 Etenim
1515 4736 1616 4791 hoc
1656 4736 1730 4792 illi
1770 4736 1973 4806 olijice-

375 4844 526 4889 retur
549 4834 591 4895 ¹,
622 4847 728 4886 ιιι-η
759 4830 931 4892 aliud,
970 4830 1107 4883 unde
1135 4830 1359 4900 qumstio
1386 4829 1714 4884 versabatur.
1746 4828 1977 4885 Proinde

374 4943 499 4979 cunt
532 4925 634 4979 hoc
663 4923 761 4977 iste
792 4923 867 4976 sic
899 4922 1136 4990 exponit,
1173 4930 1227 4974 ut
1268 4920 1428 4985 dieal,
1461 4919 1687 4975 infantes
1718 4920 1839 4975 ideo
1869 4936 1975 4976 non

377 5019 429 5071 iu
478 5033 545 5071 eo
588 5023 728 5068 statu
771 5028 893 5068 esse
915 5054 929 5076 ,
962 5013 1014 5068 in
1044 5027 1148 5080 quo
1178 5010 1343 5065 Adam
1390 5009 1486 5064 fuit
1522 5021 1646 5066 ante
1678 5021 1973 5082 peccatum,

375 5112 497 5179 quia
549 5106 785 5160 nonduin
839 5111 964 5157 sunt
1016 5103 1065 5155 iu
1112 5101 1298 5155 eadem
1349 5101 1598 5155 firmitate
1644 5102 1840 5156 mentis
1884 5112 1978 5157 aut

375 5201 645 5270 corporis,
680 5214 786 5253 non
815 5196 957 5267 quod
989 5196 1039 5248 in
1069 5209 1164 5248 eos
1206 5193 1477 5247 transierit
1518 5194 1618 5245 ulla
1662 5193 1816 5264 Culpa
1849 5209 1976 5265 pro-

378 5295 606 5364 paginis,
631 5287 1023 5361 respondeatur
1046 5286 1094 5341 ei
1123 5304 1134 5338 :
1159 5284 1384 5354 Quando
1411 5283 1500 5339 tibi
1532 5284 1613 5338 illa
1644 5285 1763 5337 dam
1792 5283 1975 5338 :anda’

373 5386 773 5454 objiciebantur
794 5423 807 5445 ,
840 5396 944 5434 nou
974 5395 1033 5432 ea
1066 5377 1310 5435 Catholici
1341 5376 1575 5448 episcopi
1604 5378 1681 5432 sic
1708 5377 1975 5449 intellige-

374 5480 541 5537 bant;
597 5478 719 5529 ideo
766 5488 888 5529 cum
932 5472 1016 5527 illa
1066 5470 1351 5526 damnares
1394 5469 1714 5525 catholicum
1762 5479 1813 5524 te
1856 5483 1977 5525 esse

373 5571 688 5625 Credebant.
721 5566 1012 5634 Propterea
1043 5577 1194 5633 ergo,
1225 5562 1365 5633 quod
1394 5572 1446 5617 te
1474 5561 1547 5617 illi
1579 5575 1767 5632 sapere
1795 5562 1979 5616 exiui-

374 5662 615 5724 mabant,
658 5654 1046 5712 absolvendum
1094 5654 1235 5709 fuit:
1277 5653 1418 5725 quod
1451 5667 1575 5707 vero
1621 5662 1674 5707 tu
1710 5653 1972 5724 sapiebas,

445 5788 461 5821 ι
489 5794 745 5836 vaticauus
766 5779 949 5839 codex,
971 5778 1059 5828 hoc
1084 5775 1153 5830 ibi
1168 5777 1498 5842 obj'iriebahir.

441 5849 577 5902 ’ως
599 5853 729 5904 ω,
768 5842 1017 5894 damnata.
1056 5846 1174 5891 Item
1208 5838 1348 5904 {aulo
1372 5849 1494 5905 rost,
1529 5838 1612 5903 Qui
1645 5841 1870 5893 denotata
1912 5845 1979 5892 te-

377 5920 412 5956 n
432 5910 543 5963 esti.

597 5989 882 6047 l‘nnoe.
917 5987 971 6046 Χ
987 5987 1015 6046 l
1034 5987 1139 6052 IV.

1474 388 1676 453 LIBER
1717 388 1806 451 DE
1845 387 2156 453 PECCA'IO
2192 390 2568 452 ORIGINALl.

3567 402 3675 459 3‘)!

2088 508 2444 565 damnandum
2499 511 2611 564 fuit.
2669 510 2781 565 Non
2827 528 2952 581 ergo
3015 522 3071 566 tu
3120 511 3394 569 absolutus
3440 530 3533 583 es,
3583 489 3678 587 qui
3720 489 3726 508 ι

2084 600 2384 656 damnanda
2431 603 2687 657 tenuisti:
2722 601 2814 658 scd
2861 600 2987 658 illud
3033 603 3333 660 absolutum
3381 616 3482 670 est,
3528 605 3676 676 quod

2087 700 2271 748 tenere
2316 692 2564 748 debuisti.
2626 691 2694 749 lit
2736 701 2913 748 autem
2966 702 3019 748 tu
3068 692 3345 749 absolutus
3390 697 3675 765 putareris,

2085 784 2323 840 creditus
2365 799 2424 840 es
2466 786 2667 842 sentire
2714 785 2996 852 laudanda,
3047 802 3168 845 cum
3221 796 3273 842 te
3315 786 3522 858 judiees
3569 803 3676 842 non

2083 874 2445 945 intelligerent
2507 875 2776 932 occultare
2834 875 3153 932 damnanda.
3217 876 3383 934 Recte
3438 876 3679 934 Calestil

2083 967 2260 1022 socius
2282 966 2550 1037 judicatus
2589 983 2668 1031 es,
2711 967 2863 1037 cujus
2906 967 3219 1024 manifestas
3257 976 3311 1023 te
3348 982 3469 1025 esse
3508 968 3676 1039 parti-

2083 1056 2276 1127 cipem.
2308 1056 2376 1112 Et
2403 1057 2448 1112 si
2476 1059 2527 1112 in
2550 1057 2752 1127 judicio
2779 1067 2898 1114 tuos
2924 1058 3247 1129 cooperuisti
3276 1059 3460 1127 libros,
3494 1069 3675 1115 tamen

2083 1158 2205 1219 post
2228 1148 2486 1218 judicium
2513 1164 2608 1205 eos
2634 1149 2870 1207 edidisti.

2154 1237 2381 1296 CAPUT
2421 1239 2582 1295 XVII.
2613 1271 2681 1281 -—
2711 1241 2794 1297 l8.
2831 1240 2962 1309 Qua:
3003 1256 3126 1298 cum
3167 1240 3240 1298 ita
3270 1242 3399 1309 sint,
3435 1242 3677 1312 profecto

2083 1331 2312 1399 sentitis,
2346 1331 2396 1386 in
2429 1341 2533 1386 tam
2572 1332 2787 1387 nefandi
2816 1333 3017 1389 erroris
3044 1341 3312 1400 auctores,
3353 1333 3677 1404 episcopalis

2081 1422 2343 1489 concilia,
2382 1432 2437 1478 et
2462 1424 2822 1493 Apostolicam
2862 1422 3055 1480 Sedem
3078 1464 3094 1490 ,
3134 1424 3541 1495 universumque
3571 1423 3679 1477 Ro-

2082 1532 2292 1572 manam
2340 1515 2669 1584 Ecclesium,
2717 1517 3123 1588 Romanumque
3175 1517 3491 1588 imperium,
3531 1514 3677 1588 quod

2085 1607 2193 1663 Deo
2221 1608 2448 1678 propitio
2474 1608 2823 1664 christianum
2849 1620 2927 1664 est
2946 1651 2961 1677 ,
2989 1610 3286 1665 rectissime
3322 1609 3488 1666 fuisse
3523 1624 3677 1665 com-

2082 1710 2286 1754 motum
2317 1698 2419 1773 (α)
2447 1741 2464 1768 ,
2510 1700 2683 1757 donec
2729 1700 3047 1771 resipiscant
3094 1701 3161 1758 de
3209 1701 3405 1757 diaboli
3449 1701 3677 1772 laqueis.

2081 1792 2211 1862 Quis
2241 1794 2382 1848 enim
2430 1794 2551 1859 scit,
2599 1808 2665 1851 ne
2709 1792 2846 1850 forte
2885 1794 2979 1851 det
3009 1795 3113 1849 illis
3144 1795 3286 1850 Deus
3309 1794 3679 1866 paniteutiaul

2081 1885 2150 1942 ad
2187 1886 2636 1957 cognoscendam,
2677 1896 2733 1943 et
2768 1886 3150 1954 confitendam,
3191 1896 3248 1944 et
3288 1887 3680 1957 praedicandam

2080 1977 2244 2033 etiam
2282 1977 2593 2045 veritatem,
2625 1976 3089 2050 damnandamque
3114 1979 3377 2034 veraciter
3401 1977 3683 2033 damnabi-

2080 2069 2187 2126 lem
2229 2067 2551 2125 falsitatem?
2593 2068 2819 2141 Quoquo
2860 2070 3020 2126 modo
3058 2080 3236 2126 autem
3265 2084 3327 2125 se
3366 2068 3565 2126 habere
3593 2069 3680 2126 isti

2082 2159 2283 2227 velint,
2311 2159 2497 2215 multis
2535 2168 2714 2216 tamen
2754 2161 3121 2217 misericordia
3154 2162 3360 2217 Domini
3387 2176 3507 2219 esse
3545 2176 3681 2218 con-

2081 2250 2302 2318 sultum,
2331 2251 2537 2322 quieos
2561 2260 2843 2323 prepterea
2873 2253 3234 2319 sectabantur,
3256 2254 3681 2325 quiaeatboliecn

2080 2343 2445 2400 communioni
2462 2344 2710 2401 videbant
2737 2359 2858 2401 esse
2878 2346 3130 2415 sociatos,
3151 2345 3397 2402 dubitare
3420 2362 3526 2402 non
3551 2361 3673 2420 pos-

2083 2451 2291 2493 sumus;

2156 2526 2243 2584 l9.
2285 2526 2565 2597 Quomodo
2593 2536 2769 2586 autem
2811 2529 3056 2602 Pelagius
3089 2530 3352 2602 obrepere
3397 2532 3683 2588 tentaverit

2083 2616 2150 2673 ad
2174 2618 2462 2675 fallendum
2489 2620 2651 2675 etiam
2680 2619 3001 2691 Apostolicze
3027 2619 3186 2678 Sedis
3212 2622 3518 2693 episcopale
3538 2622 3684 2693 judi-

2083 2706 2223 2763 cium
2262 2708 2314 2763 in
2351 2708 2451 2764 hac
2489 2710 2600 2781 ipsa
2639 2711 2935 2782 quaestione
2968 2709 3038 2767 de
3074 2711 3402 2782 Baptismate
3440 2714 3689 2783 parvulo—

2084 2816 2226 2868 rum,
2254 2800 2539 2872 diligenter
2584 2802 2859 2857 attendite.
2905 2802 2962 2859 ln
3002 2802 3194 2859 litteris
3236 2805 3379 2861 enim
3415 2821 3549 2877 quas
3574 2805 3685 2863 Ro-

2086 2906 2227 2944 mam
2267 2891 2411 2946 misit
2450 2890 2517 2945 ad
2547 2891 2715 2948 beata:
2755 2893 3030 2948 memoria:
3064 2909 3253 2965 papam
3291 2894 3685 2964 Innocentium,

2085 2984 2338 3056 quoniam
2381 2985 2432 3038 in
2478 3000 2704 3055 corpore
2737 3000 2858 3040 eum
2900 3003 3007 3042 non
3047 2988 3385 3054 invenerunt,
3414 2999 3468 3045 et
3499 3002 3687 3049 sancto

2089 3092 2237 3147 papae
2263 3076 2481 3132 Zosimo
2507 3077 2641 3132 datae
2686 3086 2842 3145 sunt,
2874 3088 3032 3150 atque
3059 3079 3125 3136 ad
3171 3098 3269 3137 nos
3299 3083 3422 3138 inde
3445 3082 3684 3153 dirccla',

2084 3172 2215 3229 dicit
2237 3191 2256 3225 ι
2290 3188 2350 3228 se
2373 3174 2441 3228 ab
2469 3172 2775 3229 horninibus
2799 3173 3068 3242 infamari,
3097 3176 3238 3246 quod
3268 3187 3424 3248 neget
3449 3180 3686 3249 parvulis

2085 3266 2343 3339 Baptismi
2373 3278 2793 3335 sacramentum,
2822 3278 2875 3324 et
2904 3269 3107 3340 absque
3136 3271 3509 3343 redemptione
3533 3274 3687 3329 Chri-

2085 3360 2152 3413 sti
2191 3359 2458 3429 aliquibus
2497 3360 2755 3414 cmlorum
2806 3377 2967 3431 regna
3015 3364 3312 3432 promittat.
3360 3385 3379 3418 ι
3428 3364 3535 3421 Sed
3577 3382 3683 3422 nou

2085 3450 2163 3504 sic
2205 3448 2309 3504 illis
2345 3450 2460 3504 haec
2499 3450 2842 3519 objiciuntur,
2870 3463 2925 3506 ut
2962 3455 3158 3522 posuit.
3202 3454 3333 3511 Nam
3359 3473 3532 3527 neque
3565 3473 3689 3528 par-

2086 3541 2224 3595 vulis
2282 3556 2478 3613 negant
2532 3541 2790 3612 Baptismi
2847 3554 3284 3614 sacramentum,
3330 3563 3431 3603 nec
3484 3550 3688 3621 absque

2085 3630 2453 3711 redemptione
2499 3632 2697 3693 Christi
2739 3633 3005 3706 aliquibus
3043 3637 3303 3693 caelorum
3348 3655 3510 3711 regna
3556 3656 3685 3711 pro-

2086 3702 2321 3778 mittunt.
2352 3723 2532 3796 Itaque
2563 3724 2703 3783 unde
2744 3740 2803 3782 se
2830 3702 3085 3797 ‘queritur
3126 3728 3391 3798 infamari,
3411 3702 3488 3789 eo
3518 3702 3681 3790 modo

2084 3818 2384 3887 proposuit,
2415 3828 2470 3873 ut
2500 3816 2657 3874 facile
2684 3828 2867 3889 posset
2900 3821 3113 3879 crimini
3138 3823 3385 3895 objecta,
3412 3828 3560 3884 salvo
3584 3844 3684 3886 suo

2083 3907 2354 3980 dogmate,
2384 3910 2732 3979 respondere.

2154 4001 2381 4059 CAPUT
2421 4002 2609 4059 XVIII.
2634 4034 2709 4047 —-
2734 4003 2996 4077 Objicitur
3019 4017 3198 4066 autem
3232 4011 3335 4068 illis
3356 4052 3370 4080 ,
3401 4013 3542 4084 quod
3574 4031 3682 4073 non

2082 4092 2383 4165 baptizatos
2410 4096 2660 4165 parvulos
2692 4097 2880 4153 nolunt
2906 4098 3237 4159 damnationi
3267 4104 3423 4174 primi
3450 4105 3685 4164 hominis

2082 4188 2347 4243 obnoxios
2378 4189 2647 4257 conliteri,
2674 4199 2730 4246 et
2761 4191 2814 4247 in
2852 4207 2948 4249 eos
2975 4195 3233 4251 transisse
3258 4200 3517 4269 originale
3554 4216 3680 4271 pec-

2082 4290 2258 4335 catum
2299 4282 2701 4351 regeneratione
2746 4284 3119 4354 purgandum;
3164 4290 3415 4359 quoniam
3460 4306 3679 4361 propter

2082 4373 2450 4444 accipiendum
2478 4390 2699 4445 regnum
2722 4377 2979 4432 cmlorum
3007 4383 3374 4439 tantummodo
3394 4399 3489 4438 eos
3511 4384 3683 4454 bapti-

2084 4465 2285 4520 zandus
2314 4482 2433 4522 esse
2458 4467 2790 4523 contendunt
2819 4486 2832 4524 :
2859 4470 3012 4539 quasi
3041 4480 3238 4541 prxler
3265 4490 3485 4542 regnum
3512 4476 3683 4531 etule-

2082 4571 2200 4611 rum
2246 4556 2442 4614 habere
2478 4558 2578 4613 nisi
2619 4567 2873 4615 aeternam
2916 4570 3140 4617 mortem
3169 4565 3409 4633 possint,
3437 4568 3525 4637 qui
3562 4568 3683 4624 siue

2084 4655 2489 4725 participatione
2528 4658 2771 4727 corporis
2797 4668 2850 4714 et
2873 4659 3149 4728 sanguinis
3179 4660 3387 4716 Domini
3421 4671 3680 4719 a‘ternnut

2084 4747 2244 4800 vitam
2275 4747 2471 4803 habere
2498 4764 2602 4801 non
2633 4758 2875 4818 possunt.
2907 4748 3046 4805 Ecce
3070 4750 3212 4819 quod
3236 4752 3316 4806 eis
3339 4751 3587 4819 Objicitur
3610 4751 3681 4808 de

2084 4838 2356 4909 Baptismo
2379 4840 2738 4909 parvulorum
2769 4858 2782 4894 :
2813 4856 2918 4896 non
2945 4841 3085 4911 quod
3119 4842 3233 4911 ipse
3269 4842 3341 4898 ita
3381 4846 3680 4916 proposuit.

2082 4940 2139 4984 ut
2183 4929 2350 4999 possit
2391 4947 2501 4984 suae
2542 4930 2914 5004 pl‘OpOalIIOIII,
2961 4933 3115 5003 quasi
3155 4933 3491 4992 adversantis
3532 4937 3685 5008 obje-

2082 5024 2244 5079 ctioni
2264 5065 2280 5090 ,
2305 5023 2597 5078 secundum
2625 5038 2719 5077 sua
2747 5023 2991 5094 dogmata
3018 5026 3367 5097 respondere.

2154 5112 2242 5169 ‘30.
2266 5114 2527 5185 -Denique
2557 5114 2827 5184 quomodo
2853 5116 3175 5186 respondeat
3201 5119 3485 5186 advertite.
3509 5134 3565 5178 et
3592 5125 3680 5181 vi-

2082 5205 2208 5262 dete
2239 5205 2467 5260 latebras
2495 5204 2857 5276 ambiguitatis
2882 5205 3093 5263 falsitati
3127 5224 3431 5281 prmparare
3452 5213 3680 5288 refugis,
3724 5204 3739 5227 ³

2083 5296 2405 5353 oll'andendo
2441 5296 2722 5366 Caliginem
2764 5300 3010 5365 veritati;
3042 5301 3112 5355 ita
3144 5314 3201 5356 ut
3241 5304 3399 5358 etiam
3434 5324 3531 5362 nos
3556 5324 3680 5367 cum

2085 5389 2312 5462 primunt
2355 5404 2417 5444 ea
2459 5389 2712 5460 legimus,
2739 5401 2883 5447 reeta
2912 5393 2992 5448 vel
3024 5405 3263 5460 correcta
3295 5401 3679 5467 propemodum
3733 5380 3741 5390 ’

2082 5480 2453 5552 gauderemus.
2488 5480 2593 5547 Sed
2622 5480 2839 5538 latiores
2866 5482 3256 5554 disputationes
3289 5488 3406 5558 ejus
3431 5489 3481 5543 iu
3508 5489 3680 5556 libris.

2147 5592 2219 5701 pr)
2254 5593 2509 5668 Possidius,
2536 5593 2585 5667 tu
2598 5594 2701 5644 vlta
2726 5598 2995 5668 Augustini,
3017 5609 3123 5662 cap.
3151 5598 3235 5671 18;
3263 5604 3358 5672 gat
3379 5600 3471 5651 hoc
3494 5601 3589 5651 tale
3614 5604 3682 5657 de

2091 5672 2112 5700 ι
2138 5654 2149 5703 l
2174 5652 2232 5703 Iis
2256 5652 2478 5727 tales-la:
2504 5661 2587 5705 Dei
2612 5654 3113 5727 catholiceprolatum
3134 5656 3365 5724 iud-ctum
3398 5660 3602 5727 audiens
3628 5672 3679 5714 et

2092 5732 2115 5761 α
2138 5722 2542 5790 seqnens_ctiant_
2580 5722 2823 5790 piissimus
2854 5722 3419 5790 unperauirjltoporais.
3456 5724 3560 5773 suis
3597 5737 3681 5790 eus

2092 5796 2116 5824 ι
2138 5776 2758 5849 legibusdamnatosjnter
2782 5776 3040 5849 hatreiieos
3069 5784 3237 5849 bant-ri
3272 5776 3467 5832 debere
3502 5789 3681 5849 constl~

2091 5837 2627 5952 κυξξόὧᾶξιευαππὶἱ
2654 5837 2797 5905 leges
2834 5842 2990 5893 babes
3028 5844 3178 5903 infra,
3203 5844 3250 5894 Ia
3291 5850 3429 5906 [arte
3468 5848 3680 5898 soeumh

2161 5916 2187 5952 ί·
2379 5937 2391 5950 .

3120 5984 3432 6070 (Τί-εἰη.)
