4144 6518
491 291 597 346 395
1732 292 1787 346 S.
1833 291 2198 349 AL'GUS'I‘l-Nl
2247 293 2546 351 EPISCOPI

491 404 581 458 ubi
611 421 666 458 se
689 403 1074 475 quantumlibet
1103 404 1324 474 Oputiul,
1356 405 1667 475 plerumque
1695 407 1904 476 aperire
1931 423 2081 461 com-

3684 307 3796 363 396

2195 405 2307 461 scio
2333 424 2347 462 :
2387 425 2406 460 ι
2443 407 2494 466 id
2526 415 2627 476 est,
2653 425 2756 466 non
2782 411 2858 468 ire
2887 412 2938 468 in
2969 428 3190 486 regnum
3217 415 3478 474 ccelorum
3509 417 3652 486 scio;
3676 436 3788 492 quo

489 497 721 567 pellitur,
753 497 990 552 fecerunt
1017 497 1167 552 nobis
1191 507 1248 552 et
1269 497 1368 552 ista
1405 505 1650 566 suspecta
1675 540 1690 567 ,
1737 507 1793 554 ut
1829 499 2085 557 attentius

489 591 760 645 intuentes
801 587 1161 644 inveniremus
1189 588 1454 659 ambigua.
1487 587 1622 644 Cum
1651 589 1792 644 enim
1819 589 2079 660 dixisset,

493 701 514 732 ρ
554 695 821 750 nunquam
849 695 908 736 se
945 681 1028 734 vel
1058 679 1274 750 impium
1305 679 1534 751 aliquem
1563 679 1870 736 luereticum
1897 681 2080 738 audis-

487 791 566 840 se,
600 774 690 845 qui
720 771 824 829 hoc
849 792 872 826 ι
897 771 1042 844 qttod
1069 771 1342 844 proposuit
1373 791 1394 826 ς
1421 771 1488 827 de
1517 773 1756 843 parvulis
1781 773 2015 838 diceret;
2053 791 2072 828 ι

487 865 682 922 deinde
708 863 935 936 subjecit
960 875 1118 936 atque
1143 865 1214 918 ait
1239 883 1252 918 :
1287 883 1306 917 ι
1340 863 1470 934 Quis
1493 864 1639 920 enim
1669 865 1738 920 ita
1761 865 2080 936 evangelicae

489 956 734 1013 icctionis
751 955 966 1028 ignarus
991 963 1097 1024 est,
1123 956 1211 1027 qui
1235 955 1338 1010 hoc
1368 971 1474 1011 non
1501 955 1660 1012 modo
1684 955 1956 1012 afﬁrmare
1984 971 2078 1012 co-

487 1058 645 1104 netur
667 1089 683 1116 ,
709 1047 805 1105 sed
849 1047 940 1119 qui
978 1047 1058 1105 vel
1091 1047 1278 1103 leviter
1319 1047 1530 1116 dicere,
1561 1057 1654 1104 aut
1693 1047 1854 1104 etiam
1880 1047 2080 1104 sentire

488 1139 694 1208 possit?
719 1138 920 1196 Deinde
947 1139 1065 1212 quis
1095 1149 1199 1194 tam
1231 1139 1456 1210 impius,
1487 1139 1579 1211 qui
1623 1141 1870 1211 parvulos
1893 1153 2078 1196 exsor-

491 1243 576 1287 tes
603 1233 747 1304 regni
777 1231 1038 1288 calorum
1065 1245 1184 1287 esse
1211 1231 1366 1298 velit,
1406 1231 1534 1287 dum
1553 1246 1648 1288 eos
1665 1231 1920 1304 baptizari
1943 1239 1996 1289 et
2023 1232 2076 1287 in

487 1319 700 1378 Christo
729 1324 934 1378 renasci
968 1325 1164 1380 retat‘.
1205 1345 1224 1378 ι

559 1413 784 1471 CAPUT
823 1413 964 1470 XIX.
1005 1445 1077 1456 -
1107 1415 1194 1470 9.1.
1239 1415 1456 1470 Frustra
1485 1416 1582 1470 ista
1609 1413 1741 1470 ditit
1775 1431 1789 1469 :
1819 1429 1924 1470 non
1955 1415 2078 1472 inde

489 1519 548 1559 se
578 1515 782 1576 purgat.
816 1504 871 1558 In
899 1523 1120 1576 regnum
1147 1506 1400 1562 caelorum
1442 1506 1558 1561 sine
1581 1505 1855 1575 Baptismo
1886 1522 2076 1576 parvu-

487 1599 569 1653 los
592 1598 792 1654 intrare
819 1615 922 1652 non
953 1615 1137 1670 posse,
1173 1615 1268 1654 nec
1297 1599 1392 1669 ipsi
1417 1599 1699 1670 aliquando
1731 1610 2072 1671 negaverunt.

487 1687 594 1745 Sed
633 1705 738 1745 non
781 1689 904 1746 inde
943 1691 1166 1761 quaestio
1209 1699 1290 1746 est
1317 1709 1332 1746 :
1362 1690 1429 1746 de
1471 1692 1779 1762 purgatione
1805 1693 2075 1762 originalis

487 1781 688 1852 peccati
733 1781 786 1836 in
828 1781 1059 1852 parvulis
1087 1783 1310 1853 quwstio
1339 1791 1439 1837 est.
1485 1783 1614 1839 Inde
1644 1799 1702 1840 se
1746 1795 1950 1855 purget,
1983 1785 2074 1856 qui

489 1886 594 1928 non
625 1873 734 1927 vult
764 1872 948 1941 fateri,
995 1873 1262 1930 lavacrum
1301 1874 1720 1944 regenerationis
1763 1875 1814 1930 in
1845 1876 2076 1946 parvulis

491 1965 690 2022 habere
714 1967 854 2038 quod
891 1976 1098 2039 purget.
1129 1967 1199 2023 Et
1223 1967 1340 2024 ideo
1369 1977 1560 2024 cetera
1587 1983 1706 2040 qua:
1731 1969 1968 2024 dicturos
1995 1977 2076 2026 cst

487 2058 840 2113 attendamus.
869 2059 997 2114 Post
1025 2059 1393 2130 interpositum
1425 2059 1566 2114 enim
1593 2075 1660 2116 ex
1689 2061 1975 2132 Evangelia
1999 2071 2074 2116 te-

487 2151 818 2219 stimonium,
842 2153 984 2223 quod
1015 2153 1112 2208 nisi
1135 2161 1351 2208 renatus
1373 2168 1440 2208 ex
1461 2170 1594 2225 aqua
1617 2164 1670 2210 et
1693 2154 1894 2226 Spiritu
1917 2157 1958 2222 ’,
1991 2171 2074 2209 rc-

487 2255 648 2311 gnum
689 2243 947 2300 calorum
989 2244 1166 2299 nullus
1201 2252 1367 2316 possit
1409 2247 1608 2302 intrare
1635 2245 1823 2320 (Jaan.
1855 2263 1929 2309 lii,
1963 2245 2068 2320 5),

491 2333 630 2388 unde
668 2334 791 2399 illis,
825 2342 882 2388 ut
905 2333 1156 2400 diximus,
1194 2337 1336 2391 nulla
1365 2337 1422 2390 fit
1449 2339 1708 2407 quaestio;
1739 2348 1953 2392 secutus
1981 2337 2075 2393 ad-

485 2426 680 2496 junxit,
703 2426 886 2482 dicens
915 2443 929 2480 :
966 2445 983 2478 t
1011 2427 1139 2495 Quis
1171 2428 1259 2483 ille
1287 2439 1392 2484 tam
1421 2429 1614 2499 impius
1642 2439 1744 2496 est,
1775 2432 1862 2501 qui
1892 2431 2074 2500 cujus-

493 2520 623 2576 libet
642 2519 812 2575 aetatis
835 2520 1052 2589 parvulo
1079 2521 1358 2575 interdicat
1383 2536 1719 2576 communem
1749 2523 1960 2577 humani
1983 2541 2074 2594 ge-

491 2612 633 2668 neris
659 2611 1118 2682 redemptionem?
1151 2632 1170 2666 ι
1216 2613 1280 2668 Εῑ
1321 2611 1422 2668 hoc
1465 2613 1766 2683 ambiguum
1797 2626 1908 2680 est,
1937 2631 2071 2686 qua-

489 2705 594 2759 ictn
621 2702 760 2758 dieat
780 2701 1198 2772 redemptionem
1225 2720 1237 2756 :
1268 2712 1441 2757 utrum
1481 2719 1544 2758 ex
1577 2705 1714 2758 malo
1736 2705 1800 2760 ad
1834 2706 2028 2760 bonum
2054 2745 2068 2771 ,

488 2809 557 2849 an
577 2809 640 2848 ex
669 2793 808 2848 bono
834 2793 900 2846 ad
927 2793 1132 2848 melius.
1156 2792 1286 2848 Nam
1315 2801 1367 2848 et
1387 2791 1668 2849 Ctelcstius
1693 2795 1828 2861 apud
1852 2793 2072 2850 Cartha-

485 2887 660 2957 ginem
693 2886 745 2940 in
772 2885 950 2940 libello
970 2900 1068 2940 suo
1095 2887 1374 2941 confessus
1395 2895 1475 2940 cst
1497 2885 1920 2956 redemptionem
1953 2901 2072 2957 par-

483 2980 728 3033 vulorum
750 3020 765 3046 ,
797 2987 852 3032 et
895 2987 1070 3032 tamen
1113 2978 1280 3033 noluit
1307 2977 1550 3033 conﬁteri
1577 2995 1644 3034 ex
1684 2977 1853 3034 Adam
1883 2980 1935 3034 iit
1979 2993 2072 3035 eos

485 3070 737 3124 transisse
767 3077 1062 3138 peccatum.

553 3159 780 3217 CAPUT
817 3159 936 3216 XX.
969 3191 1042 3203 -—
1072 3160 1162 3215 2'2.
1195 3160 1298 3216 Sed
1329 3161 1456 3232 quid
1489 3161 1684 3218 deinde
1711 3163 1810 3219 iste
1847 3162 2070 3234 subjun-

481 3261 592 3323 gat,
615 3253 874 3308 advertite
906 3269 920 3308 :
956 3271 974 3304 ι
1005 3255 1068 3307 Ει
1094 3253 1146 3307 in
1167 3267 1499 3323 perpetuam,
1529 3273 1550 3308 ι
1581 3255 1766 3326 inquit,
1798 3275 1818 3309 ι
1845 3266 2074 3312 certam-

479 3363 585 3417 que
623 3350 782 3404 vitam
809 3351 1020 3406 renasci
1045 3359 1186 3406 vetet
1217 3367 1340 3407 eum
1384 3353 1472 3423 qui
1513 3361 1670 3408 natus
1696 3353 1765 3409 sit
1793 3355 1858 3409 ad
1891 3353 2072 3410 incer-

483 3441 632 3495 tam?
655 3459 676 3494 ι
713 3441 762 3496 id
791 3449 894 3510 est,
927 3445 1056 3512 Quis
1095 3451 1200 3500 tam
1229 3445 1423 3516 impius
1448 3455 1564 3513 est,
1606 3455 1664 3500 ut
1689 3457 1830 3502 vetet
1863 3449 2071 3503 renasci

479 3533 545 3588 ad
573 3545 884 3605 perpetuam
910 3549 1220 3609 certamque
1257 3539 1421 3594 vitam
1449 3555 1571 3594 eum
1601 3540 1690 3610 qui
1729 3551 1882 3595 natus
1907 3541 1976 3596 sit
2003 3541 2070 3596 ad

481 3629 778 3686 incertam?
817 3631 946 3688 [Isne
969 3632 1128 3687 verba
1157 3631 1369 3702 quando
1397 3633 1640 3701 primitus
1669 3633 1909 3702 legimus,
1949 3647 2072 3696 ενα-

478 3727 709 3781 didtmus
753 3743 874 3783 eum
913 3731 1178 3784 incertam
1221 3729 1382 3782 vitam
1430 3731 1582 3782 istam
1625 3729 1855 3783 voluisse
1893 3729 2073 3783 dicere

481 3819 827 3889 temporalem
882 3837 894 3873 :
951 3821 1194 3890 quamvis
1231 3819 1384 3874 nobis
1429 3817 1700 3874 videretur
1745 3821 1914 3889 magis
1953 3835 2071 3873 cunt

479 3913 760 3966 mortalem
802 3911 983 3968 dicere
1017 3911 1286 3980 debuisse,
1317 3927 1475 3982 quam
1517 3911 1771 3966 incertam
1796 3953 1810 3976 ,
1837 3927 1902 3966 eo
1932 3911 2074 3981 quod

479 4011 627 4058 certa
671 4011 844 4058 morte
883 4001 1114 4057 finiatur.
1155 4001 1355 4058 Tamen
1385 4001 1638 4072 quamdiu
1671 4001 1903 4071 ducitur,
1934 4019 2073 4074 quo-

481 4095 622 4150 niam
649 4096 934 4150 momentis
957 4095 1208 4151 omnibus
1243 4111 1367 4152 esse
1397 4113 1502 4152 non
1531 4095 1802 4152 dubitatur
1827 4097 2070 4163 incerta;

481 4187 612 4242 nihil
660 4185 802 4242 aliud
842 4203 963 4242 eum
1006 4187 1342 4258 putavimus,
1389 4203 1546 4259 quam
1590 4189 1745 4244 istam
1790 4189 2070 4244 nmrtalcin

482 4280 642 4334 vitam
665 4279 915 4335 maluisse
939 4279 1120 4335 dicere
1151 4279 1426 4333 incertam.
1458 4280 1534 4334 Ac
1557 4295 1652 4350 per
1679 4281 1800 4344 hoc,
1833 4281 2074 4349 quamvis

481 4379 736 4426 :nternam
765 4379 992 4426 mortem
1023 4371 1362 4441 parvulorum
1389 4371 1506 4426 sine
1529 4371 1870 4441 Baptismatis
1894 4385 2074 4426 sacra-

483 4472 666 4518 mento
699 4477 767 4517 ex
797 4461 896 4518 hac
923 4461 1028 4516 vita
1055 4461 1393 4532 migrantium
1423 4470 1610 4532 aperte
1650 4461 1878 4516 noluerit
1902 4461 2074 4516 conii-

483 4553 618 4620 teri;
645 4563 820 4609 tamen
837 4551 904 4608 de
931 4551 1022 4608 illo
1047 4551 1460 4608 sollicitudinem
1484 4559 1722 4606 nostram
1747 4552 1896 4621 quasi
1923 4563 2072 4607 certa

483 4645 818 4701 ratiocinatio
843 4643 1136 4700 solabatur.
1173 4643 1492 4699 Dicebatnus
1517 4642 1702 4697 enim:
1731 4641 1788 4698 Si
1817 4652 2072 4712 perpetua

481 4739 609 4804 vita,
637 4739 778 4795 sicut
803 4737 1046 4794 confiteri
1075 4737 1304 4804 videtur,
1334 4737 1434 4792 nisi
1473 4751 1664 4792 eorum
1693 4736 1788 4807 qui
1825 4735 2072 4806 baptizati

483 4839 608 4886 sunt-
634 4847 737 4884 non
771 4839 946 4901 potest
983 4845 1136 4893 esse:
1171 4829 1410 4900 profecto
1440 4843 1534 4883 eos
1563 4830 1650 4898 qui
1692 4845 1795 4884 non
1825 4829 2078 4898 baptizati

481 4923 802 4986 moriuntur,
845 4936 994 4978 mors
1037 4932 1295 4992 perpetua
1338 4929 1715 4988 consequetur.
1746 4919 1898 4989 Quod
1930 4921 2078 4976 nulla

477 5012 679 5082 justitia
709 5021 886 5082 potest
906 5013 1150 5068 accidere
1179 5013 1288 5072 his.
1327 5025 1358 5066 a
1384 5011 1574 5082 quibus
1606 5011 1656 5065 in
1681 5011 1780 5067 hac
1801 5013 1904 5066 vita
1930 5013 2073 5068 nulla

487 5115 708 5176 peccata
728 5105 1014 5160 commissa
1045 5113 1190 5170 sunt,
1219 5105 1320 5158 nisi
1349 5103 1607 5175 originale
1637 5113 1932 5173 peccatum.

553 5193 780 5253 CAPUT
829 5192 970 5249 XXI.
1015 5223 1090 5236 --
1125 5195 1220 5250 23.
1258 5193 1368 5251 Sed
1411 5202 1596 5265 postea
1643 5209 1750 5250 non
1793 5195 2076 5252 defuerunt

485 5290 695 5354 fratres,
713 5289 802 5360 qui
825 5303 922 5342 nos
945 5287 1318 5356 admonerent,
1346 5287 1450 5343 hoc
1463 5286 1588 5344 ideo
1603 5287 1784 5344 dicere
1801 5289 2074 5360 Pelagium

483 5383 743 5453 posuisse,
769 5381 893 5454 quia
921 5381 990 5438 de
1017 5381 1118 5438 ista
1138 5381 1434 5452 quastione
1453 5381 1525 5436 ita
1551 5381 1864 5452 perhibetur
1885 5383 2076 5439 solitus

485 5476 814 5546 respondere
836 5474 1222 5547 quaerentibus,
1247 5483 1306 5530 ut
1331 5474 1562 5541 diceret,
1600 5493 1622 5529 ι
1647 5473 1775 5530 Sine
1801 5475 2076 5546 Baptismo

487 5569 686 5638 parvuli
717 5569 1036 5635 morientes,
1065 5583 1174 5639 quo
1197 5583 1304 5622 non
1333 5575 1484 5646 eant,
1509 5568 1658 5631 scio;
1683 5579 1954 5638 quonam,
1977 5583 2076 5624 ne-

549 5701 571 5770 ξ
594 5701 732 5770 mliti,
757 5709 906 5767 putat.
931 5699 1255 5770 Emendantur
1279 5713 1340 5750 ex
1365 5707 1476 5752 uss.
1499 5755 1526 5770 Α

553 5764 572 5794 ¹
596 5765 733 5822 Editi.
753 5764 816 5818 ex
839 5779 966 5830 aqua
989 5769 1034 5814 et
1057 5764 1237 5828 Spiritu
1259 5771 1438 5813 sancto.
1467 5764 1630 5821 Abest,
1655 5769 1834 5822 sancto.
1854 5773 1882 5813 a

2191 511 2318 552 vero
2343 508 2486 566 eant,
2515 499 2636 556 ideo
2653 515 2712 558 se
2733 503 2940 561 nescire
2960 503 3190 574 dicebat,
3219 518 3312 564 aut
3335 507 3464 566 dicit
3487 511 3528 576 ί,
3549 511 3675 583 quia
3699 511 3780 568 di-

2189 604 2314 646 cere
2339 605 2442 646 non
2469 591 2699 650 audebat
2723 595 2776 650 in
2799 609 3023 652 mortem
3047 599 3164 654 illos
3189 601 3269 656 ire
3289 611 3622 673 perpetuam,
3647 619 3782 676 quos

2187 691 2243 736 et
2271 680 2358 737 hic
2395 684 2524 738 nihil
2563 688 2686 741 mali
2723 689 3056 746 commisisse
3095 694 3392 762 sentiebat,
3429 703 3484 751 et
3521 698 3780 768 originale

2189 777 2412 828 traxisse
2433 788 2706 846 peccatum
2725 795 2830 836 non
2848 784 3231 840 consentiebat.
3257 785 3440 858 itaque
3466 797 3522 844 et
3542 789 3638 844 ista
3663 790 3781 860 ejus

2190 867 2346 922 verba
2367 868 2588 924 Romam
2619 887 2718 942 pro
2741 889 2929 946 magna
2961 876 3076 948 ejus
3109 880 3420 949 purgatione
3439 884 3774 952 transmissa,

2188 967 2292 1012 tam
2319 967 2444 1015 sunt
2462 963 2804 1034 ambigua,ut
2831 968 3035 1036 possint
3064 984 3252 1026 eorum
3279 970 3510 1042 dogmati
3537 975 3778 1044 prtebere

2189 1049 2438 1119 latibula,
2479 1055 2622 1112 unde
2670 1057 2736 1112 ad
2789 1059 3146 1118 insidiandum
3204 1065 3444 1134 prosiliat
3492 1065 3775 1124 lia-reticus

2184 1155 2394 1206 sensus,
2419 1147 2630 1214 quando
2655 1149 2804 1205 nttllo
2823 1153 3083 1209 existente
3107 1155 3198 1226 qui
3224 1155 3399 1212 valeat
3424 1159 3770 1228 respondere,

2185 1239 2438 1304 tanquam
2464 1236 2518 1292 in
2545 1237 2830 1298 solitudine
2861 1243 3053 1314 aliquis
3081 1245 3344 1302 invenitur
3369 1249 3628 1305 inﬁrmus.

2252 1323 2344 1380 24.
2373 1325 2489 1381 Jam
2515 1343 2642 1384 vero
2671 1331 2726 1386 in
2753 1331 2890 1388 libro
2923 1333 3070 1390 Fidei
3101 1351 3211 1390 sua:
3232 1337 3331 1409 (a).
3362 1355 3517 1410 quem
3547 1339 3769 1395 Romam

2182 1433 2302 1474 cum
2331 1421 2458 1491 ipsis
2489 1422 2680 1480 litteris
2707 1427 2852 1482 misit
2893 1429 2958 1482 ad
3002 1431 3254 1486 enuniem
3290 1447 3476 1504 papam
3507 1433 3770 1491 Innocen-

2183 1511 2333 1580 tium,
2359 1513 2425 1568 ad
2453 1529 2610 1586 quem
2637 1517 2796 1573 etiam
2825 1521 3102 1590 epistolam
3134 1525 3442 1595 scripserat,
3471 1528 3640 1582 multo
3661 1528 3773 1583 evi-

2180 1601 2394 1660 dentius
2443 1619 2501 1661 se
2531 1607 2704 1677 ipsum
2736 1613 2962 1680 tegetqu
2999 1613 3246 1678 nudavit,
3277 1615 3462 1672 dicens
3489 1636 3503 1673 :
3539 1637 3560 1671 ο
3587 1617 3768 1690 Bapti-

2179 1707 2294 1750 sma
2323 1711 2484 1751 unum
2518 1709 2758 1756 tenemus
2779 1744 2794 1766 ,
2822 1703 2968 1774 quod
3005 1705 3194 1761 iisdem
3233 1707 3564 1766 Sacramenti
3593 1713 3768 1768 verbis

2179 1784 2232 1838 in
2257 1785 2566 1858 infantibus,
2591 1792 2783 1862 quibus
2804 1795 2966 1850 etiam
2993 1796 3046 1850 in
3065 1797 3375 1867 majoribus,
3402 1801 3626 1858 dicimus
3647 1819 3768 1860 esse

2179 1877 2578 1937 celebrandum.
2615 1901 2638 1937 ι
2669 1883 2784 1940 Νοη
2810 1887 2998 1942 saltent
3027 1887 3180 1956 dixit,
3211 1891 3414 1946 Eodem
3447 1891 3766 1952 Sacramen-

2181 1977 2276 2040 to;
2305 1973 2446 2045 quod
2472 1975 2684 2046 quidem
2715 1981 2758 2034 si
2779 1980 3022 2046 dixisset,
3050 1981 3224 2038 adhuc
3249 1993 3394 2040 esset
3417 1987 3720 2058 ambiguum
3747 2007 3762 2044 :

2179 2065 2293 2130 sed,
2329 2085 2346 2118 ι
2377 2067 2604 2136 iisdem,
2635 2087 2655 2122 ›
2687 2070 2886 2141 inquit,
2935 2093 2953 2126 ι
2982 2074 3316 2130 Sacramenti
3357 2079 3565 2146 verbis;
3595 2099 3614 2132 θ
3651 2091 3766 2136 tan-

2179 2173 2335 2227 quam
2363 2159 2652 2216 infantibus
2688 2163 2934 2218 remissio
2976 2177 3315 2236 peecatorum
3357 2170 3640 2225 verborum
3671 2187 3764 2228 so-

2180 2250 2292 2304 nitu
2322 2251 2612 2320 diceretur,
2645 2271 2748 2310 non
2781 2273 2956 2311 rerum
2981 2269 3227 2328 ageretur
3255 2261 3465 2316 eil‘ectu.
3501 2263 3654 2318 Visus
3681 2275 3764 2321 est

2180 2351 2356 2398 tamen
2384 2345 2450 2399 ad
2479 2355 2706 2416 tempus,
2733 2349 2930 2418 aliquid
2960 2352 3138 2406 dicere
3167 2353 3307 2424 quod
3341 2354 3464 2410 fidei
3485 2357 3762 2412 catholicas

2177 2438 2486 2491 conveniret
2525 2456 2537 2494 :
2573 2441 2661 2492 sed
2695 2439 2836 2494 illaut
2877 2441 3057 2495 sedem
3093 2459 3259 2514 usque
3289 2445 3340 2498 in
3375 2447 3534 2502 linem
3579 2447 3762 2504 fallere

2179 2539 2282 2577 non
2305 2527 2600 2596 pra-valuit.
2633 2529 2758 2584 I‘ust
2783 2533 3036 2600 rescripta
3057 2534 3250 2604 quippe
3273 2535 3508 2591 Africani
3527 2540 3760 2606 concilii,

2177 2615 2229 2672 itt
2270 2636 2425 2688 quant
2475 2623 2799 2690 pt'ut’iik‘iattl
2843 2625 3056 2695 quidem
3101 2625 3342 2682 doctrina
3387 2627 3474 2682 illa
3513 2606 3762 2700 pestifera

2176 2711 2442 2782 serpendo
2477 2725 2810 2783 pervenerat,
2841 2717 2934 2772 sed
2975 2734 3092 2772 eaut
3125 2734 3228 2772 non
3261 2727 3368 2773 tam
3399 2720 3504 2775 late
3529 2736 3762 2791 occupa-

2176 2813 2326 2858 verat
2347 2804 2557 2876 alteque
2594 2821 2938 2877 pervaserat;
2975 2809 3322 2880 alia‘quoqne
3345 2811 3510 2881 ipsius
3549 2813 3600 2867 in
3633 2814 3764 2870 urbe

2175 2891 2366 2961 Roma,
2389 2896 2480 2950 ubi
2501 2897 2804 2954 diutissime
2823 2899 3044 2964 vixerat,
3065 2913 3224 2972 atque
3246 2903 3296 2956 in
3316 2901 3399 2957 his
3423 2903 3594 2958 fuerat
3617 2907 3764 2976 prius

2177 2989 2514 3044 sermonibus
2533 2991 3072 3064 contentionilmsque
3095 3006 3356 3060 versatus,
3380 3011 3504 3051 cum
3530 2997 3762 3054 fidelium

2176 3075 2398 3133 fratrum
2427 3080 2628 3149 prolata
2655 3091 2955 3150 patuerunt,
2979 3101 3096 3153 qua:
3121 3084 3312 3140 litteris
3331 3087 3466 3154 suis,
3481 3103 3613 3157 quas
3634 3105 3766 3144 con-

2177 3169 2392 3239 scripsit
2418 3185 2514 3240 per
2540 3171 2724 3228 orbem
2756 3171 3074 3228 catlmlicum
3109 3175 3468 3244 perferendas,
3503 3195 3634 3250 papa
3663 3179 3766 3234 Zo-

2176 3259 2346 3316 simus
2372 3263 2720 3330 exsecranda,
2747 3264 2884 3319 sicut
2917 3267 3092 3335 legere
3121 3269 3364 3336 potestis,
3393 3269 3638 3324 attexuit.
3661 3269 3762 3328 Ubi
3823 3287 3842 3304 υ

2176 3349 2420 3422 Pelagius
2451 3352 2740 3422 Epistulam
2771 3353 2918 3409 Pauli
2950 3357 3182 3426 apostoli
3219 3358 3284 3412 ad
3317 3359 3592 3416 Bormuos
3623 3363 3767 3418 velut

2176 3460 2469 3515 exponens,
2493 3455 2891 3517 argumentatur
2917 3459 2971 3504 et
2995 3449 3124 3506 dicit
3151 3467 3165 3505 :
3199 3469 3217 3503 ι
3248 3451 3304 3506 Si
3333 3453 3461 3507 Adae
3486 3463 3764 3525 peceatum

2177 3537 2336 3591 etiam
2368 3553 2472 3592 non
2503 3541 2842 3608 peccantibus
2872 3543 3071 3606 nocuit,
3103 3557 3230 3613 ergo
3257 3551 3312 3600 et
3339 3545 3535 3600 Clu-isti
3561 3547 3766 3616 jttStitia

2177 3628 2336 3682 etiam
2367 3645 2470 3684 non
2495 3631 2836 3686 credentibus
2860 3634 3094 3702 prodest.
3131 3655 3150 3688 i
3187 3637 3252 3691 Et
3278 3648 3470 3693 extera
3494 3639 3769 3710 huiusmo-

2178 3717 2254 3784 di,
2283 3737 2400 3790 qua:
2430 3721 2604 3774 omnia
2631 3722 2852 3776 Domino
2877 3723 3164 3794 adjuvante
3195 3727 3245 3780 in
3275 3727 3446 3796 libris,
3477 3745 3612 3800 quos
3635 3729 3774 3786 scri-

2179 3812 2380 3879 psimus
2399 3853 2414 3879 ,
2445 3811 2512 3868 de
2542 3812 2808 3884 Baptisino
2837 3817 3173 3884 pariuiorum
3193 3859 3212 3884 ,
3245 3818 3470 3873 refutata
3511 3829 3567 3876 et
3592 3821 3770 3876 disso-

2179 3903 2285 3957 luta
2315 3913 2438 3960 sunt
2472 3903 2608 3974 (Lib.
2639 3907 2692 3969 3,
2741 3923 2830 3960 nn.
2861 3907 2896 3961 5
2919 3949 2932 3970 ,
2966 3907 3043 3979 ϐ).
3073 3907 3140 3962 Ει
3181 3923 3242 3963 ea
3287 3909 3501 3980 quidem
3548 3911 3600 3966 in
3641 3913 3770 3981 ipsis

2178 3996 2326 4065 quasi
2357 3997 2781 4066 expositionibus
2826 4013 2929 4053 non
2975 4015 3041 4054 ex
3086 4015 3179 4054 sua
3232 4015 3459 4071 persona
3497 4011 3580 4058 est
3607 4019 3771 4059 ausus

2178 4085 2440 4153 objicere;
2469 4087 2562 4142 sed
2601 4089 2672 4142 ibi
2701 4087 2800 4143 hoc
2829 4089 3040 4144 dicebat
3061 4133 3075 4156 ,
3127 4091 3214 4146 ubi
3244 4093 3426 4148 multis
3457 4095 3772 4151 mitissimus

2178 4193 2292 4234 erat
2312 4223 2326 4246 ,
2353 4190 2408 4236 et
2433 4181 2560 4252 quid
2589 4185 2814 4237 sentiret
2843 4199 2904 4236 ac
2934 4185 3158 4251 diceret,
3187 4183 3352 4241 latere
3377 4201 3480 4240 non
3521 4195 3766 4257 poterat:

2177 4272 2320 4342 quod
2351 4273 2402 4327 in
2433 4273 2581 4327 libris
2607 4259 2744 4338 illis,
2773 4273 2840 4330 de
2874 4291 3098 4344 quorum
3129 4277 3302 4347 primo
3327 4277 3576 4346 quiddam
3606 4295 3770 4349 supra

2177 4365 2594 4420 commemoravi
2621 4367 2837 4436 (Supra,
2865 4385 2916 4421 η.
2953 4369 3067 4436 Η),
3099 4385 3202 4424 non
3225 4371 3642 4438 dissimulanter,
3676 4371 3770 4428 Sed

2179 4459 2510 4527 apertissime
2536 4459 2747 4527 quantis
2775 4469 2946 4529 potest
2974 4461 3274 4530 disputandi
3315 4463 3514 4518 viribus
3539 4465 3682 4532 agit,
3713 4473 3774 4518 ut

2181 4561 2366 4602 natura
2399 4549 2626 4602 luunana
2667 4551 2718 4602 in
2756 4550 2986 4620 parvulis
3013 4553 3158 4606 nullo
3187 4553 3346 4608 modo
3371 4570 3436 4608 ex
3483 4557 3774 4626 prepagiue

2179 4639 2362 4694 vitia-ta
2387 4641 2670 4706 credatur;
2705 4643 2788 4696 cui
2817 4645 3118 4714 arrogando
3143 4645 3394 4712 salutem,
3427 4645 3627 4703 invidet
3665 4647 3774 4702 sal-

2180 4741 2417 4787 vatorem
2431 4733 2474 4784 '.

2251 4823 2478 4879 CAPUT
2519 4823 2683 4880 XXII.
2712 4855 2784 4866 —-
2811 4825 2901 4879 ΞΕ.
2931 4825 3058 4882 Ilrec
3088 4843 3208 4884 eum
3250 4829 3320 4882 ita
3364 4830 3502 4894 sint,
3541 4843 3778 4899 cumque

2176 4917 2286 4987 jam
2317 4925 2525 4972 constet
2544 4917 2736 4986 dogma
2753 4919 3023 4973 exstitisse
3051 4919 3360 4988 pestiferum
3381 4929 3438 4974 et
3457 4919 3772 4974 ltmreticuut

2180 5027 2444 5078 errorem,
2464 5027 2622 5082 quem
2653 5011 3187 5082 Dominoadjuvante
3215 5013 3452 5082 apertius
3471 5013 3584 5084 jam
3623 5013 3776 5067 devi-

2182 5113 2258 5160 tat
2285 5104 2542 5172 Eeciesia,
2563 5103 2772 5160 duobus
2797 5105 2933 5172 istis,
2957 5105 3172 5176 Pelagio
3193 5106 3400 5161 scilicet
3419 5115 3474 5160 et
3495 5107 3776 5171 leestio,

2181 5197 2348 5254 autin
2377 5195 2550 5251 locum
2583 5195 2910 5266 penitentite
2943 5193 3194 5262 redactis,
3223 5205 3316 5251 aut
3344 5197 3388 5252 si
3410 5197 3462 5252 id
3491 5211 3778 5253 recusave-

2181 5289 2288 5344 rint
2315 5285 2535 5343 omnino
2559 5285 2826 5342 damnatis
2846 5328 2860 5352 ,
2890 5287 2979 5356 qui
3007 5285 3164 5358 hujus
3191 5288 3556 5358 perversitatis
3584 5298 3775 5344 aucto-

2182 5397 2271 5438 res
2293 5379 2378 5436 vel
2409 5379 2774 5452 perhibentur,
2802 5381 2885 5436 vel
2911 5381 3072 5436 etiam
3097 5381 3424 5451 probantur;
3449 5381 3532 5438 vel
3561 5393 3708 5438 certe
3729 5383 3784 5440 si-

2247 5519 2263 5550 ²
2290 5524 2388 5566 Non
2410 5515 2660 5579 superfluo
2679 5513 2918 5579 additum,
2956 5521 3040 5566 aut
3061 5513 3200 5579 dicit,
3238 5514 3368 5578 quod
3392 5515 3778 5579 expungendum

2182 5587 2413 5643 putarunt
2431 5577 2785 5643 tiivanienses:
2811 5577 2899 5627 sed
2931 5591 2998 5643 eo
3019 5577 3336 5641 signiﬁcatur,
3361 5577 3610 5642 Pelagium
3629 5591 3658 5628 a
3688 5591 3778 5629 suo

2185 5639 2356 5690 errore
2379 5639 2590 5690 nondum
2615 5641 2741 5689 forte
2759 5641 3045 5689 recessisse.

2251 5707 2269 5734 ³
2297 5711 2390 5760 tr.,
2414 5700 2640 5753 salvatori
2669 5713 2688 5750 :
2711 5703 2870 5750 minus
2901 5709 3058 5751 recte.

2251 5766 2320 5826 (xz)
2359 5759 2619 5814 istiibetur
2645 5763 2782 5822 infra,
2809 5765 2856 5812 in
2881 5769 3018 5825 larte
3049 5759 3587 5836 secunda‘appendia.

2991 6491 3044 6496 _-
3069 6489 3596 6498 HH'ﬁ—C—hh——ﬁ-
3613 6493 3722 6498 _—._

3727 6489 3978 6500 _.._.._-_.——-—
