4170 6538
453 324 557 379 529

456 434 745 488 christiana
773 445 878 487 non
910 427 1111 486 debitat
1151 447 1163 483 :
1192 429 1303 483 sive
1334 428 1385 482 in
1409 441 1485 482 cis
1504 427 1659 496 justis
1689 442 1826 499 quos
1857 437 2040 483 sancta

452 525 726 593 Ser'qtmra
748 528 1156 587 commemorat,
1183 518 1295 573 sive
1316 518 1367 572 in
1392 518 1470 573 eis
1491 517 1648 588 jnstis
1670 533 1802 588 quos
1829 518 2045 589 quidem

455 617 540 669 illa
592 629 696 668 non
745 620 1166 675 commemorat,
1213 607 1308 664 sed
1356 619 1530 663 tamen
1584 608 1748 663 fuisse
1794 607 2046 663 credendi

454 715 577 761 sum
596 745 612 770 ,
636 704 717 758 vel
742 714 867 756 ante
888 700 1144 756 diluvium
1165 741 1180 764 ,
1210 699 1291 752 vel
1323 697 1446 752 inde
1476 712 1640 767 usque
1668 697 1732 751 ad
1767 697 1935 766 legem
1963 695 2052 749 da-

456 807 600 862 tam,
643 794 726 849 vel
767 792 932 864 ipsius
960 788 1092 860 legis
1137 800 1411 858 tempore,
1460 802 1566 841 non
1611 788 1782 841 solum
1828 787 1881 840 in
1926 784 2048 840 tiliis

459 887 620 942 Israel
642 929 655 950 ,
687 887 825 940 sicut
854 882 1066 939 fuerunt
1092 880 1398 952 Prophetic.
1425 880 1517 935 sed
1547 880 1880 935 etiam’extra
1904 894 2048 934 eum-

454 978 576 1035 dem
609 978 859 1049 populum
880 1019 896 1043 ,
927 978 1064 1031 sicut
1088 975 1183 1029 iuit
1221 973 1345 1029 Job.
1369 972 1437 1027 Et
1458 972 1691 1035 ipsorum
1715 971 1858 1026 enim
1884 969 2045 1025 corda

454 1076 642 1129 eadem
676 1071 1066 1126 ntundahantnr
1084 1067 1402 1124 mediatoris
1425 1068 1546 1131 tide,
1574 1075 1628 1122 et
1653 1065 2048 1121 dilhmdebatur

457 1167 507 1219 in
535 1167 612 1219 eis
640 1163 871 1219 Charitas
909 1178 1005 1232 per
1048 1161 1302 1231 Spiritum
1331 1168 1573 1215 sanctum
1618 1156 1794 1230 (Rom.
1835 1172 1902 1224 ν,
1948 1156 2042 1229 5),

455 1258 543 1326 qui
573 1255 659 1311 ubi
678 1254 987 1323 vult-spirat
1013 1252 1191 1325 (Joan.
1216 1267 1307 1317 ιιι,
1335 1250 1416 1321 8),
1445 1265 1554 1304 non
1575 1250 1760 1303 merita
1787 1262 2043 1318 sequens,

456 1349 549 1403 sed
577 1348 735 1402 etiam
769 1347 876 1416 ipsa
907 1345 1094 1401 merita
1135 1344 1350 1399 faciens.
1394 1341 1508 1397 Non
1553 1341 1693 1396 enim
1738 1340 1834 1396 Dei
1876 1339 2047 1410 gratia

455 1441 622 1512 gratia
664 1440 765 1493 erit
788 1439 893 1492 ullo
916 1437 1094 1503 modo,
1122 1437 1225 1491 nisi
1253 1435 1480 1508 gratuita
1504 1433 1664 1488 fuerit
1689 1432 1836 1487 omni
1863 1431 2042 1487 modo.

525 1533 614 1588 29.
645 1531 898 1600 Quamvis
927 1545 1053 1599 ergo
1081 1543 1226 1582 mors
1253 1528 1553 1597 regnaverit
1575 1528 1644 1580 ab
1680 1525 1850 1580 Adam
1879 1539 2047 1595 usque

454 1623 521 1678 ad
548 1623 761 1692 Moysen
790 1620 963 1694 (Rom.
995 1635 1046 1686 ν,
1073 1616 1178 1688 Li),
1210 1617 1331 1688 quia
1365 1631 1469 1671 non
1499 1632 1616 1671 eam
1641 1615 1812 1686 potuit.
1831 1615 2047 1671 vincere

454 1730 553 1770 nec
573 1715 655 1768 lex
684 1713 801 1767 data
835 1726 930 1780 per
956 1710 1202 1782 Moysen;
1233 1723 1339 1762 non
1362 1707 1503 1762 enim
1530 1706 1652 1762 data
1674 1715 1754 1761 est
1782 1721 1899 1777 qua:
1925 1720 2048 1775 pos-

453 1816 536 1861 set
566 1806 824 1859 vivilieare
845 1801 1037 1872 (Galat.
1062 1817 1149 1866 ιιι,
1176 1800 1268 1872 21)
1293 1841 1307 1865 ,
1337 1799 1433 1855 sed
1468 1815 1582 1870 qum
1613 1808 1885 1864 mortuos,
1928 1796 2047 1868 qui-

454 1898 552 1950 bus
580 1894 907 1949 vivitieandis
935 1902 1080 1949 esset
1120 1891 1290 1963 gratia
1328 1891 1631 1946 necessaria
1658 1930 1672 1955 ,
1722 1905 1828 1944 non
1869 1888 2043 1944 solum

454 1989 652 2060 peccati
688 1970 1064 2057 propagatione.
1090 1993 1146 2041 et
1181 1984 1544 2040 dominatione
1589 1991 1881 2053 prostratos
1905 2023 1918 2049 ,
1950 1997 2042 2037 ve-

451 2097 568 2135 rum
597 2081 754 2135 etiam
785 2079 951 2150 ipsius
987 2076 1121 2148 legis
1160 2075 1337 2130 addita
1381 2076 1816 2145 pra-varicatione
1856 2071 2043 2128 convi-

449 2183 585 2233 ctos,
614 2170 837 2227 deberet
858 2168 1177 2233 ostendere;
1210 2182 1317 2221 non
1356 2176 1414 2222 ut
1450 2166 1648 2237 periret
1674 2166 1914 2237 quisquis
1941 2166 2043 2220 hoc

450 2266 503 2322 in
533 2264 624 2320 Dei
655 2261 1021 2319 misericordia
1043 2260 1208 2315 etiam
1237 2270 1363 2314 tunc
1389 2259 1732 2329 intelligeret,
1754 2258 1848 2313 sed
1872 2267 1927 2311 nt
1949 2272 2044 2327 per

450 2373 671 2428 regnum
700 2354 889 2409 mortis
915 2353 980 2406 ad
1016 2350 1338 2421 supplicium
1369 2349 1699 2416 destinatus,
1739 2351 1900 2405 etiam
1940 2349 2044 2404 sibi

451 2451 550 2521 ipsi
592 2451 608 2482 ¹
655 2463 748 2519 per
786 2446 1277 2517 praevaricationem
1318 2440 1452 2513 legis
1496 2441 1903 2508 manifestatus,
1946 2441 2041 2497 Dei

446 2548 715 2612 qurererct
733 2538 1086 2608 adjutorium,
1111 2544 1167 2590 ιιι
1193 2535 1280 2589 ubi
1310 2533 1602 2589 abundavit
1624 2541 1927 2601 peceatum,
1960 2548 2042 2587 su-

451 2631 837 2703 pembundaret
862 2630 1028 2701 gratia
1052 2627 1228 2697 (Rom.
1251 2642 1313 2694 v,
1342 2620 1473 2689 20).
1496 2642 1614 2694 qua:
1643 2628 1754 2682 sola
1782 2626 1969 2681 liberat
2006 2639 2038 2680 a

448 2741 674 2795 corpore
703 2724 890 2778 mortis
923 2721 1081 2791 hujus
1106 2718 1217 2790 (Id.
1248 2735 1319 2774 vtt
1340 2760 1355 2786 ,
1378 2713 1480 2782 ει,
1510 2717 1629 2790 2-3).

520 2815 745 2870 CAPUT
784 2812 951 2868 XXV.
982 2841 1056 2852 —
1082 2809 1333 2878 Quamvis
1360 2825 1484 2880 ergo
1529 2824 1625 2864 nec
1651 2809 1738 2863 lex
1773 2824 1867 2878 per
1892 2808 2040 2881 Moy-

447 2926 541 2965 sen
567 2908 688 2963 data
729 2904 959 2977 potuerit
1001 2921 1031 2957 a
1058 2918 1323 2974 quoquam
1365 2901 1580 2955 homine
1602 2916 1822 2969 regnum
1853 2901 2042 2955 mortis

445 3001 691 3064 auferre;
717 3007 871 3054 erant
898 3006 1072 3050 tamen
1098 3004 1152 3048 et
1177 2994 1306 3063 legis
1333 2991 1576 3061 tempore
1620 2992 1865 3046 homines
1905 2991 2036 3056 Dei,

448 3109 554 3149 non
584 3091 684 3144 sub
715 3093 828 3159 lege
851 3095 1104 3153 terrente,
1124 3085 1496 3146 convincentc,
1523 3082 1792 3153 puniente,
1823 3080 1919 3137 sed
1940 3081 2039 3135 sub

445 3186 609 3253 gratia
642 3180 961 3237 delectante.
983 3186 1237 3239 sanante,
1267 3176 1547 3230 liberante.
1579 3174 1744 3228 Erant
1776 3173 1865 3241 qui
1889 3173 2036 3227 dice-

446 3285 563 3330 rent
582 3317 596 3341 ,
625 3274 735 3345 Ego
758 3274 808 3326 in
837 3269 1179 3341 iniquitatibus
1204 3279 1472 3337 conceptus
1491 3284 1635 3332 sum,
1664 3277 1709 3320 et
1734 3268 1786 3319 in
1827 3266 2041 3336 peccatis

444 3378 603 3420 mater
630 3382 737 3418 mea
764 3380 843 3417 me
863 3363 914 3415 in
936 3374 1077 3415 utero
1100 3361 1261 3424 aluit;
1286 3367 1334 3412 et
1352 3401 1367 3421 ,
1397 3356 1517 3411 Non
1547 3366 1616 3411 est
1647 3374 1749 3429 pax
1772 3357 1823 3410 in
1844 3356 2039 3410 ossibus

444 3460 566 3511 meis
591 3475 621 3509 a
651 3457 781 3525 [acie
810 3464 1129 3525 peccatorum
1155 3466 1381 3504 meorum
1411 3446 1581 3522 (Psal.
1613 3463 1798 3503 xxxvtt
1819 3490 1832 3513 ,
1856 3447 1933 3518 4);
1961 3455 2035 3512 et,

445 3549 544 3604 Cor
573 3550 815 3602 mundum
840 3562 952 3600 crea
976 3546 1025 3598 in
1051 3560 1148 3609 me,
1180 3541 1341 3605 Deus,
1379 3551 1425 3594 et
1458 3540 1693 3610 spit'ifum
1733 3550 1922 3594 rectum
1959 3539 2041 3592 in-

445 3658 570 3695 uova
592 3643 642 3694 in
668 3639 934 3693 visceribus
964 3637 1118 3700 meis;
1142 3646 1195 3690 et
1218 3677 1232 3701 ,
1263 3634 1465 3704 Spiri'u
1494 3633 1765 3703 principali
1792 3633 2039 3700 confirma

445 3751 556 3796 .ue;
578 3743 650 3795 et,
682 3731 932 3800 Spiritum
960 3739 1187 3783 sanctum
1216 3736 1355 3779 tuum
1386 3742 1452 3780 ne
1472 3725 1673 3794 auferas
1699 3741 1730 3777 a
1756 3742 1834 3777 me
1864 3724 2036 3797 (Psal.

446 3842 496 3887 ι..
520 3826 574 3890 '7,
605 3824 702 3887 19.,
737 3825 823 3885 it,
855 3821 965 3892 15).
994 3819 1158 3873 Erant
1187 3818 1275 3887 qui
1302 3817 1563 3882 dicerent,
1582 3814 1808 3882 Credidi,
1833 3826 2040 3888 propter

445 3921 577 3983 quod
596 3917 792 3969 locutus
818 3929 927 3966 sum
959 3910 1131 3981 (l’sal.
1160 3925 1287 3973 cxv,
1315 3911 1390 3978 t).
1418 3909 1616 3963 Eadem
1638 3910 1835 3979 quippe
1860 3920 1914 3964 et
1940 3909 2039 3979 ipsi

447 4006 841 4062 mandabantur
864 4003 987 4070 fide,
1017 4018 1119 4074 qua
1145 4011 1200 4057 et
1232 4016 1348 4057 nos.
1381 4001 1534 4058 Unde
1565 4013 1618 4057 et
1643 4004 1926 4072 Apostolus
1951 4003 2038 4058 di-

447 4100 552 4163 cit,
586 4096 838 4152 Habentes
869 4104 1034 4149 autem
1057 4095 1285 4147 eumdem
1313 4095 1547 4165 spiritum
1585 4094 1733 4163 fidei,
1763 4096 2040 4150 secundum

445 4193 581 4265 quod
606 4191 851 4257 scriptum
871 4198 942 4243 est
962 4229 976 4252 ,
1005 4187 1243 4251 Credidi,
1276 4197 1483 4258 propter
1510 4187 1644 4257 quod
1669 4188 1866 4242 locutus
1890 4196 2040 4255 sum;

444 4294 492 4337 et
531 4300 622 4337 nos
648 4281 929 4345 credimus,
955 4289 1159 4350 propter
1183 4278 1317 4349 quod
1354 4288 1399 4332 et
1420 4279 1674 4351 loquimur
1698 4278 1762 4353 (ll
1784 4280 1915 4345 ,Cor.
1949 4296 2005 4335 tv
2023 4324 2037 4346 ,

450 4375 559 4446 t5).
589 4376 663 4429 Ex
707 4374 819 4446 ipsa
854 4372 957 4429 fide
981 4373 1257 4427 dicebatur
1279 4413 1295 4438 ,
1328 4370 1461 4425 Ecce
1486 4374 1622 4443 virgo
1646 4374 1700 4427 in
1741 4382 1880 4427 utero
1910 4374 2045 4428 acci-

449 4470 569 4539 piet,
593 4478 639 4522 et
665 4465 826 4538 pariet
848 4465 1036 4534 lilium;
1055 4473 1098 4517 et
1124 4464 1367 4517 vocabunt
1392 4480 1570 4517 nomen
1588 4466 1695 4535 ejus
1716 4464 2039 4534 Emmanuel,

445 4560 675 4631 quodest
714 4559 1129 4627 interpretatum,
1162 4554 1441 4610 Nobiscum
1472 4555 1608 4611 Deus
1635 4556 1787 4626 (lsai.
1823 4574 1919 4623 vn,
1953 4560 2039 4625 H,

446 4665 492 4710 et
534 4653 717 4708 Matth.
745 4668 797 4717 ι,
826 4652 943 4720 ‘25).
977 4651 1050 4705 Ex
1091 4651 1203 4720 ipsa
1245 4648 1347 4703 lide
1377 4648 1444 4704 de
1485 4649 1601 4719 ipso
1629 4649 1935 4717 dicebatur,
1975 4649 2043 4705 Et

444 4747 553 4815 ipse
577 4755 817 4812 tanquam
839 4756 1056 4811 sponsus
1087 4738 1361 4811 procedens
1382 4738 1444 4792 de
1473 4738 1696 4795 thalamo
1715 4756 1807 4795 suo
1836 4756 1856 4796 :
1875 4742 2044 4797 exsul-

446 4836 568 4892 tavit
594 4846 644 4890 ut
665 4837 811 4907 gigas
833 4834 902 4887 ad
926 4816 1232 4888 currendum
1253 4833 1410 4895 viam;
1429 4848 1461 4885 a
1481 4848 1676 4886 summo
1699 4833 1813 4887 caeli
1837 4834 1857 4865 ’
1878 4850 2045 4904 egres-

446 4929 521 4982 sio
550 4928 659 4996 ejus
683 4968 699 4992 ,
744 4936 791 4979 et
829 4940 1067 4979 occursus
1094 4925 1206 4995 ejus
1235 4939 1392 4995 usque
1432 4923 1502 4977 ad
1539 4928 1789 4978 summum
1815 4924 1928 4979 caeli
1948 4940 1969 4989 ;
1995 4934 2042 4979 et

448 5033 551 5070 non
580 5024 651 5070 est
688 5016 773 5084 qui
797 5030 850 5068 se
876 5014 1149 5069 abscondat
1187 5030 1219 5066 a
1247 5013 1417 5070 calore
1440 5016 1548 5086 ejus
1585 5013 1757 5085 (Psal.
1792 5030 1922 5070 xvtn
1940 5055 1954 5082 ,
1983 5015 2038 5082 6,

448 5113 530 5169 7).
560 5106 635 5160 Ex
667 5104 770 5160 lide
795 5105 907 5176 ipsa
933 5105 1032 5174 ipsi
1058 5104 1352 5173 dicebatur,
1387 5105 1621 5162 Thronus
1644 5118 1779 5174 tuus,
1807 5107 1964 5173 Deus,
1990 5109 2042 5164 in

435 5200 690 5255 naculum
730 5196 901 5251 seaculi
920 5237 935 5259 ,
966 5197 1106 5266 virga
1132 5199 1419 5253 directionis
1437 5240 1452 5265 ,
1482 5200 1622 5270 virga
1651 5200 1791 5270 regni
1819 5200 1935 5256 tui:
1963 5200 2045 5253 di-

449 5288 616 5343 lexisti
636 5288 891 5357 justitiam
914 5323 929 5351 ,
960 5294 1004 5339 et
1030 5286 1183 5340 odisti
1217 5287 1526 5354 iniquitatem
1547 5329 1563 5356 ,
1605 5299 1869 5358 propterea
1899 5291 2046 5345 unxit

449 5393 515 5443 te,
545 5378 714 5444 Deus,
750 5376 886 5432 Deus
924 5389 1041 5432 tuus
1065 5378 1176 5432 oleo
1194 5379 1545 5434 exsultationis
1582 5396 1690 5451 prce
1714 5381 2047 5452 participibus

450 5475 547 5529 tuis
578 5470 750 5543 (Psal.
775 5484 913 5534 xuv,
938 5469 992 5531 7.
1014 5469 1094 5539 8).
1118 5467 1318 5524 Eodem
1348 5471 1537 5539 spiritu
1561 5471 1681 5526 fidei
1707 5473 1776 5527 ab
1798 5473 1903 5528 illis
1925 5474 2040 5530 haec

450 5567 622 5621 futura
655 5561 1004 5628 videbantur,
1035 5574 1145 5631 quo
1168 5574 1199 5614 a
1244 5560 1399 5616 nobis
1424 5560 1557 5617 facta
1593 5563 1901 5619 creduntur.
1935 5563 2040 5621 Ne-

461 5776 471 5786 .
515 5718 530 5750 ι
562 5725 581 5760 ι
596 5717 816 5786 ειμρὲωυδ
838 5720 938 5774 Ms,
960 5712 1025 5764 ad
1047 5720 1283 5765 a’temum
1607 5714 2043 5772 destittants’ctlam

454 5778 687 5890 ιρθῖ
720 5833 858 5887 cato.
880 5843 1006 5899 uss,
1030 5837 1158 5892 cati.

1714 312 1772 370 Β.
1813 309 2181 371 Αυουδτικι
2222 308 2530 367 EPISCOP!

3642 320 3745 377 190

2153 439 2256 496 que
2297 424 2438 480 enim
2466 421 2557 495 qui
2588 424 2741 479 nobis
2779 423 2877 479 ista
2923 425 3063 480 fideli
3104 427 3388 484 dilectione
3432 429 3748 500 prophetare

2155 523 2474 585 potuerunt,
2532 529 2715 569 eorum
2765 514 2864 584 ipsi
2915 515 3196 586 participes
3246 534 3350 573 non
3404 519 3637 577 fuerunt.
3684 526 3751 582 Et

2156 607 2295 662 unde
2334 617 2415 661 est
2452 606 2594 676 quod
2636 607 2765 661 dicit
2806 608 3079 677 apostolus
3122 610 3340 678 Petrus,
3374 612 3513 680 Quid
3548 619 3751 673 tentatis

2154 696 2322 751 Deum
2348 740 2361 764 ,
2412 697 2671 752 ima-onere
2700 698 2886 770 jttgum
2923 715 3078 769 supra
3104 701 3290 754 collum
3338 703 3706 773 discipulorum
3728 748 3768 774 ,ε

2153 787 2289 858 quod
2316 804 2472 859 neque
2499 798 2667 859 patres
2707 790 2868 843 nostri
2884 832 2899 853 ,
2923 807 3083 860 neque
3111 807 3202 845 nos
3231 795 3484 860 potuimus
3511 808 3749 865 portare;

2153 881 2241 932 sed
2266 894 2357 950 per
2375 880 2591 949 gratiam
2614 878 2823 933 Domini
2848 880 2970 935 Iesu
2997 884 3247 937 credimus
3260 886 3387 939 salvi
3412 888 3523 955 ﬁeri
3542 928 3558 953 ,
3586 907 3747 956 quem

2153 969 2429 1023 admodum
2453 981 2500 1023 et
2523 970 2599 1024 illi
2631 971 2767 1041 (Act.
2801 987 2895 1037 xv,
2928 973 3015 1038 10,
3051 974 3140 1044 ll)
3168 992 3180 1028 :
3206 977 3307 1030 nisi
3327 982 3451 1047 quia
3477 990 3529 1034 et
3553 981 3623 1035 illi
3654 998 3744 1051 pe'

2153 1064 2375 1133 gratiam
2410 1063 2615 1117 Domini
2638 1063 2763 1118 Jesu
2793 1061 2995 1119 Christi
3015 1067 3144 1120 salvi
3173 1067 3292 1122 facti
3325 1081 3444 1123 sunt
3470 1108 3490 1136 ,
3516 1088 3622 1127 non
3654 1091 3742 1142 per

2153 1152 2324 1224 legem
2352 1154 2539 1225 Moysi,
2575 1171 2669 1224 per
2693 1171 2852 1226 quam
2882 1173 2987 1211 non
3015 1160 3222 1213 sanatio
3244 1201 3259 1224 ,
3284 1163 3375 1216 sed
3403 1165 3638 1230 cognitio
3665 1178 3741 1221 es!

2154 1242 2291 1299 t'acta
2319 1245 2561 1315 peccati?
2593 1244 2646 1298 N
2651 1262 2747 1299 unc
2770 1256 2936 1300 autem
2975 1249 3085 1301 sine.
3110 1251 3217 1320 lege
3231 1250 3436 1320 justitia
3460 1253 3554 1308 Dei
3580 1257 3740 1309 niani-

2153 1339 2334 1408 festata
2377 1345 2449 1391 est
2472 1377 2487 1400 ,
2529 1337 2797 1405 testiﬁcata
2835 1355 2925 1408 per
2950 1336 3134 1410 Legem
3162 1351 3209 1394 et
3243 1340 3528 1412 Prophetas
3569 1344 3749 1419 (Rom.

2152 1442 2209 1482 ιιι
2228 1469 2242 1493 ,
2271 1427 2343 1483 20
2361 1470 2377 1495 ,
2400 1428 2516 1499 2|).
2545 1426 2600 1484 Si
2627 1444 2756 1499 ergo
2783 1444 2923 1484 nunc
2949 1429 3286 1486 manifestata
3308 1445 3412 1498 est,
3433 1436 3596 1490 etiam
3621 1446 3752 1492 tunc

2151 1529 2298 1586 crat,
2343 1519 2439 1575 sed
2480 1521 2707 1576 occulta.
2752 1522 2914 1590 Cujus
2959 1523 3369 1578 occultationem
3417 1526 3748 1596 signiﬁcabat

2154 1612 2334 1682 templi
2364 1613 2559 1678 vehnn,
2591 1612 2731 1683 quod
2759 1622 2843 1668 est.
2870 1613 2936 1667 ad
2962 1614 3081 1683 ejus
3108 1615 3506 1683 significandam
3535 1620 3742 1674 reveia-
3834 1620 3837 1625 ’

2152 1704 2349 1759 tionem
2396 1703 2611 1759 Christo
2640 1706 2903 1760 moriente
2929 1707 3258 1761 eortscissnm
3312 1706 3529 1775 (Matth.
3560 1726 3702 1766 xsvn
3726 1752 3744 1781 ,
3831 1691 3837 1697 ’

2150 1795 2262 1867 51).
2291 1795 2356 1849 Et
2396 1802 2522 1850 tunc
2547 1811 2676 1865 ergo
2716 1794 2813 1849 ista
2839 1796 3008 1865 gratia
3035 1797 3190 1850 unius
3215 1798 3526 1854 mediatoris
3557 1800 3653 1855 Dei
3692 1808 3748 1858 et

2151 1888 2426 1943 hominum
2455 1889 2687 1944 hominis
2711 1889 2910 1945 Christi
2949 1890 3075 1946 Jesu
3096 1934 3112 1958 ,
3140 1903 3254 1948 erat
3284 1894 3336 1948 in
3379 1897 3575 1965 populo
3603 1897 3695 1953 Dei
3727 1915 3743 1953 :

2151 1981 2244 2036 sed
2277 1992 2525 2051 tanquam
2558 1982 2612 2037 in
2653 1984 2851 2038 vellere
2882 1985 3058 2053 pluvia
3080 2027 3096 2053 ,
3124 2000 3282 2056 quatn
3325 2001 3429 2042 non
3473 1988 3705 2046 debitam
3726 2031 3745 2058 ,

2151 2073 2246 2129 sed
2274 2074 2625 2128 voluntariam
2655 2084 2901 2145 segregat
2937 2078 3080 2130 Deus
3111 2077 3407 2134 haareditati
3438 2097 3549 2135 sua:
3569 2081 3744 2151 (Psal.

2151 2179 2311 2224 vatt.
2342 2164 2450 2232 10),
2475 2164 2647 2219 inerat
2672 2165 2874 2230 latens;
2901 2181 3040 2221 nunc
3061 2178 3240 2223 autem
3269 2169 3632 2227 velutsiecato
3655 2174 3744 2229 illo

2148 2254 2367 2321 vellere,
2394 2254 2494 2311 hoc
2515 2255 2875 2319 est,.Judaico
2903 2257 3100 2326 populo
3132 2261 3449 2326 t'eprohato,
3486 2262 3539 2316 in
3563 2265 3743 2319 omni-

2149 2344 2249 2401 bus
2275 2347 2520 2417 gentibus
2547 2356 2794 2417 tanquam
2826 2348 2879 2402 in
2907 2363 3032 2403 area
3058 2350 3296 2406 cernitur
3323 2363 3509 2420 patens
3543 2352 3740 2425 (ludia.

2151 2452 2229 2505 Vl,
2256 2439 2458 2509 56-50).

2220 2530 2297 2585 CA
2312 2529 2444 2587 PUT
2476 2528 2665 2585 XXVI.
2696 2561 2769 2572 ——
2791 2530 2880 2588 50.
2915 2531 3030 2587 Non
3058 2532 3236 2605 igitur,
3268 2545 3403 2590 SlClll
3426 2536 3671 2609 Pelagius
3690 2548 3745 2596 et

2148 2622 2263 2692 ejus
2288 2622 2554 2693 discipuli,
2587 2635 2824 2695 tempora
2853 2626 3174 2689 dividamus,
3198 2627 3441 2683 dicentes
3460 2671 3473 2694 ,
3510 2629 3743 2687 Primum

2146 2715 2326 2768 vixisse
2340 2715 2507 2785 justas
2534 2716 2761 2770 homines
2788 2732 2850 2770 ea:
2876 2727 3081 2780 natura,
3112 2718 3294 2772 deinde
3320 2721 3410 2773 sub
3443 2722 3570 2792 lege,
3600 2725 3744 2779 tertio

2145 2806 2238 2861 sub
2267 2808 2450 2877 gratia.
2486 2807 2563 2861 Ex
2610 2819 2827 2872 natura,
2876 2810 3081 2864 scilicet
3114 2811 3182 2864 ab
3224 2812 3391 2866 Adam
3441 2822 3545 2867 tam
3588 2815 3742 2886 longa

2145 2906 2303 2951 {etate
2322 2938 2336 2963 ,
2365 2912 2466 2967 qua
2496 2898 2580 2951 lex
2613 2897 2847 2952 thndtlttt
2874 2910 2989 2952 erat
3016 2898 3160 2953 data.
3199 2899 3337 2955 Tunc
3365 2905 3497 2956 enim
3516 2947 3530 2963 .
3558 2907 3739 2973 aiunt,

2146 2991 2273 3044 duce
2299 2991 2494 3044 ratione
2530 2990 2921 3061 coguosccbatur
2951 2991 3194 3057 Creator,
3246 3003 3293 3047 et
3320 2996 3745 3064 quemadmodum

2142 3092 2272 3137 esset
2303 3082 2593 3148 vivendum,
2635 3083 2877 3150 scriptum
2917 3085 3184 3153 gerebatur
3226 3087 3280 3137 in
3320 3087 3593 3154 cordibus,
3640 3105 3743 3143 non

2146 3174 2252 3244 lege
2297 3175 2495 3237 litterae,
2525 3175 2612 3227 sed
2641 3183 2857 3229 natura.
2899 3172 3080 3228 Verum
3123 3176 3310 3229 vitiatis
3355 3178 3611 3245 moribus,
3665 3181 3747 3234 in-

2145 3267 2364 3335 quiunt,
2398 3265 2477 3319 ubi
2506 3266 2655 3336 cwpit
2685 3283 2784 3319 non
2810 3267 3034 3337 sufficere
3058 3278 3239 3321 natura
3260 3270 3364 3334 iam
3394 3271 3628 3333 decolor,
3664 3270 3747 3327 les

2145 3361 2189 3414 ei
2208 3361 2383 3414 addita
2408 3370 2501 3426 est,
2529 3377 2648 3427 qua,
2674 3361 2803 3414 velut
2826 3362 2967 3426 luna,
2994 3361 3184 3432 [uigori
3209 3363 3424 3433 pristino
3449 3365 3631 3417 detrita
3656 3381 3747 3417 ru-

2145 3451 2311 3523 bigine
2329 3452 2641 3505 redderetur.
2671 3452 2777 3507 Sed
2814 3462 3139 3524 posteaquam
3165 3455 3354 3518 nimia,
3398 3455 3534 3509 sicut
3562 3456 3747 3527 dispu-

2146 3552 2259 3598 tanl
2280 3585 2294 3608 ,
2330 3545 2573 3613 peccandi
2609 3544 2916 3598 consuetudo
2945 3546 3209 3617 pran'uluit
3228 3588 3243 3611 ,
3271 3547 3354 3600 cui
3384 3550 3629 3604 sanando:
3662 3551 3747 3606 lete

2148 3651 2331 3705 parum
2372 3634 2554 3689 valeret
2579 3636 2618 3702 ί,
2653 3634 2882 3701 Christus
2923 3638 3161 3703 advenit,
3204 3649 3250 3693 et
3293 3649 3529 3710 tanquam
3574 3645 3746 3696 morbo

2145 3727 2550 3797 desperatissimo
2574 3769 2589 3793 ,
2633 3744 2735 3782 non
2780 3744 2869 3796 per
2907 3728 3184 3799 discipulos
3208 3772 3222 3799 ,
3253 3732 3343 3786 sed
3385 3749 3476 3804 per
3500 3750 3553 3788 se
3580 3734 3745 3805 ipsum

2145 3821 2366 3875 medicus
2385 3821 2512 3890 ‘ipse
2536 3821 2781 3875 subvenit.

2218 3912 2306 3966 5t.
2342 3911 2464 3965 [huc
2487 3912 2837 3981 disputantes,
2868 3927 2897 3965 a
2920 3912 3086 3984 gratia
3109 3914 3419 3971 mediatoris
3439 3915 3615 3987 justos
3651 3934 3717 3973 ex

2146 4002 2362 4057 cludere
2387 4012 2649 4057 conantur
2673 4004 2920 4074 antiquos
2942 4045 2959 4069 ,
3006 4014 3253 4075 tanquam
3297 4007 3389 4060 Dei
3429 4018 3484 4062 et
3520 4008 3729 4064 illorum

2147 4092 2422 4148 hominum
2460 4109 2566 4149 non
2608 4093 2768 4151 fuerit
2801 4096 3061 4150 mediator
3091 4097 3250 4152 homo
3281 4094 3521 4153 Christus
3544 4100 3736 4167 .lt-sus,

2146 4186 2268 4255 quia
2299 4185 2533 4241 nondum
2563 4201 2630 4242 ex
2660 4196 2813 4243 utero
2846 4187 3074 4258 Virginis
3094 4204 3253 4245 carne
3283 4203 3552 4261 suscepta.
3583 4192 3740 4249 homo

2148 4277 2384 4333 nondum
2424 4278 2558 4345 fuit,
2587 4278 2800 4349 quando
2840 4280 2912 4333 illi
2949 4281 3077 4349 justi
3123 4282 3355 4337 fuerunt.
3388 4285 3538 4352 Quod
3583 4286 3627 4340 si
3671 4286 3741 4342 ita

2147 4380 2326 4435 esset,
2374 4387 2707 4442 nequaquam
2754 4374 3039 4442 Apostolus
3083 4375 3331 4431 diceret:
3366 4377 3471 4431 Per
3491 4380 3745 4434 hominem

2148 4479 2317 4528 mors,
2354 4472 2403 4516 et
2442 4480 2530 4534 per
2570 4461 2821 4520 hominum
2848 4468 3149 4520 resurrectio
3193 4478 3505 4522 mortuorum
3556 4485 3575 4523 :
3617 4471 3746 4526 sicut

2147 4555 2280 4609 enim
2306 4555 2357 4608 in
2381 4554 2544 4607 Adam
2564 4570 2735 4607 omnes
2761 4557 3061 4619 moriuntur,
3092 4558 3164 4610 sic
3195 4569 3241 4611 et
3271 4560 3322 4611 in
3349 4557 3547 4615 Christo
3573 4577 3742 4616 omnes

2148 4645 2532 4715 viviﬁcabuntur
2571 4646 2613 4715 (Ι
2641 4644 2759 4700 Cor.
2804 4662 2892 4718 δν,
2919 4647 2981 4702 2!
3008 4689 3023 4713 ,
3051 4648 3167 4718 22).
3198 4630 3635 4722 Quandoquidem
3670 4654 3743 4708 illi

2148 4736 2349 4806 antiqui
2370 4735 2520 4805 justi,
2547 4736 2837 4791 secundum
2870 4739 3091 4793 ismrum
3122 4741 3426 4812 vaniloqnia
3451 4785 3465 4807 ,
3498 4746 3597 4799 sibi
3630 4744 3746 4799 suf-

2148 4825 2360 4882 ﬁciente
2406 4835 2623 4891 natura,
2657 4843 2755 4883 nec
2783 4829 3075 4884 mediatore
3115 4828 3569 4892 homioeChrHo
3602 4836 3737 4890 indi-

2147 4927 2402 4987 guerunt,
2445 4933 2541 4988 per
2580 4935 2736 4988 quem
2770 4923 3243 4979 reconciliarentur
3270 4925 3379 4981 Deo
3408 4944 3423 4981 :
3456 4940 3554 4981 nec
3586 4942 3636 4981 tn
3679 4941 3745 4984 eo

2150 5008 2577 5075 viviﬁcabuntur,
2606 5010 2671 5065 ad
2699 5012 2851 5081 cujus
2875 5028 3070 5081 corpus
3096 5023 3149 5069 et
3167 5015 3427 5082 membra,
3448 5018 3743 5074 secundum

2149 5101 2202 5157 id
2228 5101 2368 5173 quod
2395 5112 2611 5173 propter
2640 5102 2884 5159 homines
2913 5104 3075 5160 homo
3100 5104 3273 5162 tinctus
3296 5117 3401 5173 est,
3434 5125 3540 5164 non
3573 5111 3736 5179 perti-

2149 5209 2278 5251 nere
2306 5204 2689 5252 monstrantur.
2720 5195 2774 5250 Si
2801 5205 3000 5263 autem,
3020 5199 3466 5267 quemadmodum
3483 5217 3579 5270 per
3601 5204 3743 5271 Apo—

2148 5286 2312 5341 stolos
2328 5301 2456 5344 suos
2472 5286 2676 5341 Veritas
2688 5287 2886 5358 loquitu
2894 5304 2940 5356 r,
2955 5290 3084 5344 sicut
3095 5292 3147 5344 in
3161 5292 3322 5345 Adam
3340 5308 3511 5349 omnes
3525 5294 3744 5350 moriun-

2148 5382 2232 5431 tur
2245 5418 2261 5442 ,
2278 5377 2350 5429 sic
2369 5387 2414 5430 ct
2434 5378 2485 5432 in
2510 5375 2709 5433 Christo
2729 5394 2900 5433 omnes
2918 5380 3456 5454 viviﬁcabunturmuia
3479 5400 3568 5454 per
3582 5385 3737 5441 illum

2148 5470 2400 5522 hominem
2435 5484 2591 5534 mors,
2615 5477 2661 5522 et
2697 5486 2785 5539 per
2813 5470 2972 5525 istum
3001 5471 3254 5527 hominem
3286 5477 3584 5529 resurrectio
3606 5492 3747 5530 mor-

2147 5545 2349 5614 tavrum
2385 5578 2405 5613 :
2450 5560 2570 5631 quis
2627 5560 2819 5615 audeat
2858 5561 3101 5618 dubitare
3147 5564 3471 5621 christianos
3502 5608 3518 5633 ,
3573 5567 3741 5623 etiam

2149 5650 2266 5705 illos
2301 5650 2474 5719 jttstos
2502 5691 2517 5714 ,
2568 5649 2656 5720 qui
2702 5653 3089 5711 recentioribus
3137 5652 3477 5729 «degeneris
3522 5655 3744 5714 humani

2217 5790 2233 5816 ι
2256 5782 2390 5836 miti,
2422 5779 2559 5831 valet.
2589 5788 2640 5831 Αι
2662 5789 2790 5839 λιες»,
2814 5782 3011 5837 valeret.

2213 5844 2290 5906 (α)
2309 5850 2448 5894 Forte
2463 5879 2478 5905 ,
2504 5844 2851 5896 remotioribus.
