4144 6552
414 538 510 595 401

413 653 738 725 temporibus
773 652 884 709 Deo
913 651 1266 723 placuerunt,
1310 649 1430 705 ideo
1461 650 1513 705 in
1546 649 1995 706 resurrectionem

410 748 532 804 vita:
550 753 765 800 interna:
785 784 800 809 ,
829 759 933 797 non
957 744 1143 798 mortis
1167 750 1384 797 aeterna:
1412 756 1533 797 esse
1559 749 1814 797 venturos
1831 780 1848 807 ,
1875 739 1999 810 quia

411 840 465 897 in
507 837 720 895 Christo
763 835 1203 913 vivificabuntur;
1251 834 1374 889 ideo
1416 842 1594 888 autem
1642 831 1896 887 vivificari
1945 830 1999 885 in

410 933 643 996 Christo,
665 929 916 1001 quoniam
943 928 1009 982 ad
1039 942 1232 996 corpus
1262 927 1530 997 pertinent
1551 926 1852 987 Christi;et
1880 923 2000 978 idco

411 1025 680 1098 pertinere
707 1023 773 1076 ad
799 1036 993 1091 corpus
1025 1021 1242 1083 Christi,
1287 1021 1408 1091 quia
1459 1029 1512 1073 ct
1552 1019 1681 1088 ipsis
1718 1028 1877 1088 caput
1918 1026 2002 1072 est

410 1116 654 1171 Christus
675 1114 715 1184 (I
733 1113 850 1167 Cor.
867 1129 937 1176 tu,
955 1112 1033 1183 3):
1052 1112 1170 1167 ideo
1188 1122 1238 1166 et
1259 1112 1684 1180 ipsiscaputessc
1701 1108 1998 1176 Christum,

411 1208 532 1278 quia
556 1222 692 1261 unus
720 1205 982 1261 mediator
997 1214 1079 1258 est
1101 1204 1189 1257 Dei
1207 1213 1260 1258 et
1280 1202 1551 1257 hominum
1577 1203 1737 1257 homo
1759 1201 2004 1256 Christus

410 1297 605 1355 Jesus?
644 1297 796 1366 Quod
840 1297 920 1350 eis
960 1311 1065 1350 non
1117 1295 1321 1371 fuisset,
1374 1295 1474 1349 nisi
1511 1295 1565 1350 in
1604 1294 1720 1364 ejus
1761 1306 2006 1349 resurre-

413 1388 643 1444 ctionem
705 1403 800 1458 per
825 1389 940 1456 ejus
984 1387 1207 1458 gratiam
1252 1386 1626 1442 credidissent.
1658 1386 1724 1440 Et
1746 1384 1845 1439 ltoc
1874 1394 2006 1455 quo-

416 1481 571 1536 modo
601 1480 782 1542 floret,
814 1481 858 1537 si
891 1495 1014 1535 eum
1045 1481 1097 1534 in
1136 1495 1297 1534 carne
1335 1489 1615 1534 venturum
1647 1494 1767 1536 esse
1806 1480 2008 1533 nescis-

424 1581 565 1633 ‘ent.
604 1586 776 1642 neque
804 1588 869 1626 ex
914 1575 1013 1626 hac
1040 1571 1143 1627 fide
1164 1572 1308 1641 juste
1337 1572 1526 1641 pieque
1550 1571 1841 1626 vixissent?
1871 1569 2004 1626 Nam

414 1665 457 1720 si
498 1676 771 1737 preptcrea
803 1666 907 1721 illis
946 1683 1049 1721 non
1083 1666 1594 1736 profuitiucarnatio
1618 1665 1851 1732 Christi,
1883 1666 2005 1735 quia

415 1758 645 1812 nomium
677 1759 811 1814 facta
837 1766 989 1823 erat;
1014 1774 1113 1814 nec
1142 1758 1297 1814 nobis
1325 1758 1540 1829 prodest
1564 1758 1824 1829 judicium
1852 1756 2009 1811 Chri-

415 1847 481 1904 Sti
508 1849 575 1904 de
601 1850 736 1903 vivis
766 1860 819 1906 et
852 1850 1074 1904 mortuis
1094 1892 1109 1915 ,
1149 1851 1271 1920 quia
1314 1850 1548 1904 nOndutn
1589 1855 1784 1904 factum
1815 1860 1920 1903 est.
1951 1846 2007 1904 Si

413 1949 587 1994 autem
621 1956 723 1994 nos
745 1956 839 2009 per
869 1940 1025 2011 hujus
1064 1941 1300 1996 nendum
1330 1939 1453 1995 facti
1478 1982 1494 2009 ,
1527 1940 1620 1996 sed
1645 1940 1802 1994 futuri
1821 1940 2007 2008 judicii

414 2033 569 2089 Iidem
596 2027 855 2087 stabimus
879 2033 943 2088 ad
974 2034 1250 2089 dexteram
1278 2034 1475 2089 Christi
1503 2050 1518 2096 ;
1549 2034 1786 2105 profecto
1812 2033 1886 2087 illi
1915 2047 2010 2103 per

413 2126 793 2182 incarnationis
820 2126 937 2197 ejus
977 2136 1101 2183 tunc
1130 2126 1369 2182 nondum
1405 2126 1580 2194 l‘act:e,
1607 2126 1702 2182 sed
1726 2125 1919 2181 futura:
1947 2124 2010 2181 fl-

416 2217 537 2274 dem
565 2216 805 2272 membra
835 2228 955 2271 sunt
981 2217 1198 2272 Christi.

493 2308 721 2366 CAPU'I’
761 2308 856 2364 XX
868 2309 974 2363 VII.
997 2340 1067 2350 —
1088 2310 1175 2366 32.
1216 2308 1401 2380 Neque
1423 2308 1562 2365 enim
1588 2307 1876 2379 putandum
1903 2315 2006 2373 est,

416 2401 557 2473 quod
588 2402 821 2473 antiquis
842 2403 1003 2471 justis
1031 2403 1142 2457 sola
1188 2418 1307 2472 qua:
1347 2417 1561 2472 semper
1598 2410 1730 2466 erat,
1761 2400 2011 2455 divinitas

413 2492 632 2558 Cill‘iSli,
658 2511 762 2547 non
793 2496 952 2549 etiam
986 2510 1100 2559 rgat-tt.-
1122 2494 1357 2548 nondum
1385 2502 1519 2557 erat,
1551 2493 1666 2563 ejus
1703 2494 2009 2548 humanitas

415 2589 644 2643 revelata
672 2587 946 2656 profuerit.
972 2586 1102 2641 Illud
1128 2586 1273 2642 enim
1295 2586 1436 2658 quod
1460 2586 1532 2641 ait
1558 2586 1810 2639 Dominus
1828 2583 2005 2649 Jesus,

415 2679 669 2733 Abraham
696 2678 979 2748 concupivit
1000 2679 1133 2733 diem
1155 2695 1318 2731 meum
1348 2679 1535 2741 videre,
1560 2686 1604 2730 et
1626 2678 1769 2742 vidit,
1797 2687 1843 2730 ct
1863 2678 2008 2748 gavi-

412 2784 502 2824 sus
524 2779 630 2835 est;
650 2770 693 2823 si
723 2770 863 2823 diem
885 2786 1039 2824 suum
1068 2770 1231 2823 voluit
1257 2785 1411 2824 suum
1438 2780 1645 2838 tempus
1668 2769 1913 2839 intelligi,
1933 2778 2012 2825 te-

374 2870 384 2880 '
414 2863 721 2918 stimonium
744 2861 982 2932 profecto
1008 2862 1276 2933 perhibuit
1300 2861 1549 2926 Abralw,
1568 2861 1708 2932 quod
1729 2861 1832 2916 fide
1850 2860 2010 2917 fuerit

415 2955 793 3012 incarnationis
821 2958 937 3027 ejus
966 2957 1217 3011 imbutus.
1239 2956 1541 3013 Secundum
1566 2956 1703 3011 hanc
1730 2957 1873 3011 enim
1907 2955 2007 3010 ha-

415 3047 503 3105 bet
533 3059 772 3117 tempus:
796 3049 1045 3102 divinitas
1062 3065 1188 3102 vero
1213 3048 1331 3118 ejus
1351 3063 1511 3103 omne
1541 3056 1751 3118 tempus
1773 3047 2007 3113 excedit,

417 3143 538 3213 quia
567 3158 665 3213 per
694 3142 836 3197 illam
869 3143 1118 3196 universa
1153 3142 1287 3196 facta
1317 3150 1441 3196 sunt
1483 3150 1741 3212 tempora.
1773 3141 1925 3209 Quod
1954 3151 2008 3197 et

416 3234 465 3289 si
491 3235 769 3304 quisquam
788 3233 857 3288 de
883 3234 969 3289 die
984 3236 1311 3303 sempiterno
1335 3234 1700 3304 accipiendum
1720 3235 2005 3305 putaverit,

415 3332 504 3401 qui
536 3332 684 3384 nullo
715 3331 895 3385 linitur
918 3332 1172 3397 crastino,
1204 3331 1348 3386 nullo
1374 3332 1701 3403 pne-venitur
1724 3330 2001 3396 hesterno,

417 3420 518 3476 hoc
543 3431 647 3487 est,
678 3421 745 3475 de
771 3422 882 3490 ipsa
913 3423 1231 3488 a-tcrnitate,
1256 3422 1306 3475 iu
1342 3438 1441 3492 qua
1468 3432 1769 3477 emutcrtuts
1792 3432 1872 3477 est
1901 3422 2004 3477 Pa-

416 3516 517 3571 tri:
545 3515 813 3583 quomodo
864 3515 915 3569 id
959 3530 1086 3571 vere
1129 3514 1534 3584 concupisceret
1583 3516 1873 3582 Abraham,
1907 3513 2009 3570 nisi

415 3608 531 3678 ejus
549 3618 724 3663 nosset
744 3607 970 3663 futuram
984 3609 1388 3673 mortalitatem,
1413 3609 1568 3677 cujus
1582 3605 1772 3680 qttzt'si\
1788 3620 1826 3663 tt
1849 3618 2008 3664 teter-

415 3701 672 3757 nitatem?
699 3705 800 3757 Aut
827 3702 872 3758 si
903 3703 967 3757 ad
1000 3702 1100 3757 hoc
1126 3704 1317 3773 aliquis
1353 3703 1541 3757 horum
1569 3704 1850 3758 verborum
1877 3717 2007 3782 seu;

415 3810 533 3852 sum
556 3805 807 3861 coarctat,
847 3809 901 3851 ιιι
927 3798 1089 3863 dicat,
1120 3798 1250 3852 nihil
1279 3798 1678 3869 intelligendum
1702 3798 1753 3854 in
1778 3814 1842 3855 eo
1863 3799 2005 3870 quod

416 3892 492 3944 ait
522 3889 793 3952 Duminus,
815 3890 1070 3958 Qtlﬂ‘SiVil
1088 3892 1229 3946 diem
1253 3908 1452 3959 meum,
1479 3892 1599 3958 nisi,
1621 3892 1875 3962 Qua‘sirit
1895 3909 2004 3962 me,

415 3981 504 4051 qui
537 3997 652 4036 sum
684 3982 798 4037 dies
822 3999 1159 4052 permanens,
1193 3984 1293 4041 hnc
1321 3994 1421 4047 cst,
1446 3985 1624 4040 lumen
1656 3987 2001 4044 indeliciens:

416 4072 566 4126 velut
591 4088 708 4127 cum
731 4073 955 4129 dicimus
982 4077 1139 4129 vitam
1171 4076 1310 4142 Filii,
1338 4077 1404 4132 de
1425 4093 1526 4146 qua
1564 4078 1794 4149 loquitur
1824 4078 2004 4133 Evan-

414 4164 608 4235 geliqu
634 4164 836 4226 dicens.
863 4166 952 4222 Sic
972 4168 1108 4222 dedit
1133 4180 1181 4223 et
1207 4168 1343 4222 Filio
1364 4170 1514 4224 vitam
1543 4170 1724 4225 habere
1747 4172 1797 4225 in
1823 4181 2006 4227 scutel-

414 4256 526 4326 ipso
548 4253 725 4326 (Joau.
756 4273 808 4324 v,
839 4256 968 4327 26):
1000 4275 1103 4313 non
1131 4259 1273 4313 aliud
1300 4261 1494 4331 ipsum,
1517 4260 1658 4314 aliud
1684 4261 1801 4330 ejus
1817 4263 2002 4328 vitam;

416 4347 511 4403 sed
556 4348 803 4403 eumdem
836 4350 1008 4420 ipsunt
1054 4351 1247 4407 Filium
1298 4351 1641 4423 intelligimus
1687 4354 1867 4419 vitam,
1913 4354 2006 4424 qui

416 4439 567 4504 dixit,
601 4438 708 4511 Ego
746 4458 857 4493 sum
886 4444 986 4507 via,
1021 4446 1202 4498 veritas
1236 4453 1283 4498 et
1314 4446 1414 4499 vita
1452 4443 1565 4515 (Id.
1598 4460 1712 4510 XIV,
1741 4445 1834 4517 6):
1857 4456 1908 4500 et
1938 4446 2007 4500 de

416 4549 522 4603 quo
564 4534 760 4590 dictum
804 4543 906 4602 est,
952 4534 1070 4605 Ipse
1111 4546 1183 4591 est
1223 4554 1369 4592 verus
1408 4536 1543 4591 Deus
1586 4547 1632 4593 et
1673 4539 1775 4591 rita
1817 4549 2006 4593 (eterna

418 4625 457 4695 (I
486 4624 642 4679 Joan.
670 4642 724 4689 v,
749 4624 844 4698 9.0)
869 4644 882 4679 :
908 4637 963 4681 ut
991 4627 1125 4682 hanc
1155 4628 1272 4697 ejus
1299 4630 1554 4700 mqualem
1586 4629 1729 4684 Patri
1758 4629 2007 4685 divinita-

418 4723 522 4768 tem
555 4716 732 4770 videre
762 4717 989 4784 cupierit
1033 4718 1325 4786 Abraham,
1374 4736 1709 4792 nequaquam
1759 4721 2006 4776 incarna-

418 4807 558 4861 tione
586 4808 701 4876 ejus
726 4812 1072 4878 prascoguita,
1105 4813 1242 4867 sicut
1271 4828 1391 4867 eum
1426 4815 1667 4868 nonnulli
1693 4816 1852 4870 etiam
1884 4815 2005 4883 phi-

415 4897 622 4969 losophi
669 4902 1048 4972 qua-siverunt,
1081 4907 1169 4975 qui
1199 4906 1326 4959 nihil
1355 4905 1423 4959 de
1454 4906 1572 4977 ejus
1610 4922 1771 4962 carne
1797 4906 2003 4961 didice-

419 5002 572 5046 runt:
604 4995 854 5063 tttttttqttitl
884 5005 937 5051 et
965 4997 1112 5061 illud,
1146 4999 1286 5068 quod
1311 4999 1463 5069 jubet
1487 5000 1779 5066 Abraham,
1803 5015 2006 5072 ponere

418 5097 631 5138 manum
664 5083 875 5140 servum
920 5102 1071 5142 suum
1113 5089 1213 5145 sub
1242 5089 1444 5145 femore
1470 5106 1588 5158 suo,
1618 5101 1671 5147 et
1693 5092 1877 5161 jurare
1908 5109 2007 5165 per

417 5173 582 5228 Deum
622 5178 739 5231 caeli
773 5176 922 5240 (Gen.
962 5195 1103 5244 xxrv,
1135 5180 1192 5247 Ξ,
1237 5182 1313 5251 5),
1345 5182 1500 5237 ηἷίιρι·
1538 5183 1815 5255 quisquam
1859 5196 2006 5242 recte

416 5262 782 5322 intellecturus
812 5279 914 5334 est,
948 5269 1046 5323 nisi
1077 5270 1344 5327 Abraham
1374 5273 1562 5340 scisse,
1616 5272 1669 5329 in
1716 5290 1821 5345 qua
1867 5291 2003 5330 vcn-

417 5367 565 5411 turus
591 5369 735 5414 esset
762 5359 900 5415 Deus
941 5362 1084 5430 cteli,
1128 5377 1344 5419 carnem
1388 5363 1457 5421 de
1499 5365 1589 5421 illo
1629 5365 1834 5422 femore
1876 5381 2002 5436 pro-

414 5464 543 5521 paga
553 5451 630 5503 ri?

485 5542 710 5599 CAPUT
750 5542 987 5600 XXVlll.
1020 5576 1091 5586 —
1115 5546 1205 5601 53.
1241 5546 1404 5618 Cujus
1429 5548 1606 5603 carnis
1634 5558 1687 5603 et
1707 5548 1999 5618 sanguinis,

413 5634 624 5703 quando
642 5637 811 5706 ipsum
832 5637 1096 5692 Abraham
1125 5639 1413 5705 benedixit,
1436 5640 1822 5696 Melchisedech
1841 5642 1999 5695 etiam

415 5730 771 5783 testimonium
802 5730 1119 5785 Christianis
1152 5730 1395 5786 fidelibus
1423 5732 1756 5786 notissimum
1788 5733 2004 5801 protulit

416 5818 564 5888 (ficu.
600 5837 721 5885 stv,
755 5822 971 5895 18-20),
1002 5833 1058 5878 ιιι
1081 5833 1229 5878 tanto
1254 5835 1370 5895 post
1396 5825 1609 5879 Christo
1651 5826 1922 5880 diceretur
1948 5826 2002 5880 in

414 5910 655 5979 Psalmis,
686 5913 826 5985 quod
858 5915 1093 5971 nondum
1139 5917 1354 5983 factum,
1396 5917 1488 5972 sed
1529 5917 1700 5972 adhuc
1741 5917 1998 5983 futurum,

415 6006 593 6061 eadem
621 6014 797 6063 tamen
820 6008 930 6078 ipsa
954 6017 1007 6065 et
1037 6019 1242 6079 patrum
1270 6027 1387 6082 qum
1416 6018 1590 6065 nostra
1621 6020 1719 6071 est,
1742 6009 1872 6065 fides
1889 6025 1991 6065 una

1501 532 1706 592 LIBER
1732 532 1824 592 DE
1862 527 2177 590 PECCATO
2205 527 2574 588 ORIGINALI.

3593 534 3699 590 402

2105 645 2386 702 cantabat:
2413 644 2493 701 Tu
2521 662 2574 701 es
2614 644 2848 702 sacerdos
2885 646 2940 701 in
2966 655 3230 714 teter-num,
3257 646 3531 701 secundum
3559 650 3700 702 ordi-

2104 752 2221 791 nem
2244 736 2608 792 Melchisedech
2628 736 2799 809 (Psal.
2816 751 2925 802 (ιιι,
2944 735 3021 809 4).
3048 737 3104 792 lu
3126 736 3294 791 Adam
3314 738 3509 811 quippe
3537 740 3688 795 inve-

2106 824 2374 882 nientibus
2395 837 2643 895 mortem,
2673 843 2769 898 per
2798 828 2900 883 hoc
2930 826 3147 898 prodest
3174 825 3417 884 Christus
3445 829 3588 900 quod
3618 839 3701 885 est

2105 920 2370 976 mediator
2393 920 2459 976 ad
2489 922 2674 976 vitam.
2706 921 2819 976 Non
2837 932 3013 976 autem
3046 937 3142 993 per
3167 922 3267 977 hoc
3301 921 3564 976 mediator
3591 932 3698 991 est,

2108 1012 2250 1082 quod
2271 1013 2491 1083 aequalis
2508 1022 2589 1069 est
2613 1012 2755 1068 Patri
2778 1031 2792 1069 :
2816 1030 2911 1084 per
2928 1013 3029 1068 hoc
3050 1014 3213 1077 enim,
3234 1023 3490 1085 quantum
3518 1013 3699 1078 Pater,

2109 1113 2311 1159 tantmu
2339 1115 2390 1160 et
2422 1105 2534 1175 ipse
2559 1106 2975 1161 distatattobis:
3001 1116 3053 1162 et
3074 1108 3345 1176 quomodo
3365 1108 3466 1161 erit
3494 1106 3699 1163 medic-

2112 1207 2213 1264 tas,
2235 1198 2323 1254 uhi
2350 1199 2536 1255 eadem
2565 1201 2678 1269 ipsa
2704 1200 2951 1255 distantia
2972 1202 3090 1257 est?
3121 1201 3244 1257 Ideo
3277 1202 3567 1273 Apostolus
3595 1217 3701 1262 non

2110 1292 2204 1355 ait,
2235 1289 2378 1347 Unus
2403 1293 2647 1346 mediator
2661 1292 2753 1365 Dei
2776 1303 2820 1346 ct
2836 1294 3095 1349 hominum
3110 1294 3355 1351 Christus
3369 1296 3557 1363 Jesus;
3582 1295 3701 1365 sed,

2112 1380 2260 1437 homo
2282 1381 2508 1438 Christus
2534 1382 2685 1438 Jesus
2707 1384 2746 1456 (Ι
2771 1383 2905 1439 Tim.
2934 1400 2992 1453 ll,
3010 1384 3085 1458 5).
3115 1387 3217 1443 Per
3239 1388 3338 1442 hoc
3357 1404 3484 1457 ergo
3503 1388 3699 1443 media-

2114 1483 2213 1538 tor,
2266 1490 2360 1543 per
2404 1475 2546 1546 quod
2588 1477 2783 1531 homo:
2815 1476 3036 1533 inferior
3065 1479 3225 1535 Patre
3250 1495 3349 1552 per
3377 1480 3518 1551 quod
3548 1479 3702 1536 nobis
3742 1504 3747 1509 α

2089 1559 2486 1638 ’ριορὶιιιιιιίοτς
2520 1569 2765 1639 superior
2798 1570 2952 1625 nobis
2981 1588 3075 1641 per
3111 1573 3251 1643 quod
3297 1574 3436 1628 Patri
3483 1574 3701 1642 prOpin-

2111 1661 2285 1729 quior.
2314 1660 2465 1733 Quod
2495 1664 2734 1731 apertius
2762 1663 2832 1717 ita
2859 1664 3087 1720 dicitur:
3118 1665 3343 1722 inferior
3372 1667 3549 1733 Patre,
3579 1668 3703 1738 quia

2112 1749 2168 1805 in
2199 1749 2368 1806 forma
2388 1754 2526 1808 servi
2570 1753 2830 1828 (Philipp.
2864 1771 2922 1824 ιι,
2967 1755 3056 1829 7);
3085 1759 3331 1829 superior
3356 1758 3529 1826 nobis,
3580 1760 3703 1831 quia

2112 1844 2229 1900 sine
2260 1846 2380 1901 labe
2403 1848 2627 1916 peccati.

2189 1939 2415 1996 CAPUT
2454 1940 2645 1996 XXlX.
2673 1973 2742 1984 --
2767 1943 2855 1999 54.
2888 1943 3224 2015 Quapropter
3246 1944 3488 2016 quisquis
3518 1944 3703 2000 imma-

2114 2045 2236 2086 nam
2264 2034 2537 2087 contendit
2565 2036 2618 2089 in
2648 2036 2883 2106 qualibet
2902 2047 3059 2093 mtatc
3080 2049 3321 2094 naturam
3342 2054 3448 2094 non
3468 2038 3705 2110 indigere

2114 2122 2323 2179 medico
2351 2124 2589 2179 secundo
2614 2126 2805 2193 Adam,
2829 2129 2948 2199 quia
2980 2146 3086 2183 non
3119 2140 3203 2185 est
3233 2131 3416 2186 vitiata
3447 2131 3498 2185 itt
3533 2131 3706 2200 primo

2114 2212 2306 2280 Adam,
2334 2230 2439 2270 non
2480 2215 2532 2270 in
2570 2217 2744 2288 aliqua
2769 2218 3084 2288 quastione,
3128 2221 3179 2275 in
3211 2236 3314 2291 qua
3358 2220 3589 2278 dubitari
3620 2220 3707 2277 vel

2114 2306 2278 2361 errari
2322 2306 2467 2362 salva
2495 2308 2597 2363 tide
2641 2319 2835 2379 potest,
2884 2311 2977 2366 sed
3008 2312 3059 2366 in
3088 2311 3200 2382 ipsa
3228 2314 3408 2384 regula
3454 2314 3576 2370 fidei
3601 2329 3731 2385 qua:

2113 2398 2389 2455 christiani
2434 2416 2643 2470 sumus,
2687 2404 2870 2472 gratize
2914 2405 3008 2461 Dei
3058 2406 3395 2463 convincitur
3434 2407 3702 2464 inimicus.

2114 2488 2283 2558 Quale
2310 2500 2394 2546 est
2417 2502 2614 2558 autem,
2641 2494 2780 2565 quod
2812 2496 3015 2551 abistis
3043 2498 3127 2551 illa
3155 2514 3273 2568 quae
3300 2508 3424 2553 ante
3451 2498 3567 2563 fuit,
3590 2499 3707 2555 vel-

2115 2584 2373 2640 utadhuc
2404 2586 2585 2640 minus
2622 2587 2779 2642 malis
2803 2589 3044 2644 moribus
3071 2590 3272 2658 vitiata,
3302 2590 3575 2645 hominum
3597 2592 3709 2646 lau-

2115 2676 2273 2731 datur
2300 2688 2518 2744 natura;
2549 2694 2723 2749 neque
2751 2682 3042 2751 respiciunt
3072 2683 3234 2738 tantis
3273 2694 3519 2751 tanquam
3568 2684 3706 2740 intoo

2116 2767 2422 2823 lcrabilihus
2445 2771 2674 2840 peccatis
2706 2770 2953 2828 homines
2972 2783 3096 2828 tunc.
3117 2775 3281 2830 fui-se
3299 2775 3632 2842 submersos,
3650 2783 3710 2831 ut

2118 2870 2342 2932 excepto
2371 2878 2477 2918 uno
2505 2864 2718 2921 homine
2762 2866 2855 2922 Dei
2898 2877 2952 2923 ct
2980 2868 3099 2936 ejus
3139 2869 3383 2940 conjuge,
3435 2870 3709 2939 tribusque

2118 2954 2242 3008 filiis
2266 2964 2321 3009 et
2347 2955 2563 3010 totidem
2594 2956 2836 3022 nuribus,
2860 2958 3006 3029 justo
3028 2959 3231 3029 judicio
3261 2960 3379 3027 Dei,
3423 2960 3562 3016 sient
3590 2963 3710 3030 igne

2119 3058 2304 3119 postea
2352 3058 2490 3105 terra
2528 3052 2717 3122 exigua
2756 3052 3132 3117 Sodomorum,
3184 3054 3254 3108 ita
3300 3063 3442 3108 totus
3480 3054 3711 3110 mttudus

2115 3139 2316 3195 diluvio
2341 3141 2613 3198 deleretur
2643 3144 2793 3216 (Gen.
2822 3161 2898 3201 vn
2937 3156 2985 3200 et
3031 3146 3194 3218 xtx)?
3226 3146 3301 3202 Ex
3332 3163 3439 3219 quo
3467 3159 3710 3220 tempore

2115 3230 2276 3304 igitur
2300 3251 2390 3305 per
2409 3251 2568 3290 unum
2586 3237 2838 3292 hominem
2861 3248 3117 3308 percolunt
3145 3239 3347 3294 intravit
3372 3241 3422 3295 iu
3439 3240 3680 3294 mundum
3694 3279 3707 3304 ,

2118 3336 2165 3382 et
2187 3345 2277 3397 per
2300 3339 2556 3400 peccatum
2588 3348 2742 3397 mors,
2766 3341 2812 3386 et
2838 3332 2909 3386 ita
2928 3332 2981 3385 in
3006 3348 3177 3387 omnes
3206 3333 3430 3387 homines
3448 3342 3706 3404 pertrans-

2115 3418 2208 3487 iit,
2245 3420 2298 3474 in
2333 3437 2432 3492 quo
2476 3438 2648 3477 omnes
2677 3433 3003 3493 peccaverunt
3031 3422 3208 3497 (Rom.
3239 3440 3292 3492 v,
3323 3423 3433 3497 ιε),
3468 3425 3710 3494 proferto

2118 3514 2369 3568 universa
2397 3528 2571 3569 massa
2602 3515 2916 3585 perditiOnis
2946 3517 3080 3569 facta
3110 3525 3193 3570 est
3230 3500 3505 3586 possessio
3528 3515 3706 3585 perdi-

2117 3608 2266 3662 toris.
2295 3606 2465 3662 Nemo
2492 3608 2689 3678 itaque,
2731 3623 2892 3662 nemo
2921 3623 3142 3680 prorsus
3171 3609 3293 3664 inde
3319 3609 3577 3664 liberatus
3602 3620 3703 3673 est,

2114 3712 2205 3758 aut
2228 3702 2504 3768 liberatur,
2531 3710 2623 3756 aut
2651 3702 2961 3757 liberabitur
2980 3702 3081 3759 nisi
3110 3703 3279 3774 gratia
3312 3702 3702 3773 Redemptoris.

2184 3794 2411 3852 CAPUT
2449 3795 2715 3851 XXX.—
2748 3796 2835 3851 55.
2881 3796 2945 3850 Ει
2994 3804 3120 3851 ante
3167 3794 3435 3851 Abraham
3488 3796 3713 3866 quidem

2114 3896 2291 3943 utrum
2322 3887 2503 3958 aliquo
2539 3886 2804 3957 corporali
2846 3895 2901 3943 et
2929 3886 3126 3942 visibili
3170 3896 3508 3943 sacramento
3546 3887 3699 3959 justi,

2112 3981 2198 4037 vel
2220 3996 2406 4037 eorum
2438 3981 2640 4051 parvuli
2671 3981 3027 4050 signarcntur,
3066 3980 3340 4051 Scriptura
3371 3994 3478 4036 non
3518 3981 3684 4052 expri-

2112 4073 2231 4127 mit.
2250 4070 2367 4143 lpse
2387 4081 2562 4130 tamen
2582 4071 2849 4127 Abraham
2872 4073 3079 4143 signum
3111 4073 3316 4143 accepit
3343 4073 3712 4129 circumcisio-

2112 4166 2216 4234 nis,
2249 4165 2578 4237 signaculum
2604 4163 2826 4236 justitia:
2856 4165 2977 4220 fidei
2997 4165 3173 4236 (Rom.
3194 4181 3267 4233 tv,
3294 4165 3402 4235 ll).
3432 4165 3496 4220 Et
3520 4166 3597 4220 sic
3615 4180 3706 4220 ac-

2110 4258 2274 4329 cepit,
2304 4266 2361 4312 ut
2388 4257 2642 4327 deinceps
2682 4259 2840 4313 etiam
2871 4273 3060 4313 omnes
3088 4258 3338 4329 parvulos
3371 4258 3563 4314 domus
3594 4273 3698 4313 sue

2110 4350 2492 4406 circumcidere
2537 4348 2845 4421 iuberetur,
2900 4352 3299 4407 recentissimos
3340 4367 3370 4407 a
3410 4352 3701 4407 visceribus

2111 4452 2366 4510 matrum,
2394 4454 2583 4499 octavo
2611 4443 2698 4499 die
2725 4443 3017 4501 nativitatis
3054 4458 3270 4512 eorum;
3317 4452 3378 4501 ut
3417 4445 3576 4501 etiam
3623 4443 3699 4507 hi,

2109 4537 2199 4608 qui
2225 4536 2386 4592 corde
2410 4537 2477 4593 ad
2502 4536 2765 4608 justitiam
2807 4538 3031 4595 credere
3058 4539 3292 4595 nondum
3341 4548 3584 4610 possent,
3612 4539 3699 4610 ju-

2109 4631 2271 4686 stitixe
2319 4638 2495 4687 tamen
2544 4631 2668 4687 fidei
2714 4631 3045 4703 signaculum
3086 4642 3384 4689 sumerent.
3415 4634 3567 4701 Quod
3597 4634 3697 4689 sub

2111 4730 2315 4777 terrore
2334 4729 2482 4777 tanto
2496 4731 2578 4777 est
2596 4723 2940 4794 imperatum,
2970 4732 3033 4779 ut
3050 4724 3256 4781 diceret
3282 4726 3441 4791 Dens,
3467 4726 3699 4781 animant

2109 4815 2252 4869 illam
2274 4815 2341 4871 de
2366 4831 2464 4871 suo
2491 4817 2689 4886 populo
2710 4818 3024 4887 perituram,
3054 4818 3204 4887 cujus
3231 4827 3421 4873 octavo
3442 4819 3529 4873 die
3558 4822 3699 4888 pra:-

2110 4906 2594 4977 putiicircnmcisio
2616 4908 2750 4964 facta
2791 4925 2895 4964 non
2932 4908 3120 4964 fuisset
3151 4908 3299 4981 (Gen.
3346 4910 3497 4975 xvn).
3532 4909 3702 4982 Hujus

2112 5008 2219 5054 tam
2243 4998 2513 5054 horribilis
2544 5015 2715 5070 pinnae
2740 5000 2942 5072 justitia
2966 5000 3011 5055 si
3040 5010 3327 5073 qureralur,
3361 5019 3541 5060 nonne
3572 5005 3703 5060 isto-

2109 5105 2228 5145 rum
2272 5090 2449 5146 omnis
2488 5090 2555 5145 de
2594 5091 2765 5147 libero
2789 5092 3011 5147 arbitrio
3035 5102 3087 5148 et
3115 5092 3363 5150 laudabili
3393 5096 3621 5153 sanitate
3645 5107 3698 5152 et

2109 5182 2340 5253 puritate
2377 5190 2601 5248 natum,
2632 5184 3020 5254 quantumlibet
3047 5195 3234 5255 arguta
3259 5186 3329 5241 sit
3353 5197 3699 5258 argumenta.

2109 5273 2204 5341 lio,
2231 5289 2541 5345 repercussa
2567 5285 2621 5331 et
2646 5273 2919 5331 confracta
2946 5277 3202 5332 dissiliet?
3221 5277 3355 5346 Quid
3375 5279 3516 5334 enim
3545 5280 3696 5349 mali,

2108 5381 2310 5436 quaeso,
2341 5365 2596 5436 parvulus
2642 5367 2853 5437 propria
2883 5366 3157 5422 voluntate
3185 5369 3476 5435 commisit,
3504 5378 3563 5425 ut
3591 5370 3698 5426 alio

2107 5457 2407 5527 negligente
2434 5466 2488 5512 ct
2508 5472 2629 5513 eum
2658 5474 2762 5512 non
2784 5457 3221 5524 circumcidente,
3247 5460 3359 5528 ipse
3383 5458 3691 5526 damnetur,

2107 5548 2449 5604 damnatione
2480 5558 2585 5603 tam
2614 5565 2822 5611 severa,
2872 5558 2927 5603 ut
2960 5558 3144 5619 pereat
3168 5552 3345 5605 anima
3387 5548 3473 5602 illa
3502 5549 3573 5607 de
3602 5567 3697 5621 po-

2107 5643 2233 5714 pulo
2258 5642 2393 5698 suo?
2413 5641 2595 5712 Neque
2622 5644 2763 5697 enim
2788 5643 3095 5714 temporalis
3118 5644 3303 5697 mortis
3326 5650 3503 5695 terror
3526 5642 3702 5699 incus-

2108 5750 2198 5789 sus
2218 5744 2332 5800 est;
2364 5749 2485 5789 cum
2513 5734 2581 5791 de
2598 5734 2775 5805 justis.
2804 5734 3019 5805 quando
3046 5735 3429 5794 moriebantur,
3456 5736 3595 5787 tum:
3618 5746 3710 5800 po-

2109 5830 2212 5882 tius
2241 5827 2528 5896 diccretur,
2553 5827 2622 5884 Et
2650 5831 2913 5901 appositus
2939 5840 3010 5882 est
3041 5827 3107 5879 ad
3130 5828 3375 5897 populum
3402 5835 3574 5877 suum
3608 5821 3717 5893 (id.

2108 5938 2231 5985 xxv,
2268 5922 2353 5992 l7)
2376 5938 2391 5989 ;
2423 5924 2527 5989 vel,
2550 5926 2809 5995 appositus
2832 5932 2904 5976 est
2930 5922 2998 5973 ad
3018 5928 3189 5990 patres
3224 5932 3341 5972 suos
3381 5907 3522 5983 (Ui
3536 5914 3731 5969 achel-

2112 6032 2167 6082 tt,
2198 6014 2286 6085 69)
2313 6034 2322 6067 :
2349 6016 2595 6086 quoniam
2642 6014 2892 6083 deinceps
2921 6008 3121 6064 homini
3171 6008 3314 6065 nulla
3344 6002 3612 6058 ιοιιωιὶυ
3642 6004 3743 6057 l.-\'
