4170 6514
362 410 469 465 ωδ

368 522 612 587 tundatur,
643 537 764 593 qum
792 522 941 577 illum
966 518 1181 590 separet
1216 534 1247 575 a
1277 516 1471 590 populo
1498 533 1617 581 suo,
1643 532 1687 570 st
1718 515 1944 586 populus

366 614 484 684 ejus
510 614 623 683 ipse
649 622 732 667 est
760 611 985 681 populus
1015 609 1132 665 Dei.

434 700 663 762 CAPUT
700 696 895 759 XXXI.
912 732 984 744 —
1002 700 1091 757 36.
1109 694 1244 767 Quid
1261 698 1360 756 sibi
1378 713 1506 770 ergo
1525 699 1656 764 vult,
1683 711 1778 768 pro
1798 695 1949 750 nullo

373 796 603 865 propria:
650 792 938 849 voluntatis
980 790 1233 856 admisso,
1264 799 1407 845 tanta
1436 787 1740 844 damnatio?
1765 787 1961 858 Neque

367 885 512 939 ιίιὶηι
535 885 673 940 sicut
711 884 951 938 nonnulli
980 882 1277 938 secundum
1299 881 1604 937 Platonicos
1631 879 1943 950 opinantur,

367 979 469 1031 hoc
494 977 906 1046 uniuscujusque
931 974 1142 1029 infantis
1161 974 1351 1029 animae
1384 973 1640 1037 redditur,
1664 972 1803 1043 quod
1826 981 1951 1027 ante

367 1069 524 1121 istam
555 1067 715 1122 vitam
747 1082 840 1121 sua
882 1065 1155 1121 voluntate
1197 1062 1483 1128 commisit,
1533 1078 1654 1118 cum
1679 1064 1695 1095 ί
1726 1062 1950 1117 haberet

368 1167 496 1212 ante
527 1157 627 1213 hoc
655 1170 849 1227 corpus
873 1156 956 1211 vel
986 1152 1120 1211 bene
1167 1155 1252 1210 vel
1297 1154 1435 1210 male
1464 1154 1689 1209 liberum
1736 1154 1946 1208 vivendi

368 1248 682 1302 arbitrium:
711 1262 831 1300 cum
880 1234 1075 1302 Paulus
1102 1247 1370 1317 apostolus
1397 1246 1736 1316 apertissime
1783 1245 1947 1310 dicat,

370 1334 606 1391 nondum
624 1348 777 1392 natos
798 1336 929 1391 nihil
946 1338 1118 1407 egisse
1134 1338 1259 1392 boui
1282 1337 1366 1392 vel
1388 1337 1510 1390 mali
1534 1337 1710 1407 (Rom.
1731 1352 1801 1401 ix,
1837 1336 1947 1407 ll).

379 1426 532 1483 Unde
572 1442 699 1497 ergo
744 1437 886 1482 recte
929 1427 1102 1481 iulans
1145 1426 1230 1481 illa
1258 1426 1552 1497 perditione
1582 1429 1814 1496 punitur,
1850 1428 1951 1482 nisi

371 1520 493 1589 quia
521 1520 753 1591 pertinet
780 1519 847 1574 ad
873 1533 1101 1575 massam
1138 1518 1467 1589 perditionis,
1503 1527 1557 1574 et
1578 1519 1725 1590 iuste
1755 1519 1952 1576 intelli-

370 1610 512 1679 gitur
529 1625 594 1665 ex
612 1610 781 1665 Adam
798 1620 974 1677 natus,
998 1610 1198 1681 antiqui
1219 1608 1381 1665 debiti
1400 1609 1723 1680 obligatione
1739 1609 1955 1665 damna-

373 1711 480 1770 tus,
508 1702 611 1757 nisi
641 1702 764 1758 inde
788 1701 963 1769 fuerit,
1004 1718 1110 1757 non
1138 1701 1428 1758 secundum
1454 1700 1715 1765 debitum,
1741 1701 1837 1757 sed
1862 1715 1950 1757 se-

372 1794 604 1849 cundum
647 1794 871 1865 gratiam
898 1793 1186 1848 liberatus?
1226 1793 1395 1861 Quam
1424 1793 1671 1864 gratiam,
1704 1792 1804 1848 nisi
1834 1807 1955 1863 gra-

374 1885 499 1938 tiam
546 1884 660 1950 Dei,
703 1898 798 1954 per
832 1883 1014 1940 Iesum
1055 1883 1327 1939 Christum
1370 1883 1651 1939 Dominum
1681 1884 1958 1940 nostrum?

373 1976 541 2039 Quem
561 1972 798 2043 profecto
828 1974 966 2030 inter
984 1983 1178 2029 ctetera
1194 1982 1431 2029 veterum
1447 1984 1777 2031 sacramenta
1794 1976 1957 2031 etiam

376 2066 490 2133 ipsa
522 2063 763 2134 prteputii
787 2064 1120 2119 circumcisio
1136 2065 1491 2135 prophetarit.
1513 2066 1634 2122 Dies
1653 2067 1797 2123 enim
1814 2077 1960 2122 octa-

374 2168 473 2208 vus
498 2162 582 2209 est
612 2155 663 2209 in
694 2154 1149 2211 hebdomadarum
1168 2156 1476 2212 recursibus
1496 2155 1612 2212 dies
1635 2158 1954 2225 dominicus,

375 2260 482 2315 quo
498 2246 792 2301 resurrexit
814 2246 1100 2301 Dominus:
1125 2256 1176 2301 et
1201 2256 1349 2317 petra
1370 2257 1483 2303 erat
1506 2247 1748 2305 Christus
1768 2250 1811 2322 (l
1836 2251 1955 2306 Cor.

381 2354 437 2403 κ,
462 2336 548 2409 4);
577 2338 716 2392 unde
736 2338 1155 2394 circumcisionis
1183 2338 1427 2395 cultellus
1456 2339 1726 2410 petrinus;
1754 2350 1809 2397 et
1834 2357 1960 2399 caro

378 2428 640 2496 pra-putii,
668 2443 861 2496 corpus
888 2426 1109 2497 peccati.

449 2517 674 2573 CAPUT
712 2517 929 2573 XXXII.
956 2549 1025 2558 —
1054 2520 1141 2575 57.
1174 2519 1387 2575 Mutatis
1418 2522 1638 2591 proinde
1657 2538 1962 2585 sacramen-

304 2642 307 2647 η
377 2608 466 2674 tis,
491 2618 830 2678 posteaquam
861 2611 1003 2666 venit
1029 2612 1119 2683 qui
1145 2613 1224 2668 eis
1253 2612 1651 2684 signiﬁcabatur
1673 2630 1793 2670 esse
1823 2629 1959 2671 vcn-

380 2709 549 2763 turus,
570 2715 674 2752 non
705 2714 879 2755 tamen
898 2711 1100 2763 mutato
1123 2702 1431 2759 Mediatoris
1450 2705 1669 2771 auxilio,
1692 2705 1783 2777 qui
1798 2706 1959 2762 etiam

381 2791 686 2859 priusquam
716 2792 949 2848 venisset
979 2795 1030 2848 in
1055 2809 1239 2863 carne,
1270 2796 1489 2867 antiqua
1515 2812 1610 2852 sua
1638 2797 1877 2853 membra
1894 2798 1962 2853 li-

381 2881 598 2935 berabat
622 2892 732 2936 sua:
772 2882 1153 2943 incarnationis
1194 2885 1315 2954 (ide,
1346 2896 1400 2942 et
1437 2903 1536 2945 nos
1564 2903 1685 2944 cum
1716 2904 1962 2946 essemus

382 2972 574 3025 mortui
603 2971 811 3029 delictis
856 2982 910 3029 et
940 2976 1199 3046 praeputio
1226 2977 1403 3033 carnis
1431 2987 1650 3045 nostrze,
1682 2979 1962 3035 cattviviﬁ-

378 3064 483 3120 cati
512 3079 692 3119 Sumus
715 3066 954 3133 Christo,
981 3068 1034 3123 in
1058 3084 1165 3140 quo
1188 3070 1493 3126 circumcisi
1518 3084 1703 3128 sumus
1726 3072 1958 3129 circum-

378 3158 577 3213 cisione
604 3172 709 3213 non
736 3174 893 3215 manu
921 3159 1053 3218 facta
1082 3160 1297 3237 (Coloss.
1326 3178 1385 3233 ιι,
1409 3164 1496 3227 l3.
1519 3164 1629 3235 ii),
1649 3180 1805 3236 quam
1830 3164 1962 3236 ligu-

379 3250 531 3304 rabat
557 3250 892 3309 circumcisio
929 3271 1088 3311 manu
1118 3256 1276 3326 facta,
1307 3267 1364 3313 ut
1390 3266 1741 3316 evacuaretut'
1764 3275 1961 3333 corpus

384 3339 585 3402 tcccati
607 3341 779 3410 (Rom.
827 3359 903 3411 rt,
929 3344 1006 3413 6),
1031 3360 1154 3402 cum
1175 3362 1282 3418 quo
1310 3365 1496 3405 sumus
1536 3366 1603 3405 ex
1628 3353 1795 3407 Adam
1825 3356 1954 3409 itali.

381 3430 653 3487 Damnata:
683 3433 903 3504 originis
933 3439 1243 3508 propagatio
1270 3453 1370 3495 nos
1394 3439 1632 3509 damnat,
1666 3444 1766 3499 nisi
1802 3462 1953 3501 mun.

378 3521 569 3576 demur
593 3524 939 3583 similitudine
966 3529 1143 3584 carnis
1163 3533 1389 3602 peccati,
1422 3533 1478 3589 in
1503 3549 1606 3605 qua
1636 3535 1830 3592 missus
1877 3547 1961 3594 est

379 3615 499 3671 sine
526 3627 763 3685 peccato,
795 3618 883 3688 qui
917 3629 1092 3677 tamen
1117 3621 1187 3678 de
1217 3634 1435 3692 peccato
1461 3626 1734 3685 damnavit
1773 3645 1959 3700 pecca-

381 3716 490 3760 tum
520 3706 629 3780 (Id.
663 3725 773 3777 vtu,
801 3710 881 3781 ὃ),
914 3711 1087 3768 factus
1114 3728 1212 3783 pro
1240 3716 1394 3771 nobis
1437 3731 1711 3788 peccatum
1730 3722 1773 3775 ¹.
1809 3722 1959 3779 Unde

380 3798 510 3854 dicit
530 3800 813 3871 Apostolus
834 3820 849 3856 :
872 3802 1206 3860 Obsecremus
1222 3825 1313 3877 pro
1332 3807 1549 3877 Christo,
1564 3814 1961 3873 reconciliamini

384 3890 493 3945 Deo
518 3891 576 3946 ’τ
601 3909 714 3947 cum
737 3895 825 3962 qui
845 3911 944 3950 non
965 3909 1169 3953 noverat
1193 3910 1472 3970 peccatum,
1496 3920 1587 3973 pro
1615 3906 1758 3959 nobis
1777 3923 1959 3976 pecca-

381 3991 488 4036 tum
509 3981 646 4051 fecit,
683 3994 737 4037 ut
763 4001 854 4039 nos
878 3986 1033 4043 simus
1050 3989 1255 4060 justitia
1292 3990 1390 4047 Dei
1429 3993 1483 4046 in
1525 3994 1636 4063 ipso
1662 3994 1730 4067 (11
1758 3996 1876 4052 Cor.
1900 4014 1955 4066 v,

377 4071 470 4137 20,
496 4070 612 4144 21).
644 4074 782 4130 Deus
807 4091 954 4147 ergo,
984 4079 1068 4133 cui
1103 4082 1531 4151 recoueiliamur,
1560 4086 1685 4142 fecit
1709 4103 1831 4144 eum
1865 4107 1958 4160 pro

379 4164 536 4220 nobis
561 4177 854 4236 peccatum,
886 4169 936 4224 id
957 4180 1060 4237 est,
1089 4174 1409 4232 sacrificium
1440 4194 1535 4248 per
1558 4181 1699 4250 quod
1720 4182 1958 4240 dimitte-

386 4264 573 4313 rentur
603 4267 784 4315 nostra
816 4276 1027 4331 peccata
1048 4282 1062 4318 :
1083 4269 1332 4336 quoniam
1356 4282 1569 4339 peccata
1591 4284 1847 4331 vocantur
1874 4291 1961 4331 sa-

383 4346 582 4401 criﬁcia
602 4362 700 4420 pro
715 4353 964 4419 peccatis.
995 4355 1062 4410 Et
1088 4358 1268 4426 utique
1313 4358 1424 4429 ipse
1455 4375 1552 4430 pro
1598 4366 1832 4433 peccatis
1859 4383 1958 4420 no-

379 4439 505 4494 stris
532 4440 835 4499 immolatus
868 4455 973 4515 est,
1003 4449 1205 4505 nullum
1245 4450 1449 4509 habens
1493 4456 1699 4526 vitium,
1729 4460 1873 4515 solus
1902 4461 1958 4518 in

380 4529 685 4589 hominibus
705 4537 857 4607 quale
883 4543 1220 4610 quaerebatur
1241 4545 1400 4600 ctiam
1422 4556 1546 4603 tunc
1572 4549 1622 4603 in
1650 4552 1951 4621 pecoribus,

384 4637 491 4690 quo
532 4624 930 4695 significabatur
973 4648 1108 4689 unus
1152 4635 1272 4691 sine
1310 4636 1441 4692 vitio
1466 4638 1533 4694 ad
1562 4641 1691 4696 vitia
1724 4645 1961 4701 sananda

377 4722 647 4770 venturus.
670 4717 1017 4793 Quocumque
1040 4724 1197 4795 igitur
1217 4726 1305 4783 die
1333 4742 1444 4784 sua:
1470 4731 1761 4790 nativitatis
1788 4736 1960 4794 infans

381 4804 676 4876 baptizetur
698 4809 748 4863 in
779 4810 1010 4881 Christo,
1060 4826 1307 4888 tanquam
1347 4827 1537 4876 octavo
1564 4823 1961 4883 circumciditur

377 4896 497 4952 die:
526 4902 776 4968 quoniam
808 4904 860 4959 in
892 4906 978 4961 illo
1002 4908 1419 4980 circumciditur,
1447 4914 1538 4984 qui
1567 4919 1723 4973 tertio
1742 4921 1956 4990 quidem

375 5007 440 5045 ex
470 5007 573 5061 quo
588 4995 872 5052 cruciﬁxus
897 5009 999 5065 est,
1029 5002 1122 5056 sed
1141 5013 1329 5060 octavo
1350 5006 1403 5061 in
1430 5006 1851 5067 hebdomadibus
1868 5030 1955 5069 re-

380 5086 612 5139 surrexit
646 5086 753 5142 die.
785 5088 1194 5149 Circumciditur
1221 5107 1399 5153 autem
1433 5100 1485 5154 in
1514 5104 1954 5172 exspoliationem

377 5176 621 5242 corporis
641 5178 818 5233 carnis
836 5177 1051 5253 (Colass.
1077 5201 1135 5250 η,
1158 5188 1348 5256 ll),‘id
1365 5200 1467 5258 est,
1488 5202 1544 5247 ut
1566 5195 1798 5251 debitum
1817 5199 1957 5268 quod

379 5268 629 5337 contagio
642 5270 869 5324 carnalis
883 5277 1240 5342 generationis
1256 5286 1493 5347 attraxit,
1518 5289 1682 5354 gratia
1706 5292 1956 5357 spiritua-

375 5357 444 5412 iis
471 5362 893 5430 regenerationis
915 5363 1173 5422 absolvat.
1208 5368 1400 5427 Nullus
1423 5377 1555 5429 enim
1587 5390 1657 5431 est
1684 5382 1900 5436 mundus
1928 5400 1959 5435 α

374 5451 545 5518 sorde,
573 5452 722 5523 (qua,
749 5453 995 5523 obsecro,
1025 5459 1204 5529 sorde,
1236 5464 1335 5519 nisi
1364 5470 1622 5540 peccati?)
1655 5489 1744 5525 nec
1765 5474 1956 5543 infans,

440 5606 459 5672 ξ
482 5612 794 5672 Atu._etlss.,
820 5607 1059 5672 quoniam.

371 5668 851 5775 ωξξιείωηηθιιδιὲ
899 5678 1014 5730 Ms-.
1044 5674 1200 5734 factus
1240 5684 1309 5732 est
1341 5680 1468 5731 enin
1503 5697 1588 5743 pro
1621 5689 1751 5740 noli;
1776 5702 1953 5751 ρεςεη-

439 5794 459 5819 δ
487 5786 615 5837 Idem
640 5794 741 5850 λιιι..
767 5790 1073 5847 reconciliari
1096 5804 1208 5849 Deo.

1637 360 1709 460 ἐ.
1749 400 2114 458 Αυςιιδτιχι
2156 355 2457 459 EPISCOPI

3534 406 3641 465 ιοι

2057 517 2204 583 cujus
2243 524 2316 569 est
2357 514 2506 570 unius
2543 515 2641 570 dies
2683 515 2781 569 rita
2828 533 2979 605 super
3023 525 3211 572 terram
3257 516 3378 589 (Job
3428 534 3535 585 xiv,
3580 521 3639 586 ι,

2058 621 2155 658 sec.
2186 602 2375 677 LXX).

2058 621 2155 658 sec.
2186 603 2375 660 LXX).

2129 694 2354 753 CAPUT
2373 691 2610 751 XXXlll.
2641 710 2711 739 -‘-
2737 696 2824 753 58.
2853 696 2944 753 Sic
2968 708 3144 752 autem
3172 706 3633 769 argumentantur,

2056 784 2332 842 dicentes:
2366 805 2386 840 ι
2425 787 2564 859 Ergo
2595 786 2790 843 malum
2811 792 2936 842 sunt
2961 788 3182 858 nuptiae,
3204 798 3259 844 et
3283 803 3387 843 non
3406 798 3485 845 est
3498 803 3636 859 opus

2058 875 2152 930 Dei
2180 876 2339 931 homo
2364 892 2522 948 quem
2553 887 2811 949 generant
2838 879 3073 948 nutante?
3099 900 3118 932 ι
3151 880 3312 951 Quasi
3335 883 3638 951 nuptiarum

2059 966 2254 1021 bonum
2284 967 2355 1022 sit
2378 970 2598 1024 morbus
2628 969 3092 1041 concupiscentiae,
3124 970 3175 1025 ia
3203 985 3311 1041 quo
3340 986 3531 1027 uxores
3551 971 3637 1026 di~

2057 1059 2226 1129 ligunt
2252 1060 2340 1129 qui
2385 1046 2629 1131 ignorant
2673 1062 2859 1128 Deum,
2907 1061 3048 1131 quod
3077 1064 3369 1132 Apostolus
3397 1064 3641 1132 prohibet

2059 1148 2103 1216 (l
2130 1146 2302 1203 Thess.
2339 1164 2415 1214 tv,
2446 1149 2532 1222 5);
2564 1164 2628 1205 ac
2666 1165 2771 1204 non
2816 1151 2991 1221 potius
3033 1150 3283 1222 pudicitia
3320 1152 3638 1221 conjugalis.

2057 1237 2238 1306 quain
2263 1238 2434 1293 bonos
2459 1254 2587 1294 usus
2606 1239 2850 1296 ordinate
2878 1240 3014 1294 ﬁlios
3042 1241 3355 1310 procreandi
3384 1242 3639 1313 redigitur

2057 1328 2224 1385 libido
2245 1330 2507 1386 carnalis:
2532 1340 2627 1386 aut
2654 1346 2782 1388 vero
2822 1332 2990 1401 possit
3027 1346 3148 1386 esse
3189 1332 3351 1386 homo
3383 1331 3485 1388 nisi
3509 1349 3641 1401 opus

2061 1423 2174 1490 Dei,
2197 1439 2305 1479 non
2330 1423 2506 1478 solum
2527 1424 2618 1495 qui
2662 1423 2730 1479 de
2754 1414 3023 1493 conjugio,
3054 1438 3241 1479 verum
3268 1424 3428 1478 etiam
3457 1424 3549 1493 qui
3576 1424 3642 1479 de

2057 1515 2428 1581 fornicatione,
2458 1514 2544 1571 vel
2573 1513 2644 1571 de
2666 1513 2931 1569 adulterio
2956 1521 3288 1586 procreatur.
3326 1512 3432 1569 Sed
3460 1512 3511 1568 in
3543 1512 3643 1570 hac

2057 1608 2377 1679 quzestione,
2402 1605 2493 1662 ubi
2517 1607 2792 1678 qua-ritur,
2820 1620 2927 1662 non
2957 1604 3043 1662 cui
3066 1606 3144 1661 rei
3173 1617 3406 1670 creator,
3432 1605 3528 1661 sed
3559 1605 3645 1662 cui

2057 1700 2292 1756 salvator
2316 1699 2387 1755 sit
2413 1700 2764 1766 necessarius,
2792 1714 2898 1755 non
2922 1698 3236 1754 intuendum
3263 1708 3346 1754 est
3372 1698 3498 1770 quid
3519 1698 3643 1754 boni

2058 1790 2129 1847 sit
2154 1790 2208 1846 in
2239 1791 2609 1861 procreatione
2635 1798 2863 1857 natura,
2888 1789 2984 1845 sed
3010 1789 3138 1860 quid
3167 1790 3218 1844 in
3242 1802 3463 1860 peccato
3492 1789 3641 1854 mali,

2058 1898 2166 1955 quo
2198 1892 2404 1938 certum
2428 1893 2510 1939 est
2538 1881 2776 1937 vitiatam
2819 1896 2941 1939 esse
2971 1892 3238 1937 naturam.
3267 1882 3436 1939 Simul
3465 1892 3645 1939 autem

2060 1982 2346 2044 utrumque
2373 1982 2716 2046 propagatur,
2746 1982 2803 2030 et
2828 1982 3038 2040 natura,
3087 1982 3143 2029 et
3172 1981 3377 2029 natura:
3422 1974 3644 2041 vitium;

2059 2082 2285 2139 quorum
2311 2076 2393 2123 cst
2420 2082 2581 2124 unum
2611 2067 2834 2135 bonum,
2875 2068 3103 2122 alterum
3135 2067 3352 2122 malum.
3402 2065 3531 2122 Illud
3577 2064 3647 2121 de

2060 2161 2351 2216 conditoris
2378 2160 2622 2231 largitate
2649 2160 2903 2225 sumitur,
2937 2160 3039 2216 hoc
3083 2159 3152 2215 de
3178 2159 3398 2231 originis
3427 2158 3645 2213 damna.

2062 2255 2206 2310 tione
2234 2254 2252 2288 ¹
2288 2252 2611 2308 attrahitur:
2639 2251 2716 2309 illi
2758 2260 2841 2308 est
2879 2266 3038 2308 causa
3089 2252 3225 2307 bona
3267 2251 3514 2308 voluntas
3556 2250 3646 2306 Dei

2061 2344 2277 2412 summi,
2323 2344 2448 2401 huic
2473 2346 2612 2400 mala
2641 2344 2886 2399 voluntas
2911 2342 3148 2399 hominis
3177 2342 3369 2413 primi:
3404 2342 3531 2396 illud
3560 2341 3644 2397 iu-

2062 2435 2205 2491 dicat
2228 2435 2391 2490 Deum
2420 2445 2680 2490 creatura:
2703 2434 3083 2501 institutorem,
3113 2433 3212 2489 hoc
3252 2432 3449 2487 indicat
3477 2432 3646 2487 Deum

2063 2527 2434 2584 inobedieutia:
2467 2528 2804 2598 punitorem:
2833 2526 3064 2597 denique
3093 2525 3233 2582 idem
3261 2525 3374 2595 ipse
3402 2523 3647 2582 Christus

2061 2630 2280 2693 propter
2306 2621 2436 2676 illud
2476 2620 2767 2677 creandum
2813 2618 2984 2677 factor
3024 2628 3108 2677 est
3145 2618 3403 2687 hominis,
3431 2626 3642 2690 propter

2063 2715 2165 2771 hoc
2190 2712 2483 2768 sanandum
2515 2711 2684 2767 factus
2711 2720 2795 2768 est
2826 2713 3006 2768 homo.

2132 2804 2359 2862 CAPUT
2402 2803 2644 2860 XXXIV.
2671 2804 2858 2862 —59.
2899 2804 3102 2859 Bonum
3142 2817 3271 2875 ergo
3294 2810 3418 2859 sunt
3445 2802 3647 2873 nuptiis
3728 2824 3740 2834 -

2063 2896 2116 2952 in
2144 2896 2393 2951 omnibus
2415 2911 2534 2966 qua:
2561 2904 2683 2951 sunt
2709 2895 2918 2966 propria
2945 2896 3270 2965 nuptiarum.
3311 2895 3435 2950 llaec
3461 2903 3641 2950 autem

2063 2995 2187 3044 sunt
2212 2989 2330 3051 tria,
2350 2986 2640 3059 generandi
2663 2986 2947 3054 ordinatio,
2974 2986 3106 3043 lides
3128 2985 3411 3055 pudicitiat,
3439 2999 3647 3041 connu-

2064 3080 2136 3136 bii
2182 3088 2595 3136 sacramentum.
2653 3079 2882 3151 Propter
2925 3079 3314 3135 ordinationem
3358 3078 3650 3150 generandi

2063 3176 2316 3245 scriptum
2345 3181 2430 3230 est
2460 3191 2475 3228 :
2513 3171 2644 3229 Volo
2678 3174 2906 3243 iuniores
2947 3175 3151 3240 nubere,
3181 3174 3315 3242 ﬁlios
3345 3190 3610 3243 procreare
3631 3215 3648 3239 ,

2062 3267 2470 3340 ntatresfamilias
2497 3283 2602 3325 esse
2627 3265 2667 3341 (l
2715 3265 2845 3324 Tim.
2875 3283 2929 3335 v,
2961 3265 3070 3336 lt).
3114 3267 3334 3337 Propter
3362 3265 3523 3322 iidem
3552 3283 3651 3338 pu-

2062 3360 2259 3417 dicitia:
2289 3378 2305 3415 :
2340 3360 2484 3416 Uxor
2523 3378 2625 3417 non
2663 3362 2810 3416 habet
2839 3366 3133 3432 potestatem
3158 3358 3240 3413 sui
3266 3361 3514 3428 corporis,
3559 3359 3650 3414 sed

2062 3453 2138 3510 vir
2164 3468 2186 3509 :
2205 3453 2432 3510 similiter
2445 3460 2493 3507 et
2507 3453 2584 3508 vir
2596 3469 2697 3508 non
2717 3453 2862 3508 habet
2878 3460 3173 3524 potestatem
3190 3451 3273 3506 sui
3286 3452 3531 3520 corporis,
3561 3450 3651 3505 sed

2064 3546 2247 3600 mulier
2266 3543 2308 3617 (Ι
2325 3543 2443 3599 Cor.
2461 3561 2556 3610 vn,
2575 3544 2654 3616 4).
2679 3545 2902 3614 Propter
2926 3543 3178 3605 connubii
3214 3551 3646 3599 sacramentum:

2066 3637 2215 3706 Quod
2252 3635 2391 3691 Deus
2415 3635 2701 3709 conjunxit,
2740 3635 2890 3690 homo
2916 3651 3017 3690 non
3041 3644 3241 3703 separet
3269 3632 3482 3707 (Matth.
3509 3648 3604 3693 ιιι
3630 3674 3646 3701 ,

2064 3728 2149 3799 ϐ).
2189 3727 2266 3783 De
2289 3727 2482 3799 quibus
2517 3727 2570 3782 in
2613 3727 2733 3783 aliis
2771 3726 3040 3797 opusculis
3078 3727 3296 3793 nostris,
3341 3742 3461 3798 quise
3498 3728 3650 3783 vobis

2064 3834 2170 3875 non
2200 3826 2327 3874 sunt
2373 3817 2659 3889 incognita,
2705 3829 2961 3888 quantum
2991 3817 3216 3873 Domino
3242 3816 3525 3887 adjuvante
3554 3831 3650 3888 po—

2065 3911 2281 3975 luimus,
2312 3910 2444 3964 satis
2483 3923 2581 3964 nos
2624 3908 2943 3964 disseruisse
2987 3907 3327 3963 meminimus
3356 3907 3462 3979 (De
3501 3906 3647 3962 Bono

2063 4000 2320 4072 coniugali
2335 4041 2349 4067 ,
2379 4017 2433 4053 η.
2462 4001 2498 4056 5
2518 3997 2676 4072 sqq.).
2715 3998 2942 4068 Propter
2963 3996 3079 4053 lucc
3101 3998 3303 4071 omnia,
3330 3997 3649 4053 honorabiles

2063 4093 2255 4162 nuptiae
2280 4092 2334 4145 in
2356 4090 2607 4157 omnibus,
2646 4100 2695 4145 et
2727 4091 2901 4144 ilict-its
2928 4090 3278 4144 immaculatus
3307 4086 3489 4161 (Hebr.
3519 4104 3647 4155 xm,

2063 4186 2143 4254 ι).
2182 4184 2241 4240 ln
2268 4192 2522 4255 quantum
2565 4181 2708 4238 enim
2739 4180 2936 4250 nuptim
2963 4179 3116 4235 bonae
3158 4189 3299 4244 sunt,
3346 4180 3399 4234 in
3445 4189 3650 4234 tantum

2063 4277 2260 4333 faciunt
2290 4276 2574 4346 plurimum
2600 4274 2722 4329 boni
2750 4272 2911 4328 etiam
2937 4270 3007 4328 de
3035 4271 3267 4326 libidinis
3296 4269 3437 4325 malo
3467 4288 3482 4325 :
3511 4286 3648 4341 quo-

2064 4368 2206 4425 niam
2238 4367 2455 4423 libidine
2501 4380 2605 4419 non
2638 4365 2774 4419 bene
2803 4363 2965 4418 utitur
2993 4360 3177 4427 libido,
3208 4360 3303 4417 sed
3347 4361 3501 4417 ratio.
3556 4360 3650 4419 Li-

2064 4459 2192 4516 bido
2218 4466 2313 4531 est
2343 4468 2521 4512 autem
2565 4456 2619 4510 iu
2646 4456 2668 4489 ³
2699 4455 2807 4517 illa,
2850 4470 3009 4526 quam
3040 4462 3188 4509 notat
3227 4452 3532 4522 Apostolus,
3566 4468 3652 4507 re-

2064 4559 2331 4621 pugnante
2353 4546 2454 4617 legi
2480 4545 2692 4609 meutis,
2716 4544 3132 4600 iuobedientium
3155 4544 3271 4615 lege
3287 4544 3649 4598 membrorum

2064 4639 2240 4711 (Rom.
2270 4653 2366 4706 vn,
2395 4635 2488 4710 23)
2520 4654 2536 4692 :
2566 4638 2700 4693 ratio
2742 4650 2873 4693 vero
2912 4636 3045 4691 bene
3073 4643 3226 4692 utens
3264 4633 3504 4699 libidine,
3538 4634 3651 4704 ipsa

2062 4740 2147 4787 est
2172 4732 2223 4785 in
2251 4730 2365 4801 lege
2390 4727 2713 4799 nuptiarum.
2736 4726 2868 4783 Nam
2898 4727 2940 4781 si
2968 4726 3169 4781 nullttm
3194 4725 3261 4780 de
3286 4725 3427 4779 malo
3453 4724 3650 4779 bonum

2066 4819 2183 4876 ﬁeri
2214 4828 2413 4891 posset,
2443 4833 2543 4874 nec
2570 4818 2708 4873 Deus
2734 4832 2802 4873 ex
2830 4816 3131 4872 adulterino
3169 4814 3451 4870 concubitu
3483 4813 3657 4868 homi-

2066 4929 2187 4970 nem
2213 4912 2487 4969 conderet.
2525 4909 2671 4968 Sicut
2689 4925 2817 4982 ergo
2836 4910 3079 4965 adulterii
3101 4909 3402 4965 damnabile
3428 4908 3647 4974 malum,

2064 5002 2277 5075 quando
2318 5011 2374 5058 et
2400 5000 2525 5056 inde
2554 5001 2714 5056 homo
2741 5000 2999 5067 nascitur,
3031 5014 3137 5054 non
3189 4999 3477 5068 imputatur
3502 4997 3612 5051 Deo
3634 5038 3648 5061 ,

2066 5095 2159 5167 qui
2183 5104 2328 5150 certe
2355 5094 2408 5150 in
2437 5107 2601 5163 Opere
2627 5091 2901 5148 hominum
2929 5092 3069 5147 malo
3103 5091 3227 5145 facit
3255 5092 3367 5160 ipse
3395 5106 3527 5160 opus
3554 5090 3652 5144 bo-

2066 5203 2193 5244 num
2224 5205 2237 5242 :
2271 5188 2341 5243 ita
2368 5186 2619 5257 quidquid
2644 5194 2726 5241 est
2752 5185 3056 5257 pudendum
3084 5185 3139 5240 in
3169 5185 3532 5240 membrorum
3562 5182 3654 5237 illa

2064 5280 2443 5347 inobedientia,
2484 5280 2554 5335 de
2582 5294 2685 5349 qua
2722 5279 3049 5334 erubueruut
3094 5278 3185 5348 qui
3230 5284 3349 5349 post
3378 5286 3652 5348 peccatum

2065 5370 2206 5426 foliis
2232 5370 2471 5426 ﬁculneis
2496 5369 2680 5427 eadem
2722 5371 2958 5426 membra
2990 5379 3236 5425 texerunt
3264 5368 3415 5442 (Gen.
3449 5385 3525 5431 ut,
3553 5368 3610 5439 7)
3639 5410 3653 5429 .

2064 5476 2173 5518 non
2203 5462 2401 5532 nuptiis
2430 5461 2738 5532 imputatur,
2779 5471 2995 5532 propter
3018 5476 3150 5533 quas
3179 5460 3492 5517 concubitus
3518 5475 3645 5515 con-

2129 5574 2146 5606 ι
2169 5579 2497 5635 Omnes_ttss.,
2515 5570 2576 5622 de
2592 5570 2777 5635 origine
2800 5570 3134 5625 άαηιηαιὶοιιὶδ.

2131 5636 2150 5667 ’
2178 5640 2246 5683 tta
2269 5632 2491 5697 Gallicani
2533 5640 2638 5684 Mss.
2664 5632 2813 5685 Editio
2836 5642 2943 5685 Lov.
2969 5637 3163 5697 omittit,
3196 5633 3246 5684 in
3290 5645 3308 5683 :
3349 5641 3517 5697 postea
3542 5645 3652 5697 cum

2064 5703 2163 5744 Am.
2184 5702 2236 5759 et
2251 5701 2322 5759 Fr.
2342 5696 2413 5759 sic
2431 5694 2597 5759 habet,
2618 5708 2764 5759 qnam
2780 5703 2912 5746 rocat
2936 5692 3176 5759 apostolus
3200 5692 3543 5759 repugnantem
3559 5692 3654 5759 lrgt

2063 5756 2250 5823 nectitis,
2265 5755 2640 5823 iuobedietuimn'
2658 5756 2763 5820 tege
2777 5755 3118 5809 membrorum.
3144 5767 3240 5810 non
3256 5755 3403 5817 male,
3430 5759 3471 5807 si
3513 5755 3653 5823 modo

2064 5821 2291 5881 corrigas,
2323 5818 2474 5882 legem
2492 5818 2825 5883 membrormn.
