4170 6506
398 476 502 533 005

392 587 589 663 Malis
626 600 738 645 non
778 585 953 645 solum
996 589 1083 641 est
1107 579 1306 649 licitas,
1334 592 1522 639 verum
1563 579 1727 638 etiam
1761 577 1914 637 utilis
1940 586 1998 636 et

394 679 693 743 honestus;
722 675 818 734 sed
855 674 1147 746 imputatur
1168 678 1391 743 peccato
1418 668 1816 736 inobedlentiaa,
1846 666 2002 739 cuius

394 769 513 827 hac
541 782 703 842 pinus
746 776 829 824 est
870 774 1180 830 consecuta,
1220 772 1281 819 ut
1307 763 1471 817 homo
1497 758 1813 818 inobediens
1840 759 1956 816 Deo
1979 800 1998 828 ,

410 877 490 916 rus
537 875 753 933 quoque
793 859 894 916 sibi
940 855 1299 915 inobedieutia
1347 854 1588 911 membra
1627 854 1899 910 sentiret:
1930 852 2001 911 de

409 953 590 1022 ptibns
614 952 962 1017 erubescens,
993 948 1135 1020 quod
1165 963 1272 1003 non
1310 946 1378 1003 ad
1404 946 1682 1001 arbitrium
1708 943 2001 1001 voluntatis

393 1045 531 1114 ejus,
573 1043 672 1098 sed
716 1042 785 1099 ad
815 1042 1049 1097 libidinis
1079 1041 1405 1097 incentivum
1434 1039 1582 1095 velut
1619 1038 1841 1096 arbitrio
1872 1053 2000 1109 pro-

392 1137 514 1206 prio
541 1144 915 1201 moverentur,
955 1150 1075 1204 qua:
1103 1132 1347 1204 pudenda
1383 1131 1661 1203 judicavit,
1708 1129 1999 1202 operienda

391 1229 622 1286 curavit.
661 1228 780 1284 Non
820 1228 964 1284 enim
1006 1225 1263 1285 confundi
1300 1224 1485 1282 debuit
1524 1223 1687 1281 homo
1728 1222 1795 1279 de
1833 1238 1999 1295 opere

395 1319 517 1386 Dei,
549 1328 642 1373 aut
670 1318 780 1374 ullo
810 1316 970 1373 modo
1011 1315 1224 1372 fuerant
1250 1326 1435 1373 creato
1462 1313 1847 1381 erubescenda,
1876 1328 1998 1385 qua

393 1407 726 1463 instituenda
769 1408 882 1462 visa
921 1416 1048 1462 sunt
1089 1406 1353 1463 Creatori.
1394 1406 1578 1477 Itaque
1620 1419 1721 1461 nec
1747 1404 1857 1460 Deo
1898 1419 1999 1460 nec

395 1498 602 1554 homini
634 1499 720 1554 illa
758 1497 989 1568 simplex
1014 1498 1223 1552 nuditas
1249 1496 1581 1567 displicebat,
1609 1494 1823 1567 quando
1864 1494 1998 1551 nihil

393 1599 514 1644 erat
570 1586 879 1658 pudendum
903 1628 920 1654 ,
979 1587 1103 1659 quia
1161 1586 1296 1643 nihil
1357 1594 1707 1658 praeessent
1773 1585 2000 1657 punien-

394 1680 550 1737 dum.

470 1769 699 1830 CAPUT
738 1770 957 1828 XXXV.
985 1802 1059 1813 -—
1079 1771 1172 1828 40.
1214 1770 1407 1827 Essent
1425 1778 1604 1827 autem
1632 1769 1998 1842 proculdubio

398 1863 601 1934 nuptiae
625 1864 791 1921 etiam
820 1877 925 1918 non
950 1862 1290 1933 pnecedente
1314 1872 1556 1933 peccato,
1582 1862 1706 1934 quia
1734 1878 1909 1934 neque
1927 1862 1997 1919 ob

392 1957 558 2013 aliam
587 1972 804 2014 causam
835 1956 950 2011 viro
979 1956 1320 2026 adjutorium.
1368 1971 1472 2011 non
1501 1956 1638 2011 alius
1664 1956 1763 2020 vir.
1793 1955 1890 2011 sed
1920 1955 1998 2013 fe-

394 2051 538 2104 mina
572 2048 706 2104 facta
731 2056 832 2104 est.
876 2049 942 2103 Et
970 2049 1056 2102 illa
1086 2048 1176 2103 Dei
1205 2049 1386 2111 verba,
1417 2048 1652 2115 Crescite,
1678 2057 1726 2102 et
1751 2047 1997 2119 multipli-

391 2144 583 2198 camini
606 2142 758 2215 (Gen.
791 2158 828 2207 ι,
855 2142 948 2213 28)
974 2159 992 2209 ;
1022 2158 1127 2197 non
1148 2151 1231 2198 cst
1270 2141 1692 2197 domandorum
1723 2140 1998 2210 prmdictio

392 2247 760 2307 peccatorum,
784 2236 877 2291 sed
908 2236 1311 2290 fecundatarunt
1339 2234 1642 2291 benedictio
1668 2234 1994 2304 nuptiarum.

391 2326 489 2385 His
517 2329 661 2383 enim
691 2328 832 2383 Deus
852 2327 1209 2382 inell‘uhilibus
1229 2327 1340 2383 suis
1369 2327 1566 2392 verbis,
1595 2326 1646 2381 id
1673 2336 1775 2393 est,
1798 2325 1997 2384 divinis

389 2421 690 2476 rationibus
718 2422 771 2475 in
793 2435 904 2476 stne
933 2420 1229 2490 sapientim,
1255 2433 1353 2489 per
1374 2434 1533 2489 quam
1566 2417 1701 2474 faeta
1728 2425 1854 2473 sunt
1880 2433 1998 2474 ont-

389 2511 501 2577 nia,
545 2513 771 2566 veritate
818 2511 1115 2565 viventibus
1159 2510 1266 2564 vim
1316 2508 1539 2565 seminis
1587 2510 1781 2565 indidit
1808 2509 1998 2581 primis

391 2602 719 2660 hominibus.
759 2603 814 2659 Si
843 2612 1021 2659 autem
1048 2611 1275 2673 peccato
1301 2617 1407 2658 non
1438 2602 1624 2659 fuisset
1645 2602 1994 2663 dehonestata

391 2704 603 2759 nautra,
629 2696 770 2752 absit
807 2706 863 2750 ut
885 2696 1171 2765 opinemur
1197 2695 1331 2750 tales
1363 2692 1569 2750 futuras
1594 2694 1757 2751 fuisse
1782 2695 1997 2767 nuptias

391 2784 443 2840 in
473 2787 742 2854 paradiso,
766 2797 823 2841 ut
846 2786 898 2840 in
921 2787 1002 2841 eis
1025 2785 1090 2840 ad
1121 2784 1328 2855 prolem
1351 2785 1717 2841 seminandam
1735 2801 1841 2842 non
1864 2795 1996 2844 nutu

388 2877 682 2933 voluntatis
710 2879 752 2941 ⁸,
801 2877 941 2931 sicut
986 2892 1081 2943 pes
1127 2874 1193 2933 ad
1241 2875 1642 2943 ambulandum,
1692 2892 1885 2932 manus
1925 2876 1993 2931 ad

389 2968 744 3036 opt-randum,
774 2968 951 3038 lingua
991 2967 1060 3022 ad
1087 2966 1448 3037 loquendum;
1478 2966 1572 3023 sed
1602 2976 1735 3023 :cstu
1765 2967 1997 3027 libidinis

390 3061 630 3117 membra
678 3061 932 3131 genitalia
986 3068 1353 3116 moverentur.
1394 3058 1504 3114 Nec
1545 3060 1684 3117 sicut
1728 3076 1869 3116 nunc
1899 3060 1989 3128 tit,

390 3153 715 3222 virginitatis
744 3152 1021 3223 integritas
1046 3151 1110 3207 ad
1136 3150 1521 3221 concipiendos
1548 3150 1690 3207 fetus
1720 3152 1769 3206 vi
1797 3151 1996 3208 turbidi

390 3244 711 3299 vitiarctur’
736 3244 963 3309 ardoris,
998 3242 1092 3300 sed
1140 3243 1529 3313 obsequeretur
1572 3244 1797 3312 imperio
1843 3253 1992 3300 tran-

388 3337 727 3408 quillissima:
753 3335 1031 3390 charitatis
1062 3352 1077 3388 :
1111 3343 1250 3390 eteo
1278 3334 1437 3388 modo
1456 3350 1561 3389 non
1591 3344 1736 3391 esset
1765 3335 1917 3390 dolor
1942 3344 1997 3390 et

389 3442 552 3483 cruor
618 3426 842 3496 virginis
896 3424 1338 3491 concumbentis,
1364 3424 1660 3495 .qnomodo
1705 3440 1811 3479 non
1857 3435 2000 3481 esset

390 3520 553 3573 etiam
587 3518 775 3575 matris
801 3518 1033 3588 gemitus
1074 3517 1351 3586 parientis.
1395 3516 1522 3571 Haec
1564 3516 1685 3570 ideo
1720 3532 1833 3570 non
1874 3531 1997 3572 cre-

389 3607 611 3673 duntur,
641 3609 762 3678 quia
791 3608 843 3662 in
885 3608 984 3662 ista
1012 3606 1352 3661 mortalitatis
1375 3605 1683 3661 conditione
1722 3606 1998 3674 inexperta

389 3711 538 3753 sunt.
582 3699 637 3753 ln
662 3697 899 3754 deterius
923 3698 1119 3768 quippe
1142 3697 1269 3752 vitio
1297 3704 1495 3751 mutata
1522 3702 1732 3763 natura,
1764 3711 1871 3750 non
1910 3696 1996 3751 in-

389 3791 539 3844 venit
582 3789 768 3858 prima:
796 3788 937 3844 illius
967 3788 1210 3858 puritatis
1238 3786 1564 3856 exemplum.
1607 3787 1714 3842 Sed
1745 3785 1992 3843 ﬁdelibus

387 3879 697 3950 loquimur,
754 3880 845 3950 qui
899 3887 1162 3934 noverunt
1214 3878 1437 3934 credere
1482 3878 1678 3934 divinis
1726 3879 1993 3949 eloquiis,

388 3976 555 4027 etiam
606 3972 766 4027 nullis
813 3969 1066 4026 adhibitis
1119 3980 1355 4039 expertae
1414 3970 1653 4024 veritatis
1709 3968 1995 4041 exemplis.

387 4063 675 4132 Quomodo
702 4065 846 4120 enim
892 4078 1034 4119 nunc
1058 4063 1334 4119 ostendant
1377 4063 1493 4119 sine
1535 4064 1657 4119 ullis
1686 4065 1997 4133 parentibus

386 4157 456 4210 de
480 4157 697 4225 pulvere
728 4154 997 4210 hominem
1027 4152 1249 4218 factum,
1279 4153 1435 4224 eique
1460 4152 1528 4209 de
1551 4169 1651 4209 suo
1677 4154 1845 4212 latere
1868 4171 1995 4211 con-

384 4248 567 4317 jugent
602 4243 713 4316 (Id.
740 4260 799 4310 tt,
825 4246 881 4313 '1,
904 4244 1045 4316 ‘22)?
1072 4243 1141 4300 Et
1162 4252 1339 4300 tamen
1370 4245 1511 4317 quod
1536 4246 1724 4303 oculus
1742 4247 1856 4317 jam
1884 4263 1992 4304 non

386 4339 617 4405 invenit,
648 4337 780 4392 ﬁdes
800 4338 990 4394 credit.

460 4430 689 4487 CAPUT
737 4430 979 4487 XXXVI.
1028 4462 1102 4475 ---
1146 4432 1237 4489 ll.
1305 4432 1398 4488 Sic
1440 4447 1569 4504 ergo
1607 4442 1661 4489 et
1702 4433 1993 4503 primarum

389 4522 699 4590 nuptiarum
749 4522 866 4577 sine
917 4522 1151 4578 libidinis
1201 4524 1446 4593 passione
1495 4526 1891 4597 tranquillitas,
1939 4534 1996 4583 et

388 4627 568 4671 motus
593 4614 903 4685 genitalium
945 4615 1084 4670 sicut
1111 4616 1338 4671 aliorum
1368 4616 1751 4682 membrorum,
1794 4634 1899 4673 non
1924 4617 1996 4675 ad

389 4694 859 4762 ellrensti'ctloris
900 4706 1329 4771 incitamentum,
1368 4706 1463 4763 sed
1489 4708 1557 4763 ad
1584 4709 1873 4766 voluntatis
1900 4725 1991 4766 ar-

400 4810 407 4835 ι
436 4802 623 4848 lll‘tllttt
644 4798 860 4865 (quales
880 4810 1084 4867 nuptiae
1103 4800 1625 4867 perseverassent,si
1647 4803 1856 4870 peccati
1876 4816 1989 4857 non

360 4916 363 4919 -
419 4890 793 4942 'ttt‘rvcttiSst‘l
815 4891 1381 4958 opprobrium),nnnc
1401 4892 1620 4946 ostendi
1650 4909 1756 4949 non
1779 4900 1989 4964 potest:

356 4976 364 4996 ‘
411 4978 489 5028 .mt
548 4994 614 5032 es
674 4978 742 5032 iis
768 4994 887 5045 qme
910 4978 1097 5033 divina
1122 4981 1454 5035 auctoritate
1478 4982 1797 5053 conscripta
1833 4993 1989 5053 sunt,

432 5082 503 5119 ou
532 5065 584 5119 in
612 5069 811 5120 merito
831 5067 981 5122 credi
1009 5077 1211 5137 potest.
1236 5068 1330 5125 Sic
1371 5072 1520 5126 enim
1570 5072 1736 5128 modo
1766 5090 1880 5130 non
1908 5078 1999 5133 In-

394 5160 556 5211 venio
579 5160 700 5212 sine
724 5162 1010 5230 pruriente
1060 5162 1291 5218 libidine
1329 5165 1813 5232 concumbentem,
1843 5168 1989 5225 sicut

393 5268 503 5305 non
528 5251 751 5307 invenio
776 5252 896 5307 sine
918 5252 1108 5309 dolore
1129 5262 1181 5310 et
1199 5255 1407 5327 gemitu
1430 5256 1986 5326 parturientem,sine

391 5345 580 5399 fn:nra
606 5354 788 5400 morte
812 5356 1125 5402 nascentem
1153 5364 1168 5403 :
1197 5358 1251 5404 et
1279 5358 1462 5405 tamen
1501 5351 1806 5406 secundum
1830 5352 1985 5409 Scri-

429 5450 682 5494 turarunt
708 5451 1028 5495 sanctarum
1045 5443 1603 5516 veritatem,getnitus
1626 5449 1985 5518 parturientis

393 5541 441 5591 et
461 5549 612 5589 mors
628 5534 870 5588 hominis
895 5549 1002 5590 non
1029 5533 1288 5603 fuissent,
1306 5537 1349 5593 si
1376 5546 1665 5608 peccatum
1707 5554 1818 5596 non
1843 5556 1987 5613 prte-

387 5627 674 5683 cessisset.
695 5624 786 5682 Sic
807 5626 1054 5683 necillud
1080 5630 1225 5685 unde
1249 5632 1717 5705 erubuerunt,qui
1740 5636 1983 5692 membra

449 5842 463 5872 ι
494 5837 627 5887 Edjti
656 5842 711 5887 et
738 5835 875 5896 ne,
905 5851 998 5889 non
1025 5846 1201 5891 natura
1226 5839 1506 5893 voluntatis.
1529 5841 1880 5897 Emendantur
1907 5846 2000 5897 hic‘

383 5913 446 5950 ex
474 5899 600 5966 libro
626 5900 790 5966 primo
822 5900 888 5949 de
910 5900 1106 5966 Nuptiis
1138 5910 1190 5966 et
1210 5902 1641 5966 Concupiscenlia,
1666 5919 1715 5956 n.
1741 5908 1787 5957 7.

446 5966 467 5996 ⁸
502 5964 691 6013 Victor.
722 5962 813 6012 Ms.
839 5968 890 6012 et
925 5961 1103 6027 Vatia,
1134 5961 1436 6016 inritaretur.

1508 465 1714 525 LIBER
1752 466 1841 524 DE
1879 462 2197 527 PECCATO
2234 466 2603 527 ORlGlNALl.

3613 473 3717 532 106

2109 578 2199 637 illa
2227 588 2479 639 texerunt
2507 597 2523 637 :
2554 582 2676 653 quia
2713 591 2768 640 et
2798 583 2899 639 hoc
2944 582 3000 639 in
3028 583 3233 641 eisdem
3261 583 3462 643 sanctis
3493 580 3711 646 Litteris

2105 670 2445 742 praecedente
2469 681 2688 744 peccato
2700 673 2958 745 scriptum
2973 682 3057 730 est
3071 684 3437 732 consecutum.
3467 676 3705 734 Membra

2105 764 2302 837 quippe
2350 765 2443 821 illa
2487 766 2589 822 nisi
2633 764 2889 824 indecens
2928 775 3105 824 motus
3141 768 3316 824 oculis
3356 784 3577 838 eorum,
3599 786 3705 828 non

2106 857 2289 928 utique
2315 857 2532 926 clausis,
2563 857 2661 916 sed
2705 858 2758 913 in
2786 857 2891 915 hoc
2918 873 3025 915 non
3065 858 3286 931 apertis,
3333 858 3438 916 hoc
3462 870 3579 929 est,.
3599 876 3708 917 non

2105 950 2343 1017 attentis,
2396 949 2870 1006 animadvertenda
2924 950 3262 1017 nuntiasset;
3314 952 3446 1008 nihil
3501 953 3557 1009 in
3610 967 3711 1009 suo

2104 1053 2354 1111 corpore,
2396 1040 2536 1111 quod
2569 1042 2750 1111 utique
2781 1049 2949 1097 totum
2993 1042 3134 1098 Deus
3162 1041 3427 1099 laudabile
3457 1041 3710 1106 feceras.

2105 1131 2415 1202 pudendum
2459 1132 2848 1204 velandumque
2891 1134 3229 1190 sensissent:
3261 1135 3384 1207 quia
3426 1135 3530 1192 nisi
3560 1153 3701 1209 prte-

2103 1220 2235 1277 isset
2258 1221 2486 1287 facinus,
2512 1222 2655 1293 quod
2686 1222 3045 1280 inobedientia
3071 1232 3157 1281 est
3183 1239 3312 1281 ausa
3340 1226 3701 1292 committere,

2104 1329 2210 1370 non
2234 1325 2549 1385 sequeretur
2576 1314 2831 1386 dedecus,
2859 1316 3001 1390 quod
3034 1316 3357 1374 verecundia
3387 1318 3547 1374 vellet
3572 1319 3701 1375 abs-

2102 1407 2358 1463 condere.

2173 1498 2403 1555 CAPUT
2441 1498 2708 1555 XXXVII.
2732 1528 2807 1542 --
2848 1499 2940 1556 ιε.
2979 1498 3195 1557 Clarum
3243 1508 3329 1557 est
3370 1501 3549 1573 igitur,
3601 1502 3704 1557 hoc

2101 1605 2210 1647 non
2234 1605 2359 1647 esse
2385 1591 2585 1660 nuptiis
2625 1590 3017 1661 imputandum,
3045 1592 3189 1663 quod
3231 1592 3334 1649 etsi
3377 1609 3484 1648 non
3514 1601 3659 1649 esset
3688 1608 3702 1656 ς

2101 1681 2302 1751 nuptiae
2336 1690 2515 1736 tamen
2557 1689 2739 1737 essent
2767 1698 2781 1737 :
2807 1697 3034 1754 quarum
3082 1683 3280 1739 bonum
3323 1700 3431 1740 non
3460 1682 3699 1740 aufertur

2103 1770 2208 1827 isto
2243 1773 2402 1833 malo.
2430 1772 2525 1827 sed
2550 1772 2620 1828 ab
2649 1773 2728 1828 eis
2752 1779 2809 1828 et
2847 1771 2951 1829 hoc
2977 1772 3177 1828 malum
3209 1775 3262 1829 in
3293 1788 3448 1830 usum
3480 1776 3704 1831 vertitur

2100 1861 2323 1917 bonum.
2366 1862 2561 1919 Verum
2587 1862 2710 1934 quia
2749 1862 2861 1935 jam
2891 1863 2989 1919 ista
3015 1864 3326 1922 conditione
3352 1865 3655 1922 mortalium
3683 1908 3698 1930 .

2102 1968 2244 2009 nunc
2285 1954 2443 2009 simul
2473 1962 2702 2025 aguntur
2743 1954 3061 2011 concubitus
3088 1944 3145 2011 et
3190 1955 3395 2022 libido;
3442 1971 3509 2013 eo
3554 1955 3613 2012 tit
3642 1967 3702 2014 ut

2100 2059 2222 2101 cum
2253 2045 2418 2100 libido
2445 2046 2878 2117 reprehenditur,
2912 2047 3072 2103 etiam
3098 2048 3351 2119 nuptialis
3376 2049 3709 2107 concubitus-

2102 2138 2277 2193 licitus
2318 2148 2373 2194 et
2422 2140 2682 2195 honestus
2727 2139 3050 2211 reprehendi
3099 2150 3317 2212 putetur
3344 2142 3411 2197 ab
3462 2143 3562 2209 eis,
3608 2143 3699 2214 qui

2056 2230 2059 2233 “
2100 2229 2291 2283 nolunt
2333 2228 2640 2286 discernere
2685 2230 2785 2285 ista
2824 2229 2910 2287 vel
2955 2230 3221 2286 nesciunt.
3260 2230 3371 2288 Nec
3418 2232 3705 2288 attendunt

2101 2318 2231 2375 illud
2259 2334 2380 2375 esse
2405 2322 2709 2390 nuptiarum
2736 2321 2956 2387 bonum,
2991 2321 3132 2379 unde
3156 2322 3451 2393 gloriantur
3474 2325 3699 2396 nuptiae,

2102 2410 2155 2465 id
2184 2420 2287 2480 est,
2333 2412 2536 2484 proles.
2569 2412 2841 2484 pudicitia.
2873 2423 3269 2470 sacramentum
3296 2430 3312 2480 ;
3347 2416 3476 2471 illud
3518 2427 3699 2474 autem

2101 2519 2210 2560 non
2262 2518 2383 2563 esse
2432 2508 2774 2576 nuptiarum,
2822 2506 2919 2563 sed
2968 2508 3202 2564 carnalis
3256 2508 3703 2579 concupiscentia:

2100 2594 2324 2663 malum,
2355 2596 2423 2652 de
2450 2611 2558 2667 quo
2586 2596 2908 2653 erubescunt
2933 2606 2989 2653 et
3016 2599 3235 2668 nuptiae.
3274 2597 3385 2653 Sed
3428 2599 3550 2669 quia
3581 2601 3701 2658 sine

2101 2685 2195 2742 illo
2222 2687 2363 2743 malo
2392 2687 2509 2743 tieri
2532 2704 2647 2744 non
2676 2697 2853 2759 potest
2878 2690 3182 2761 nuptiarum
3223 2690 3443 2757 bonum,
3472 2691 3573 2748 hoc
3596 2700 3715 2760 est,

2102 2779 2413 2849 propagatio
2435 2777 2707 2848 filiorum;
2736 2781 2823 2837 ubi
2848 2781 2915 2835 ad
2945 2780 3249 2851 hujusmodi
3278 2799 3413 2853 opus
3442 2784 3658 2839 venitur
3683 2824 3698 2847 .

2100 2879 2306 2927 secreta
2331 2881 2663 2943 quaeruntur,
2690 2871 2878 2929 arbitri
2916 2886 3281 2942 removentur,
3314 2876 3539 2931 liliorum
3568 2893 3703 2948 quo-

2100 2976 2206 3033 que
2245 2962 2504 3033 ipsorum,
2552 2963 2598 3020 si
2620 2964 2731 3033 jam
2778 2964 2902 3021 inde
2943 2965 3108 3038 aliqui
3141 2968 3250 3022 nati
3277 2977 3423 3035 sunt,
3450 2984 3574 3025 cum
3604 2986 3705 3040 per

2101 3062 2316 3110 aetatem
2354 3055 2554 3111 sentire
2608 3056 2708 3111 ista
2733 3055 2844 3126 jam
2871 3059 3171 3129 ceperint,
3213 3061 3498 3130 pra‘sentia
3548 3061 3721 3119 deri-7

2103 3154 2244 3201 tatur
2268 3163 2285 3200 :
2306 3156 2466 3217 autne
2491 3148 2561 3203 ita
2590 3149 2789 3219 nuptiae
2826 3150 3078 3206 sinuntur
3097 3166 3352 3209 exercere
3376 3153 3521 3225 quod
3552 3153 3717 3221 licet”

2103 3246 2162 3291 ut
2204 3252 2312 3293 non
2356 3238 2627 3309 negligant
2655 3240 2926 3296 occultare
2954 3240 3095 3311 quod
3138 3241 3386 3299 dedecet.
3444 3244 3578 3299 lliuc
3620 3254 3702 3300 est

2102 3326 2243 3396 quod
2267 3327 2494 3383 infantes
2521 3331 2681 3384 etiam
2712 3330 2800 3401 qui
2828 3346 3051 3400 peccare
3076 3348 3181 3388 non
3213 3342 3457 3402 possunt,
3491 3350 3595 3389 non
3620 3343 3701 3388 ta-

2103 3432 2226 3473 men
2265 3418 2384 3474 sine
2414 3421 2616 3489 peccati
2647 3422 2966 3492 contagione
3010 3434 3338 3491 nascuntur;
3372 3440 3479 3480 non
3502 3441 3573 3481 es
3602 3424 3704 3480 hoc

2101 3510 2244 3581 quod
2274 3511 2418 3580 licet,
2441 3512 2536 3568 sed
2558 3529 2625 3569 ex
2648 3527 2715 3570 eo
2738 3513 2881 3585 quod
2904 3513 3146 3573 dedecet.
3187 3514 3321 3572 Nam
3346 3532 3420 3573 ex.
3435 3515 3537 3574 hoc
3556 3518 3714 3588 quod-

2104 3603 2248 3671 licet,
2281 3614 2466 3660 natura
2497 3607 2768 3672 nascitur;
2812 3623 2879 3663 ex
2908 3607 3000 3663 illo
3042 3609 3185 3679 quod
3214 3609 3459 3677 dedecet,
3490 3611 3698 3665 vitium.

2103 3695 2317 3750 Natura:
2341 3697 2607 3753 nascentis
2632 3706 2713 3754 est
2740 3707 2927 3754 auctor
2954 3698 3118 3762 Deus,
3148 3700 3237 3769 qui
3262 3699 3535 3756 hominem
3562 3716 3698 3756 con-

2102 3786 2258 3854 didit,
2297 3796 2350 3842 et
2376 3788 2464 3859 qui
2490 3789 2661 3844 virum
2684 3804 2749 3846 ac
2773 3788 3026 3846 feminam
3070 3791 3291 3863 nuptiali
3314 3790 3435 3864 jure
3472 3794 3702 3865 conjun—

2103 3879 2181 3934 xit
2208 3896 2221 3933 :
2250 3878 2362 3935 vitii
2390 3894 2516 3937 vero
2543 3890 2730 3938 auctor
2749 3890 2832 3938 est
2853 3881 3051 3939 diaboli
3074 3883 3389 3957 decipientis
3414 3887 3701 3953 calliditas,

2100 3981 2157 4026 et
2184 3971 2415 4028 hominis
2440 3975 2824 4031 consentientis
2866 3978 3131 4034 voluntas.

2173 4064 2401 4122 CAPUT
2437 4063 2928 4126 XXXVlll.—l5.
2952 4069 3053 4129 Ubi
3079 4071 3213 4127 nihil
3254 4072 3393 4131 Deus
3430 4072 3576 4141 fecit,
3601 4072 3717 4132 nisi.

2102 4156 2243 4227 quod
2289 4155 2559 4213 hominem
2611 4158 2888 4217 voluntate
2933 4174 3267 4232 peccantem,
3305 4164 3455 4238 justo
3497 4167 3701 4237 judicio

2102 4263 2224 4303 cum
2249 4246 2417 4318 stirpe
2438 4247 2713 4307 damnavit
2738 4269 2753 4306 :
2780 4261 2836 4309 et
2858 4251 2980 4309 ideo
3007 4254 3080 4310 ibi
3101 4255 3359 4326 quidquid
3384 4259 3546 4315 etiam
3570 4277 3706 4317 non-

2102 4336 2228 4393 duttt
2255 4348 2369 4394 erat
2397 4350 2605 4407 natum,
2648 4343 2841 4398 merito
2870 4352 2954 4400 est
2980 4344 3032 4401 in
3067 4348 3494 4418 prtevaricatrice
3522 4351 3717 4409 radice-

2101 4427 2417 4486 damnatnm
2448 4449 2464 4486 :
2492 4431 2550 4487 in
2591 4447 2697 4504 qua
2739 4434 2908 4506 stirpe
2950 4435 3201 4494 damnata
3246 4446 3392 4496 tenet
3433 4442 3704 4500 hominem

2100 4522 2374 4591 generatio
2399 4523 2649 4587 earnalis,
2683 4525 2826 4582 unde
2851 4527 2964 4583 sola
3008 4527 3201 4585 liberat
3230 4534 3567 4601 regeneratio
3594 4535 3704 4604 spi-

2101 4611 2327 4668 ritualis.
2381 4612 2508 4670 ldeo
2548 4619 2878 4686 regeneratis
2928 4621 3274 4690 parentibus,
3322 4623 3366 4677 si
3418 4632 3597 4680 tamen
3647 4627 3701 4683 in

2100 4702 2287 4759 eadem
2318 4705 2485 4776 gratia
2516 4711 2996 4777 perseveraverint,
3032 4713 3213 4781 procul
3246 4712 3413 4769 dubio
3443 4714 3544 4770 ista
3571 4732 3699 4787 pro-

2101 4801 2219 4865 pter
2260 4797 2629 4854 remissionem
2656 4809 3019 4871 peccatorum,
3064 4818 3187 4872 qutn
3227 4802 3280 4858 in
3308 4806 3387 4860 eis
3414 4804 3550 4862 facta
3576 4818 3660 4862 est
3684 4851 3701 4874 ,

2099 4901 2207 4942 non
2230 4888 2468 4956 nocebit,
2496 4890 2597 4945 nisi
2636 4905 2759 4947 cum
2788 4906 2851 4948 ea
2879 4894 3019 4949 male
3044 4904 3285 4962 utuntur,
3312 4912 3419 4953 non
3446 4898 3618 4956 solum
3649 4901 3705 4959 in

2100 4980 2347 5038 omnibus
2391 4982 2590 5039 illicitis
2635 4984 2975 5063 corruptelis,
3022 5002 3209 5043 verum
3255 4990 3417 5046 etiam
3463 4994 3517 5050 in
3570 4994 3702 5067 ipsis

2099 5071 2414 5142 conjugibus
2442 5073 2656 5144 quando
2682 5090 2787 5129 non
2816 5078 3142 5147 propagandi
3175 5079 3449 5141 voluntate
3478 5099 3711 5158 operam»

2099 5164 2347 5218 creandis
2391 5162 2513 5217 tiliis
2558 5164 2893 5235 impendunt,
2940 5168 3037 5224 sed
3080 5168 3390 5228 lasciviendi
3433 5176 3707 5248 voluptate

2099 5256 2472 5312 exsaturanda:
2518 5257 2755 5327 cupidini
2801 5259 3118 5320 inserviunt.
3159 5262 3311 5335 Quod
3355 5277 3579 5339 propter
3617 5271 3701 5325 vi-

2101 5347 2288 5402 tandas
2314 5347 2694 5405 fornicationes
2720 5351 2926 5409 maritis
2968 5362 3026 5410 et
3060 5355 3318 5415 uxoribus
3340 5374 3412 5415 ne
3454 5359 3706 5421 fraudem

2100 5438 2347 5506 invicem,
2378 5440 2479 5495 nisi
2520 5456 2584 5495 ex
2610 5457 2875 5501 consensu
2901 5446 2971 5502 ad
3014 5456 3244 5520 tempus,
3277 5460 3333 5507 ut
3372 5453 3711 5515 orationibus

2100 5540 2312 5597 vacent,
2343 5531 2634 5588 secundum
2662 5535 2894 5605 veniam,
2927 5553 3032 5594 non
3064 5540 3359 5597 secundum
3391 5544 3698 5613 imperium,

2099 5623 2345 5677 concedit
2367 5624 2656 5694 Apostolus
2678 5626 2723 5699 (l
2751 5627 2871 5683 Cor.
2897 5645 2992 5695 vn,
3010 5631 3066 5697 5,
3088 5631 3169 5700 ϐ).
3191 5631 3480 5689 Evidenter
3504 5635 3703 5705 quippe

2000 5752 2005 5757 .
2099 5716 2227 5772 dum
2251 5718 2434 5773 tribuit
2456 5718 2688 5785 veniam,
2710 5722 2929 5778 denotat
2952 5724 3187 5795 culpam.
3228 5723 3489 5795 Nuptialis
3518 5736 3696 5784 autem

2100 5806 2437 5876 concubitus,
2479 5824 2639 5881 quem
2669 5812 3088 5869 matrimoniales
3113 5829 3326 5885 quoque
3356 5812 3593 5872 indicant
3623 5830 3699 5873 ta-

2102 5901 2261 5965 bulm,
2309 5916 2469 5957 causa
2521 5905 2974 5974 procreandorum
3022 5905 3133 5962 tleri
3188 5906 3439 5973 oliorum,
3497 5924 3591 5976 per
3642 5928 3698 5965 se

2102 5994 2277 6063 ipsum
2324 6008 2567 6064 prorsus.
2601 6011 2707 6052 non
2754 5998 2808 6054 in
2852 5998 3250 6067 comparatione
3293 5994 3679 6059 fornicationis.
