4144 6508
444 381 548 439 At?

441 505 525 547 est
560 491 730 548 bonus
762 508 775 547 :
808 490 897 563 qui
926 491 1156 558 tametsi,
1185 498 1403 562 propter
1429 468 1629 562 corpus
1653 492 1859 557 mortis,
1892 490 2033 562 quod

442 578 680 638 nandum
715 591 797 639 est
838 582 1228 639 resurrectione
1272 592 1609 649 renovatum,
1641 583 1759 637 sine
1801 583 2033 653 quodam

442 675 652 732 bestiaii
681 684 849 742 motu,
881 675 948 731 dc
974 690 1079 748 quo
1124 684 1309 731 natura
1339 675 1605 732 erubescit
1634 675 1884 739 humana,
1929 692 2032 732 non

443 777 624 839 potest
647 767 757 823 fieri
778 785 791 835 ;
823 778 997 823 tamen
1025 769 1137 837 ipse
1162 768 1475 823 concubitus
1502 782 1604 822 non
1629 778 1711 824 est
1736 777 2030 839 pecudum,

447 862 533 915 ubi
569 862 704 916 ratio
735 861 950 917 libidine
982 862 1142 915 utitur
1167 860 1234 916 ad
1278 861 1495 927 bonum,
1525 876 1629 915 non
1659 869 1943 930 Stiparatur
1966 861 2032 914 ad

444 953 664 1008 malum.

519 1044 744 1101 CAPUT
784 1043 1024 1100 XXXIX.
1054 1074 1125 1085 —
1149 1044 1236 1099 M.
1277 1044 1501 1100 Obesset
1522 1046 1617 1099 ista
1644 1045 1819 1098 carnis
1838 1058 2033 1099 coneuo
2060 1058 2071 1065 ‘

449 1136 723 1203 piscentia,
746 1135 903 1191 etiam
928 1135 1290 1190 tantummodo
1311 1135 1452 1205 quod
1482 1137 1693 1198 inesset,
1719 1135 1819 1188 nisi
1849 1150 2035 1204 pecca-

448 1239 622 1284 torum
654 1229 898 1285 remissio
925 1230 1003 1283 sic
1051 1228 1346 1299 prodesset,
1379 1236 1433 1283 ut
1460 1245 1576 1299 qttzc
1606 1227 1657 1282 in
1687 1228 1765 1283 eis
1793 1237 1874 1282 est
1901 1230 1942 1284 ἐ
1981 1238 2035 1283 et

450 1329 596 1386 nato,
622 1328 677 1375 et
707 1328 911 1384 renato,
945 1328 1067 1374 nato
1095 1319 1308 1389 quidem
1333 1327 1387 1374 et
1416 1320 1590 1373 inesse
1629 1327 1681 1372 et
1706 1320 1913 1383 obesse,
1944 1334 2032 1372 re-

449 1420 577 1465 nato
612 1421 787 1466 autent
817 1411 991 1465 inesse
1015 1409 1249 1480 quidem,
1279 1409 1371 1463 sed
1403 1425 1506 1463 non
1537 1408 1729 1463 obesse
1755 1409 1942 1478 possit.
1977 1409 2031 1462 In

447 1510 654 1557 tantum
681 1502 822 1557 enim
853 1500 1009 1556 obest
1053 1501 1209 1566 natis,
1256 1508 1313 1553 ut
1342 1500 1441 1553 nisi
1484 1509 1852 1565 renascantur,
1899 1498 2032 1553 nihil

446 1596 616 1665 possit
640 1595 892 1667 prodesse
913 1595 956 1651 si
987 1596 1092 1650 nati
1123 1597 1144 1627 '
1168 1601 1292 1650 sunt
1311 1593 1378 1647 de
1398 1593 1615 1647 renatis.
1640 1593 1812 1648 Manet
1837 1592 2034 1663 quippe

445 1688 500 1742 in
532 1688 703 1757 prole,
736 1688 807 1743 ita
837 1697 893 1741 ut
921 1702 1064 1742 ream
1093 1687 1249 1741 faciat
1277 1688 1320 1754 ³,
1365 1684 1585 1754 originis
1616 1684 1802 1738 vitium
1828 1700 1842 1749 ;
1872 1684 2032 1738 etiam

451 1778 499 1833 si
527 1779 579 1833 in
607 1787 823 1849 parente
854 1787 1031 1833 reatus
1060 1777 1296 1848 ejusdem
1325 1777 1435 1831 vitii
1467 1775 1781 1830 remissione
1823 1775 2034 1830 ablutus

444 1881 529 1926 est
544 1870 566 1903 ⁸
587 1881 942 1943 pcccatormn,
968 1869 1138 1926 donec
1158 1885 1316 1926 omne
1337 1868 1520 1923 vitium
1541 1869 1624 1923 cui
1647 1867 2033 1923 consentiendo

448 1972 723 2031 peccatur,
768 1962 1171 2033 regeneratione
1224 1959 1509 2014 novissima
1555 1965 1944 2013 consumatur:
1979 1958 2031 2012 id

444 2052 547 2123 us‘t,
578 2055 743 2125 ipsius
773 2064 935 2117 etiam
975 2052 1318 2108 renovatione
1348 2051 1542 2113 carnis,
1570 2064 1688 2120 quzc
1718 2049 1770 2103 in
1801 2047 1915 2118 ejus
1943 2064 2033 2103 re-

441 2148 773 2204 surrectione
803 2149 976 2201 futura
1022 2145 1366 2216 promittitur,
1413 2142 1503 2197 ttbi
1533 2142 1640 2196 non
1672 2141 1843 2195 solum
1891 2140 2032 2194 nulla

443 2247 657 2306 peccata
687 2237 956 2302 faciamus,
1000 2235 1095 2291 sed
1152 2250 1250 2290 nec
1291 2234 1585 2289 habeamus
1614 2232 1720 2286 ulla
1771 2230 2031 2285 desideria

443 2330 652 2397 vitiosa,
710 2330 903 2400 quibus
950 2326 1333 2383 conscntieudo
1385 2338 1706 2395 peccemus;
1760 2322 1826 2377 ad
1875 2337 2031 2392 quam

445 2422 652 2478 beatam
683 2419 1062 2491 perfectionem
1092 2418 1269 2487 hujus,
1301 2416 1442 2487 quod
1476 2429 1618 2469 nunc
1642 2414 1818 2480 datur,
1863 2413 2032 2467 sancti

444 2512 636 2568 lavacri
685 2511 853 2582 gratia
905 2511 1231 2580 pervenitur.
1271 2508 1383 2578 Qua
1432 2508 1575 2562 enim
1629 2506 2034 2577 regeneratioue

441 2604 661 2674 spiritus
693 2602 851 2658 modo
895 2604 952 2657 tit
981 2612 1037 2657 ut
1068 2609 1280 2672 peccata
1311 2599 1484 2654 omnia
1535 2597 1800 2669 praeterita
1846 2597 2032 2652 remit-

445 2705 644 2763 tantur,
687 2695 804 2765 ejus
849 2695 1039 2750 merito
1071 2694 1162 2748 lict
1204 2694 1364 2747 etiam
1396 2690 1728 2761 regeneratio
1771 2689 1948 2745 carnis
1978 2690 2029 2745 in

442 2798 700 2845 aeternam
749 2788 932 2853 vitam,
981 2801 1085 2858 qua
1136 2787 1187 2840 in
1235 2786 1348 2856 ipsa
1377 2799 1536 2840 carne
1565 2782 2035 2852 iucorruptibiliter

444 2890 754 2950 resurgente
800 2888 1136 2950 peccatorum
1181 2876 1420 2932 omnium
1468 2874 1808 2929 incitamenta
1836 2888 2031 2930 sanen-

446 2982 553 3028 tur.
592 2971 698 3029 Sed
727 2986 788 3028 ea
818 2971 959 3026 salus
987 2969 1160 3025 adhuc
1186 2969 1239 3023 in
1262 2983 1354 3038 spe
1381 2966 1513 3042 facta
1542 2974 1644 3029 est,
1690 2980 1792 3019 non
1824 2973 2036 3021 tenetur

445 3068 499 3121 in
522 3081 618 3133 re;
652 3079 823 3141 neque
870 3062 1169 3135 possidetur
1199 3076 1294 3132 per
1321 3059 1679 3132 praesentiam,
1709 3057 1801 3113 sed
1838 3071 2033 3128 exspe-

445 3165 621 3213 ctatur
651 3172 748 3228 per
777 3155 1104 3227 patientiam.

516 3248 741 3305 CAPUT
779 3247 891 3303 XL.
919 3276 990 3288 --
1018 3248 1096 3303 Ac
1139 3261 1233 3317 per
1277 3243 1379 3300 hoc
1425 3258 1534 3299 non
1588 3243 1762 3299 solum
1805 3250 2021 3314 peccata

446 3340 648 3403 omnia,
678 3355 902 3410 quorum
955 3352 1095 3393 nunc
1125 3335 1370 3392 remissio
1399 3337 1458 3391 lit
1486 3335 1536 3389 in
1576 3334 1869 3405 Baptismo,
1916 3349 2034 3404 qua:

446 3448 568 3489 reos
594 3430 814 3498 faciunt,
837 3429 962 3485 dum
983 3428 1262 3484 desideriis
1288 3427 1494 3482 vitiosis
1511 3427 1844 3481 consentitur
1867 3435 2031 3494 atque

450 3534 731 3591 peccatur;
761 3537 942 3576 verum
962 3521 1123 3576 etiam
1160 3520 1270 3589 ipsa
1306 3517 1568 3574 desideria
1596 3517 1805 3581 vitiosa,
1838 3516 2033 3586 quibus

447 3618 493 3672 si
535 3631 639 3672 non
661 3615 1012 3679 consentitur,
1041 3614 1218 3668 nullus
1245 3611 1444 3681 peccati
1471 3619 1649 3666 reatus
1678 3608 2029 3677 contrahitur,

447 3723 567 3778 quae
595 3722 700 3762 non
748 3705 800 3760 in
834 3705 954 3772 ista,
979 3703 1073 3759 scd
1110 3703 1163 3758 in
1190 3702 1293 3758 alia
1322 3702 1427 3757 vita
1457 3701 1601 3756 nulla
1628 3711 1805 3768 erunt,
1837 3698 2027 3755 eodem

448 3799 664 3853 lavacro
692 3795 1035 3866 Baptismatis
1057 3794 1298 3849 universa
1325 3800 1638 3863 purgantur.

521 3891 612 3946 £5.
643 3891 842 3945 Rcatus
889 3890 1065 3959 itaque
1106 3887 1217 3942 vitii
1266 3886 1383 3957 ejus
1416 3886 1483 3943 de
1520 3901 1625 3957 qtto
1654 3885 1943 3956 loquimur,
1977 3882 2032 3938 in

445 3992 883 4054 t'egcncratorum
919 3980 1068 4051 prole
1115 3979 1315 4036 carnali
1339 3978 1539 4033 tamdiu
1571 3976 1828 4039 manebit,
1852 3975 2028 4030 donec

449 4080 504 4127 ει
534 4073 639 4128 illic
662 4072 870 4127 lavacro
902 4070 1320 4142 regenerationis
1367 4068 1632 4123 abluatur.
1669 4066 2035 4136 Regeneratus

447 4163 645 4236 quippe
671 4178 774 4218 non
827 4171 1107 4234 rcgcacrat
1137 4162 1277 4217 filios
1300 4161 1498 4227 carnis,
1548 4158 1642 4215 sed
1685 4167 1941 4230 generat;
1969 4172 2033 4213 ae

449 4268 547 4325 per
566 4253 668 4309 hoc
687 4254 738 4309 in
765 4270 856 4308 eos
887 4269 989 4309 non
1017 4253 1156 4324 quod
1186 4260 1550 4325 regeneratus,
1576 4250 1670 4305 sed
1711 4247 1852 4319 quod
1874 4262 2036 4319 gene-

449 4356 599 4402 ratus
628 4355 709 4403 cst
731 4385 749 4415 ,
782 4347 993 4416 trajicit.
1014 4344 1105 4402 Sic
1147 4345 1324 4416 igitur,
1358 4345 1470 4399 sive
1495 4357 1619 4399 reus
1640 4339 1891 4405 infidelis,
1922 4339 2036 4396 sive

413 4502 424 4513 ,
450 4439 723 4496 absolutus
744 4438 934 4509 ddelis,
958 4455 1067 4495 non
1088 4438 1343 4513 generat'
1371 4437 1643 4492 absolutos
1669 4442 1910 4503 uterque,
1940 4431 2033 4489 sed

449 4546 575 4587 reos
602 4531 906 4604 :quomodo
935 4547 1040 4587 non
1083 4531 1254 4587 solum
1284 4528 1522 4592 oleastri,
1576 4525 1669 4581 sed
1696 4526 1857 4580 etiam
1899 4514 2036 4581 olea:

458 4626 666 4681 semina
714 4640 819 4680 non
838 4624 982 4681 oleas
1012 4630 1290 4695 generant,
1331 4618 1424 4675 sed
1453 4620 1731 4673 oleastros.
1755 4615 2036 4687 Sicitaque

450 4716 507 4772 in
532 4717 872 4773 damnatione
899 4714 1166 4771 hominem
1193 4713 1360 4783 prima
1405 4708 1652 4762 nativitas
1693 4715 1855 4772 tenet,
1894 4706 2036 4762 unde

448 4808 553 4864 nisi
584 4808 816 4866 secunda
838 4825 943 4864 non
966 4807 1176 4862 liberat.
1198 4803 1371 4859 Tenet
1398 4814 1526 4868 ergo
1551 4797 1816 4863 diabolus,
1846 4798 2037 4853 liberat

445 4900 690 4958 Christus
717 4920 730 4956 :
756 4910 901 4957 tenet
928 4900 1181 4969 deceptor
1209 4896 1351 4959 Eme,
1383 4892 1572 4947 liberat
1615 4890 1782 4945 Filius
1818 4890 2024 4945 alariae:

453 4994 702 5066 tenetqui
727 5009 822 5065 per
837 4986 1277 5063 conjugemvenit.
1311 4984 1377 5037 ad
1408 4982 1601 5039 virum.
1632 4981 1817 5035 liberat
1850 4982 1939 5051 qui
1961 4979 2030 5036 de

446 5084 675 5158 conjuge
708 5094 867 5141 natus
891 5089 995 5145 est,
1023 5095 1140 5151 qua:
1158 5092 1261 5133 non
1292 5074 1508 5145 pertulit
1537 5072 1739 5127 virum:
1775 5082 1916 5127 tenet
1945 5071 2037 5140 qui

446 5192 665 5233 causam
684 5175 918 5232 libidinis
952 5170 1131 5228 intulit
1165 5167 1399 5229 feminm,
1435 5165 1627 5220 liberat
1655 5164 1741 5233 qui
1769 5164 1885 5219 sine
1912 5162 2033 5219 libi-

442 5269 570 5326 dine
596 5276 681 5326 est
701 5273 992 5334 conceptus
1011 5262 1063 5318 in
1091 5259 1306 5316 femina.
1334 5257 1533 5318 Omnes
1578 5255 1664 5310 ille
1698 5269 1915 5325 prorsus
1939 5270 2037 5325 per

445 5375 611 5415 unum
630 5367 816 5414 tenere
841 5352 1035 5427 potuit,
1063 5364 1164 5407 nec
1192 5349 1260 5405 ab
1283 5348 1401 5418 ejus
1439 5346 1803 5403 dominatione
1842 5345 2033 5402 liberat

507 5563 523 5595 ⁸
552 5565 711 5619 Forte,
731 5556 870 5608 Wst.
898 5556 905 5557 ⁷
1388 5609 1400 5623 ,
1513 5607 1524 5619 .

503 5622 524 5656 ι
549 5621 698 5672 vatio.
725 5626 826 5679 ιιιεη
849 5613 977 5682 quoa
997 5612 1540 5682 ηαιίο,¹²α’ίθν,ε⁸α.η⁰²ἔ·
1805 5681 1828 5682 η
1877 5680 1889 5682 _

506 5684 529 5719 ³
1196 5681 1250 5725 et
1278 5667 1577 5724 'Casalensis.
1602 5667 1688 5721 Alii
1728 5680 1837 5719 cum
1866 5667 2028 5729 editis,

442 5751 630 5796 Iratum
646 5751 810 5807 factm.

488 5810 526 5839 “⁸
551 5813 652 5858 οιιο
676 5812 801 5863 stas”
825 5800 1063 5854 absolutus
1076 5805 1163 5863 est.

500 5870 525 5907 ε
549 5857 695 5928 illiti,
728 5857 995 5932 rei/mret.
1045 5860 1212 5927 Melius
1245 5859 1334 5910 hoc
1365 5857 1470 5909 loco
1504 5865 1605 5907 Mss.
1628 5894 1641 5917 ,
1677 5858 1887 5921 emerat.

1106 378 1162 436 s.
1203 376 1570 436 aueusrtat
1611 374 1909 435 EPISCOPI
1945 379 2142 436 uasa
2190 384 2271 440 ora
2313 384 2625 442 rescire
2660 389 3028 449 ORIGINALI.
3088 366 3095 373 ’

3613 391 3718 448 103

2146 494 2246 551 nisi
2260 511 2415 563 unus,
2434 514 2588 569 queat
2609 511 2789 558 tenere
2812 519 2918 559 non
2941 505 3127 575 potuit.
3148 505 3382 577 Denique
3400 507 3510 578 ipsa
3528 505 3721 567 Eccle-

2141 586 2235 640 size
2259 586 2622 655 Sacramenta,
2652 606 2769 663 quae
2798 601 2903 647 tam
2926 594 3114 663 priscae
3158 596 3455 652 traditionis
3483 602 3722 654 auctori-
3794 602 3797 605 ’

2144 685 2249 731 tate
2286 680 2675 745 concelebrat‘,
2712 691 2777 737 nt
2823 698 2885 738 ea
2941 684 3049 750 isti,
3097 688 3344 754 quamvis
3379 687 3434 742 in
3485 691 3720 759 parvulis

2141 769 2445 827 existiment
2486 773 2813 830 simulatoric
2861 776 3035 844 potius
3065 793 3224 848 quam
3267 781 3529 835 veraciter
3578 782 3714 845 fieri,

2143 876 2246 914 non
2303 871 2476 917 tamen
2524 865 2752 920 audeant
2785 879 2967 935 aperta
3022 870 3405 938 improbatione
3429 887 3715 941 respuere:

2142 952 2275 1022 ipsa,
2310 954 2544 1024 inquam,
2583 967 2778 1011 sancta:
2827 959 3074 1013 Ecclesia:
3103 959 3443 1016 Sacramenta
3473 964 3601 1016 satis
3634 963 3717 1016 itt-

2139 1043 2339 1111 dicant,
2382 1048 2625 1115 parvulos
2646 1064 2672 1101 a
2696 1058 2845 1117 partu
2873 1050 3031 1105 etiam
3061 1053 3457 1108 recentissimos
3476 1070 3567 1123 per
3594 1069 3717 1124 gra-

2142 1137 2265 1192 tiam
2293 1138 2484 1193 Christi
2500 1140 2566 1195 de
2591 1140 2784 1196 diaboli
2806 1144 3023 1198 servitio
3054 1144 3283 1210 liberari.
3311 1147 3544 1216 Excepto
3571 1148 3712 1201 enim

2140 1230 2281 1298 quod
2325 1231 2377 1285 in
2421 1243 2760 1301 peccatorum
2811 1235 3202 1300 remissionem,
3233 1251 3337 1290 non
3395 1237 3585 1301 fallaci,
3618 1238 3714 1292 Sed

2142 1321 2279 1375 fideli
2303 1323 2555 1394 mysterio
2576 1324 2923 1393 baptizaotur,
2952 1326 3109 1380 etiam
3141 1322 3286 1395 prius
3310 1329 3639 1381 exorcizatnr
3660 1329 3712 1382 in

2139 1414 2218 1466 cis
2247 1421 2301 1467 et
2328 1412 2634 1468 cxsnfllatur
2655 1426 2885 1484 potestas
2914 1419 3176 1472 contraria
3206 1434 3221 1482 ;
3250 1419 3334 1472 cui
3359 1419 3516 1472 etiam
3540 1410 3717 1473 verbis

2140 1518 2323 1559 eorum
2340 1520 2369 1558 a
2399 1506 2590 1575 quibus
2616 1515 2909 1576 portantur.
2940 1523 3004 1571 se
3039 1510 3341 1564 renuntiare
3367 1507 3713 1579 respondent.

2138 1594 2341 1662 Quibus
2366 1596 2611 1651 omnibus
2632 1612 2810 1654 rerum
2839 1600 3162 1655 occultarum
3179 1602 3400 1656 sacratis
3423 1610 3478 1655 et
3505 1601 3717 1656 eviden-

2141 1687 2280 1742 tibus
2299 1688 2484 1758 siguis,
2526 1703 2555 1742 a
2594 1690 2925 1761 captivatore
2976 1693 3207 1761 pessimo
3233 1692 3296 1747 ad
3336 1694 3594 1762 optimum
3627 1708 3715 1747 re-

2142 1786 2475 1853 demptorem
2500 1785 2725 1840 transire
2753 1795 3153 1850 monstrantur;
3201 1787 3289 1857 qui
3314 1801 3409 1855 pro
3448 1785 3599 1841 nobis
3629 1785 3714 1840 in-

2142 1872 2391 1929 firmitate
2418 1884 2686 1944 suscepta,
2717 1876 2948 1947 alligavit
2974 1876 3183 1940 fortem,
3215 1888 3271 1930 ttt
3296 1893 3421 1932 vasa
3443 1877 3557 1946 ejus
3605 1877 3715 1932 eri-

2140 1972 2288 2033 peret
2313 1963 2529 2034 (Matth.
2554 1980 2655 2031 xu,
2684 1965 2775 2036 29)
2812 1984 2825 2016 τ
2858 1967 2977 2037 quia
3001 1968 3266 2021 intirmum
3298 1969 3388 2022 Dei
3410 1984 3517 2023 non
3538 1968 3711 2022 solum

2139 2063 2221 2108 est
2245 2054 2548 2121 hominibus
2574 2052 2593 2129 (
2623 2055 2640 2110 Ι
2671 2056 2789 2111 Cor.
2816 2071 2855 2123 ι,
2884 2057 2971 2125 ,25
2995 2058 3035 2128 ),
3076 2073 3261 2112 verum
3297 2067 3352 2113 et
3376 2059 3581 2127 angelis
3609 2059 3721 2112 lor-

2142 2145 2262 2199 tius.
2287 2144 2547 2200 Liberans
2575 2146 2754 2216 itaque
2798 2147 2938 2202 Deus
2979 2148 3202 2216 pusillos
3229 2163 3350 2202 cmn
3390 2148 3614 2217 magnis,
3661 2146 3715 2200 in

2141 2237 2375 2306 utrisque
2401 2237 2634 2292 ostendit
2659 2238 2799 2307 quod
2823 2238 2996 2292 locuta
3031 2247 3113 2293 est
3144 2254 3236 2308 per
3264 2238 3576 2307 Apostultun
3610 2237 3718 2293 Ve-

2140 2329 2285 2383 ritas.
2315 2321 2444 2385 Non
2469 2330 2612 2385 enim
2634 2330 2777 2384 solos
2812 2340 2972 2386 aetate
3016 2331 3266 2401 majores,
3310 2332 3402 2387 sed
3430 2334 3589 2386 etiam
3623 2346 3717 2401 pu-

2138 2421 2285 2474 sillos
2313 2421 2452 2475 eruit
2483 2436 2511 2474 a
2557 2431 2816 2491 potestate
2858 2423 3218 2485 tenebrarum,
3248 2432 3306 2477 ttt
3348 2423 3638 2479 transferat
3663 2423 3718 2478 in

2139 2526 2358 2581 regnum
2387 2513 2504 2567 Filii
2525 2513 2797 2568 citaritatis
2812 2513 3159 2583 summotos.
3193 2531 3227 2578 ι,
3260 2516 3369 2584 l3).

2208 2604 2299 2661 46.
2338 2596 2449 2660 Nec
2490 2605 2770 2676 quisquam
2824 2606 3080 2671 miretur,
3113 2615 3166 2660 et
3201 2607 3377 2674 dicat,
3413 2627 3431 2661 t
3468 2606 3577 2663 Cur
3603 2607 3705 2664 hoc

2137 2704 2287 2750 creat
2328 2695 2537 2750 bonitas
2596 2696 2708 2762 Dei,
2761 2696 2902 2767 quod
2956 2698 3223 2767 possideat
3261 2700 3561 2770 malignitas
3599 2700 3718 2755 dia-

2137 2784 2293 2841 boli?
2325 2805 2347 2840 ι
2379 2787 2492 2845 Hoc
2511 2788 2652 2842 enim
2679 2803 2790 2842 sum
2806 2797 3063 2844 creatura:
3085 2791 3377 2845 seminibus
3412 2807 3475 2846 ex
3503 2791 3588 2846 illa
3620 2792 3718 2847 bo-

2138 2878 2306 2933 nitate
2334 2878 2573 2950 largitur,
2595 2895 2699 2951 qua
2724 2881 2881 2935 etiam
2901 2880 3023 2936 facit
3040 2883 3208 2937 solem
3225 2898 3380 2938 sumn
3396 2885 3522 2939 oritt
3550 2900 3715 2955 super

2138 2970 2308 3027 bonos
2346 2980 2403 3028 et
2440 2964 2613 3029 ‘ntalos
2643 3014 2657 3040 ,
2700 2983 2753 3029 et
2799 2974 2931 3045 pluit
2977 2991 3138 3044 super
3184 2976 3358 3046 justes
3401 2986 3456 3032 et
3495 2978 3720 3047 injustas

2137 3062 2361 3137 (Matth.
2410 3080 2466 3130 v,
2507 3066 2646 3137 45).
2697 3066 2805 3122 llac
2866 3068 3060 3138 quippe
3100 3070 3336 3125 hanitate
3387 3072 3546 3126 etiam
3601 3070 3716 3141 ipsa

2136 3158 2343 3213 semina
2363 3156 2651 3221 benedixit.
2680 3158 2763 3213 vel
2807 3158 3172 3215 benedicendo
3214 3164 3704 3233 constituit:quam

2137 3250 2561 3305 benedictionem
2584 3263 2785 3306 natura:
2802 3252 3052 3307 laudabili
3079 3255 3232 3325 culpa
3250 3255 3567 3310 damnabilis
3600 3272 3705 3312 non

2136 3341 2354 3397 ademit.
2383 3342 2514 3410 Qua:
2542 3342 2666 3397 licet
2691 3358 2786 3413 per
2816 3344 2905 3399 llci
2949 3346 3216 3414 punientis
3242 3348 3498 3416 justitiam
3530 3350 3716 3404 value-

2136 3433 2222 3497 rit,
2249 3442 2308 3488 ut
2330 3431 2573 3488 homines
2595 3449 2714 3488 cum
2748 3437 2948 3503 peccati
2975 3436 3248 3507 originalis
3273 3439 3399 3492 vitio
3429 3454 3715 3495 nasceren-

2139 3533 2223 3577 tur
2250 3541 2264 3589 ;
2296 3541 2401 3579 non
2432 3533 2610 3580 tamen
2632 3525 2815 3589 valuit,
2841 3535 2901 3581 ut
2943 3526 3186 3582 homines
3214 3546 3316 3585 non
3349 3540 3712 3587 nascerentur.

2139 3615 2287 3670 Sicut
2316 3615 2368 3669 in
2400 3615 2529 3686 ipsis
2560 3625 2717 3672 aetate
2743 3617 3033 3687 majoribus
3055 3621 3305 3690 qttzclibet
3349 3623 3470 3676 vitia
3520 3639 3712 3692 pecca-

2140 3716 2310 3762 torum
2335 3724 2438 3763 non
2451 3724 2516 3764 ex
2541 3709 2756 3766 homine
2775 3710 3041 3767 hominem
3066 3712 3294 3779 tollunt;
3321 3713 3412 3768 sed
3441 3725 3718 3784 permanet

2139 3802 2232 3858 Dei
2263 3818 2396 3874 Opus
2444 3802 2664 3870 bouunt,
2692 3804 2747 3860 in
2786 3807 3228 3877 quantiscumque
3281 3807 3432 3861 malis
3460 3810 3716 3877 operibus

2139 3895 2441 3965 impiorum.
2468 3893 2599 3950 Nam
2630 3896 2730 3953 etsi
2771 3896 2930 3952 homo
2943 3887 3010 3951 'itt
3057 3896 3258 3953 honore
3285 3898 3506 3969 pmiius,
3528 3907 3585 3956 et
3614 3916 3718 3954 non

2138 3985 2460 4057 intelligens,
2514 3997 2856 4057 comparatur
2897 3989 3200 4058 pecoribus,
3225 3990 3410 4059 eisque
3437 3989 3631 4064 similis
3653 3989 3712 4043 fit

2139 4078 2158 4151 (
2186 4077 2327 4133 Paul.
2353 4095 2537 4146 vatn,
2567 4081 2635 4135 15
2661 4082 2682 4154 )
2709 4098 2723 4145 ;
2756 4096 2860 4135 non
2888 4092 3064 4136 tamen
3088 4096 3256 4151 usque
3274 4080 3409 4136 adeo
3434 4082 3623 4136 similis
3638 4082 3717 4149 (it,

2138 4182 2195 4227 ut
2216 4187 2377 4242 pecus
2401 4173 2487 4228 sit.
2517 4173 2868 4243 Comparatur
2884 4189 3113 4245 namque
3143 4188 3236 4244 per
3266 4174 3468 4237 vitium,
3498 4189 3602 4228 ttun
3628 4189 3723 4242 per

2140 4274 2418 4329 naturam;
2452 4279 2557 4320 non
2590 4266 2800 4336 pecoris
2828 4266 2974 4330 vitio,
3003 4265 3096 4321 sed
3129 4274 3351 4319 ttaturtu.
3374 4263 3557 4319 Tantm
3579 4280 3722 4319 uatu-

2137 4370 2243 4427 que
2268 4356 2597 4413 excellentiae
2622 4365 2706 4412 est
2760 4357 2816 4412 in
2861 4357 3260 4432 comparatione
3291 4360 3499 4427 pecoris
3534 4358 3717 4424 homo,

2138 4457 2196 4505 ut
2220 4449 2406 4503 vitium
2423 4449 2653 4504 hominis
2670 4460 2855 4503 natura
2882 4448 2951 4504 sit
2978 4451 3183 4519 pecoris
3216 4467 3229 4502 :
3265 4464 3365 4504 nec
3383 4456 3563 4503 tamen
3592 4449 3716 4503 ideo

2140 4549 2326 4599 natura
2350 4541 2581 4596 hominis
2625 4542 2677 4595 itt
2707 4550 2947 4596 naturam
2978 4541 3200 4597 vertitur
3249 4541 3475 4611 pecoris.
3509 4541 3585 4595 Ac
3630 4556 3725 4609 Γρι-

2141 4631 2242 4687 ltoc
2266 4631 2404 4687 Deus
2440 4631 2705 4685 hominem
2738 4631 2949 4684 damnat
2987 4641 3201 4700 propter
3237 4632 3441 4695 vitium,
3474 4646 3580 4700 quo
3625 4646 3722 4684 na-

2141 4736 2256 4780 tura
2310 4723 2719 4787 dehtmestatur;
2754 4737 2855 4776 noa
2904 4733 3120 4792 propter
3145 4730 3405 4787 naturam,
3436 4740 3555 4792 qua:
3594 4723 3723 4777 vitio

2147 4832 2251 4871 non
2271 4812 2527 4870 aufertur.
2576 4813 2779 4868 Destias
2826 4829 2952 4867 vero
2976 4813 3114 4868 absit
3155 4823 3212 4868 ut
3241 4814 3520 4884 opinemur
3543 4829 3712 4881 paenae

2140 4909 2499 4964 damnationis
2538 4905 2819 4973 obnoxias,
2862 4921 2993 4975 quas
3031 4905 3231 4975 justum
3286 4918 3369 4960 est
3398 4917 3449 4958 ιιι
3485 4907 3717 4960 miseria:

2140 5003 2250 5058 sint
2277 5010 2548 5073 expertes,
2572 5014 2691 5070 qua:
2718 5015 2817 5054 nec
2844 4998 3185 5053 beatitudinis
3207 5007 3428 5067 possunt
3452 5014 3571 5053 esse
3599 5015 3723 5067 par-

2143 5096 2346 5163 ticipes.
2374 5093 2510 5164 Quid
2535 5107 2664 5163 ergo
2694 5092 2886 5148 mirum
2904 5099 2987 5147 est
3013 5091 3094 5147 vel
3124 5090 3460 5159 iniquum,ut
3482 5093 3716 5147 imumn-

2140 5186 2209 5239 do
2225 5184 2430 5254 spiritui
2460 5182 2719 5239 subdatur
2748 5181 2928 5247 homo,
2962 5197 3065 5237 non
3097 5192 3314 5253 propter
3333 5192 3597 5247 naturam,
3630 5183 3721 5240 sed

2142 5286 2356 5347 propter
2374 5273 2759 5331 immunditiam
2799 5289 2973 5339 suam,
2999 5290 3283 5346 quamnon
3311 5290 3374 5330 ex
3400 5290 3561 5345 Opere
3587 5276 3725 5331 civi-

2140 5384 2232 5434 no,
2261 5368 2352 5423 sed
2404 5383 2471 5424 ex
2513 5365 2745 5423 humana
2780 5366 3054 5421 voluntate
3093 5368 3395 5423 venientem
3422 5369 3474 5423 in
3503 5369 3723 5438 originis

2140 5463 2261 5518 labe
2304 5462 2568 5519 contraxit
2616 5478 2629 5515 :
2679 5476 2799 5516 cum
2848 5471 2903 5517 et
2940 5461 3052 5531 ipse
3100 5462 3320 5532 spiritus
3365 5462 3672 5517 immundus
3702 5503 3716 5525 ,

2142 5560 2335 5614 bonum
2364 5558 2455 5623 sit,
2478 5556 2618 5628 quod
2658 5556 2876 5627 spiritus
2903 5572 2919 5622 ;
2950 5557 3171 5623 malum,
3192 5555 3332 5626 quod
3379 5554 3726 5610 immundus?

2141 5649 2272 5706 lllud
2299 5650 2493 5722 quippe
2520 5655 2603 5704 est
2624 5663 2691 5703 ex
2722 5648 2810 5702 Dei
2838 5662 3017 5715 opere,
3050 5648 3153 5705 hoc
3193 5661 3259 5704 ex
3292 5646 3507 5717 prapria
3533 5646 3722 5701 volun.

2177 5789 2219 5862 f
2246 5788 2495 5862 vatieaaus
2521 5794 2625 5846 Ms,
2649 5785 2977 5838 roncahbxant
3006 5799 3142 5838 :non
3181 5783 3331 5847 male,
3352 5796 3463 5837 cum
3502 5782 3562 5835 ad
3585 5781 3716 5843 Pela-

2141 5858 2309 5914 gianos
2334 5861 2390 5899 re
2408 5858 2561 5897 ertur.
