4144 6520
292 440 394 496 409

291 567 427 611 tate.
451 551 646 610 Satura
698 553 872 625 itaque
907 551 1112 620 fortior,
1141 551 1193 607 id
1230 560 1329 618 est,
1377 551 1635 622 angciica,
1659 553 1873 608 inferio-

290 663 405 703 rem
432 657 696 708 naturam.
717 646 765 700 id
791 656 890 707 est,
924 644 1228 710 humanam,
1275 645 1384 699 vitii
1411 646 1665 700 societate
1692 644 1876 699 subdi-

292 749 400 795 tam
446 750 610 796 tenet.
672 738 793 793 Ideo
835 737 1094 792 Mediator
1135 738 1337 807 angi-lis
1378 737 1585 800 fortior,
1631 737 1876 790 inlirmus

293 841 513 903 propter
540 830 781 883 homines
808 828 977 882 hirtus
994 839 1071 882 cst
1097 846 1110 882 :
1136 829 1211 883 sic
1243 829 1488 896 superbia
1511 827 1874 897 captivatnris,

297 924 671 992 Redemptoris
725 921 1020 975 humilitate
1084 921 1411 983 destruitnr;
1470 931 1526 974 ut
1580 921 1668 990 qui
1720 935 1879 990 Super

296 1015 433 1069 iilios
482 1013 711 1067 hominis
739 1013 755 1044 ¹
792 1013 1029 1083 angelica
1068 1011 1374 1067 fortitudine
1422 1013 1696 1082 gloriatur,
1728 1027 1755 1064 tt
1790 1009 1877 1066 Ρι-

297 1106 370 1161 lio
395 1106 483 1159 Dei
514 1116 757 1173 suscepta
788 1103 1015 1158 btunana
1042 1105 1343 1157 illiil'lttilttle
1367 1104 1624 1159 vincatur.

364 1196 591 1253 CAPUT
632 1193 772 1250 XLI.
803 1225 874 1235 -ο
898 1195 1107 1250 -i7.Sed
1150 1196 1257 1264 jam
1286 1197 1443 1250 etiam
1474 1197 1631 1249 istum
1663 1195 1880 1249 conclu-

294 1289 403 1344 suri
437 1289 659 1350 librum,
686 1297 933 1358 oportere
952 1288 1294 1354 arbitramur,
1327 1296 1383 1341 ut
1409 1287 1749 1341 Ambrosium
1780 1303 1877 1341 an-

299 1383 517 1435 tistitem
567 1381 695 1446 llei,
739 1380 889 1447 cujus
935 1380 1080 1434 inter
1126 1379 1305 1434 latina:
1354 1381 1543 1449 lingua}
1593 1382 1880 1450 scriptores

293 1472 968 1541 ecclesiasticospra'cipne
998 1471 1243 1541 Pelagius
1292 1472 1686 1541 integerrimam
1724 1472 1878 1526 tidem

296 1564 569 1634 pra-dicat,
593 1565 729 1618 sicut
753 1563 819 1617 de
856 1564 1022 1633 gratia
1049 1562 1273 1618 fecimus
1304 1564 1402 1636 (α),
1425 1566 1494 1618 ita
1521 1566 1665 1619 etde
1696 1580 1882 1634 pecca-

294 1666 353 1711 to
383 1656 645 1728 originali,
692 1656 742 1710 in
780 1672 886 1726 quo
930 1656 1161 1711 deleudo
1212 1658 1323 1726 ipsa
1366 1658 1531 1727 gratia
1584 1658 1881 1712 evidentius

299 1750 720 1815 commendatur,
758 1750 1100 1805 calumniosa:
1141 1751 1363 1804 istormn
1428 1751 1727 1820 loquacitati
1787 1766 1873 1805 re-

308 1844 569 1913 tpomlere
596 1843 869 1897 faciamus.
896 1842 951 1896 in
979 1859 1043 1897 ro
1073 1858 1235 1912 opere
1264 1842 1404 1910 (μιοά
1441 1844 1656 1910 scripsit
1675 1842 1742 1898 de
1774 1842 1880 1897 Re-

293 1937 623 1991 sorrectione
650 1935 1189 1990 SanctusAmbrosius
1219 1953 1231 1988 :
1266 1952 1285 1986 ι
1327 1935 1526 2006 Lapsus
1562 1950 1698 2000 sam,
1745 1954 1763 1987 ι
1794 1938 1877 1989 in-

293 2025 432 2098 quit,
460 2044 477 2076 ι
517 2026 566 2079 in
590 2025 777 2088 Adam,
809 2024 876 2080 de.
910 2018 1157 2094 paradiso
1194 2026 1395 2096 cjeclus
1421 2026 1473 2080 iu
1513 2027 1703 2085 Adam.
1736 2042 1881 2081 mor-

293 2126 418 2172 tuus
449 2118 501 2172 in
530 2116 696 2170 Adam
729 2136 742 2170 :
776 2134 933 2187 quem
971 2135 1073 2171 non
1107 2129 1321 2172 revocat
1346 2119 1366 2149 ³
1394 2117 1492 2172 nisi
1523 2135 1605 2172 me
1634 2118 1685 2171 in
1714 2116 1878 2172 Adam

295 2208 577 2270 invenerit,
612 2218 667 2262 ut
707 2209 756 2262 in
782 2209 869 2262 illo
890 2208 1362 2279 culpamlntoxium
1390 2250 1407 2274 ,
1436 2210 1592 2263 morti
1616 2208 1877 2276 debitum,

297 2302 367 2355 ita
388 2302 439 2355 in
464 2300 1033 2370 Christojustilicatmn
1072 2320 1091 2354 ι
1115 2300 1251 2370 (Lib.
1281 2302 1344 2355 de
1374 2300 1504 2356 Fide
1535 2301 1879 2356 Ressnrectio-

295 2395 377 2449 nis
401 2393 443 2466 ).
492 2395 619 2450 Item
656 2396 895 2450 scribens
927 2404 1111 2449 contra
1150 2394 1470 2450 Novatianos
1486 2396 1598 2450 ait:
1639 2414 1658 2447 ι
1682 2395 1881 2450 Omnes

298 2486 546 2542 homines
577 2488 676 2542 sub
706 2497 919 2556 peccato
962 2490 1251 2554 nascimur,
1300 2504 1527 2558 quorum
1588 2488 1703 2558 ipse
1731 2499 1881 2543 ortus

298 2578 354 2634 in
386 2580 510 2632 vitio
534 2588 634 2638 cst.
662 2580 799 2633 sicut
845 2578 1009 2634 habes
1036 2579 1252 2651 lectum,
1281 2578 1490 2633 dicente
1518 2578 1700 2644 David,
1751 2577 1881 2633 Ecce

309 2671 365 2726 in
393 2672 731 2741 iniquitatibus
756 2682 1023 2742 conceptus
1054 2689 1186 2745 sunt,
1218 2672 1334 2725 etin
1361 2671 1556 2725 delictis
1582 2671 1775 2743 peperit
1805 2687 1884 2726 me

296 2773 459 2816 mater
478 2779 585 2815 mea
612 2762 629 2833 (
652 2759 792 2816 Psal.
826 2778 877 2825 ι,
902 2763 931 2815 7
1030 2762 1150 2816 Ideo
1179 2762 1323 2817 Pauli
1349 2777 1475 2815 caro
1504 2776 1699 2831 corpus
1731 2776 1880 2816 mor-

298 2852 370 2908 tis
412 2861 547 2917 erat,
572 2854 708 2909 sicut
738 2853 849 2922 ipse
885 2856 958 2907 ait
990 2872 1003 2907 :
1038 2854 1162 2919 Quis
1190 2870 1268 2906 me
1293 2853 1520 2907 liberabit
1565 2852 1628 2907 de
1670 2868 1882 2922 corpore

296 2946 477 2999 orat-tis
506 2945 657 3016 hujus
690 2945 707 3017 (
736 2944 886 3000 Rom.
908 2962 1001 3011 vn,
1034 2946 1103 3001 ΞΜ
1133 2942 1198 3017 )?
1227 2945 1420 3000 Christi
1439 2957 1615 3000 autem
1639 2961 1765 3001 caro
1794 2944 1883 3000 da-

296 3036 499 3090 mnavit
544 3046 842 3105 peccatmn,
899 3036 1038 3106 quod
1076 3036 1343 3092 nascendo
1391 3038 1709 3100 nonscnsit,
1742 3035 1882 3108 quod

298 3126 581 3181 moriendo
633 3128 925 3192 cruciﬁxit;
953 3136 1008 3181 ut
1039 3128 1090 3182 in
1119 3143 1281 3183 carne
1307 3138 1485 3183 nostra
1513 3138 1656 3183 esset
1682 3126 1878 3195 justiﬁ-

295 3217 438 3274 Catio
456 3233 548 3286 per
568 3217 813 3287 gratiam,
840 3217 925 3271 ubi
965 3227 1226 3273 eratante
1254 3218 1484 3273 colluvio
1512 3233 1606 3289 per
1626 3218 1835 3288 culpam
1857 3236 1877 3270 ι

298 3306 460 3380 (Lib.
493 3308 519 3363 i
560 3307 625 3361 de
670 3305 1016 3376 Paenitentia,
1066 3326 1181 3379 cap.
1214 3308 1269 3378 2,
1318 3309 1397 3364 vel
1422 3307 1517 3381 5).
1563 3308 1693 3365 item
1742 3309 1884 3365 idem

359 3464 379 3536 ξ
400 3464 653 3536 γραφικῆς
665 3471 767 3536 us,
778 3461 918 3536 filios
938 3462 1200 3515 hominum.

358 3525 475 3591 "sic
498 3532 606 3591 uss.
638 3532 691 3575 At
729 3525 806 3574 edi
833 3527 866 3591 i_.
890 3539 1032 3589 quem
1056 3532 1299 3579 revocaret
1326 3539 1345 3579 :
1369 3529 1530 3579 mium
1564 3526 1717 3578 bene.
1749 3526 1886 3591 Apud

299 3587 614 3644 Ambrosium,
640 3588 876 3648 quomodo
893 3587 1092 3639 revocet.

353 3649 433 3719 (α)
462 3649 579 3699 vide
598 3649 773 3698 librum
794 3649 859 3700 de
880 3650 1035 3700 Gratia
1055 3650 1225 3702 Christi
1238 3684 1255 3711 ,
1277 3664 1328 3701 n.
1352 3650 1519 3702 47-55.

608 3784 892 3794 οη--οσ

306 3784 388 3823 E
400 3783 600 3823 ﬁ
608 3784 1366 3795 -___.--_.______

316 3821 407 3833 ..δ

1250 435 1624 496 ΑωιοΝιτιο
1664 436 1729 495 ιΝ
1767 435 2302 501 SUBSEQUENTES
2340 436 2610 495 LIBROS.

3474 442 3580 500 «iiii

1987 556 2100 618 ipse
2153 568 2272 607 cum
2311 560 2604 621 exponeret
2641 551 2830 605 lsaiam
2873 550 3187 621 prophetam
3232 552 3458 625 loquens
3501 556 3570 611 de

1985 644 2198 699 Christo
2233 662 2244 698 :
2283 664 2299 696 ι
2338 645 2483 706 ideo,
2520 665 2537 697 ι
2572 644 2760 715 inquit,
2797 663 2816 697 ι
2853 653 2904 698 et
2937 646 3087 713 quasi
3140 645 3301 700 homo
3329 662 3425 717 per
3443 648 3571 702 uni.

1985 755 2134 792 versa
2185 748 2415 817 tentatus
2441 746 2540 800 est,
2582 748 2632 791 ct
2660 738 2712 791 in
2739 737 3088 793 similitudine
3127 739 3397 793 hominum
3438 755 3569 795 cun-

1985 844 2067 886 cta
2097 832 2346 886 sustinuit
2379 850 2390 882 :
2425 831 2517 885 sed
2552 832 2697 899 quasi
2735 830 2802 884 de
2828 831 3026 900 Spiritu
3069 842 3227 886 natus
3256 833 3509 887 abstinuit
3536 848 3564 887 a

1987 934 2203 995 peceato
2241 922 2439 994 (Hebr.
2471 938 2543 982 tv.
2578 922 2645 977 i5
2670 924 2705 991 ).
2740 921 2925 977 Omnis
2960 922 3101 977 enim
3149 923 3308 977 huan
3339 923 3562 978 mentiar

1987 1020 2006 1088 (
2042 1018 2183 1071 Psul.
2217 1034 2337 1083 cvv,
2379 1018 2578 1087 2);et
2634 1033 2791 1071 nemo
2846 1019 2959 1071 sine
2998 1026 3235 1086 peccato,
3288 1018 3384 1071 nisi
3432 1032 3567 1071 unus

1988 1109 2150 1165 Deus.
2185 1108 2464 1164 Servatum
2486 1120 2571 1163 est
2604 1110 2781 1178 igitur,
2815 1117 2869 1161 ut
2899 1125 2962 1163 ex
3014 1109 3131 1161 viro
3159 1116 3211 1161 et
3239 1109 3482 1173 muliere,
3515 1107 3564 1163 id

1986 1212 2088 1269 est,
2120 1217 2214 1271 per
2236 1202 2378 1255 illam
2408 1216 2695 1269 corporum
2725 1202 3180 1264 conuuixtionem,
3209 1215 3366 1252 nemo
3390 1199 3567 1252 videa-

1987 1303 2072 1347 tur
2093 1309 2288 1363 expers
2314 1308 2431 1348 esse
2452 1293 2648 1345 delicti.
2674 1291 2772 1359 Qui
2801 1301 2976 1345 autem
3026 1305 3216 1358 expers
3244 1299 3325 1342 est
3364 1288 3567 1353 delicti,

1985 1402 2177 1455 expers
2210 1397 2291 1441 est
2329 1390 2485 1442 ctiam
2518 1385 2822 1456 lmjnsmodi
2865 1386 3228 1455 mnmptionis
3261 1401 3279 1436 ι
3442 1386 3570 1440 item

1986 1494 2108 1533 cum
2134 1488 2432 1547 eXponeret
2462 1479 2809 1549 Evangelium
2834 1478 3129 1531 secumlnm
3160 1477 3352 1531 Lucam
3374 1494 3387 1507 θ
3418 1496 3436 1528 ι
3460 1476 3571 1530 Non

1987 1570 2131 1625 enim
2188 1570 2359 1623 virilis
2414 1570 2606 1634 coitus,
2657 1588 2674 1620 ι
2713 1570 2901 1637 inquit,
2937 1586 2955 1619 ι
3002 1568 3172 1623 vulva:
3202 1567 3470 1639 virginalis
3491 1582 3575 1622 se-

1985 1671 2129 1715 creta
2161 1662 2439 1724 rescravit,
2472 1660 2566 1715 sed
2610 1660 3004 1714 immaculatum
3052 1675 3234 1713 semen
3282 1658 3571 1713 inviolabili

1985 1764 2141 1809 utero
2170 1753 2398 1823 Spiritus
2425 1763 2641 1808 Sanctus
2669 1752 2882 1806 infudit.
2920 1751 3080 1805 Solus
3106 1748 3246 1805 enim
3278 1766 3372 1820 per
3397 1749 3573 1803 omnia

1986 1864 2050 1903 ex
2078 1848 2215 1903 uatis
2236 1848 2301 1903 de
2338 1847 2533 1902 femina
2567 1854 2782 1901 sanctus
2829 1845 3083 1899 Dominus
3112 1843 3289 1909 Jcsus,
3339 1843 3424 1913 qui
3458 1853 3569 1897 ter-

1986 1957 2129 1996 renae
2153 1941 2393 2009 contagia
2421 1940 2735 2008 corrupte-Le
2780 1938 3099 1993 immaculati
3130 1947 3311 2006 partus
3339 1936 3573 1989 novitate

1986 2047 2092 2085 non
2121 2032 2368 2092 senserit,
2398 2039 2451 2084 ct
2478 2030 2680 2085 ca-lesti
2707 2029 2982 2100 majestate
3007 2028 3269 2098 depulerit
3305 2046 3323 2079 ι
3354 2026 3489 2097 (Lib.
3512 2026 3572 2092 2,

1986 2138 2037 2175 tt.
2067 2122 2155 2187 56,
2180 2122 2246 2173 ad
2266 2139 2377 2191 t‘ap.
2412 2120 2495 2189 9.).

2058 2213 2145 2266 48.
2182 2212 2271 2265 Ιὶἱη
2296 2221 2469 2267 tamen
2490 2210 2665 2264 verbis.
2688 2203 2919 2264 hominis
2948 2209 3059 2272 Dei,
3084 2223 3242 2280 quem
3270 2215 3418 2262 tanto
3448 2224 3573 2277 pra:-

1987 2305 2145 2360 conio
2188 2306 2300 2374 ipse
2331 2303 2559 2358 laudavit
2613 2302 2877 2374 Pelagius,
2932 2301 3268 2366 contradicit,
3321 2311 3376 2355 et
3414 2302 3565 2367 dicit,

2001 2415 2018 2449 ι
2044 2397 2177 2450 sicut
2205 2396 2319 2450 sine
2341 2396 2553 2456 virtute,
2579 2394 2646 2447 ita
2665 2409 2762 2447 nos
2777 2395 2891 2448 sine
2914 2394 3039 2446 vitio
3064 2392 3355 2461 procreari.
3382 2412 3400 2445 ›
3429 2392 3565 2460 Quid

1988 2486 2147 2556 igitur
2174 2494 2362 2551 restat,
2407 2484 2506 2538 uisi
2559 2494 2647 2539 aut
2701 2485 2859 2538 istum
2890 2484 3133 2553 Pelagius
3177 2499 3331 2537 suum
3361 2483 3576 2537 damnet

1988 2592 2249 2638 errorem,
2273 2584 2361 2628 aut
2382 2590 2504 2630 eum
2529 2575 2606 2629 sic
2630 2574 2966 2629 Ambrosium
2993 2574 3235 2628 laudasse
3276 2574 3529 2644 pmoiteat
3554 2573 3577 2627 ?

1986 2667 2091 2725 Sed
2136 2669 2256 2739 quia
2315 2668 2413 2723 ista
2463 2668 2759 2724 secundum
2804 2668 3117 2723 catholicam
3168 2667 3324 2721 fidem
3388 2669 3576 2723 beatos

1986 2760 2318 2824 Ambrosius,
2349 2769 2404 2813 ut
2433 2761 2714 2829 episcOpus
2738 2759 3057 2825 catholicus,
3086 2770 3169 2815 est
3202 2760 3442 2823 locutus;
3475 2774 3562 2813 se~

1986 2855 2165 2922 quitur
2190 2860 2246 2906 ut
2274 2850 2341 2905 ab
2360 2850 2457 2905 hac
2485 2851 2565 2904 via
2593 2851 2711 2905 lidei
2739 2850 2924 2904 devius
2955 2852 3145 2905 merito
3177 2850 3417 2920 Pelagius
3441 2865 3560 2903 eum

1991 2944 2246 2999 lecstio
2287 2944 2547 3013 discipulo
2576 2959 2671 2998 suo
2700 2943 2978 2999 catholica:
3011 2943 3262 2997 Ecclesim
3296 2944 3364 2997 sit
3391 2951 3576 2997 aucto-

1987 3038 2144 3093 ritate
2172 3041 2473 3099 damnatus,
2508 3036 2605 3090 nisi
2642 3050 2761 3090 cum
2791 3051 2893 3089 non
2926 3034 3264 3089 Ambrosium
3301 3034 3570 3099 laudasse,

1989 3129 2083 3184 sed
2128 3141 2313 3183 contra
2363 3128 2705 3183 Ambrosium
2752 3128 2985 3181 sensisse
3013 3127 3290 3197 ptenitcat.
3320 3126 3443 3180 Scio
3481 3141 3580 3179 vos

1991 3234 2053 3276 ea
2084 3236 2203 3291 qtue
2257 3218 2323 3273 ad
2372 3220 2777 3275 :edilicationem
2825 3220 2907 3273 vel
2965 3218 3421 3273 confirmationem
3456 3216 3578 3272 fidei
3636 3278 3647 3285 ε

1991 3313 2426 3374 conscribuntur,
2457 3312 2836 3368 insatiabiliter
2865 3313 3071 3382 legere:
3098 3321 3463 3365 verumtamen
3494 3310 3584 3366 hic

1993 3402 2159 3466 iiber,
2186 3402 2591 3473 quamtumlihet
2639 3403 2709 3456 sit
2761 3401 2825 3457 ad
2876 3401 2978 3456 hoc
3008 3402 3171 3468 utilis,
3209 3401 3317 3473 jam
3361 3402 3572 3454 tandem

1988 3492 2279 3564 aliquando
2309 3493 2571 3547 ﬁniendus
2591 3502 2689 3548 est.
3203 3495 3207 3498 ‘

2052 3648 2126 3712 (a)
2159 3648 2391 3699 Ambrosii
2414 3661 2538 3712 opus
2560 3648 2608 3697 in
2633 3648 2798 3698 tsaiam
2816 3660 2912 3697 non
2936 3653 3117 3696 exstat.

2728 3783 2793 3790 -—.
2808 3782 2959 3789 .———.-

1371 3775 3580 3827 ω

1770 3826 1779 3827 γ
1796 3826 1799 3827 ,
1814 3820 3270 3827 ci#———__________

3020 3820 3270 3828 ———————-

1355 3906 2447 4054 nomentum

762 4126 839 4194 IN
881 4125 1484 4202 SUBSEQUENTES
1524 4127 1808 4192 LIBROS
1848 4128 2307 4193 DE'NUPTIIS
2348 4129 2454 4190 ET
2499 4126 3201 4192 CONCUPISCENTIA.

1728 4276 2153 4333 «mea»

369 4418 513 4475 Duos
543 4418 611 4473 ad
657 4416 922 4474 Valerium
953 4420 1199 4476 comitem
1229 4420 1393 4477 libros
1432 4434 1553 4476 cum
1593 4430 1902 4478 recenseret
1930 4422 2275 4494 Augustinus,
2322 4437 2417 4479 eos
2453 4398 2790 4493 i-cSponsioni
2818 4422 2884 4478 ad
2916 4424 3235 4478 Arianorum
3287 4438 3594 4478 svrnnmcm

292 4524 412 4580 qua:
441 4519 561 4579 post
590 4509 751 4565 Gesta
783 4526 904 4565 cum
937 4509 1174 4565 Emerita
1206 4512 1375 4566 locata
1408 4521 1510 4579 est,
1546 4513 1786 4582 proxime
1809 4512 2103 4581 subiunxit.
2148 4514 2272 4569 "th
2301 4530 2459 4584 porro
2484 4514 2643 4571 Gesta
2667 4516 3048 4587 eonsignautur
3068 4532 3206 4569 anno
3239 4515 3436 4570 Christi
3462 4515 3586 4577 iis,

292 4602 381 4657 die
397 4600 467 4654 20
494 4601 835 4670 septembris.
873 4602 1208 4672 Quapropter
1236 4602 1674 4672 subsequentium
1707 4603 1985 4671 librorum,
2018 4604 2207 4659 saltem
2241 4606 2471 4674 priorem
2510 4614 2602 4660 aut
2646 4606 2745 4661 hoc
2777 4606 2892 4676 ipso
2920 4623 3062 4661 anno
3085 4606 3189 4661 iis
3227 4605 3469 4667 labente.
3502 4613 3597 4659 aut

295 4700 581 4768 incipiente
611 4698 735 4762 “9,
764 4700 1019 4768 scriptum
1042 4701 1202 4755 fuisse
1233 4700 1359 4754 nulli
1392 4700 1717 4755 dubitamus.
1749 4698 1904 4769 Enim
1931 4714 2062 4755 vero
2084 4699 2151 4755 de
2180 4700 2357 4770 priore
2380 4701 2483 4756 isto
2514 4700 2648 4755 libro
2675 4701 2789 4770 ipse
2828 4702 3155 4772 Augustinus
3184 4701 3233 4754 in
3263 4700 3397 4755 libro
3423 4701 3597 4768 primo

293 4802 478 4846 eoatra
510 4790 643 4845 duas
666 4792 929 4860 Epistolas
963 4792 1388 4862 Pelagianorum,
1422 4810 1476 4846 ιι.
1507 4792 1561 4857 9,
1593 4792 1722 4848 dicit
1751 4810 1765 4848 :
1803 4811 1822 4846 ι
1859 4793 2074 4848 Librum
2101 4805 2277 4849 autem
2305 4811 2504 4861 memn,
2533 4808 2716 4853 contra
2742 4812 2899 4868 quem
2923 4810 2983 4850 se
3021 4804 3248 4865 quatuor
3290 4793 3482 4846 libellis
3512 4808 3600 4848 re—

296 4883 581 4953 ίινιιιιιιίδεε
603 4894 1008 4947 commemorat,
1040 4896 1157 4954 post
1181 4885 1577 4939 damnationem
1607 4884 1800 4955 Pelagii
1830 4886 2168 4956 C(elestiique
2195 4889 2507 4958 conscripsi.
2536 4889 2687 4956 Quod
2712 4888 2831 4943 idco
2851 4887 3156 4951 dicendum,
3190 4904 3209 4938 ι
3240 4887 3426 4956 inquit,
3453 4904 3471 4937 ι
3503 4901 3600 4955 pu-

298 4976 425 5042 tavi,
454 4977 703 5046 quoniam
724 4978 824 5032 iste
845 4976 974 5030 dicit
1003 4976 1071 5031 ab
1094 4977 1322 5032 inimicis
1347 4977 1459 5031 suis
1490 4976 1541 5031 in
1564 4976 1744 5031 odium
1775 4978 2014 5034 veritatis
2040 4978 2179 5034 dicta
2212 4995 2327 5034 mea
2352 4979 2514 5035 fuisse
2541 4990 2824 5049 suscepta;
2855 4994 2924 5034 ne
2955 4978 3073 5034 ideo
3102 4978 3378 5048 quisquam
3403 4977 3592 5032 existi-

296 5091 427 5146 met,
457 5090 671 5151 prapter
699 5082 839 5135 lmuc
863 5081 1054 5134 librum
1088 5094 1263 5135 memn
1292 5078 1537 5133 inimicos
1556 5078 1739 5148 gratize
1760 5075 1962 5132 Christi
1988 5093 2157 5134 novas
2184 5078 2466 5133 limi-eticos
2505 5076 2667 5132 fuisse
2696 5076 2996 5131 damnatos.
3036 5094 3055 5123 ι
3086 5074 3288 5141 Quibus
3315 5089 3377 5128 ex
3416 5072 3602 5128 verbis

297 5171 452 5229 laede
482 5173 766 5244 intelligas,
802 5171 1036 5243 priorem
1067 5171 1208 5228 hunc
1232 5172 1449 5237 librant,
1480 5170 1747 5225 damnatis
1787 5184 1930 5225 anno
1959 5170 2064 5226 418
2093 5155 2410 5239 Pelagianis,
2451 5169 2503 5225 in
2548 5169 2722 5225 lucem
2752 5166 2853 5224 sub
2881 5167 3019 5222 idem
3051 5165 3165 5221 fere
3192 5175 3405 5236 tempus
3431 5163 3596 5235 prod—

294 5267 444 5322 iisse.

364 5355 549 5420 Liber,
580 5371 703 5411 mox
735 5364 792 5410 ut
809 5354 1028 5427 prodiit,
1050 5354 1222 5425 palam
1251 5351 1572 5423 reprehendi
1601 5353 1766 5424 cmpit
1793 5368 1821 5408 a
1842 5353 2164 5426 Pelagianis,
2187 5353 2277 5425 qui
2298 5352 2415 5423 ejus
2440 5351 2666 5408 lectione
2683 5335 3078 5407 Caiholicorum
3105 5349 3315 5405 animos
3342 5349 3393 5403 in
3415 5346 3598 5403 odium

295 5448 509 5504 illorum
557 5447 779 5504 hazresis
810 5448 1137 5503 commoveri
1185 5446 1568 5517 iutelligebaut.
1597 5446 1742 5501 inter
1770 5461 1864 5501 eos
1889 5445 2132 5501 Julianus
2165 5445 2461 5513 Pelagiana:
2511 5443 2730 5500 incresis
2773 5442 3116 5499 sublevanda:
3162 5440 3341 5495 studio
3370 5439 3601 5501 ardens,

293 5553 525 5615 quatuor
550 5543 699 5598 libris
725 5557 885 5597 unum
920 5541 1067 5596 illum
1095 5539 1373 5610 Augustini
1395 5539 1573 5595 statim
1603 5553 1889 5610 aggressus
1910 5551 2010 5595 est.
2044 5540 2117 5593 De
2144 5538 2227 5592 bis
2255 5536 2451 5593 Juliani
2479 5538 2628 5592 libris
2654 5537 2911 5592 nonnulla
2948 5536 3217 5604 decerpsit
3239 5533 3522 5603 quispiam,
3545 5537 3600 5583 et

293 5636 546 5705 decerpta
576 5634 759 5691 comiti
793 5633 1003 5690 Valerio
1031 5635 1194 5689 misit.
1246 5632 1485 5687 Valerius
1516 5632 1764 5687 Ravenna
1794 5631 2019 5685 Romam
2046 5630 2111 5683 ad
2146 5628 2391 5700 Alypium
2421 5628 2740 5700 perferenda
2767 5628 2995 5695 curavit,
3020 5638 3073 5681 ut
3112 5627 3224 5696 ipse
3260 5627 3311 5679 in
3354 5620 3587 5674 Africam

298 5744 571 5795 reversus,
602 5739 798 5799 prmter
827 5726 1031 5783 litteras
1055 5727 1248 5799 quibus
1272 5726 1474 5797 gratias
1498 5724 1569 5778 ob
1598 5725 1789 5779 librum
1823 5724 2053 5793 priorem
2091 5722 2192 5778 sibi
2218 5731 2586 5792 nuncupatum
2626 5724 2819 5793 agebat
2848 5721 2987 5775 idem
3020 5719 3274 5779 Valerius,
3309 5713 3467 5767 etiam
3501 5725 3596 5764 ex-

296 5832 478 5894 cerpta
508 5822 597 5878 illa
626 5820 941 5893 quantocius
968 5818 1256 5875 refellenda
1287 5818 1582 5888 Augustino
1605 5817 1859 5874 traderet.
1886 5815 2013 5871 Η.εο
2040 5815 2367 5885 Augustinus
2388 5830 2455 5870 cx
2485 5814 2858 5883 opereiuliani
2878 5813 3101 5873 collecta
3126 5821 3245 5862 esse
3267 5802 3445 5894 statim
3470 5816 3595 5866 per-

301 5891 471 5971 sen—sit
504 5934 516 5967 :
552 5923 603 5971 et
638 5891 935 5984 quanquam
984 5913 1150 5984 magis
1178 5912 1336 5966 vellet
1382 5910 1485 5966 illis
1529 5927 1633 5966 non
1670 5917 1792 5965 ante
1840 5908 2198 5980 respondere,
2230 5921 2388 5978 quam
2434 5908 2692 5978 integrum
2721 5921 2853 5978 opus
2883 5902 3022 5958 unde
3050 5899 3256 5954 fuerant
3285 5891 3593 5961 desumpta,
