4144 6520
558 497 656 555 ιη
1763 481 2094 541 EPISTOLA
2138 479 2194 534 Al

2210 481 2228 533 >
2269 472 2645 536 νΑιιέῐιιυΜ.
3739 477 3846 536 ιιι

560 612 877 682 accepisset,
910 618 1085 666 tamen
1108 607 1208 664 sibi
1236 604 1594 662 festinandum
1621 599 1962 664 existimavit,
1989 606 2047 654 ut
2069 596 2279 654 Valerio
2302 595 2482 652 comiti
2515 593 2866 650 satisfaceret.
2914 591 3009 649 llis
3035 607 3165 664 ergo
3189 592 3330 650 nulla
3356 592 3667 667 interposita
3692 610 3845 651 mora

569 700 921 768 respondens,
974 699 1202 755 alterum
1234 697 1334 753 sub
1359 696 1547 752 eadem
1597 692 1943 762 inscriptione
1971 688 2041 745 de
2085 687 2293 759 Nuptiis
2318 696 2372 741 et
2395 682 2838 755 Concupiseeutia
2880 682 3073 767 librum
3125 683 3446 752 composuit,
3495 699 3653 755 quem
3700 699 3847 739 anno

565 792 763 849 Christi
787 790 891 846 ὁὶο
917 787 1327 845 adscribendum
1358 787 1678 840 arbitramur
1710 799 1723 835 :
1756 780 1953 852 quippe
1985 795 2106 835 cum
2133 793 2253 834 eum
2283 775 2563 832 confestim
2612 783 2733 844 post
2780 781 3026 842 acceptas
3077 771 3144 827 dc
3175 774 3351 844 priore
3402 773 3538 829 libro
3555 775 3847 846 gratiarum

565 883 807 938 actiones
835 880 1105 949 scripserit
1130 889 1344 933 sanctus
1371 878 1588 940 Doctor,
1624 888 1723 930 nec
1740 852 1992 927 videatur
2016 868 2322 932 verisimile,
2358 865 2647 933 Valerium,
2668 873 2727 920 ut
2743 864 2877 920 banc
2903 864 3040 937 grati
3068 862 3231 920 animi
3269 864 3712 936 significationem
3739 876 3848 923 tes-

573 982 799 1038 taretur,
819 982 957 1027 totos
985 971 1119 1027 duos
1147 984 1315 1025 annos
1340 977 1424 1022 aut
1453 969 1627 1035 plures
1645 974 2003 1032 exspectasse.

638 1065 885 1120 Valerius
912 1074 1089 1120 autem
1113 1065 1219 1128 ille,
1244 1079 1401 1134 quem
1436 1060 1659 1115 lilustris
1679 1068 1732 1113 et
1748 1056 1975 1114 Comitis
2002 1055 2155 1109 titulo
2178 1053 2502 1123 Augustinus
2529 1057 2771 1116 exornat,
2808 1050 3033 1122 negotiis
3061 1048 3284 1118 publicis
3315 1048 3707 1119 implicabatur,
3737 1068 3845 1111 non

567 1158 874 1215 forensibus
905 1158 1008 1212 illis
1031 1156 1267 1227 quidem,
1291 1155 1385 1212 sed
1410 1154 1632 1211 bellicis.
1664 1152 1813 1208 Unde
1841 1167 1946 1206 non
1974 1149 2128 1206 facile
2155 1150 2489 1213 adducimur,
2516 1155 2579 1202 ut
2604 1162 2725 1201 cum
2748 1147 2864 1201 viro
2887 1147 3096 1201 erudito
3136 1146 3308 1216 ipsqu
3335 1146 3483 1201 illum
3511 1163 3629 1203 esse
3656 1150 3846 1205 existi-

568 1264 800 1315 menius,
831 1250 918 1317 qui
952 1248 1047 1302 fuit
1064 1262 1248 1303 eomes
1272 1249 1346 1301 rei
1379 1246 1593 1315 primum:
1606 1259 1747 1297 anno
1768 1242 1894 1304 423i,
1919 1240 2105 1296 consul
2127 1255 2268 1295 anno
2287 1239 2413 1305 452,
2441 1237 2673 1309 denique
2712 1235 2964 1304 magister
2982 1236 3280 1292 officiorum
3317 1238 3416 1292 sub
3441 1237 3744 1296 Theodosio
3765 1241 3853 1312 ju-

569 1342 720 1397 niore
747 1355 887 1394 anno
917 1340 1041 1396 455.
1077 1340 1283 1393 Etenim
1316 1352 1415 1393 nec
1435 1351 1499 1392 ea
1524 1350 1745 1390 munera
1781 1331 2121 1405 pertinebant
2143 1330 2212 1387 ad
2246 1331 2514 1398 militiam,
2561 1343 2661 1385 nec
2702 1325 2973 1400 praefectis
3002 1326 3388 1384 Theodosianis
3416 1328 3705 1401 quidquam
3736 1342 3855 1388 emt

569 1444 691 1485 cum
721 1429 1037 1485 llonorianis
1062 1443 1365 1484 commune.

667 1590 823 1654 Vide
866 1597 1164 1670 prccterca
1189 1587 1295 1651 lib.
1327 1587 1390 1664 2,
1424 1604 1556 1667 cap.
1586 1585 1688 1661 53,
1725 1585 2298 1656 Retractationum,
2333 1591 2379 1644 ί.
2414 1583 2474 1648 1.
2511 1581 2629 1645 col.
2659 1580 2803 1659 651,
2834 1600 2873 1643 a
2899 1580 3124 1651 verbis,
3154 1580 3388 1663 Scripsi
3418 1579 3577 1642 duos
3604 1581 3805 1642 libros
3836 1625 3853 1653 ,

569 1711 764 1774 usque
797 1693 879 1756 ad
902 1691 1085 1756 verba
1105 1738 1121 1762 ,
1154 1673 1339 1755 Inter.
1361 1690 1604 1753 militiae
1635 1694 1757 1753 tua:
1785 1706 1998 1752 curas.
2241 1687 2328 1749 M.
3730 1694 3735 1699 '

571 2011 1471 2126 EPISTOLA
1543 2011 1801 2123 an
1845 2007 2818 2121 VALERIUM
2847 1925 3682 2123 commune
3717 1992 3852 2153 (τ’),

749 2229 865 2286 CUI
894 2227 1330 2286 AUGUSTINUS
1367 2225 1833 2283 TRANSMITTIT
1871 2223 2339 2281 NUNCUPATU.“
2380 2224 2502 2278 lPSl
2549 2224 2806 2282 LIBRUM
2846 2223 3115 2282 PRIMUM
3155 2223 3246 2281 DE
3284 2223 3556 2281 NUPTHS
3594 2224 3684 2280 ET

1924 2313 2529 2372 CONCUPISCENTIA.

2064 2478 2432 2530 «ὤρορε-ο-

578 2625 809 2686 Domino
836 2624 1031 2683 illustri
1049 2633 1110 2683 et.
1135 2627 1329 2684 merito
1347 2625 1809 2699 praestantissimo,
1833 2633 1991 2697 atque
2023 2625 2076 2681 in
2098 2623 2298 2681 Christi
2326 2624 2614 2682 dilectione
2633 2624 2950 2682 clarissimo
2978 2624 3092 2682 tilio
3121 2622 3378 2691 νΑιῑιιο,
3408 2624 3775 2689 Ancusmws,
3809 2625 3864 2681 in

1975 2718 2203 2775 Domino
2222 2716 2473 2774 salutem.

653 2880 707 2935 Ι.
749 2877 879 2935 Cum
902 2877 992 2933 diu
1014 2877 1235 2933 moleste
1254 2876 1506 2934 haberem
1534 2876 1676 2949 quod
1700 2875 1982 2949 aliquoties
2005 2874 2332 2947 scripserim,
2365 2884 2419 2930 et
2459 2875 2601 2930 nulla
2629 2884 2731 2931 tum
2755 2873 3106 2931 Snblimitatis
3130 2873 3386 2943 rescripta
3413 2871 3722 2936 meruerim,
3769 2886 3863 2926 rc-

582 2983 746 3045 pente
769 2972 1021 3043 epistolas
1044 2982 1152 3028 tres
1179 2981 1280 3027 ture
1304 2972 1652 3042 Benignitatis
1668 2973 1847 3042 accepi
1884 2991 1897 3026 :
1928 2987 2087 3028 unam
2118 2987 2223 3026 non
2246 2970 2309 3024 ad
2342 2986 2428 3026 me
2458 2971 2627 3025 solum
2650 2971 2825 3025 datam
2856 2985 2949 3039 per
2968 2968 3342 3038 coepiscopum
3365 2982 3543 3022 meum
3566 2966 3869 3021 Vindemia-

584 3064 714 3131 lem,
743 3074 796 3119 et
826 3080 931 3119 non
959 3064 1118 3135 longe
1147 3072 1264 3129 post
1291 3080 1385 3135 per
1403 3064 1897 3136 compresbyterum
1930 3063 2167 3119 Firmum
2196 3061 2361 3129 duas;
2382 3063 2470 3134 qui
2497 3064 2577 3116 vir
2598 3072 2834 3129 sanctus,
2867 3060 3144 3131 nobisque,
3178 3069 3235 3116 ut
3253 3060 3320 3115 ab
3340 3059 3430 3115 illo
3457 3061 3597 3115 scire
3620 3059 3865 3131 potuisti,

582 3156 994 3211 diuniliarissima
1023 3157 1282 3211 cbaritatc
1313 3156 1650 3225 conjnnetus,
1680 3159 1846 3212 multa
1877 3157 2153 3212 nobiseum
2178 3156 2247 3212 de
2271 3166 2359 3212 tua
2382 3156 2697 3212 excellentia
2741 3155 3114 3226 colloquendo,
3159 3164 3212 3210 et
3253 3155 3515 3210 veraciter
3557 3152 3868 3208 insinuando

582 3249 799 3318 qualem
833 3259 884 3304 te
909 3249 961 3303 in
981 3248 1178 3303 Christi
1212 3247 1503 3303 visceribus
1532 3249 1761 3313 noverit,
1789 3266 1892 3304 non
1930 3250 2104 3305 solum
2134 3265 2228 3306 eas
2253 3265 2387 3321 quas
2430 3259 2757 3304 memoratus
2785 3250 3088 3320 episcopus,
3127 3248 3212 3304 vel
3253 3263 3386 3320 quas
3413 3249 3525 3319 ipse
3552 3247 3746 3308 attulit.
3776 3244 3868 3300 sed

587 3344 747 3398 etiam
779 3344 894 3400 illas
921 3359 1052 3411 quas
1082 3358 1187 3398 non
1216 3343 1493 3413 accepisse
1518 3344 1896 3413 querebamur,
1927 3343 2134 3400 litteras
2166 3343 2311 3399 vicit.
2337 3342 2405 3398 Et
2432 3342 2552 3398 ideo
2578 3343 2645 3398 de
2673 3352 2722 3396 te
2748 3343 2984 3396 narratio
3008 3341 3125 3411 ejus
3155 3343 3369 3397 suavior
3395 3342 3548 3396 nobis
3574 3349 3718 3405 erat,
3748 3340 3866 3409 quia

589 3450 651 3489 ea
698 3434 931 3499 dicebat,
962 3450 1080 3505 qua:
1126 3436 1239 3506 ipse
1290 3450 1394 3488 non
1455 3450 1657 3505 posses,
1688 3451 1755 3491 ne
1774 3436 1988 3508 quidem
2032 3451 2119 3491 me
2159 3436 2460 3506 inquirente
2496 3435 2826 3498 rescribere,
2874 3451 2940 3489 ne
2983 3443 3193 3490 tuarum
3226 3416 3459 3496 landum,
3508 3432 3650 3504 quod
3693 3441 3870 3487 sancta

589 3528 864 3598 Scriptura
917 3530 1167 3600 prohibet
1211 3528 1231 3600 (
1262 3527 1419 3584 Prov.
1476 3545 1647 3592 xxvu,
1670 3530 1704 3584 2
1734 3527 1775 3600 ),
1837 3532 1997 3586 fieres
2044 3531 2379 3599 prmdicator.
2429 3529 2743 3599 Quanquam
2766 3538 2828 3583 et
2851 3544 2950 3599 ego
2974 3544 3164 3584 verear
3189 3528 3305 3584 hau:
3329 3528 3396 3583 ad
3441 3539 3491 3582 te
3517 3528 3782 3591 scribere,
3808 3543 3874 3595 ne

588 3620 945 3688 suspicionem
974 3620 1241 3675 adulantis
1261 3623 1549 3687 incurram,
1579 3620 1793 3677 domine
1824 3621 2052 3677 illusrris
2070 3630 2125 3678 et
2146 3623 2342 3678 merito
2373 3622 2830 3691 prtestantissime,
2856 3632 3017 3693 atque
3042 3622 3093 3678 in
3133 3621 3334 3679 Christi
3359 3620 3645 3678 dilectione
3669 3620 3872 3676 charis-

586 3711 725 3767 sime
756 3712 850 3766 fili.
2370 3702 2395 3715 “

676 3803 731 3858 9..
774 3803 983 3860 Laudes
1011 3803 1189 3872 itaque
1211 3814 1328 3861 tuas
1357 3805 1407 3859 in
1431 3804 1667 3873 Christo,
1691 3806 1802 3861 sive
1827 3807 1993 3877 magis
2024 3807 2075 3861 in
2109 3816 2157 3861 te
2180 3806 2363 3862 laudes
2385 3806 2603 3873 Christi,
2629 3807 2748 3863 vide
2770 3807 2893 3878 quid
2915 3807 3044 3862 mihi
3075 3806 3446 3865 delectationis
3472 3814 3529 3864 et
3550 3806 3748 3862 lzetitia:
3779 3804 3875 3862 fuit

595 3895 783 3951 audire
823 3896 891 3948 ab
931 3897 1022 3949 illo
1051 3896 1139 3967 qui
1168 3912 1265 3952 nrc
1288 3896 1472 3953 fallere
1498 3913 1583 3952 me
1631 3906 1811 3968 posset
1826 3908 2055 3969 propter
2070 3899 2236 3955 fidem
2267 3885 2443 3965 suam,
2473 3908 2530 3955 et.
2554 3914 2648 3955 eas
2691 3900 2937 3971 ignorare
2983 3916 3089 3956 non
3122 3911 3301 3971 posset
3340 3910 3554 3972 propter
3585 3901 3872 3955 amicitiam

596 3995 766 4044 tuam.
796 3986 900 4043 Sed
930 3988 1030 4042 alia
1063 3998 1115 4043 et
1146 3989 1212 4045 ab
1241 3989 1381 4055 aliis,
1416 3990 1514 4047 etsi
1553 4006 1658 4045 non
1689 4000 1794 4044 tam
1824 3989 1989 4044 multa
2022 3990 2106 4046 vel
2130 4000 2280 4045 certa
2301 4031 2318 4057 ,
2346 3981 3063 4059 verumtamenabdivimus,
3092 3993 3225 4048 fides
3252 4003 3338 4047 tua
3374 4008 3531 4062 quam
3571 3993 3642 4046 sit
3667 4006 3797 4046 sana
3822 3999 3879 4046 et

598 4080 888 4144 catholica,
916 4095 1072 4151 quam
1094 4081 1175 4150 pia
1208 4082 1537 4153 exspectatio
1566 4083 1885 4146 futurorum,
1912 4096 2032 4152 qua:
2059 4081 2149 4136 Dei
2179 4081 2508 4153 fratrumque
2520 4082 2762 4147 dilectio,
2778 4098 2944 4153 quam
2971 4098 3075 4138 non
3103 4084 3334 4154 superbo
3373 4085 3549 4152 sapias
3570 4084 3621 4137 in
3648 4083 3881 4137 eveelsis

592 4172 907 4234 honoribus,
946 4188 1043 4228 nec
1062 4189 1246 4243 Speres
1273 4174 1324 4228 in
1353 4176 1555 4229 incerto
1579 4173 1909 4239 divitiarum,
1941 4171 2036 4227 sed
2061 4172 2112 4226 in
2146 4172 2257 4228 Deo
2281 4173 2418 4235 vivo,
2452 4181 2506 4227 et
2528 4172 2681 4229 dives
2701 4174 2776 4229 sis
2803 4172 2857 4227 in
2884 4175 3136 4242 operibus
3161 4173 3313 4227 bonis
3334 4172 3375 4241 (l
3402 4170 3531 4227 Tim.
3552 4188 3625 4235 vt,
3654 4172 3743 4238 l7,
3773 4170 3879 4239 l8);

588 4282 755 4337 quam
778 4267 846 4320 sit
864 4266 1052 4319 domus
1079 4277 1163 4319 tua
1192 4266 1403 4336 requies
1432 4266 1789 4336 solatiomque
1816 4273 2141 4325 sanctorum.
2170 4271 2226 4319 et
2257 4273 2427 4319 terror
2453 4265 2735 4333 impiorum
2766 4280 2782 4319 :
2813 4275 3006 4336 quanta
3037 4265 3128 4320 tibi
3159 4279 3286 4319 cura
3317 4264 3405 4327 sit,
3439 4279 3508 4319 ne
3522 4264 3641 4333 quis
3661 4264 3881 4318 insi-lie-

591 4368 685 4413 tur
712 4357 962 4412 membris
982 4355 1201 4421 Christi,
1224 4367 1507 4425 coopertus
1537 4357 1802 4412 velamine
1822 4354 2053 4409 nominis
2079 4352 2296 4416 Christi,
2322 4354 2435 4408 sive
2456 4356 2507 4408 in
2531 4355 2800 4410 veteribus
2825 4356 2961 4425 ejus,
2981 4356 3094 4411 sive
3115 4357 3167 4410 in
3203 4355 3589 4411 recentioribus
3618 4355 3881 4420 inimicis;

591 4467 862 4524 quamque
883 4451 955 4506 sis
981 4450 1289 4506 eorumdem
1322 4451 1657 4505 inimicorum
1689 4447 1939 4518 providus
1968 4447 2145 4513 saluti,
2172 4446 2395 4502 infestus
2421 4448 2611 4502 errori.
2637 4446 2762 4503 [lico
2786 4457 2944 4518 atque
2974 4447 3298 4519 ltujusmodi,
3331 4457 3387 4502 ut
3411 4446 3556 4517 dixi,
3593 4456 3646 4503 ct
3673 4448 3741 4503 ab
3762 4448 3883 4503 aliis

592 4546 832 4599 Solemus
857 4545 1075 4611 audire;
1104 4555 1195 4599 sed
1226 4558 1366 4598 nunc
1396 4558 1455 4597 ea
1484 4557 1580 4612 per
1606 4540 1964 4610 snpradictnm
1994 4540 2208 4594 fratrem
2241 4539 2389 4609 plura
2418 4549 2472 4593 et
2494 4540 2761 4595 testatiora
2783 4541 3150 4611 cognovimus.

669 4639 722 4694 5.
767 4638 931 4693 Porro
953 4648 1127 4691 autem
1151 4636 1218 4690 de
1244 4635 1488 4705 pudicitia
1520 4632 1805 4703 conjugali,
1833 4642 2020 4687 uteam
2045 4648 2257 4702 quoque
2278 4632 2331 4686 in
2377 4638 2427 4685 te
2451 4631 2669 4687 laudare
2686 4643 2739 4688 et
2759 4648 2941 4689 amare
2964 4634 3249 4701 possimus,
3273 4629 3529 4705 numquid
3550 4632 3882 4700 audiremus,

594 4731 698 4787 nisi
729 4730 986 4801 abaliquo
1013 4730 1265 4784 interiore
1297 4725 1541 4781 familiari
1567 4736 1678 4789 tuo,
1708 4724 1796 4794 qui
1822 4723 1985 4779 vitam
2019 4733 2072 4777 tu
2092 4740 2182 4783 im.
2209 4738 2313 4777 non
2334 4724 2390 4776 in
2419 4723 2724 4794 superficie,
2748 4724 2840 4779 sed
2875 4725 3086 4794 penitus
3108 4722 3324 4779 nosset?
3356 4722 3431 4778 De
3460 4723 3561 4779 hoc
3595 4723 3774 4791 itaque
3794 4731 3885 4776 tuo

597 4823 764 4891 bono,
801 4825 889 4879 Dei
919 4824 1080 4884 dono,
1113 4837 1200 4878 me
1226 4835 1437 4891 quoque
1465 4819 1695 4874 delectat
1726 4816 2054 4879 familiarius,
2079 4826 2132 4871 et
2157 4817 2430 4886 aliquanto
2451 4816 2647 4869 diutius
2671 4814 2812 4887 loqui
2843 4824 3036 4870 tecum.
3063 4815 3186 4869 Scio
3210 4831 3295 4870 me
3323 4830 3426 4870 non
3451 4829 3570 4869 esse
3596 4813 3746 4868 oneri
3772 4813 3887 4876 tibi,

526 4940 529 4945 ν
592 4917 645 4973 si
674 4917 869 4988 aliquid
902 4917 1168 4983 prolixum
1197 4916 1373 4977 mitto,
1407 4912 1547 4982 quod
1577 4911 1822 4981 legendo,
1850 4909 2051 4965 diutius
2076 4909 2150 4964 sis
2178 4909 2480 4964 uobiscum.
2510 4907 2642 4963 Nam
2670 4917 2723 4962 et
2763 4906 2863 4962 boc
2893 4908 3157 4977 comperi,
3203 4906 3343 4976 quod
3381 4907 3519 4960 inter
3544 4914 3663 4959 tuas
3694 4904 3889 4959 multas

600 5025 932 5082 magnasque
959 5024 1116 5064 curas
1156 5006 1309 5062 facile
1343 5020 1404 5059 ac
1452 5004 1679 5059 libenter
1715 5003 1877 5071 legas,
1909 5002 2209 5071 nostrisque
2238 5000 2529 5071 opusculis,
2557 5000 2717 5055 etiam
2744 5016 2862 5070 qua:
2905 4999 2972 5053 ad
3010 4999 3146 5055 alios
3169 4998 3607 5068 conscripsimus,
3640 4997 3684 5051 si
3707 5012 3811 5069 qua
3838 4997 3889 5053 in

600 5119 794 5159 manus
825 5112 942 5156 tuas
970 5101 1154 5155 venire
1181 5106 1485 5168 potuerunt,
1518 5095 1803 5150 admodum
1827 5094 2139 5157 delecteris;
2165 5102 2364 5163 quanto
2399 5095 2564 5157 magis
2596 5091 2737 5163 quod
2763 5091 2828 5145 ad
2857 5101 2909 5148 te
2939 5091 3210 5157 scribitur,
3242 5092 3331 5146 ubi
3358 5101 3608 5160 tanquam
3636 5091 3889 5163 praesenti

598 5195 810 5264 loquar,
858 5200 913 5246 ct
959 5190 1245 5244 advertere
1274 5187 1579 5257 dignaberis
1608 5188 1883 5249 attentius,
1915 5195 1964 5239 et
1993 5187 2236 5254 accipere
2257 5187 2489 5255 gratius!
2533 5185 2615 5240 Ab
2646 5184 2743 5239 hac
2767 5199 2894 5255 ergo
2919 5184 3138 5254 cpistola
3165 5198 3324 5254 perge
3364 5183 3430 5237 ad
3475 5181 3692 5248 librum,
3731 5197 3889 5254 quem

600 5284 765 5342 simul
817 5282 958 5347 misi,
990 5282 1080 5351 qui
1131 5290 1234 5335 ture
1276 5278 1610 5334 Rcvcreutiac
1637 5288 1695 5335 et
1710 5295 1804 5333 cur
1833 5279 2166 5349 conscriptus
2211 5281 2300 5345 sit,
2334 5290 2382 5333 et
2408 5294 2505 5339 cur
2525 5277 2591 5334 ad
2618 5289 2669 5333 te
2696 5278 3029 5352 petissimum
3077 5277 3267 5335 missus
3287 5319 3302 5342 ,
3342 5277 3456 5347 ipse
3484 5290 3585 5332 suo
3614 5277 3885 5355 princip‘o

597 5377 940 5435 (utatitodius
968 5375 1252 5430 intimabit.

658 5514 737 5595 ςα)
762 5515 843 5560 Est
862 5508 954 5559 suo
976 5512 1103 5560 inter
1130 5516 1507 5577 Attgusthttuias,
1532 5526 1643 5561 tom.
1677 5515 1718 5562 ξ.

2042 5767 2464 5870 W
