4144 6540
582 538 685 599 H5

580 652 784 722 aliquid
836 664 1074 706 meorum
1114 646 1489 718 opusculorum
1533 643 1810 715 legendum
1858 656 1963 695 non
2007 653 2036 692 ξι
2079 652 2165 693 me

582 742 802 812 petenti,
832 756 938 795 non
971 750 1074 794 tam
1103 738 1400 807 diligenter,
1432 752 1589 804 quam
1613 734 1947 803 impudenter
1974 731 2167 801 impiu-

581 847 728 902 gcre.
771 832 826 888 Si
858 832 983 902 quid
1031 845 1159 899 ergo
1205 831 1306 884 tale
1352 842 1492 882 nunc
1535 827 1631 881 feci
1676 836 1891 895 propter
1916 840 2005 878 eas
2035 838 2166 892 quas

581 925 992 979 commemoravi
1016 939 1223 987 clusas,
1255 922 1534 991 dignanter
1560 920 1805 988 ignosce,
1842 926 1895 971 et
1932 916 2166 971 benevo-

582 1016 690 1069 lum
724 1017 956 1067 aninnnu
985 1014 1050 1067 ad
1078 1030 1140 1067 ea
1161 1030 1276 1080 qtlzc
1303 1026 1597 1079 sequuntur
1628 1011 1859 1064 intende.

651 1107 879 1161 CAPUT
912 1105 994 1160 lli.
1034 1136 1105 1146 —
1142 1108 1191 1161 5.
1230 1104 1483 1158 Pudicitia
1512 1104 1796 1174 conjugalis
1826 1101 2015 1154 donum
2049 1099 2165 1154 Dei.

581 1198 658 1253 De
687 1200 967 1267 inﬁdelium
988 1199 1227 1267 pudicitia
1259 1198 1544 1267 diﬁirultus.
1585 1194 1813 1248 Partica;
1858 1209 1999 1247 verus
2042 1209 2171 1245 non-

580 1289 678 1343 nisi
716 1290 898 1355 ﬁdelis.
945 1289 1146 1343 hennm
1194 1289 1281 1341 Dei
1312 1303 1429 1341 esse
1455 1286 1612 1341 etiam
1647 1284 1947 1353 pudicitiam
1978 1282 2168 1351 conju-

578 1380 786 1449 gaiem,
828 1379 1158 1434 beati-simus
1203 1378 1394 1432 Paulus
1431 1376 1702 1439 ostendit,
1747 1375 1832 1429 ubi
1874 1377 1938 1429 de
1983 1374 2083 1428 hac
2111 1389 2168 1428 re

581 1471 804 1542 loquens
833 1473 905 1524 ait
939 1490 951 1525 :
1000 1471 1124 1524 Volo
1161 1481 1326 1523 autem
1354 1486 1525 1523 omnes
1554 1469 1780 1521 homines
1809 1483 1914 1520 esse
1938 1467 2063 1519 sicut
2093 1482 2171 1518 me

580 1566 749 1635 ipsum
772 1579 790 1618 :
817 1564 903 1616 sed
933 1564 1271 1633 unusquisque
1297 1564 1557 1632 proprium
1587 1561 1774 1613 donum
1802 1560 1949 1612 habet
1979 1575 2009 1610 a
2034 1558 2168 1623 Deo,-

579 1655 713 1708 alius
741 1655 940 1717 quidem
968 1656 1038 1706 sic
1057 1656 1095 1719 ⁸,
1122 1654 1254 1707 alius
1284 1670 1397 1707 vero
1422 1653 1491 1705 sic
1512 1653 1530 1723 (
1555 1652 1569 1706 Ι
1607 1652 1722 1705 (.‘or.
1751 1666 1824 1705 vn
1849 1692 1863 1714 ,
1895 1646 1984 1721 7
2034 1649 2171 1703 Ecce

580 1754 636 1799 et
663 1744 760 1798 hoc
789 1745 986 1798 donum
1007 1759 1125 1799 esse
1148 1743 1279 1798 dixit
1307 1759 1336 1797 a
1364 1744 1505 1807 Deo;
1531 1742 1629 1797 etsi
1656 1741 1876 1795 inferius
1902 1756 2057 1811 quam
2084 1741 2170 1794 illa

578 1836 901 1892 Continentia
919 1878 933 1900 ,
959 1836 1009 1889 in
1030 1852 1129 1905 qua
1152 1850 1338 1889 omnes
1359 1833 1569 1889 volebat
1592 1847 1710 1887 eSse
1732 1832 1868 1886 sicut
1888 1846 1945 1884 se
1967 1831 2135 1901 ipsum
2154 1875 2167 1896 ,

581 1938 796 1994 tamen,
825 1927 1019 1981 doumu
1047 1944 1075 1981 a
1108 1928 1234 1983 Deo.
1283 1927 1436 1984 Unde
1478 1925 1854 1995 intelligimus,
1896 1939 2015 1979 cum
2056 1924 2172 1981 Irrc

580 2021 993 2091 przccipinntur,
1036 2032 1093 2075 ut
1143 2023 1301 2085 liant,
1354 2021 1481 2075 nihil
1531 2018 1670 2074 aliud
1713 2018 1955 2082 ostendi,
2012 2034 2171 2089 quam

578 2112 756 2167 inesse
783 2112 935 2166 nobis
971 2122 1219 2180 oportere
1257 2113 1323 2167 ad
1363 2113 1478 2166 inec
1515 2112 1821 2180 accipienda
1848 2120 1901 2165 et
1932 2110 2170 2165 habenda

576 2206 736 2259 ctiam
768 2208 1033 2275 propriam
1066 2206 1412 2260 voluntatem.
1454 2204 1584 2259 Cum
1614 2221 1739 2258 vero
1767 2205 1859 2259 Dei
1888 2205 2023 2258 dona
2052 2217 2173 2259 esse

577 2306 975 2356 monstrantur,
1009 2313 1038 2350 a
1078 2311 1184 2365 quo
1225 2295 1449 2366 petenda
1491 2297 1634 2362 sint,
1676 2295 1932 2357 discitur.
1977 2295 2021 2348 si
2066 2310 2171 2347 non

580 2386 878 2452 habentur;
910 2396 960 2441 et
989 2386 1073 2440 cui
1118 2389 1222 2440 sint
1259 2388 1475 2456 agenda:
1518 2387 1698 2454 gratia:
1722 2428 1737 2453 ,
1785 2387 1829 2440 si
1870 2386 2169 2451 habentur;

577 2488 897 2547 nostrasque
939 2478 1236 2532 voluntates
1266 2478 1330 2531 ad
1365 2478 1476 2531 hzec
1506 2478 1797 2547 expetenda
1819 2519 1835 2544 ,
1879 2477 2133 2532 sumenda
2152 2517 2169 2544 ,

578 2568 854 2624 retinenda
882 2586 1063 2637 parum
1092 2569 1269 2623 valere
1294 2612 1308 2636 ,
1339 2569 1438 2623 nisi
1465 2570 1721 2643 divinitus
1749 2569 2081 2638 adjuventnr.

650 2661 706 2716 4.
734 2661 869 2727 Quid
899 2678 1026 2732 ergo
1054 2662 1280 2716 dicimus
1303 2705 1317 2727 ,
1344 2663 1560 2732 quando
1582 2672 1633 2716 et
1661 2664 1714 2716 in
1745 2661 2053 2731 quibusdam
2076 2662 2175 2716 im-

577 2752 681 2824 piis
708 2753 972 2808 invenitur
1002 2754 1252 2824 pudicitia
1280 2756 1617 2826 conjugalis?
1650 2764 1823 2809 utrum
1855 2770 1920 2809 eo
1950 2770 2170 2825 peccare

585 2845 793 2899 dicendi
821 2854 981 2909 sunt,
1020 2846 1159 2916 quod
1201 2845 1342 2900 dono
1390 2847 1482 2922 Dei
1524 2847 1664 2901 male
1710 2856 1963 2907 utantur.
1988 2863 2093 2901 non
2120 2846 2173 2901 id

578 2935 873 2991 referentes
895 2936 958 2989 ad
985 2937 1182 2990 cultum
1209 2937 1326 3005 ejus
1354 2954 1381 2988 a
1412 2953 1518 3007 quo
1542 2948 1862 3006 acceperunt
1886 2935 1910 2990 ?
1937 2954 2003 2991 an
2037 2936 2173 2993 forte

578 3042 679 3081 nec
699 3027 835 3080 dona
866 3027 953 3081 Dei
983 3028 1212 3097 putanda
1234 3036 1357 3081 sunt
1385 3028 1482 3080 ista
1500 3030 1544 3093 ',
1571 3027 1780 3097 quando
1800 3027 1913 3082 lure
1933 3027 2173 3083 iulideles

578 3128 776 3188 agunt,
802 3119 1090 3173 secundum
1120 3122 1352 3189 Apostoli
1384 3121 1700 3173 sententiam
1728 3118 1980 3179 dicentis.
2015 3119 2175 3172 Omne

579 3209 716 3277 quod
743 3227 843 3263 non
876 3221 947 3263 est
972 3228 1033 3264 ex
1067 3211 1166 3278 ﬁde
1192 3254 1205 3275 ,
1245 3222 1499 3283 peccatum
1537 3219 1607 3264 est
1651 3208 1672 3283 (
1704 3209 1852 3263 Rom.
1882 3226 1988 3276 xw,
2016 3210 2087 3265 9.3
2111 3211 2174 3281 j?

579 3298 711 3367 Quis
737 3311 912 3355 autem
941 3302 1131 3355 audeat
1158 3304 1334 3357 dicere
1364 3302 1561 3356 donum
1597 3302 1686 3354 Dei
1715 3316 1833 3355 esse
1866 3301 2173 3370 peccatum?

581 3392 772 3445 Anima
801 3394 943 3446 enim
966 3435 981 3456 ,
1009 3403 1060 3447 ct
1091 3409 1285 3462 corpus
1311 3435 1324 3459 ,
1363 3402 1414 3447 et
1444 3408 1789 3464 qnwcumque
1819 3393 1953 3446 bona
1981 3393 2172 3447 anima:

578 3488 898 3555 eteorporis
930 3489 1239 3542 naturaliter
1282 3488 1471 3552 insita,
1505 3488 1663 3540 ctiam
1710 3487 1761 3540 in
1806 3487 2174 3556 peccatoribus

578 3579 714 3634 dooa
751 3581 839 3635 Dei
869 3589 1023 3645 sunt;
1048 3595 1295 3651 qumuam
1321 3581 1461 3635 Deus
1481 3622 1493 3645 ,
1526 3597 1627 3632 non
1658 3579 1755 3647 ipsi
1785 3581 1881 3633 ista
1913 3579 2169 3633 fecerunt.

584 3672 661 3727 De
693 3674 772 3728 his
801 3685 974 3727 autem
1003 3692 1121 3747 qua:
1150 3674 1341 3727 faciunt
1371 3674 1566 3728 diclmn
1591 3683 1705 3740 est,
1728 3673 1889 3727 Omne
1911 3673 2045 3743 quod
2073 3689 2174 3726 non

579 3774 653 3818 est
682 3780 744 3816 ex
772 3764 903 3830 ﬁde.
935 3774 1189 3833 peceatum
1218 3776 1310 3820 cst.
1349 3765 1479 3818 Cum
1513 3765 1669 3833 igitur
1699 3763 1897 3818 faciunt
1924 3763 2038 3817 [nec
2065 3763 2164 3817 lio-

536 3903 540 3907 .
580 3854 755 3908 mines
786 3854 897 3907 sine
931 3854 1065 3919 lide,
1096 3872 1213 3925 qua:
1257 3856 1499 3910 videnlur
1534 3856 1598 3909 ad
1645 3854 1976 3925 conjugalcm
2020 3852 2173 3922 pridi,-

581 3945 762 4001 citiam
793 3948 1060 4012 pertinere
1085 3988 1098 4009 .
1128 3948 1239 4002 sive
1271 3947 1573 4000 horninibus
1597 3946 1809 4017 placere
1836 3954 2138 4014 querentes
2156 3987 2171 4012 ,

582 4037 667 4090 vel
699 4036 795 4092 sibi
830 4037 909 4092 vel
941 4039 1055 4092 aliis
1082 4082 1097 4103 ,
1130 4040 1245 4095 sive
1279 4041 1329 4092 in
1370 4039 1450 4094 bis
1482 4039 1639 4093 rebus
1665 4051 1796 4108 quas
1824 4038 2011 4090 vitiose
2039 4052 2172 4091 con-

583 4131 863 4200 (‘upiscmt
885 4173 902 4197 ,
946 4131 1204 4188 humanas
1246 4133 1519 4186 molestias
1557 4127 1855 4185 devitantes
1880 4172 1894 4194 ,
1923 4130 2035 4184 sive
2064 4129 2175 4183 dte-

582 4223 830 4276 monibus
882 4226 1205 4289 servientes;
1255 4240 1359 4278 non
1415 4232 1626 4293 peccata
1679 4231 2026 4287 coercentur,
2081 4222 2174 4276 sed

583 4314 703 4369 aliis
734 4316 961 4383 peccatis
990 4316 1090 4369 alia
1122 4322 1338 4384 peccata
1365 4316 1666 4369 vincuntur.
1701 4313 1853 4367 Absit
1875 4327 2002 4383 ergo
2026 4312 2176 4380 ptuli-

585 4424 707 4463 cum
747 4412 1006 4464 veraciter
1047 4410 1185 4478 dici,
1232 4412 1320 4481 qui
1369 4428 1473 4465 non
1519 4417 1740 4481 propter
1780 4409 1943 4464 Deum
1991 4425 2174 4464 verum

585 4501 744 4556 iidem
775 4504 1021 4556 connubii
1053 4515 1227 4557 Servat
1259 4504 1433 4557 uxori.

658 4595 882 4650 CAPUT
912 4596 994 4648 IV.
1020 4597 1156 4651 —5.
1186 4595 1491 4664 Nuptiarum
1521 4595 1702 4648 bonum
1726 4595 1973 4649 naturale.
2002 4588 2177 4650 Omnis

586 4687 796 4741 crcirtas
821 4688 1121 4739 naturaliter
1151 4684 1532 4754 fraudulentam
1576 4686 1765 4738 socium
1804 4686 2005 4752 refugit.
2040 4684 2176 4741 Con-

581 4777 774 4851 jagalis
803 4778 1043 4844 pudicitia
1073 4793 1184 4847 qua:
1220 4793 1349 4828 rem.
1409 4774 1686 4844 Virginitas
1720 4786 1765 4827 et
1810 4775 2048 4850 pudicitia
2078 4794 2177 4830 non

589 4885 734 4933 t‘era,
769 4870 866 4922 nisi
890 4885 1002 4937 ante
1028 4866 1153 4922 me
1179 4869 1293 4935 ﬁdet
1324 4869 1662 4938 mancipatur.
1690 4866 1969 4937 C"plli;tlin
2000 4869 2193 4939 itaquc'

587 4961 750 5015 maris
776 4971 824 5014 et
850 4961 1055 5014 [ciuiuus
1075 4958 1360 5027 generandi
1393 4974 1549 5012 causa
1573 5001 1587 5021 ,
1613 4959 1808 5013 bonum
1833 4968 1915 5014 est
1937 4962 2177 5016 naturale

586 5054 890 5114 nuptiarum
921 5070 934 5106 :
969 5053 1060 5105 sed
1094 5052 1197 5106 isto
1225 5052 1364 5105 bono
1392 5053 1527 5106 male
1549 5053 1714 5106 utitur
1733 5096 1747 5120 ,
1771 5055 1858 5124 qtti
1888 5054 2179 5111 bestialitcr

587 5148 784 5208 utitur,
818 5153 875 5197 ut
903 5145 968 5198 sit
995 5144 1109 5213 ejus
1140 5144 1364 5199 intentio
1394 5145 1448 5199 in
1476 5147 1747 5213 voluptate
1780 5147 2043 5213 libidinis,
2073 5166 2176 5204 non

591 5237 648 5292 in
677 5236 947 5290 voluntate
981 5233 1306 5304 propaginis.
1333 5236 1647 5306 Quanquam
1691 5238 1741 5291 in
1773 5240 2037 5293 notmnllis
2066 5241 2181 5295 ani-

560 5360 563 5361 ν
590 5328 822 5382 ntalibus
848 5328 1067 5382 rationis
1093 5329 1401 5396 expertibus
1422 5371 1435 5392 ,
1470 5330 1609 5384 sicut
1646 5331 1696 5384 in
1738 5332 2009 5403 plerisque
2034 5334 2177 5387 aliti-

585 5418 688 5475 lius
709 5462 722 5483 ,
751 5427 805 5474 et
824 5419 1188 5489 crmjugiorum
1212 5423 1452 5491 quaadam
1489 5424 1637 5490 quasi
1679 5424 2060 5481 eonfmderatio
2086 5445 2180 5483 cu-

594 5512 853 5572 SlOtiilllt',
881 5522 935 5566 et
977 5513 1189 5566 socialis
1234 5513 1537 5568 niditicaudi
1566 5517 1811 5581 solertia,
1842 5517 2179 5591 vicissimque

590 5617 811 5658 ovorum
853 5602 1128 5671 (ilSpL‘l'llltl
1172 5613 1409 5673 tempora
1451 5606 1797 5663 fovendorum
1820 5652 1834 5673 ,
1864 5619 1917 5664 et
1944 5614 2180 5667 nutrien-

590 5693 779 5747 dorum
829 5710 991 5763 Opera
1044 5697 1247 5751 alterna
1301 5699 1601 5770 pullorum,
1660 5703 1828 5772 magis
1876 5719 1967 5757 eas
2012 5705 2180 5761 videri

587 5785 1012 5856 iaciuntagere,
1063 5804 1182 5841 cum
1229 5801 1461 5847 eoi-unt.
1510 5794 1780 5862 negotium
1822 5795 2175 5853 substitucadi

654 5922 671 5990 ξ
698 5927 744 5990 tu
767 5924 989 5972 omuibus
1009 5931 1135 5979 Mss,
1163 5923 1281 5990 alitis
1298 5925 1385 5981 sic,
1412 5925 1510 5990 alia
1529 5960 1532 5967 ι
1553 5929 1748 5990 quidem
1763 5943 1851 5981 ssc.

654 5983 673 6014 '
698 5982 866 6034 [iures
888 5994 1013 6050 Mss,
1034 5987 1246 6036 rocmuta
1270 5996 1376 6037 sunt
1401 5987 1510 6039 ista.

557 6066 585 6084 δ.

1398 532 1489 588 DE
1526 527 1795 589 NUPTIIS
1832 523 1918 582 ET
1959 521 2564 593 CONCUPISCENTH,
2606 526 2643 580 S
2705 524 3068 583 AUGUSTI?“

3746 531 3852 588 “6

2274 639 2517 706 generis,
2558 655 2718 709 quam
2756 641 3033 710 explenda:
3073 641 3327 698 libidinis.
3361 642 3596 713 Quorum
3626 643 3855 702 duorum

2273 728 2400 785 illud
2446 740 2531 786 est
2571 730 2622 784 in
2670 747 2857 802 pecore
2891 731 3065 787 simile
3105 732 3370 800 hominis,
3401 732 3503 790 hoc
3542 736 3594 790 in
3638 733 3857 794 homine

2272 821 2445 877 simile
2472 824 2697 893 pecoris.
2720 824 2914 879 Verum
2936 826 3074 895 quod
3098 827 3205 880 dixi
3229 827 3295 882 ad
3324 838 3560 883 naturam
3584 831 3850 901 pertinere

2273 915 2615 983 nuptiarum,
2660 927 2717 970 ιιι
2763 934 2876 971 mas
2917 927 2971 973 et
3017 917 3208 975 femina
3255 922 3540 988 generandi
3592 924 3852 981 Societate

2269 1003 2556 1074 jutiganmr
2578 1047 2593 1072 ,
2624 1016 2679 1061 et
2705 1007 2773 1062 ita
2805 1008 3027 1064 invicem
3059 1026 3162 1064 non
3192 1010 3429 1066 fraudent
3456 1055 3472 1075 .
3514 1014 3649 1069 sicut
3674 1017 3850 1072 omnis

2273 1101 2502 1161 societas
2530 1098 2918 1155 fraudulentum
2946 1101 3148 1157 socium
3173 1105 3189 1135 ¹
3230 1107 3540 1160 naturaliter
3574 1122 3678 1161 non
3706 1110 3849 1175 vult;

2275 1189 2379 1242 hoc
2409 1199 2513 1243 tam
2543 1190 2762 1245 evidens
2789 1192 2984 1248 bommt
3027 1210 3147 1248 eum
3192 1196 3432 1251 iulideles
3474 1198 3667 1253 habent
3688 1243 3703 1263 ,
3730 1202 3853 1270 quia

2274 1278 2557 1335 infideliter
2584 1293 2800 1336 utuntur
2822 1325 2838 1349 ,
2889 1283 2941 1338 in
2983 1288 3181 1340 malum
3219 1301 3595 1358 peccatumque
3625 1306 3853 1346 cenver-

2275 1379 2411 1426 tuut.
2444 1374 2519 1428 Eo
2546 1376 2704 1431 tundo
2728 1392 2855 1444 ergo
2885 1385 2940 1431 et
2963 1378 3103 1432 illam
3131 1382 3614 1448 concupiscentiam
3641 1385 3849 1451 carnis,

2273 1479 2373 1533 qua
2400 1479 2525 1518 caro
2545 1470 2872 1536 Concupiscit
2891 1470 3142 1524 adversus
3163 1472 3406 1541 spiritum
3432 1472 3639 1546 (lia/at.
3663 1492 3717 1541 ν,
3748 1479 3851 1543 l7),

2276 1555 2326 1608 in
2361 1570 2511 1610 usmn
2539 1557 2760 1624 justitia:
2798 1571 3116 1615 convertunt
3144 1563 3375 1617 fidelium
3404 1565 3619 1632 nuptiie.
3653 1566 3853 1622 ":tln‘ltl

2273 1647 2471 1715 quippe
2502 1647 2848 1704 intentionem
2897 1653 3187 1722 generandi
3221 1656 3611 1724 regenerandos
3632 1698 3647 1722 ,
3684 1660 3854 1729 utqui

2273 1752 2339 1791 ex
2367 1739 2447 1792 eis
2471 1741 2649 1794 szecnli
2674 1741 2762 1795 lilii
2786 1753 3074 1798 nascuntur
3096 1786 3111 1809 ,
3143 1745 3195 1799 iu
3221 1746 3308 1800 Dei
3328 1746 3465 1802 ﬁlios
3488 1759 3854 1806 renascantur.

2273 1827 2605 1899 Quapropter
2628 1833 2715 1902 qui
2747 1850 2849 1887 non
2898 1834 2996 1889 hac
3036 1837 3328 1893 intentione
3350 1880 3365 1905 ,
3408 1838 3508 1894 hac
3546 1842 3814 1896 voluntate
3838 1884 3853 1909 ,

2275 1916 2375 1973 hoc
2403 1919 2506 1975 line
2528 1934 2787 1991 generant
2815 1925 2950 1981 filios
2973 1967 2988 1991 ,
3024 1935 3082 1981 ut
3119 1942 3214 1983 eos
3250 1945 3316 1984 ex
3343 1931 3596 1985 membris
3627 1932 3855 1989 hominis

2274 2010 2428 2079 primi
2469 2011 2519 2065 in
2563 2014 2799 2068 membra
2844 2017 3163 2074 transferant
3202 2020 3396 2075 Christi
3423 2064 3438 2088 ,
3476 2023 3575 2077 sed
3614 2024 3855 2082 iulideles

2273 2113 2522 2171 parentes
2543 2102 2610 2159 de
2642 2104 2837 2161 infideli
2863 2108 3009 2175 prole
3032 2109 3364 2179 glorientur;
3387 2114 3594 2169 etiamsi
3626 2125 3768 2170 unita
3790 2118 3858 2173 sit

2274 2193 2611 2247 observantia
2643 2197 2688 2262 ³,
2737 2205 2795 2251 ιιι
2841 2198 3132 2254 secundum
3192 2202 3609 2261 matrimoniales
3654 2208 3858 2263 tabulas

2275 2286 2484 2340 nonnisi
2511 2287 2794 2343 liberorum
2817 2292 3261 2360 procreandorum
3282 2309 3438 2351 causa
3466 2299 3821 2353 concmnbant
3839 2342 3854 2366 ,

2275 2392 2379 2431 non
2416 2389 2495 2432 cst
2540 2380 2593 2434 in
2638 2382 2715 2435 eis
2760 2398 2884 2439 vera
2926 2386 3173 2455 pudicitia
3216 2389 3525 2461 coajugalis.
3555 2391 3685 2446 Cum
3712 2395 3856 2449 enim

2274 2467 2441 2522 virtus
2466 2469 2534 2522 sit
2564 2472 2809 2539 pudicitia
2836 2516 2852 2541 ,
2893 2476 2978 2529 cui
3007 2476 3187 2531 vitium
3218 2481 3544 2535 contrarium
3572 2492 3654 2538 est
3684 2484 3857 2553 impu-

2274 2558 2451 2615 dicitia
2473 2605 2487 2629 ,
2512 2579 2804 2635 omnesque
2826 2569 3048 2624 virtutes
3068 2570 3226 2625 etiam
3249 2589 3364 2642 qua:
3389 2589 3483 2643 per
3511 2591 3707 2647 corpus
3732 2594 3856 2650 ope-

2275 2664 2494 2721 rantur,
2529 2656 2580 2711 in
2624 2660 2806 2714 animo
2851 2660 3120 2729 habitent;
3167 2667 3436 2735 quomodo
3476 2685 3599 2724 vera
3650 2673 3858 2729 ratione

2274 2743 2523 2814 pudiemn
2554 2761 2748 2817 enrpus
2784 2752 3073 2817 asseritur,
3115 2755 3326 2824 quando
3363 2773 3391 2811 a
3437 2774 3564 2814 vero
3591 2761 3698 2815 Deo
3742 2763 3857 2831 ipse

2274 2837 2483 2893 animus
2513 2838 2841 2895 fornicatur?
2869 2842 3035 2911 Quam
3067 2845 3468 2905 fornicationem
3511 2864 3723 2908 sanctus
3769 2857 3858 2913 ille

2274 2929 2508 2996 pSalmus
2534 2942 2743 2985 aeeusat
2768 2974 2783 2997 ,
2816 2934 2899 2986 ubi
2932 2935 3057 2989 dicit
3096 2956 3109 2991 :
3159 2937 3288 2992 Ecce
3327 2943 3459 2995 enim
3497 2945 3586 3014 qui
3629 2945 3779 3017 longe
3806 2964 3860 3002 se

2276 3019 2469 3089 faciant
2494 3036 2525 3072 a
2551 3029 2597 3073 te
2618 3064 2633 3086 ,
2666 3023 2895 3093 peribunt
2919 3040 2938 3087 ;
2965 3028 3229 3094 perdidisti
3253 3046 3449 3085 onmem
3471 3036 3557 3099 qui
3576 3033 3859 3103 fornicatur

2276 3112 2364 3164 abs
2393 3121 2456 3165 te.
2489 3111 2677 3182 (Pent.
2713 3131 2852 3170 Lxxu
2872 3157 2888 3184 ,
2916 3117 2983 3171 27
3078 3120 3211 3175 Vera
3241 3123 3397 3191 igitur
3425 3127 3671 3194 pudicitia
3695 3172 3711 3197 ,
3743 3132 3857 3187 sive

2273 3206 2566 3276 coajugalis
2590 3247 2606 3272 ,
2637 3208 2747 3261 sive
2778 3210 3002 3266 vidualis
3027 3254 3040 3275 ,
3070 3214 3186 3268 sive
3211 3216 3479 3284 virginalis
3505 3221 3727 3276 dicenda
3752 3241 3853 3278 non

2275 3305 2357 3352 cst
2379 3338 2392 3360 ,
2425 3297 2525 3351 nisi
2555 3315 2673 3369 qum
2700 3316 2840 3355 verre
2867 3302 2987 3356 fidei
3017 3305 3365 3375 mancipatur.
3389 3310 3519 3365 Cum
3541 3313 3684 3366 enim
3711 3323 3858 3370 recto

2273 3386 2476 3456 judicio
2499 3389 2811 3458 pratferatur
2831 3395 3027 3462 nuptiis
3048 3408 3252 3451 Sacrata
3275 3400 3582 3467 virginitas;
3607 3404 3727 3471 quis
3753 3420 3857 3460 non

2274 3478 2449 3534 Sobria
2473 3490 2647 3536 mente
2667 3484 2987 3540 Christianus
3007 3487 3164 3541 etiam
3195 3506 3297 3542 non
3323 3491 3588 3547 univiras'
3609 3495 3854 3551 christia-

2275 3585 2373 3625 nas
2416 3573 2704 3628 catholicas
2747 3587 2972 3646 nuptas,
3020 3595 3124 3633 non
3172 3582 3344 3636 Solum
3392 3586 3717 3651 vcsndlbus,
3764 3589 3859 3645 sed

2275 3666 2433 3719 etiam
2466 3666 2728 3723 lwrelicis
2758 3671 3048 3741 virginibus
3087 3667 3418 3744 anteponat?
3454 3678 3677 3734 Tantum
3719 3681 3858 3738 valet

2281 3756 2414 3812 fides
2434 3801 2449 3823 ,
2482 3759 2547 3814 de
2577 3776 2676 3830 qua
2707 3763 2834 3818 dicit
2867 3766 3185 3835 Aposudus,
3222 3769 3382 3823 Onme
3407 3772 3542 3839 quod
3569 3789 3669 3825 non
3700 3782 3770 3826 est
3798 3790 3861 3829 ea:

2277 3847 2380 3915 ﬁde
2403 3891 2416 3911 ,
2465 3862 2723 3919 peccatum
2770 3863 2841 3907 est
2887 3855 2905 3925 (
2935 3856 3080 3910 Itoni.
3112 3875 3215 3921 xw,
3242 3858 3314 3913 25
3337 3859 3356 3931 )
3382 3878 3395 3913 :
3428 3871 3482 3916 et
3510 3861 3578 3917 de
3603 3879 3702 3932 qua
3733 3864 3857 3919 item

2276 3939 2529 4009 scriptmn
2560 3951 2641 3997 est
2683 3943 2746 3998 ad
2789 3944 3076 4008 Hebraeos.
3128 3947 3255 4004 Siue
3290 3952 3393 4019 [ide
3437 3952 3748 4023 impossibile
3788 3964 3860 4010 est

2278 4028 2475 4099 placere
2505 4029 2607 4084 Deo
2662 4032 2680 4103 (
2707 4032 2864 4088 Hebr.
2893 4052 2947 4091 XI
2972 4078 2986 4100 ,
3017 4037 3112 4109 6

2348 4122 2571 4178 CAPUT
2603 4123 2664 4177 V.
2689 4154 2762 4165 —
2801 4126 2853 4180 6.
2884 4126 3130 4184 Libidinis
3176 4132 3470 4199 vituperatio
3509 4152 3609 4188 non
3649 4145 3722 4191 est
3766 4139 3860 4193 da-

2277 4215 2465 4268 mnatio
2481 4216 2787 4285 nuptiarum.
2807 4214 2985 4272 Pudor
3006 4220 3057 4273 in
3072 4240 3281 4292 corpore
3298 4225 3515 4278 Immone
3536 4226 3683 4279 unde.
3695 4227 3856 4280 Adam

2278 4314 2324 4359 et
2355 4304 2461 4358 Eva
2486 4323 2586 4360 non
2630 4317 2748 4362 sunt
2776 4311 2896 4363 ι·ωεὶ
2922 4312 3094 4366 creati.
3134 4314 3337 4385 Apertio
3367 4315 3625 4371 oculorum
3664 4320 3716 4372 in
3746 4321 3827 4390 pri
3837 4344 3863 4356 -

2277 4398 2373 4451 mis
2428 4400 2715 4469 parentibus
2757 4402 2897 4471 quid.
2954 4403 3082 4471 Quze
3133 4421 3252 4460 cum
3305 4407 3373 4461 ita
3425 4408 3566 4472 sint,
3621 4413 3855 4479 proiecto

2278 4500 2457 4543 errant
2482 4529 2497 4555 ,
2524 4491 2611 4560 qui
2641 4506 2760 4545 cum
2792 4492 3117 4562 vituperatur
3143 4496 3305 4552 libido
3330 4500 3587 4563 carnalis,
3615 4500 3856 4560 damnari

2266 4580 2491 4651 'nuplias
2509 4583 2822 4650 opinantur,
2846 4586 2996 4654 quasi
3018 4588 3235 4643 morbus
3257 4589 3354 4645 iste
3380 4590 3445 4646 de
3466 4593 3735 4647 connubio
3755 4594 3858 4659 sit,

2279 4691 2386 4729 non
2418 4675 2483 4729 de
2514 4687 2749 4744 peceato.
2775 4677 2961 4733 Nonne
3000 4680 3073 4734 illi
3116 4682 3366 4750 conjuges
3399 4683 3592 4751 primi,
3632 4701 3859 4755 quorum

2280 4768 2492 4836 nuptias
2520 4768 2790 4824 benedixit
2823 4770 2961 4825 Deus
2990 4771 3173 4827 dicens
3195 4813 3210 4835 ,
3242 4773 3457 4828 Crescite
3477 4816 3493 4840 ,
3527 4784 3576 4828 et
3610 4775 3833 4843 umltipti

2280 4858 2466 4911 camini
2490 4859 2510 4931 (
2533 4858 2658 4914 Gen.
2700 4877 2752 4927 ι,
2776 4860 2847 4916 28
2872 4866 2911 4931 ),
2946 4864 3069 4916 nudi
3099 4873 3283 4929 erant,
3328 4873 3381 4919 et
3425 4882 3527 4918 non
3565 4866 3865 4920 confunde-

2280 4948 2515 5003 bantur?
2542 4950 2649 5006 Cur
2674 4966 2801 5020 ergo
2825 4968 2887 5006 ex
2912 4954 3015 5006 illis
3044 4955 3296 5008 membris
3320 4955 3562 5009 Confusio
3592 4967 3711 5025 post
3741 4974 3868 5023 pec.

2281 5052 2455 5096 catum
2482 5085 2497 5107 ,
2528 5043 2628 5097 nisi
2655 5046 2775 5113 quia
2800 5044 2999 5099 exsdtit
3021 5046 3131 5101 illic
3151 5047 3402 5103 indecens
3428 5057 3602 5103 motus
3621 5092 3637 5115 ,
3660 5065 3820 5121 quem
3849 5089 3871 5116 ,

2286 5133 2387 5187 nisi
2422 5135 2662 5190 homines
2705 5146 3053 5205 peccassent,
3090 5139 3272 5208 procul
3314 5139 3475 5194 dubio
3520 5142 3719 5210 nuptize
3765 5158 3872 5197 non

2282 5224 2578 5280 haberent?
2608 5229 2689 5281 An
2727 5225 2861 5281 forte
2884 5270 2900 5294 ,
2945 5229 3082 5283 sicut
3122 5232 3335 5300 quidam
3370 5233 3711 5301 existimant,
3749 5236 3873 5304 quia

2284 5317 2335 5371 id
2388 5318 2527 5386 quod
2575 5318 2755 5388 legunt
2802 5335 2984 5389 parum
3039 5322 3322 5393 diligenter
3369 5326 3679 5390 advertunt,
3746 5328 3879 5383 Ca'ci

2284 5411 2446 5464 creati
2478 5421 2627 5465 erant
2660 5413 2807 5481 prius
2838 5413 3080 5467 homines
3102 5458 3117 5479 ,
3151 5416 3285 5469 sicut
3312 5432 3505 5473 caueS'
3536 5427 3591 5472 et
3615 5419 3759 5486 quod
3795 5431 3879 5473 est

2285 5501 2566 5555 absurdius
2589 5543 2604 5568 ,
2637 5520 2739 5557 non
2768 5505 2899 5557 sicut
2926 5519 3083 5560 canes
3113 5507 3437 5571 crescendo,
3472 5509 3563 5563 scd
3598 5512 3880 5578 peccando

2284 5592 2459 5662 adepti
2487 5604 2609 5649 sunt
2635 5595 2843 5649 visum?
2874 5598 3025 5651 Absit
3056 5598 3153 5652 hoc
3178 5601 3420 5655 credere.
3454 5602 3557 5655 Sed
3588 5603 3727 5657 unde
3754 5622 3878 5659 mo-

2285 5694 2475 5739 ventur
2499 5687 2585 5757 qui
2619 5686 2716 5741 ltoc
2748 5698 2963 5757 putant,
3017 5689 3142 5743 illud
3181 5702 3262 5744 est
3308 5691 3447 5761 quod
3496 5694 3728 5764 legitur,
3764 5696 3845 5751 Sa

2352 5871 2365 5901 ⁸
2394 5879 2491 5918 Am.
2520 5876 2571 5917 et
2592 5876 2685 5923 ΕΓ..
2706 5870 3004 5927 [rrualnlmtz
3023 5886 3082 5920 un
3102 5883 3199 5921 sort
3222 5885 3355 5920 rum.

2353 5933 2371 5964 ¹
2396 5934 2611 5980 Nonnulli
2638 5945 2666 5977 (ι
2694 5936 2922 5981 tat-canis
2945 5941 3071 5987 uss,
3098 5942 3243 5983 unum
3268 5934 3359 5983 sint
3383 5935 3712 5986 observamus.
3834 5968 3857 5983 .

2355 5995 2374 6025 ³
2418 6002 2523 6043 tres
2552 5997 2752 6043 \atica.u
2781 6005 2901 6053 vss,
2928 5996 3067 6045 c.‘i;un
3093 5995 3330 6059 unieiros;
3353 5999 3551 6059 antisse,
3572 6012 3682 6047 nari.
