4144 6520
158 1220 170 1323 ἐ

165 1536 173 1561 .

256 345 344 403 ιιι

257 474 382 516 mens
408 456 472 512 de
494 461 663 530 [ructu
686 457 829 529 ejus,
860 456 987 522 edit,
1015 467 1063 513 et
1090 457 1224 511 dtdit
1262 458 1364 511 viro
1404 472 1497 511 suo
1539 473 1712 511 secum
1737 503 1753 523 ,
1785 468 1831 511 et

258 553 483 616 ederunt;
525 559 571 604 et
610 550 771 620 aperti
799 559 916 604 sunt
943 550 1076 604 oculi
1102 549 1362 604 amborum
1387 591 1401 615 ,
1433 559 1479 604 et
1524 560 1834 621 agnoverunt

258 644 361 717 quia
386 640 507 695 nudi
538 650 697 696 erant.
723 639 873 713 (Gen.
906 657 996 705 ιιι,
1018 640 1051 696 6
1072 651 1117 696 et
1143 640 1219 713 7).
1253 640 1385 695 llinc
1412 640 1427 672 ‘
1452 648 1535 695 est
1570 640 1711 711 quod
1743 657 1835 710 pa-

258 752 363 793 rum
393 734 747 804 intelligentes
773 774 786 797 ,
816 733 1102 803 opinantur
1132 744 1286 787 antea
1324 732 1485 787 fuisse
1516 733 1621 787 illis
1650 732 1836 789 oculos

258 825 456 883 clausos
478 866 494 891 ,
518 824 655 895 quod
679 840 771 879 eos
795 834 919 879 tunc
939 837 1152 894 apertos
1173 825 1351 879 divina
1380 823 1652 895 Scriptura
1675 833 1838 879 testa-

262 928 356 975 tur.
406 915 510 971 Sed
563 916 817 985 numquid
865 925 919 969 et
964 917 1109 986 Agar
1153 916 1351 971 ancilla
1397 916 1577 979 Sara),
1625 915 1837 986 quando

261 1009 459 1067 sitiente
485 1019 537 1063 et
567 1009 807 1078 plorante
838 1008 947 1062 lilio
972 1010 1180 1079 api-ruit
1205 1010 1390 1065 oculos
1418 1024 1544 1064 suos
1567 1051 1582 1074 ,
1614 1018 1670 1064 et
1707 1008 1839 1063 vidit

264 1110 463 1173 puteum
500 1097 625 1170 (Id.
655 1115 743 1153 χχι
765 1140 779 1162 ,
816 1100 882 1154 l9
909 1100 949 1167 ),
979 1100 1189 1155 clau5os
1217 1102 1362 1171 prius
1399 1100 1585 1156 oculos
1616 1098 1838 1153 habuit?

265 1195 355 1249 Ant
380 1191 453 1246 illi
481 1191 587 1244 duo
611 1191 857 1261 discipuli
893 1202 1011 1263 post
1052 1194 1495 1250 resurrectionem
1545 1194 1750 1247 Domini
1783 1193 1835 1247 in

264 1283 333 1337 ria
362 1298 482 1337 cum
532 1282 620 1336 illo
659 1284 855 1337 clausis
898 1283 1068 1339 oculis
1112 1284 1487 1353 ambulabant,
1538 1284 1603 1340 de
1647 1284 1838 1355 quibus

263 1377 599 1446 Evangelium
632 1376 903 1447 loquitur,
940 1377 1080 1448 quod
1120 1378 1174 1432 in
1212 1379 1457 1446 fractione
1490 1379 1637 1449 panis
1674 1378 1837 1448 aperti

260 1479 361 1523 sunt
384 1468 520 1521 oculi
546 1485 717 1521 eorum
738 1511 752 1534 ,
783 1478 829 1522 et
854 1479 1162 1540 agnoverunt
1192 1487 1304 1524 eunt
1344 1468 1515 1542 (Luc.
1542 1486 1691 1534 XXIV,
1734 1470 1795 1525 5|
1818 1510 1835 1537 ,

261 1559 394 1629 35)?
431 1558 582 1627 Quod
614 1576 739 1629 ergo
764 1562 1020 1629 scriptum
1047 1570 1129 1615 est
1166 1561 1234 1616 de
1262 1560 1568 1616 hominibus
1613 1560 1834 1632 primis,

263 1653 421 1725 Aperti
439 1663 552 1707 sunt
570 1653 704 1707 oculi
723 1653 1019 1721 amborum;
1040 1654 1336 1725 intelligere
1355 1654 1614 1709 debemus
1632 1696 1648 1720 ,
1667 1665 1838 1708 alten-

263 1757 334 1801 tos
363 1745 530 1801 iactos
556 1746 619 1799 ad
657 1746 964 1801 intuendum
1002 1757 1055 1801 et
1089 1747 1485 1816 agnoscendum
1511 1788 1526 1812 ,
1562 1747 1702 1818 quod
1738 1761 1836 1801 no~

261 1854 372 1892 rum
395 1838 450 1890 in
481 1852 665 1891 eorum
692 1822 1212 1908 corporeacciderat
1236 1855 1250 1892 :
1279 1839 1421 1909 quod
1446 1840 1623 1910 utique
1647 1855 1839 1909 corpus

258 1929 554 2002 patentibus
579 1945 763 1985 eorum
794 1931 964 1985 oculis
992 1940 1046 1986 et
1074 1930 1275 1986 nudum
1315 1932 1553 2002 quotidie
1590 1932 1836 2002 suhjace-

261 2022 373 2083 bat,
402 2030 461 2074 et
497 2030 681 2076 notum
706 2022 750 2076 ².
793 2023 1041 2093 Alioquin
1082 2024 1350 2094 quomodo
1395 2023 1461 2078 ad
1497 2040 1555 2079 se
1596 2025 1840 2080 adductis

259 2112 568 2167 animalibus
592 2114 932 2171 terrestribus
954 2126 1004 2171 et
1033 2117 1339 2173 volatilibus
1355 2117 1601 2172 omnibus
1621 2160 1635 2185 ,
1672 2117 1838 2173 Adam

261 2204 440 2259 clausis
489 2206 659 2260 oculis
703 2207 916 2262 nomina
964 2215 1143 2277 posset
1188 2208 1501 2279 imponere,
1547 2209 1687 2279 quod
1733 2208 1837 2265 nisi

261 2296 605 2352 discernendo
636 2312 742 2352 non
772 2295 1009 2367 faceret,
1046 2299 1352 2355 discernere
1390 2312 1570 2356 autem
1617 2301 1718 2357 nisi
1760 2302 1841 2356 vi-

262 2389 422 2445 dendo
450 2406 558 2444 non
587 2392 804 2462 posset?
832 2392 1111 2458 Quomodo
1151 2393 1382 2463 denique
1421 2393 1533 2463 ipsa
1571 2395 1765 2449 mulier
1789 2394 1838 2450 ei

261 2483 611 2539 demonstrata
639 2491 722 2539 cst
742 2526 759 2550 ,
791 2485 1002 2554 quando
1030 2485 1140 2551 ait,
1172 2484 1284 2539 Hoc
1311 2502 1446 2539 nunc
1470 2502 1526 2540 os
1555 2502 1619 2540 ea:
1645 2485 1840 2541 ossibus

260 2575 373 2629 meis
396 2617 410 2639 ,
436 2584 482 2628 et
512 2591 632 2628 caro
661 2574 724 2629 de
745 2591 897 2630 carne
922 2592 1031 2629 utea
1060 2574 1227 2648 (Cen.
1257 2593 1330 2642 ll,
1362 2578 1433 2632 25
1456 2577 1515 2649 )‘i
1561 2578 1839 2634 Postremo

258 2668 298 2720 si
329 2681 489 2736 usque
519 2667 656 2722 adeo
682 2668 959 2737 quisquam
990 2666 1148 2723 fuerit
1174 2670 1542 2725 contentiosus
1565 2711 1579 2735 ,
1630 2678 1686 2725 ut
1724 2670 1841 2727 inec

258 2771 369 2812 cum
398 2757 541 2813 dicat
571 2776 677 2813 non
717 2760 1020 2827 cernendo,
1071 2762 1162 2816 sed
1206 2762 1472 2833 palpando
1513 2763 1751 2833 potuisse
1775 2763 1837 2831 ’ς

257 2851 371 2920 quid
398 2852 638 2909 dicturus
663 2862 778 2919 est,
808 2854 950 2925 quod
977 2855 1044 2910 ibi
1073 2855 1265 2926 legitur
1290 2857 1481 2911 mulier
1511 2858 1741 2927 lignum,
1772 2857 1840 2914 de

256 2956 352 3010 quo
380 2942 549 2997 fuerat
569 2944 744 2999 cibum
772 2954 1049 3017 sumptura
1079 2947 1400 3023 prohibitum
1422 2990 1436 3013 ,
1459 2950 1656 3004 vidisse
1678 2965 1837 3020 quam

254 3042 387 3088 esset
423 3035 728 3103 speciosum
764 3038 935 3093 oculis
975 3036 1043 3091 ad
1079 3038 1383 3094 videndum.
1435 3038 1566 3113 (Id.
1593 3056 1647 3095 ιιι
1674 3082 1690 3109 ,
1717 3042 1750 3096 6
1777 3039 1839 3110 )ῗ

255 3121 410 3179 Erant
431 3127 611 3197 itaque
630 3129 786 3196 nudi,
809 3140 858 3183 et
887 3148 988 3185 non
1010 3133 1488 3205 t:on[ttndebantur(
1514 3132 1597 3186 Id.
1621 3149 1656 3188 ιι
1672 3176 1687 3199 ,
1709 3134 1777 3190 25
1794 3134 1835 3206 );

254 3230 350 3270 non
382 3218 498 3288 quia
530 3234 639 3274 non
666 3221 951 3289 videbant,
984 3222 1077 3278 sed
1108 3224 1231 3294 quia
1268 3210 1397 3279 nihil
1438 3226 1577 3281 unde
1615 3226 1839 3282 confun—

252 3305 498 3366 derentur
523 3312 580 3367 in
610 3314 865 3371 membris
889 3326 1208 3381 senserant,
1253 3333 1373 3388 qua:
1422 3318 1688 3374 videbant.
1721 3321 1836 3377 Non

252 3402 384 3457 enim
409 3403 614 3460 dictum
644 3414 764 3475 est,
809 3406 975 3462 Erant
1016 3408 1163 3463 ambo
1208 3411 1334 3464 nudi
1354 3451 1373 3478 ,
1405 3420 1458 3466 et
1484 3412 1834 3483 ignorabant;

252 3495 339 3551 sed
363 3539 378 3563 ,
408 3515 507 3554 non
535 3502 995 3571 confundebantur.
1018 3505 1149 3573 Quia
1173 3506 1313 3561 enim
1339 3507 1467 3561 nihil
1491 3520 1840 3577 praecesserat

252 3590 384 3657 quod
414 3607 518 3647 non
552 3593 771 3661 liceret,
804 3596 932 3650 nihil
962 3609 1203 3654 secutum
1233 3601 1403 3654 fuerat
1426 3601 1566 3669 quod
1595 3601 1835 3669 puderet.

316 3680 542 3741 CAPUT
594 3685 680 3740 Vl.
706 3717 779 3727 —
804 3689 856 3742 7.
899 3688 1078 3745 Carnis
1123 3707 1230 3747 sua
1271 3692 1607 3749 inobedientia
1648 3697 1839 3751 homini

247 3777 377 3843 iuste
403 3781 672 3835 retributa.
706 3782 1062 3839 Erubescentia
1085 3786 1149 3839 de
1171 3787 1567 3843 inobedientibus
1583 3790 1834 3845 membris.

252 3867 319 3923 lbi
350 3870 511 3926 homo
544 3874 789 3941 primitus
817 3876 909 3930 Dei
941 3876 1057 3947 lege
1092 3885 1422 3949 transgressa
1444 3920 1462 3947 ,
1484 3881 1643 3935 aliam
1668 3883 1836 3953 legem

251 3977 628 4035 repugnantem
651 3984 761 4023 sua:
788 3970 952 4025 menti
976 3971 1174 4028 habere
1198 3974 1362 4043 εωυίι
1387 3973 1439 4028 in
1467 3975 1723 4030 membris
1741 4018 1757 4041 ,
1782 3984 1840 4032 et

249 4055 623 4114 inobedientia:
652 4077 763 4116 sua:
790 4064 985 4116 malum
1015 4065 1217 4133 sensit,
1245 4066 1459 4133 quando
1491 4067 1594 4123 sibi
1632 4068 1836 4138 dignis-

246 4149 375 4206 sime
415 4152 735 4208 retributam
772 4155 1182 4211 inobedientiam
1226 4171 1338 4211 sua:
1392 4158 1569 4213 carnis
1613 4160 1833 4215 invenit.

246 4240 420 4298 Talem
468 4245 671 4316 quippe
716 4248 875 4302 etiam
913 4263 1137 4319 serpens
1174 4252 1449 4307 oculorum
1504 4238 1833 4321 apertioneni

246 4335 545 4393 seduccndo
569 4339 886 4408 promiserat
909 4381 925 4407 ,
948 4341 1013 4393 ad
1039 4341 1237 4409 aliquid
1259 4341 1505 4398 videlicet
1523 4343 1796 4398 sciendum
1818 4384 1833 4409 ,

245 4426 379 4494 quod
423 4430 621 4485 melius
663 4430 979 4485 nesciretur.
1022 4430 1173 4486 'l‘une
1219 4434 1270 4487 in
1319 4448 1380 4489 se
1424 4434 1621 4504 quippe
1666 4437 1834 4491 sensit

247 4516 400 4573 homo
424 4520 551 4592 quid
586 4520 713 4578 fecit
738 4540 751 4577 :
786 4533 910 4579 tunc
933 4540 963 4579 a
996 4524 1135 4578 bono
1162 4526 1355 4579 malum
1381 4566 1398 4591 ,
1427 4541 1531 4581 non
1560 4528 1796 4583 carendo
1816 4570 1832 4596 ,

246 4612 331 4665 sed
361 4613 715 4683 perpetiendo
741 4615 1009 4672 discrevit.
1038 4616 1293 4686 lojustum
1321 4620 1463 4673 enim
1490 4630 1605 4673 erat
1638 4628 1698 4674 ut
1734 4620 1834 4675 ob-

247 4708 635 4773 temperaretur
658 4722 689 4761 a
716 4722 871 4761 servo
899 4723 996 4763 suo
1018 4751 1035 4776 ,
1066 4709 1118 4765 id
1162 4719 1244 4764 est
1289 4725 1319 4764 a
1359 4726 1584 4781 corpore
1626 4726 1758 4777 suo,
1784 4712 1834 4768 ci

244 4798 325 4863 qui
376 4814 482 4852 non
533 4799 936 4869 obtemperarat
975 4802 1198 4856 Domino
1237 4817 1357 4857 suo.
1397 4802 1525 4858 Nam
1556 4803 1682 4873 quid
1711 4813 1833 4869 est,

246 4888 375 4952 quod
404 4891 546 4945 oculi
569 4934 585 4958 ,
619 4891 753 4947 labia
774 4933 789 4960 ,
819 4892 994 4964 lingua
1017 4935 1031 4957 ,
1057 4908 1245 4947 manus
1263 4936 1279 4961 ,
1301 4895 1462 4964 pedes
1483 4937 1497 4959 ,
1525 4896 1837 4951 inllexiones

245 4979 378 5035 dorsi
404 5023 422 5051 ,
453 4985 686 5039 eerrieis
709 4994 763 5039 et
792 4986 1015 5041 laterum
1040 5028 1056 5051 ,
1087 4998 1140 5041 ut
1169 4987 1233 5043 ad
1263 5003 1425 5056 opera
1462 4988 1564 5043 sibi
1601 5004 1834 5057 congrua

245 5086 553 5130 moveantur
573 5118 588 5140 ,
625 5078 853 5147 positum
881 5078 933 5133 in
965 5088 1226 5149 potestate
1252 5090 1335 5135 est
1358 5121 1376 5146 ,
1398 5079 1608 5150 quando
1637 5080 1705 5134 ab
1732 5082 1835 5136 im-

246 5168 558 5234 pedimentis
586 5186 784 5241 corpus
828 5170 1054 5228 liberum
1090 5172 1350 5229 habemus
1390 5182 1447 5229 et
1490 5187 1716 5240 sanum;
1747 5174 1836 5229 ubi

243 5269 410 5314 autem
438 5272 663 5317 ventum
694 5260 854 5317 fuerit
882 5273 939 5318 ut
968 5262 1061 5318 ﬁlii
1091 5264 1424 5319 semineutur
1446 5306 1464 5334 ,
1494 5265 1560 5319 ad
1589 5265 1835 5321 volunta-

242 5351 304 5403 tis
329 5362 516 5407 nutum
544 5355 788 5431 membra
817 5353 870 5410 in
899 5354 1000 5411 hoc
1028 5370 1164 5426 opus
1191 5366 1369 5412 creata
1414 5372 1519 5412 non
1555 5358 1795 5413 serviunt
1817 5399 1834 5425 ,

241 5441 327 5497 sed
354 5455 706 5515 exspectatur
741 5456 799 5502 ut
832 5461 895 5504 ea
929 5447 1077 5504 velut
1105 5448 1190 5505 sui
1227 5448 1364 5519 juris
1404 5449 1569 5508 libido
1589 5465 1834 5507 commo-

298 5668 317 5704 ³
351 5668 580 5722 3011ηηί11
605 5678 738 5730 δίει,
762 5669 870 5723 hoc.

294 5734 316 5797 ξ
349 5736 542 5797 Aliquot
562 5741 699 5797 Mss,
722 5730 999 5797 subiacebat
1015 5734 1081 5785 ad
1102 5741 1288 5785 nutum.

297 5795 316 5827 ³
344 5795 499 5846 ιιιςῖιι
520 5796 675 5847 editis
694 5796 882 5847 additur
902 5831 917 5858 ,
951 5806 1270 5861 cognoscere;
1291 5795 1424 5859 quod
1445 5797 1580 5847 abest
1609 5810 1636 5846 ι
1663 5804 1765 5848 uss.

1622 341 1828 398 LIBER
1865 339 2135 398 PRIMUS.

3434 348 3540 406 ιιι

1943 463 2103 518 ve’at.
2144 476 2198 512 et
2243 456 2526 527 aliquando
2574 472 2679 511 non
2726 455 2849 510 lat-it
2896 458 3076 511 animo
3130 458 3382 527 volente,
3410 475 3537 516 cum

1942 551 2229 621 aliquando
2258 548 2412 605 faciat
2442 559 2496 605 et
2518 548 2773 605 nolente?
2798 549 3001 603 lliuene
3024 550 3040 581 ⁸
3069 564 3172 603 non
3192 552 3539 606 erubesceret

1944 644 2159 699 humani
2202 643 2418 699 libertas
2455 644 2701 709 arbitrii,
2739 641 2879 711 quod
2929 642 3324 697 contemnendo
3369 643 3541 713 impe-

1942 747 2146 792 rantem
2200 737 2362 791 Deum
2409 735 2567 790 etiam
2610 736 2659 788 in
2701 734 2941 788 membra
2998 734 3207 802 propria
3263 734 3536 801 proprium

1944 828 2265 898 perdidisset
2321 825 2647 895 imperium?
2715 824 2814 880 Ubi
2891 834 3067 877 autem
3132 826 3540 878 coitu-nitentins

1944 928 2335 973 monstraretur
2382 916 2755 972 inohcdientize
2799 917 2989 970 merito
3033 917 3374 984 depravatum
3416 930 3539 970 ese

1943 1008 2228 1064 humanam
2255 1019 2497 1064 naturam
2515 1049 2529 1071 ,
2554 1024 2711 1076 quam
2744 1006 2793 1060 in
2820 1007 2901 1059 Itis
2926 1006 3347 1059 inohedientihus
3372 1006 3502 1059 i-N'is
3521 1045 3537 1068 ,

1943 1103 2086 1159 unde
2133 1120 2226 1174 per
2268 1103 2662 1157 successionem
2710 1100 2944 1154 substitit
2988 1100 3097 1168 ipsa
3132 1099 3361 1153 natura?
3402 1099 3536 1153 Nam

1944 1197 2064 1250 ideo
2094 1196 2303 1264 proprie
2333 1196 2445 1248 ista:
2473 1194 2711 1263 corporis
2735 1202 2911 1261 partes
2934 1208 3134 1246 natura:
3161 1194 3375 1245 nomine
3404 1209 3541 1245 nun-

1943 1298 2221 1359 cupantur.
2251 1287 2401 1341 lluuc
2432 1287 2607 1357 itaque
2636 1296 2834 1339 tnotum
2880 1285 2998 1338 ideo
3038 1284 3374 1338 indecentem
3417 1288 3540 1350 quia

1944 1381 2339 1436 inobedientctn
2368 1421 2382 1443 ,
2410 1393 2529 1432 cum
2570 1378 2638 1431 illi
2676 1376 2833 1448 primi
2878 1374 3123 1430 homines
3166 1375 3217 1428 in
3253 1390 3347 1428 sua
3378 1390 3542 1430 Carne

1943 1473 2276 1535 sensissent,
2324 1480 2378 1525 et
2430 1472 2481 1525 in
2534 1486 2628 1524 sua
2684 1470 2921 1523 nuditate
2969 1469 3349 1533 erubuissent,
3399 1468 3542 1522 foliis

1945 1564 2185 1619 ﬁculneis
2209 1563 2394 1619 eadem
2428 1566 2662 1618 membra
2698 1574 2948 1618 texerunt
3000 1563 3019 1633 (
3046 1560 3175 1615 Gen.
3213 1578 3267 1616 ιιι
3293 1603 3307 1625 ,
3336 1559 3410 1635 7)
3437 1580 3449 1615 :
3485 1570 3543 1617 nt

1944 1655 2132 1709 Saltem
2161 1655 2380 1707 arbitrio
2411 1652 2881 1710 \‘et‘ecuttdantitttn
2912 1652 3181 1707 \‘elart‘tnr
3202 1695 3218 1715 ,
3261 1655 3399 1723 quod
3433 1669 3539 1708 non

1949 1749 2172 1803 arbitrio
2198 1747 2485 1801 volentium
2531 1748 2876 1807 mtn'ehatnr;
2918 1755 2971 1800 et
3012 1746 3263 1816 quoniam
3311 1747 3543 1813 pudt-bat

1944 1841 2083 1912 quod
2104 1841 2410 1895 indecenter
2428 1839 2644 1900 libebat,
2663 1839 2954 1906 operiendo
2973 1842 3120 1892 ἔξω-ιιι
3136 1838 3274 1909 quod
3294 1840 3538 1895 decebat.

2019 1933 2244 1990 CAPUT
2276 1932 2388 1987 Vll.
2420 1962 2491 1972 —
2515 1932 2568 1987 8.
2607 1929 2853 1985 Libidinis
2899 1933 3087 1985 malum
3120 1948 3218 1985 non
3261 1931 3390 1985 tollit
3439 1949 3540 1986 nu-

1946 2025 2389 2095 ptiarumbouum.
2420 2022 2552 2090 Quia
2590 2038 2717 2092 ergo
2748 2039 2844 2077 nec
2872 2023 2974 2077 isto
3002 2023 3251 2090 adjuncto
3284 2024 3423 2077 malo
3442 2038 3537 2092 pc-

1945 2116 2052 2171 rire
2088 2116 2257 2185 potuit
2306 2116 2610 2185 nuptiarum
2656 2113 2893 2179 bonum,
2947 2123 3130 2184 putant
3177 2113 3541 2183 imprudentes

1946 2205 2050 2262 hoc
2080 2222 2185 2260 non
2213 2221 2335 2261 esse
2364 2205 2561 2260 malum
2587 2247 2602 2270 ,
2653 2205 2744 2258 sed
2773 2205 3044 2275 pertinere
3066 2204 3130 2259 ad
3161 2205 3285 2259 illud
3319 2207 3538 2262 honmn.

1948 2300 2275 2356 Discernilur
2300 2310 2475 2353 atttem
2504 2315 2609 2353 non
2642 2300 2813 2353 solum
2845 2300 3053 2354 ratione
3083 2299 3307 2363 subtili,
3355 2315 3539 2354 verum

1945 2393 2104 2448 etiam
2152 2393 2517 2463 vulgatissimo
2555 2392 2757 2459 judicio
2801 2393 3027 2445 naturali
3051 2435 3064 2453 ,
3093 2392 3235 2462 quod
3268 2403 3320 2448 et
3351 2393 3400 2446 in
3435 2393 3542 2449 illis

1945 2487 2191 2557 apparuit
2218 2485 2523 2539 hominibus
2553 2484 2737 2553 primis
2762 2526 2776 2548 ,
2823 2484 3085 2553 hodieque
3113 2494 3323 2538 tenetur
3345 2484 3414 2537 ah
3444 2485 3543 2537 ho-

1946 2577 2177 2631 minibus
2202 2576 2517 2647 conjngatis.
2547 2574 2698 2643 Quod
2746 2575 2888 2629 enim
2938 2574 3011 2629 illi
3052 2586 3234 2644 postea
3278 2590 3542 2646 propaga-

1948 2668 2091 2725 lione
2117 2668 2358 2723 fecerunt
2382 2709 2395 2729 ,
2432 2666 2531 2721 hoc
2561 2677 2645 2721 est
2669 2667 2917 2721 connubii
2951 2666 3147 2721 bonum
3183 2683 3197 2721 :
3243 2668 3381 2737 quod
3415 2682 3543 2723 vero

1946 2758 2093 2830 prius
2139 2758 2452 2814 confusione
2495 2767 2782 2822 texerunt,
2830 2757 2930 2811 hoc
2973 2767 3057 2811 est
3093 2758 3543 2827 concupiscenlitn

1944 2849 2184 2910 malum.
2222 2848 2365 2919 quod
2410 2849 2770 2918 vitatuhique
2814 2858 3160 2917 Conspectum
3188 2890 3205 2914 ,
3250 2858 3303 2904 et
3350 2852 3546 2918 qna-rit

1945 2939 2191 3010 pudendo
2222 2950 2507 2995 secretum.
2537 2938 2768 2993 Proinde
2800 2939 2997 3008 nuptia:
3019 2940 3143 3009 quia
3168 2940 3325 2993 etiam
3353 2940 3422 2996 de
3451 2940 3544 2996 ilio

1944 3035 2085 3087 malo
2110 3033 2306 3102 aliquid
2337 3032 2458 3086 boni
2489 3030 2687 3086 faciunt
2710 3074 2726 3097 ,
2756 3032 3052 3100 gloriantur
3084 3050 3098 3086 :
3144 3033 3267 3102 quia
3307 3034 3423 3089 sine
3451 3034 3543 3088 illo

1944 3122 2057 3179 ﬁeri
2089 3140 2193 3179 non
2224 3135 2395 3193 poteSt
2420 3166 2433 3188 ,
2468 3125 2809 3179 erubescunt.
2841 3124 3114 3194 Tanquam
3161 3126 3205 3181 si
3271 3127 3539 3197 quispiam

1943 3217 2080 3289 pede
2111 3217 2333 3282 vitiato,
2381 3216 2446 3272 ad
2496 3216 2709 3286 aliquod
2752 3217 2946 3271 bonum
2988 3219 3150 3272 etiam
3188 3219 3541 3275 claudicando

1942 3310 2240 3379 perveniat,
2268 3323 2367 3363 nec
2395 3320 2611 3379 propter
2636 3310 3036 3364 claudiwtionis
3066 3310 3262 3365 malum
3296 3314 3434 3366 tnala
3455 3322 3541 3369 t-st

1943 3398 2032 3454 illa
2082 3400 2377 3470 pcrrcntio,
2407 3416 2505 3454 nec
2533 3409 2749 3469 propter
2791 3400 2928 3454 illius
2955 3404 3314 3467 pet-ventionis
3339 3405 3538 3459 bonum

1942 3490 2079 3545 bona
2110 3500 2190 3546 est
2219 3491 2533 3546 claudicatio
2558 3508 2570 3544 :
2606 3493 2675 3545 ita
2710 3508 2808 3546 nec
2836 3502 3053 3562 propter
3075 3494 3310 3549 libidinis
3339 3498 3536 3551 malum

1942 3584 2155 3653 nuptias
2181 3584 2542 3640 condemnare
2566 3626 2580 3646 ,
2637 3600 2735 3639 nec
2763 3596 2981 3656 propter
3008 3587 3311 3655 nuptiarum
3339 3588 3538 3644 bonum

1942 3676 2214 3732 libidinem
2250 3676 2466 3731 laudare
2496 3676 2773 3730 debemus.

2013 3768 2097 3823 C.~\
2111 3767 2240 3824 PUT
2272 3766 2402 3821 VIII.
2417 3797 2490 3809 -
2511 3766 2565 3823 9.
2588 3765 2640 3820 ΔΙ
2648 3771 2795 3821 orbus
2811 3769 3230 3837 concupiscentia
3252 3772 3302 3823 in
3324 3772 3537 3839 nuptiis,

1942 3877 2043 3916 non
2066 3862 2130 3915 sit
2156 3860 2447 3925 voluntatis,
2478 3861 2567 3915 sed
2593 3862 2917 3916 necessitatis.
2951 3862 3080 3930 Qare
3107 3864 3337 3931 ﬁdelium
3364 3867 3415 3920 in
3443 3884 3539 3921 usu

1941 3954 2250 4008 matrimonii
2281 3954 2456 4007 debeat
2500 3970 2603 4007 esse
2637 3954 2884 4008 voluntas.
2935 3952 3363 4023 Cuncupisceutite
3402 3961 3539 4015 malo

1941 4047 2053 4118 quis
2092 4048 2183 4110 uti,
2216 4055 2261 4098 et
2291 4062 2392 4099 non
2422 4045 2551 4098 vinci
2576 4045 2959 4099 existimandus.
2993 4047 3172 4101 Sancti
3207 4047 3384 4103 Patres
3409 4066 3540 4120 quo-

1941 4137 2093 4191 modo
2118 4138 2237 4191 olim
2262 4138 2557 4209 coujttgibtts
2578 4136 2675 4190 usi.
2717 4135 2821 4192 Iste
2852 4140 3045 4208 quippe
3079 4150 3161 4194 est
3197 4143 3434 4205 Inarhus.
3469 4143 3539 4200 de

1941 4247 2047 4299 quo
2073 4230 2360 4299 Apostolus
2379 4230 2538 4285 etiam
2563 4229 2858 4299 eonjngatis
2890 4231 3138 4286 lidelihus
3167 4232 3388 4301 loquens
3418 4236 3494 4290 ait
3518 4252 3534 4290 :

1943 4323 2071 4378 Iltzc
2112 4335 2183 4377 est
2222 4330 2353 4378 enim
2393 4324 2618 4378 voluntas
2656 4323 2764 4387 Dei,
2798 4325 3131 4392 sanctiﬁcatio
3168 4337 3345 4390 vestra,
3375 4329 3535 4382 absti-

1942 4433 2058 4470 nere
2099 4432 2183 4469 ros
2225 4433 2256 4467 a
2295 4416 2649 4486 fornicatione,
2682 4426 2733 4468 ut
2775 4417 2899 4469 sciat
2943 4418 3287 4483 unusquisque
3322 4432 3537 4474 ves/rum

1942 4526 2087 4563 suum
2126 4526 2210 4562 vas
2248 4508 2503 4579 possidere
2537 4509 2587 4561 in
2622 4509 3020 4575 sanctiﬁcatione
3046 4519 3091 4562 et
3119 4511 3325 4573 honore,
3360 4528 3459 4565 non
3485 4513 3539 4566 iit

1942 4600 2114 4653 morbo
2160 4600 2427 4664 desiderii,
2462 4601 2590 4654 sicut
2636 4610 2681 4652 et
2722 4598 2904 4653 Gentes
2945 4616 3059 4671 qua:
3096 4602 3329 4670 ignorant
3378 4602 3539 4657 licunt

1944 4695 1984 4764 (I
2012 4692 2189 4747 Tlnss.
2222 4709 2289 4756 tv,
2320 4692 2461 4765 5-5).
2494 4692 2606 4747 Non
2634 4693 2808 4748 SOilllll
2840 4694 2995 4762 igitur
3021 4694 3333 4760 c0njngatus
3365 4694 3539 4748 tidelis

1940 4802 2071 4841 vase
2100 4802 2203 4839 non
2234 4795 2409 4839 utatur
2436 4786 2610 4839 alieno
2634 4826 2645 4847 ,
2678 4785 2817 4854 quod
2847 4786 3045 4839 faciunt
3066 4803 3093 4836 a
3127 4787 3318 4854 quihus
3347 4803 3542 4843 uxores

1941 4878 2130 4932 aliena:
2157 4886 2478 4948 appetuntur
2512 4895 2524 4929 :
2554 4877 2647 4930 sed
2677 4893 2772 4929 nec
2801 4892 2969 4944 ipsum
3010 4876 3278 4944 proprium
3318 4878 3368 4930 in
3404 4893 3541 4931 eou-

1942 4969 2286 5039 Cnpiscentia?
2312 4969 2541 5023 carnalis
2570 4968 2756 5020 inorbo
2785 4967 3159 5035 ptmsidendum
3188 4970 3340 5022 sciat.
3385 4970 3540 5036 Quod

1943 5079 2049 5117 non
2069 5062 2144 5117 sic
2162 5061 2526 5131 accipiendum
2554 5070 2654 5119 est.
2681 5071 2928 5130 tanquam
2954 5061 3283 5129 prohibuerit
3311 5067 3370 5131 At
3393 5074 3541 5117 osto-

1944 5157 2027 5212 lns
2053 5156 2404 5225 eonjngalcnt,
2435 5152 2536 5208 hoc
2561 5161 2663 5208 est.
2696 5152 2893 5206 lit-itum
2927 5152 3315 5224 honestumque
3342 5171 3539 5209 conen-

1942 5250 2109 5308 bitttm
2145 5248 2273 5304 :sed
2299 5258 2354 5301 ut
2379 5248 2475 5301 iste
2505 5246 2818 5302 concubitus
2838 5247 2881 5310 ’,
2916 5247 3005 5318 qui
3030 5246 3155 5301 mliil
3185 5248 3441 5304 morbida:
3470 5247 3538 5304 lio

1942 5340 2138 5397 bidinis
2164 5338 2381 5392 Itabrret
2408 5337 2735 5406 adjunctutn,
2763 5338 2804 5390 si
2832 5354 2933 5392 non
2962 5339 3294 5408 praveedente
3322 5351 3539 5409 percolo

1944 5434 2000 5489 in
2026 5448 2091 5488 co
2113 5426 2338 5502 perisset
2360 5429 2619 5485 libertatis
2642 5430 2944 5498 arbitrium,
2962 5430 3103 5502 quod
3133 5446 3274 5486 nunc
3302 5432 3352 5488 id
3380 5432 3542 5489 habet

2009 5611 2026 5677 ξ
2062 5615 2172 5659 ων.
2199 5616 2251 5677 et
2276 5607 2459 5671 aliquot
2483 5606 2862 5677 itss.,ltinr_r_ine.
3034 5666 3047 5677 _
3109 5672 3120 5677 _
3154 5665 3167 5677 _

2008 5674 2030 5705 '
2063 5666 2373 5735 Posteriores
2403 5666 2639 5735 quaedam
2664 5671 2921 5735 edititnies,
3070 5672 3120 5716 ttt
3148 5666 3234 5735 iste
3265 5668 3328 5735 stt
3358 5673 3537 5735 carica:

1945 5734 2083 5789 bitus.
2109 5744 2172 5797 tte
2205 5731 2318 5794 iaul
2336 5749 2345 5777 ι
2366 5724 2489 5797 post,
2513 5733 2780 5797 quodnam
2804 5724 3086 5797 idebjrnltet
3107 5727 3389 5797 adiunctum
3416 5734 3434 5770 :
3479 5724 3535 5773 ιϐ

1943 5808 2038 5845 non
2092 5793 2154 5844 sit
2199 5789 2449 5844 i'ottmtatis
2502 5789 2535 5842 :'
2566 5794 2690 5844 male
2749 5807 2805 5843 ac
2864 5789 3217 5840 reluctantibus
3261 5791 3364 5831 Mss.
