4144 6528
597 362 702 419 419

594 474 922 541 adiunctum,
951 486 1055 530 non
1097 474 1165 531 sit
1194 474 1500 541 voluntatis,
1536 475 1631 531 sed
1675 476 2032 545 necessitatis,
2059 477 2176 532 sine

595 581 697 633 qua
737 576 912 621 tamen
953 566 1002 621 in
1045 566 1383 637 procreandis
1415 569 1537 622 liliis
1562 568 1627 621 ad
1660 567 1884 623 fructum
1915 568 2176 639 perveniri

598 673 702 710 non
724 666 893 725 potest
913 658 1076 728 ipsius
1093 659 1397 715 voluntatis.
1420 659 1549 728 Quae
1574 661 1815 715 voluntas
1837 660 1886 714 in
1900 662 2180 717 connubiis

596 748 830 803 ﬁdelium
872 766 974 804 non
1014 766 1078 805 eo
1128 750 1234 807 ﬁne
1269 751 1681 820 determinatur,
1731 761 1788 806 ut
1840 752 2111 808 transituri
2158 753 2176 786 ¹

595 840 687 896 ﬁlii
722 825 1004 897 nascantur
1025 843 1077 897 in
1097 844 1294 898 saeculo
1320 844 1441 912 isto,
1463 843 1556 899 sed
1583 853 1642 899 ut
1671 846 1999 915 permansnri
2021 860 2178 901 rena-

595 944 811 989 scantur
840 935 890 989 in
917 933 1147 991 Christo.
1188 936 1342 1004 Quod
1388 938 1432 992 si
1478 938 1800 1007 provenerit,
1828 953 2034 994 merces
2071 939 2177 994 erit

595 1025 661 1079 de
689 1027 934 1097 conjugio
959 1027 1130 1097 plena:
1154 1026 1424 1083 felicitatis
1451 1046 1464 1083 :
1496 1029 1540 1083 si
1571 1039 1747 1084 autem
1777 1046 1881 1083 non
1912 1044 2175 1101 provene-

594 1120 683 1187 rit,
711 1135 812 1190 pax
848 1121 945 1173 erit
980 1119 1292 1191 conjugibns
1325 1121 1475 1175 home
1506 1121 1809 1177 voluntatis.
1853 1120 1964 1176 Hac
2002 1122 2176 1175 inten-

595 1211 738 1264 tione
768 1210 943 1264 cordis
972 1212 1061 1280 qui
1092 1228 1245 1266 suum
1279 1227 1371 1267 vas
1398 1213 1656 1282 possidet,
1685 1213 1735 1297 id
1764 1222 1866 1281 est,
1896 1214 2175 1286 conjugem

593 1315 777 1365 suam;
810 1301 992 1370 procul
1022 1300 1183 1356 dubio
1205 1316 1308 1356 non
1343 1302 1575 1372 possidet
1598 1304 1652 1358 in
1684 1305 1871 1360 morbo
1897 1305 2173 1372 desiderii,

591 1393 727 1447 sicut
749 1402 934 1461 gentes
950 1408 1066 1461 qtne
1089 1392 1325 1463 ignorant
1349 1394 1550 1459 Deum;
1572 1393 1664 1449 sed
1686 1395 1736 1450 in
1758 1396 2176 1454 sanctiﬁcatione

591 1489 651 1537 et
688 1481 924 1549 honore,
964 1485 1101 1556 sicut
1145 1484 1326 1539 ﬁdeles
1366 1485 1453 1555 qui
1492 1495 1706 1555 sperant
1751 1488 1801 1541 in
1848 1487 2036 1543 Deum.
2084 1489 2177 1546 illo

592 1578 789 1647 quippe
830 1578 1272 1647 concupiscentim
1315 1580 1453 1633 maio
1493 1579 1657 1634 utitur
1688 1579 1871 1661 homo,
1912 1598 2019 1637 non
2059 1585 2176 1638 vin-

592 1670 748 1734 citur,
765 1669 975 1740 quando
995 1685 1111 1724 eam
1140 1670 1451 1725 inordinatis
1473 1680 1631 1743 atque
1657 1672 1922 1728 indecoris
1938 1675 2176 1731 motibus

591 1768 903 1815 aestuantem
943 1759 1131 1815 frtenat
1168 1770 1222 1817 et
1259 1762 1498 1830 cohibet;
1545 1780 1717 1833 neque
1760 1765 1859 1820 nisi
1899 1768 2173 1837 propagini

588 1851 876 1907 coasulens
892 1852 1092 1906 relaxat
1107 1860 1266 1923 atque
1276 1852 1514 1920 adhibet,
1532 1864 1588 1908 ut
1603 1856 1946 1925 Spirituaiiter
1962 1874 2177 1930 regene-

588 1941 785 1995 randos
800 1942 1082 1997 carnaliter
1097 1943 1297 2014 gignat,
1322 1961 1425 1999 non
1450 1954 1507 1999 ut
1527 1946 1769 2016 spiritum
1791 1950 1937 2003 carni
1960 1950 2171 2006 sordida

586 2034 841 2090 servitute
857 2034 1120 2102 subjiciat.
1150 2037 1238 2091 Sic
1258 2044 1433 2107 patres
1451 2050 1665 2093 sanctos
1680 2041 1703 2072 ⁸
1729 2057 1793 2095 ex
1826 2041 2092 2098 Abraham
2120 2054 2176 2098 et

587 2130 710 2178 ante
728 2124 1018 2190 Abraham,
1038 2125 1229 2195 quibus
1247 2126 1385 2181 Deus
1399 2128 1538 2198 quod
1557 2127 1605 2183 ei
1623 2130 2175 2202 placuerintperbihet

584 2214 973 2280 testimonium,
999 2232 1125 2273 usos
1155 2217 1315 2272 fuisse
1333 2217 1651 2290 conjugihus
1675 2223 1941 2277 neminem
1963 2234 2175 2295 oportet

589 2303 833 2359 dubitare
860 2305 1246 2373 christianum;
1287 2309 1497 2379 quando
1523 2311 1836 2380 quihusdam
1860 2315 2027 2370 etiam
2060 2317 2173 2373 sin-

582 2397 725 2466 gulis
753 2397 927 2465 plures
947 2396 1143 2452 habere
1168 2414 1479 2455 concessum
1505 2410 1607 2467 est,
1626 2402 1713 2457 ubi
1736 2405 1870 2458 ratio
1893 2403 2172 2477 fuitprolis

590 2488 1000 2559 multiplicando:
1019 2532 1034 2556 ,
1066 2507 1171 2546 non
1201 2493 1464 2549 varianda:
1493 2496 1748 2566 appetitio
1778 2501 2079 2571 voluptatis.

660 2580 886 2637 CAPUT
936 2580 1026 2637 IX.
1089 2611 1161 2623 —
1205 2577 1293 2639 10.
1345 2583 1445 2638 Cur
1498 2586 1608 2640 uiro
1674 2588 1843 2655 plures
1896 2592 2172 2662 aliquando

582 2686 787 2735 uxores,
829 2687 1086 2741 nunquam
1136 2682 1303 2728 autem
1344 2675 1542 2746 feminae
1585 2677 1753 2750 plures
1804 2680 1936 2735 viros
1987 2682 2173 2738 habere

587 2760 901 2829 permissum.
958 2760 1158 2815 Natura
1187 2764 1552 2834 principiorum
1580 2766 1984 2840 singularitatem
2011 2783 2166 2827 (κηαι.

584 2849 719 2905 Nam
769 2851 815 2905 si
864 2851 972 2906 Deo
1010 2863 1220 2922 patrum
1257 2865 1603 2925 nostrorum,
1648 2860 1737 2929 qui
1786 2862 1945 2917 etiam
1984 2875 2172 2920 uoster

588 2949 705 3009 est,
757 2942 843 2996 illa
882 2948 1233 2999 numerositas
1271 2946 1554 3019 conjugum
1594 2960 1873 3021 propterea
1908 2969 2014 3009 non
2056 2955 2169 3011 dis-

584 3033 880 3104 plicuisset,
920 3044 977 3088 ut
1013 3036 1281 3104 c0piosius
1317 3051 1377 3093 se
1418 3038 1580 3094 libido
1616 3040 1865 3111 jactaret,
1899 3044 1967 3098 ita
2007 3046 2166 3100 etiam

582 3133 781 3178 sancta:
826 3122 1039 3179 femina:
1087 3127 1384 3183 servissent
1422 3130 1665 3200 pluribus
1716 3132 1938 3204 singula:
1972 3153 1986 3190 :
2025 3137 2167 3208 quod

585 3214 631 3267 si
665 3215 836 3285 aliqua
875 3214 1104 3284 faceret,
1136 3218 1259 3288 quid
1300 3235 1417 3274 eam
1455 3223 1554 3275 nisi
1580 3226 2026 3293 concupiscentiae
2057 3238 2168 3285 tur-

577 3305 768 3376 pitudo
804 3310 1170 3378 compelleret,
1206 3318 1271 3364 ut
1300 3311 1477 3381 plures
1506 3315 1649 3369 viros
1682 3314 1920 3386 haberet,
1953 3321 2167 3390 quando

578 3398 678 3452 ista
720 3399 927 3454 licentia
958 3401 1138 3473 plures
1168 3403 1305 3456 lilios
1343 3420 1446 3459 non
1483 3405 1743 3463 haberet?
1785 3409 2164 3469 Verumtamen

583 3493 749 3561 magis
786 3494 1052 3562 pertinere
1090 3495 1154 3549 ad
1193 3496 1493 3567 nuptiarum
1532 3496 1747 3567 bonum,
1774 3516 1886 3557 non
1915 3519 2076 3559 unum
2109 3515 2166 3561 et

581 3584 795 3651 inultas,
827 3583 919 3638 Sed
950 3600 1111 3639 unum
1144 3593 1198 3640 ct
1235 3602 1416 3656 unam,
1443 3590 1575 3644 satis
1612 3590 1807 3647 indicat
1843 3594 1952 3664 ipsa
1995 3598 2162 3666 prima

579 3673 832 3729 divinitus
856 3676 988 3729 laeta
1014 3676 1295 3747 e0njngum
1318 3678 1527 3748 c0pula,
1553 3689 1612 3734 ut
1637 3682 1758 3737 inde
1782 3687 2044 3741 connubia
2069 3702 2162 3743 su-

573 3773 787 3820 merent
809 3765 1035 3833 initium,
1056 3768 1144 3822 ubi
1170 3769 1441 3824 honestius
1460 3771 1823 3829 attenderetur
1836 3779 2160 3848 exemplum.

573 3856 957 3926 Progrediente
983 3869 1157 3913 autem
1176 3875 1375 3932 genere
1396 3861 1648 3927 humano,
1665 3865 1865 3935 juncta:
1891 3879 2014 3924 sunt
2042 3873 2162 3942 qui-

572 3953 800 4007 husdam
836 3951 989 4007 bonis
1032 3953 1159 4008 viris
1205 3954 1357 4010 bona:
1409 3954 1653 4023 feminae,
1690 3959 1912 4032 singulis
1958 3965 2157 4035 plures.

570 4042 728 4096 {inde
757 4052 975 4112 apparet
1012 4053 1065 4099 et
1099 4044 1222 4099 illud
1248 4046 1517 4118 dignitatis
1553 4052 1721 4122 magis
1751 4056 2016 4125 appetisse
2041 4075 2158 4115 mo-

570 4134 832 4202 destiam,
886 4143 938 4188 et
993 4134 1093 4190 hoc
1140 4134 1481 4194 fecunditatis
1531 4143 1839 4211 permisisse
1888 4157 2156 4207 naturam.

572 4223 710 4279 .Nam
740 4234 793 4278 et
820 4224 1141 4295 principatus
1161 4228 1327 4299 magis
1349 4231 1657 4288 naturaliter
1682 4235 1842 4291 unius
1864 4238 1916 4292 in
1939 4241 2155 4310 multos,

1374 360 1462 419 DE
1499 358 1767 421 NUPTIIS
1802 356 1891 420 ET
1928 354 2537 431 CONCUl’lLSCENTIA,
2583 366 2639 421 S.
2681 362 3050 428 ΑυουδτιΝι

3756 383 3846 444 420
3884 458 3903 471 ξ

2285 478 2508 559 monium
2545 479 2904 536 indissolubilc.
2943 480 3051 538 Lex
3079 486 3255 541 manli
3273 489 3442 559 quoad
3475 491 3731 550 divortium
3753 502 3846 557 alia

2283 586 2315 622 α
2347 548 2451 640 lege
2481 569 2759 642 Evangelii.
2803 573 3062 640 Quoniam
3100 592 3228 635 sane
3257 548 3363 635 non
3396 592 3595 639 tantum
3623 585 3848 648 fecundi-

2288 668 2386 720 tas,
2419 658 2571 727 cujus
2595 658 2796 716 fructus
2823 663 2878 718 in
2909 665 3059 735 prole
3084 676 3196 733 est;
3234 685 3331 725 nec
3360 680 3560 728 tantum
3592 676 3845 752 pudicitia,

2280 748 2434 819 cujus
2460 750 2726 806 vinculum
2767 765 2852 809 est
2887 755 3052 823 lides;
3091 774 3271 814 verum
3299 762 3457 816 etiam
3491 768 3625 834 quin]
3649 773 3742 824 lam
3768 787 3859 825 εις

2283 852 2613 896 cramentnm
2644 845 2943 913 nuptiamm
2975 852 3378 906 conmtendatur
3407 854 3648 912 ﬁdelibus
3675 864 3849 930 conju-

2282 931 2438 1000 gatis,
2466 932 2605 988 unde
2646 934 2774 988 dicit
2804 937 3115 1006 Apostolus,
3156 937 3283 1007 Viri,
3324 943 3521 1014 diligite
3563 963 3737 1003 uxores
3778 968 3850 1005 oe-

2282 1030 2435 1087 straa,
2463 1021 2591 1075 sicut
2617 1033 2663 1077 et
2683 1024 2911 1080 Christus
2937 1028 3110 1082 dilexit
3131 1027 3409 1086 Ecclesium
3430 1033 3640 1106 (Ep/tes.
3665 1055 3712 1106 ν,
3733 1039 3847 1113 25);

2282 1106 2443 1179 hujus
2488 1114 2667 1180 procul
2708 1114 2871 1170 dubio
2900 1122 3218 1174 sacramenti
3247 1137 3333 1177 res
3356 1134 3457 1186 est.
3483 1136 3539 1180 ut
3566 1145 3673 1183 mas
3698 1142 3751 1186 et
3778 1106 3849 1188 te-

2281 1204 2422 1255 mina
2443 1206 2711 1259 connubio
2737 1206 2966 1277 copulati
2997 1213 3250 1281 quamdiu
3275 1219 3455 1270 vivunt
3496 1219 3848 1289 inseparabili-

2280 1299 2363 1347 ter
2388 1306 2750 1363 perseverent,
2782 1291 2880 1354 nec
2911 1300 3064 1355 liceat
3083 1344 3099 1369 ,
3131 1316 3349 1375 excepta
3377 1324 3535 1364 causa
3561 1310 3851 1368 fornicatio-

2282 1382 2386 1445 nis,
2408 1400 2437 1438 a
2469 1386 2696 1457 conjuge
2724 1391 3007 1460 eotijugem
3047 1395 3221 1450 dirimi
3259 1397 3490 1469 (Matth.
3518 1419 3570 1469 v,
3597 1403 3717 1475 δί).
3753 1407 3851 1464 lloc

2276 1475 2422 1529 cnim
2450 1480 2746 1534 custoditur
2768 1482 2818 1535 in
2843 1482 3059 1538 Christo
3077 1496 3131 1541 et
3165 1487 3422 1555 Ecclesia,
3455 1502 3511 1546 ut
3540 1494 3721 1549 vivens
3738 1512 3848 1553 cum

2276 1567 2490 1624 vivente
2528 1569 2580 1623 in
2625 1582 2881 1629 aeternum
2920 1578 3068 1631 nullo
3106 1580 3333 1635 divortio
3366 1599 3661 1655 separetur.
3701 1588 3851 1660 Cujus

2276 1666 2595 1719 sacramenti
2635 1676 2775 1722 tanta
2812 1668 3113 1726 observatio
3134 1687 3213 1728 est
3240 1676 3289 1729 in
3317 1677 3530 1734 civitate
3557 1680 3647 1735 Dei
3671 1684 3845 1753 nostri,

2277 1755 2334 1809 in
2360 1766 2539 1812 monte
2565 1770 2749 1814 sancto
2770 1759 2886 1830 ejus
2916 1760 3091 1833 (Paul.
3122 1780 3286 1833 vau,
3313 1766 3401 1834 2),
3435 1768 3537 1825 hoc
3562 1781 3664 1837 est,
3693 1773 3740 1826 in
3763 1774 3853 1830 Eo-

2242 1901 2246 1904 ,
2278 1847 2439 1902 clesia
2462 1848 2684 1915 Christi,
2708 1854 3005 1924 quibusque
3033 1855 3276 1914 ﬁdelibus
3297 1861 3616 1934 conjugatis,
3638 1866 3724 1936 qui
3746 1866 3851 1923 sine

2276 1935 2440 1992 dubio
2481 1942 2718 1996 membra
2760 1955 2883 1998 sunt
2924 1945 3140 2015 Christi,
3185 1959 3259 2017 ut,
3309 1968 3429 2006 cum
3471 1935 3698 2011 ﬁliorum
3742 1973 3853 2028 prov-

2274 2028 2626 2084 creandorum
2653 2048 2819 2088 causa
2851 2036 2932 2091 vel
2967 2039 3173 2095 nubant
3206 2040 3452 2112 fetidum,
3484 2047 3567 2100 vel
3608 2047 3851 2105 ducantur

2277 2135 2495 2188 uxores,
2521 2138 2619 2178 nec
2654 2125 2890 2181 sterilem
2917 2130 3195 2202 conjugem
3232 2135 3314 2187 l‘as
3346 2135 3414 2189 sit
3454 2137 3769 2209 relinquere,
3800 2150 3850 2196 ut

2275 2211 2380 2265 alia
2413 2210 2639 2268 fecunda
2673 2216 2914 2273 ducatur.
2954 2222 3107 2289 Quod
3130 2224 3173 2278 si
3213 2227 3490 2298 quisquam
3516 2230 3726 2297 fecerit,
3754 2250 3850 2290 non

2279 2299 2394 2370 iege
2416 2301 2575 2373 hujus
2602 2308 2801 2373 stcculi,
2834 2312 2920 2364 ubi
2955 2312 3348 2371 interveniente
3375 2322 3600 2388 repudio
3628 2325 3738 2379 sine
3760 2326 3849 2379 cri-

2273 2393 2419 2446 mine
2454 2396 2767 2451 conceditur
2808 2415 2928 2454 cum
2972 2404 3090 2458 aliis
3129 2406 3231 2461 alia
3273 2413 3526 2479 copulare
3556 2415 3846 2481 connubia;

2276 2482 2416 2550 quod
2446 2485 2605 2540 etiam
2636 2501 2875 2545 sanctum
2907 2492 3120 2566 Moysen
3153 2497 3427 2565 Dominus,
3465 2516 3685 2576 propter
3706 2508 3843 2563 duri-

2274 2575 2403 2629 tiam
2425 2578 2606 2634 cordis
2625 2580 2857 2651 illorum,
2886 2585 3136 2642 lsraelitis
3165 2593 3471 2660 permisisse
3492 2575 3846 2656 tcstatur:sed

2271 2663 2391 2734 iege
2438 2668 2706 2739 Evangelii
2744 2688 2868 2727 rens
2909 2684 2990 2730 est
3021 2678 3305 2747 adulterii;
3349 2684 3487 2740 sicut
3510 2688 3673 2743 etiam
3704 2690 3848 2747 illusi

2273 2756 2426 2810 alteri
2469 2763 2708 2828 nupserit
2748 2763 2975 2832 (Mutila.
3000 2783 3111 2835 aut,
3140 2774 3193 2836 8,
3225 2772 3317 2844 9).
3350 2774 3526 2846 Usque
3547 2781 3715 2836 adeo‘
3743 2798 3845 2838 Illa°

2274 2858 2402 2902 nent
2443 2850 2581 2905 inter
2609 2858 2847 2911 viventes
2886 2863 3052 2914 semel
3098 2861 3223 2917 inita
3258 2864 3380 2935 jura
3423 2872 3761 2940 nuptiarum,
3799 2882 3847 2930 ut

2268 2938 2449 3008 potius
2476 2940 2581 2996 sint
2612 2942 2751 2999 inter
2769 2960 2828 3001 se
2854 2948 3113 3021 conjuges
3134 2954 3220 3022 qtti
3248 2956 3316 3011 ab
3344 2938 3609 3016 alterutro
3630 2938 3863 3035 separati

2272 3036 2418 3092 sunt,
2456 3046 2612 3100 quam
2657 3049 2778 3089 cum
2822 3038 2905 3093 his
2940 3041 3133 3109 quibus
3169 3045 3287 3101 aliis
3328 3047 3687 3109 adha'serunt.
3724 3054 3847 3112 Cum

2268 3118 2391 3173 aliis
2417 3123 2613 3192 quippe
2640 3124 2867 3181 adulteri
2899 3145 3003 3184 non
3033 3143 3249 3202 essent,
3288 3137 3389 3193 nisi
3431 3141 3498 3195 ad
3536 3144 3842 3203 alterutrum

2266 3211 2527 3282 conjuges
2546 3228 2947 3283 permanerent.
2979 3222 3215 3296 Denique
3235 3240 3444 3286 mortuo
3467 3236 3585 3289 viro
3608 3253 3726 3295 cum
3751 3255 3847 3312 quo

2271 3318 2455 3359 verum
2484 3307 2808 3363 conuubium
2836 3310 2953 3382 fuit,
2984 3312 3099 3370 ﬁeri
3122 3333 3303 3375 verum
3325 3326 3651 3382 connubium
3684 3307 3847 3401 potest

2270 3410 2392 3449 cum
2414 3412 2520 3467 quo
2551 3400 2696 3468 prius
2721 3401 3039 3461 adulterium
3073 3407 3187 3465 fuit.
3213 3410 3292 3468 lla
3319 3430 3496 3472 manet
3521 3420 3662 3477 inter
3679 3423 3848 3478 viven-

2271 3499 2350 3543 tes
2376 3490 2627 3561 quiddam
2652 3490 2930 3567 conjugale
2950 3501 2993 3567 ’,
3017 3503 3156 3572 quod
3186 3521 3283 3560 nec
3303 3513 3592 3579 separatio,
3613 3531 3709 3571 nec
3732 3533 3846 3572 cuiu

2267 3579 2439 3636 altero
2457 3583 2723 3653 copulatio
2745 3590 2911 3657 possit
2926 3593 3154 3650 auferre.
3186 3597 3362 3656 Manet
3383 3616 3559 3660 autem
3577 3608 3846 3665 adnexam

2266 3671 2526 3741 criminis,
2557 3690 2665 3730 non
2706 3678 2774 3733 ad
2825 3681 3092 3739 vinculum
3134 3687 3389 3750 federis:
3421 3697 3556 3752 sicut
3598 3710 3848 3769 apostatae

2264 3761 2443 3855 animo
2459 3762 2481 3794 ⁸
2504 3765 2650 3855 velut
2671 3767 2739 3823 de
2758 3770 3014 3845 coniugio
3036 3775 3231 3833 Christi
3256 3784 3533 3855 recedens,
3560 3761 3722 3845 etiam
3750 3793 3847 3849 lida

2264 3852 2473 3921 perdita
2499 3853 2907 3919 Sacramentum
2939 3865 3061 3922 ﬁdei
3089 3883 3193 3925 non
3214 3874 3431 3943 amittit,
3461 3852 3604 3948 quod
3634 3881 3843 3938 lavacro

2264 3949 2682 4041 regenerationis
2705 3956 2931 4027 accepit.
2958 3957 3294 4021 Redderetur
3316 3969 3459 4024 enim
3474 3976 3663 4041 procul
3692 3976 3847 4031 dubio

2262 4036 2579 4110 redeuntum
2595 4044 3361 4114 amisissetabsceueas.ﬂahet
3372 4036 3546 4117 autem
3562 4064 3665 4122 hoc
3677 4069 3848 4139 quire-

2256 4133 2484 4185 cesserit
2496 4134 2563 4186 ad
2579 4137 2849 4194 cumulum
2872 4144 3140 4213 supplicii,
3156 4163 3261 4205 non
3274 4150 3342 4206 ad
3356 4133 3845 4228 mariumjirurmii.

2330 4220 2559 4280 CAPUT
2597 4225 2690 4282 Kal.
2708 4257 2782 4269 —
2808 4231 2898 4285 ﬂ.
2931 4233 3171 4293 [lutitant
3199 4243 3520 4301 continentia
3535 4220 3847 4307 commean-

569 4331 737 4386 quam
778 4316 830 4370 in
862 4332 1022 4371 unmn
1048 4327 1229 4395 potest
1268 4335 1388 4377 esse
1426 4325 1734 4381 multorum.
1779 4328 1887 4386 Nec
1929 4331 2155 4391 dubitari

2268 4311 2457 4382 iugium
2489 4332 2591 4371 non
2621 4319 2837 4376 dirimit.
2872 4322 3059 4382 Verum
3074 4332 3367 4404 confugium
3390 4337 3527 4393 inter
3550 4338 3775 4397 Mariam
3803 4355 3846 4398 et

576 4416 759 4478 potest
785 4407 1011 4463 naturali
1038 4410 1229 4466 ordine
1253 4412 1395 4470 viros
1425 4419 1601 4485 potius
1627 4417 1858 4489 feminis,
1890 4440 2048 4497 quam
2080 4429 2157 4483 vi-

570 4500 666 4563 ris,
694 4499 915 4554 laminas
953 4501 1257 4572 principari.
1305 4505 1455 4573 Quod
1491 4524 1710 4567 servans
1743 4515 2031 4585 Apostolus
2059 4524 2152 4591 ait,

567 4589 738 4662 Caput
766 4591 990 4646 mulieris
1009 4591 1092 4646 .m'r
1120 4592 1161 4666 (ι
1191 4593 1306 4649 Cor.
1336 4612 1411 4665 xi,
1442 4599 1518 4669 3);
1542 4609 1616 4669 et,
1646 4601 1910 4674 Mulieres,
1942 4589 2157 4670 subdita.-

561 4691 723 4736 (θροις
740 4682 858 4738 viris
883 4684 1056 4738 nostris
1077 4683 1291 4756 (Coloss.
1316 4703 1391 4755 Ill,
1418 4690 1541 4762 l8):
1568 4702 1624 4749 et
1646 4699 1917 4766 apostolus
1943 4702 2151 4774 Petrus,

567 4772 841 4839 Quomodo
883 4774 1051 4844 Sara,
1087 4776 1276 4848 inquit,
1316 4778 1671 4853 obsequebatur
1704 4787 1952 4860 Abrahae,
1986 4772 2151 4852 domi;

563 4880 692 4918 4mm
713 4866 858 4920 illum
885 4883 1068 4923 rorans
1099 4870 1139 4941 (Ι
1169 4868 1312 4925 Petr.
1338 4887 1417 4938 tu,
1448 4872 1524 4946 6).
1566 4874 1717 4944 Quod
1757 4879 1882 4937 licet
1924 4884 1994 4940 ita
2030 4903 2151 4947 sese

530 4954 782 5023 whabcat,
807 4965 873 5012 ut
909 4968 1093 5013 natura
1130 4961 1507 5033 principiorum
1536 4977 1680 5024 amet
1708 4970 2146 5048 singularitatem,

561 5045 775 5102 {acilius
793 5056 970 5103 autem
994 5050 1352 5119 .pluralitatem
1381 5058 1654 5115 videamus
1683 5060 1735 5114 in
1762 5063 1989 5123 subditis
2017 5085 2031 5123 :
2065 5045 2146 5126 ta;

558 5153 690 5192 men
718 5138 897 5207 plures
916 5139 1127 5196 lentintc
1152 5143 1243 5199 uni
1265 5143 1379 5201 viro
1404 5160 1673 5220 nunquam
1705 5150 1846 5210 licitc
1858 5156 2147 5231 jungeren-

558 5238 675 5296 iur,
701 5231 799 5286 nisi
828 5245 894 5287 ex
922 5231 1029 5288 hoc
1055 5234 1231 5305 plures
1260 5237 1353 5293 lilii
1374 5254 1740 5300 nascerentur.
1779 5247 1938 5306 Unde
1967 5252 2009 5307 si
2033 5269 2144 5310 una

556 5321 885 5379 concumbat
912 5339 1035 5379 cum
1061 5326 1469 5402 pluribus,iquia
1501 5349 1606 5390 non
1633 5347 1717 5393 est
1743 5340 1792 5395 ei
1812 5340 1943 5399 hinc
1962 5346 2145 5402 multi-

560 5414 781 5484 plicatio
804 5415 967 5487 prolis
985 5458 1000 5482 ,
1030 5419 1127 5474 sed
1145 5418 1509 5493 frequentatio
1531 5428 2010 5508 libidinis-conj“
2037 5455 2142 5497 non

555 5515 736 5579 potest
765 5523 905 5575 esse,
933 5511 1025 5567 sed
1048 5516 1322 5571 meretrix.

629 5597 853 5657 CAPUT
891 5601 959 5657 Χ.
986 5632 1058 5644 --
1095 5605 1183 5661 tl.
1212 5605 1594 5668 Sacrameutttm
1624 5615 1932 5689 nuptiarum.
1961 5621 2142 5681 Hatri-

611 5756 638 5815 ἐ
674 5759 805 5815 nam.
837 5757 1119 5811 transuorii.

610 5814 639 5845 ‘
670 5813 858 5880 Aliquot
890 5826 1018 5885 “$3.,
1040 5821 1110 5874 sic
1131 5828 1293 5887 patres
1313 5835 1511 5882 nostra.

2256 4401 2471 4475 Joseph.
2496 4404 2690 4480 Ioseph
2724 4416 2976 4482 quomodo
3003 4401 3385 4490 paterVCIirim'.
3421 4426 3489 4484 In
3530 4436 3846 4490 matrimonio

2259 4494 2533 4596 Mat-itaet
2568 4499 2764 4575 Ioseph
2801 4510 2972 4564 omnia
3010 4516 3154 4584 {uere
3185 4521 3411 4593 conjugii
3448 4523 3598 4580 bona.
3645 4528 3846 4596 Quibus

2256 4602 2386 4643 vero
2412 4589 2675 4659 placuerit
2709 4613 2773 4653 ea
2809 4614 3095 4675 consensu,
3124 4608 3192 4664 ab
3217 4626 3315 4667 usu
3340 4617 3569 4673 carnalis
3588 4625 3843 4693 concupi-

2257 4682 2474 4737 scentiae
2508 4684 2560 4739 in
2595 4699 2908 4760 perpetuum
2938 4699 3238 4771 continere,
3277 4705 3416 4762 absit
3450 4717 3509 4764 ut
3548 4710 3689 4768 inter
3728 4682 3842 4771 illos

2258 4775 2527 4831 vinculum
2552 4780 2830 4855 conjugale
2850 4800 3137 4861 rumpatur
3162 4810 3175 4847 :
3205 4797 3314 4852 imo
3338 4798 3543 4858 ﬁrmius
3568 4808 3703 4873 erit,
3729 4824 3843 4880 quo

2255 4866 2425 4936 magis
2457 4884 2520 4925 ea
2562 4884 2715 4943 pacta
2755 4891 2937 4935 secum
2995 4882 3243 4956 inierint,
3285 4905 3405 4961 quae
3451 4866 3842 4956 charius'oon-

2253 4960 2573 5032 cordiusque
2610 4969 2871 5026 servanda
2920 4983 3064 5042 sunt,
3106 4994 3212 5034 non
3255 4960 3566 5055 voluptariis
3613 4992 3842 5049 nexibus

2252 5064 2576 5124 corporum,
2639 5059 2737 5115 sed
2800 5064 3113 5124 voluntariis
3170 5070 3450 5134 an‘eetibus
3508 5080 3833 5140 animorum.

2251 5139 2433 5235 l_\‘eque
2482 5147 2632 5203 enim
2697 5149 2956 5210 fallaciter
3007 5158 3076 5214 ab
3128 5164 3321 5235 angelo
3379 5166 3579 5227 dictum
3622 5183 3718 5228 est
3773 5139 3838 5233 ad

2248 5231 2468 5304 «Ioseph,
2505 5236 2632 5294 Noli
2675 5243 2849 5300 timere
2877 5249 3106 5321 accipere
3147 5231 3368 5314 Mariam
3402 5264 3677 5337 coniugem
3703 5231 3843 5326 luant

2251 5326 2462 5431 (Manli.
2503 5349 2541 5399 t,
2575 5333 2691 5408 20).
2729 5337 2938 5411 Conjux
2961 5356 3179 5404 vocatur
3200 5365 3266 5407 ex
3292 5354 3460 5422 prima
3599 5357 3840 5431 despon-

2248 5419 2493 5490 sationis,
2534 5439 2693 5495 quam
2730 5433 3020 5490 concubitu
3059 5453 3161 5494 nec
3198 5419 3540 5515 cognoverat,
3575 5464 3680 5507 nec
3702 5419 3838 5511 ’τυθ-

2248 5521 2330 5567 rat
2373 5515 2685 5585 cogniturus
2715 5537 2729 5575 :
2763 5538 2861 5578 nec
2908 5527 3167 5597 perierat,
3207 5549 3309 5590 nec
3354 5537 3578 5595 mendax
3612 5556 3835 5599 manse-

2310 5646 2328 5728 ξ
2592 5650 2847 5728 θέμὶίὲἓφιοι
2865 5665 2992 5721 διεεον
3014 5668 3060 5713 ει
3082 5654 3231 5728 mare
3249 5667 3387 5724 σάω.

2308 5706 2433 5793 Laio
2466 5714 2573 5760 uss.
2609 5713 2724 5765 Editi
2746 5706 3000 5791 Vorm—ita
3460 5731 3701 5789 chartam
3730 5751 3847 5789 rou-

2235 5766 2421 5830 Jugale,-

2310 5828 2332 5860 ³
2354 5829 2519 5884 llures
2541 5841 2673 5901 διε-ε..
2697 5850 2913 5896 «postilla
2930 5846 3107 5899 inritata.
