4144 6530
286 338 367 395 η,
1659 326 1863 387 usus
1898 327 2172 391 PRIMUS.

279 460 359 507 rat
378 449 618 522 conjugis
644 446 949 521 appellatio,
970 444 1061 500 ubi
1082 461 1181 501 nec
1201 442 1395 510 luctat,
1420 459 1517 501 uec
1548 443 1717 499 futura
1748 453 1863 501 crat

277 541 451 599 carnis
492 540 598 596 ulla
630 538 961 596 commixtio.
992 534 1120 591 Erat
1144 537 1342 608 quippe
1372 534 1460 591 illa
1483 536 1632 606 virgo
1658 534 1780 590 ideo
1806 547 1862 591 et

279 635 514 691 sanctius
549 642 607 689 et
647 631 942 689 mirabilius
964 628 1200 702 jucunda
1238 645 1338 685 suo
1376 629 1515 698 viro,
1545 629 1667 700 quia
1698 630 1861 685 etiam

278 723 499 781 fecunda
529 723 647 781 sine
665 723 800 789 viro,
824 720 975 794 prole
1002 721 1206 792 dispar,
1230 720 1335 777 lide
1362 734 1602 791 compar.
1635 719 1865 792 Propter

276 818 414 891 quod
452 817 608 874 lidele
647 816 952 889 coniugium
994 823 1242 887 parentes
1266 812 1465 870 Christi
1496 813 1674 870 vocari
1702 814 1862 870 ambo

277 920 607 972 meruerunt,
635 917 819 965 etnon
840 907 1011 964 solum
1034 907 1121 962 illa
1148 915 1338 968 mater.
1370 921 1556 962 verum
1582 905 1746 962 etiam
1774 906 1862 963 ille

277 1012 425 1074 pater
448 1000 584 1073 ejus,
605 1000 744 1056 sicut
769 998 964 1072 conjux
985 999 1172 1056 matris
1190 998 1327 1071 ejus,
1346 1005 1633 1067 utrumque
1654 1008 1860 1065 mente,

276 1108 379 1149 non
406 1107 586 1150 carne.
611 1091 737 1149 Sive
762 1100 940 1147 tamen
962 1090 1054 1146 ille
1078 1100 1232 1163 pater
1251 1090 1368 1147 sola
1399 1099 1601 1156 mente,
1631 1092 1746 1145 sive
1772 1090 1861 1145 illa

276 1190 445 1238 mater
492 1191 546 1237 et
587 1197 772 1249 carne,
823 1188 1069 1253 parentes
1119 1190 1301 1237 tamen
1346 1179 1508 1236 ambo
1548 1180 1861 1236 humilitatis

273 1274 410 1343 ejus,
438 1290 543 1330 non
582 1274 958 1340 sublimitatis;
1006 1271 1352 1342 inﬁrmitatis,
1395 1289 1503 1328 non
1546 1273 1856 1328 divinitatis.

272 1364 456 1438 Neque
494 1365 635 1421 enim
676 1366 933 1422 mentitur
970 1363 1342 1437 Evangelium,
1383 1365 1473 1421 ubi
1521 1365 1713 1436 legitur
1746 1382 1760 1420 :
1792 1363 1860 1419 Et

272 1469 413 1516 erant
430 1469 573 1530 pater
590 1460 697 1528 eius
716 1468 764 1515 et
787 1469 948 1513 mater
971 1459 1210 1515 mirantes
1228 1474 1381 1531 super
1399 1459 1478 1513 his
1492 1474 1607 1530 qua:
1618 1457 1859 1514 diceban-

271 1560 352 1606 tur
389 1552 452 1606 de
485 1550 599 1606 illo.
641 1551 709 1607 Et
745 1551 856 1607 alio
893 1550 1013 1607 loco
1045 1548 1156 1634 εει
1187 1551 1328 1606 ibant
1355 1559 1586 1623 parentes
1622 1550 1733 1623 ejus
1768 1566 1860 1620 per

270 1659 442 1698 omnes
471 1658 633 1699 annos
667 1644 722 1698 in
752 1641 1058 1703 Jerusalem.
1093 1641 1225 1699 Item
1249 1643 1406 1714 paulo
1429 1653 1550 1714 post
1584 1660 1599 1699 :
1631 1641 1697 1697 Et
1725 1642 1857 1698 dixit

269 1742 430 1790 mater
463 1734 572 1806 ejus
596 1735 664 1790 ad
686 1734 834 1790 illum
860 1750 880 1791 :
903 1734 1039 1801 Fili,
1069 1737 1193 1808 quid
1219 1736 1383 1809 fecisti
1407 1736 1550 1791 nobis
1577 1735 1688 1791 sic?
1723 1734 1858 1792 Ecce

269 1840 412 1899 pater
453 1838 568 1884 tuus
606 1838 652 1884 et
696 1846 787 1901 ego
830 1829 1057 1887 dolentes
1096 1830 1445 1899 quaerebamus
1470 1840 1538 1886 te.
1582 1830 1773 1887 Atille
1798 1838 1857 1886 ut

264 1921 573 1975 ostenderet
596 1918 794 1977 habere
831 1935 891 1977 se
927 1929 1121 1991 prteter
1162 1921 1286 1977 illos
1326 1929 1554 1993 patrem,
1602 1921 1693 1994 qui
1727 1938 1853 1979 eum

264 2012 446 2083 genuit
489 2021 685 2083 praeter
722 2022 967 2080 matrem,
1001 2013 1279 2085 respondit
1312 2014 1429 2071 eis:
1462 2015 1603 2103 Quid
1618 2025 1693 2071 cst
1715 2016 1852 2086 quod

262 2120 343 2158 tne
369 2103 702 2176 quitrebatis.’
744 2102 1057 2159 Nesciebatii
1080 2105 1200 2176 quia
1223 2106 1277 2160 in
1306 2105 1386 2160 Itis
1410 2122 1525 2177 quae
1553 2102 1723 2162 Patris
1754 2108 1854 2163 mei

263 2203 397 2261 sunt,
431 2202 624 2265 oportet
660 2211 739 2250 nte
766 2196 909 2251 esse?
948 2195 1019 2251 Et
1055 2212 1290 2262 rursum,
1322 2212 1391 2253 ne
1429 2196 1531 2254 hoc
1566 2197 1710 2255 dicto
1753 2214 1850 2269 pa-

264 2294 444 2342 rentes
487 2286 605 2342 illos
646 2302 869 2358 negasse
916 2296 1210 2359 putaretur,
1256 2288 1593 2361 Evangelista
1636 2299 1850 2346 secutus

264 2379 543 2452 adjuuxit:
574 2382 641 2437 Et
680 2383 779 2453 ipsi
808 2400 910 2438 non
932 2384 1286 2439 intellexerunt
1314 2383 1515 2439 uerbum
1546 2385 1680 2449 quod
1704 2388 1845 2440 ἰοί-ιιι

264 2482 344 2526 tus
360 2481 433 2527 est
458 2473 525 2527 ad
554 2473 690 2553 illos.
723 2472 789 2529 Et
808 2474 1064 2530 descendit
1085 2492 1199 2529 cum
1220 2475 1311 2540 eis,
1334 2484 1385 2530 et
1410 2474 1540 2530 venit
1564 2473 1846 2542 Nazarcth,

263 2573 310 2618 et
333 2574 438 2619 erat
466 2564 696 2620 subditus
722 2566 823 2621 illis
852 2565 1015 2641 (Luc.
1043 2583 1101 2632 ιι,
1124 2568 1215 2636 55,
1243 2568 1334 2636 bl,
1364 2567 1533 2624 48-51
1558 2568 1599 2639 ).
1643 2569 1850 2636 Quibus

259 2652 525 2718 subditus,
552 2656 653 2710 nisi
688 2656 1031 2726 parentibus?
1059 2656 1190 2726 Quis
1217 2665 1395 2713 autem
1426 2658 1672 2715 subditus
1693 2700 1708 2727 ,
1742 2661 1845 2717 nisi

258 2742 418 2800 .lcSus
442 2745 708 2813 Christus,
734 2748 825 2820 qui
853 2763 976 2805 cum
1007 2748 1059 2805 in
1089 2748 1259 2804 forma
1293 2749 1389 2806 Dei
1427 2758 1590 2816 esset,
1620 2766 1728 2806 non
1756 2766 1846 2807 ra-

262 2835 441 2903 pinam
466 2837 765 2895 arbitratus.
781 2848 864 2893 est
887 2853 1008 2894 esse
1036 2839 1256 2910 aequalis
1282 2840 1425 2896 Deo?
1452 2838 1561 2895 Cur
1586 2856 1715 2913 ergo
1743 2842 1847 2897 illis

258 2925 525 2994 subditus,
553 2929 641 2999 qui
673 2930 828 3001 longe
852 2930 986 2985 inira
1010 2930 1239 2986 formam
1270 2930 1367 2987 Dei
1392 2942 1565 3000 erant,
1595 2934 1698 2988 nisi
1722 2934 1844 3003 quia

256 3020 607 3092 semetipsum
636 3022 927 3079 exinauivit
954 3023 1180 3080 formam
1203 3026 1345 3081 servi
1373 3025 1644 3096 accipiens
1677 3025 1847 3101 (Phi-

253 3114 351 3185 lip.
385 3130 440 3178 ll,
469 3114 524 3183 6,
557 3114 647 3188 7),
679 3116 830 3189 cujus
865 3116 1051 3174 l'ormse
1085 3128 1335 3190 parentes
1365 3119 1557 3177 erant?
1589 3120 1697 3178 Sed
1722 3137 1843 3176 cum

258 3206 352 3261 illo
377 3223 484 3263 non
507 3210 805 3266 seminante
829 3210 917 3266 illa
947 3212 1259 3282 peperisset,
1288 3213 1527 3284 profecto
1551 3230 1650 3271 nec
1677 3215 1846 3285 ipsius

258 3296 446 3353 Emme
470 3300 609 3355 servi
636 3311 884 3371 parentes
905 3302 1063 3358 ambo
1081 3310 1284 3370 essent,
1302 3304 1405 3361 nisi
1434 3304 1575 3362 inter
1596 3320 1656 3363 se
1683 3307 1850 3364 etiam

256 3389 375 3446 siue
404 3392 579 3448 carnis
600 3394 977 3452 commistione
996 3396 1248 3467 conjuges
1275 3406 1476 3454 essent.
1501 3397 1652 3456 Unde
1679 3409 1735 3456 et
1753 3415 1843 3457 se-

257 3480 365 3536 ries
391 3484 816 3554 generationum,
833 3502 954 3543 cum
994 3496 1247 3560 parentes
1281 3491 1476 3548 Christi
1510 3494 1847 3552 connexione

256 3575 611 3633 successionis
631 3591 1137 3644 commemorantur,
1160 3599 1326 3655 usque
1353 3584 1420 3640 ad
1442 3584 1640 3659 Ioseph
1668 3589 1845 3658 potius

257 3667 395 3721 sicut
432 3666 625 3725 factum
669 3681 770 3738 est,
799 3671 969 3729 fuerat
991 3674 1327 3745 perducenda
1354 3675 1568 3751 (Matth.
1606 3694 1645 3746 t,
1677 3680 1766 3748 16,
1794 3691 1841 3735 et

260 3755 385 3811 Luc.
416 3775 492 3821 ut.
524 3759 629 3833 25)
655 3776 671 3827 ;
715 3778 783 3818 ne
809 3763 863 3819 in
889 3765 980 3821 illo
1006 3765 1254 3837 conjugio
1273 3808 1290 3835 ,
1319 3768 1454 3823 virili
1484 3771 1633 3827 sexui
1662 3771 1844 3843 utique

258 3848 449 3917 potiori
471 3850 621 3908 lit-ret
644 3854 855 3924 injuria,
876 3871 997 3912 cum
1018 3858 1232 3935 veritati
1253 3859 1385 3915 nihil
1415 3861 1613 3931 periret
1629 3862 1751 3934 quia
1774 3878 1844 3919 ex

254 3939 458 3997 semine
484 3942 665 4010 David,
684 3961 753 4002 es
769 3962 875 4017 quo
895 3958 1147 4005 venturus
1166 3951 1449 4021 praedictus
1468 3962 1553 4009 est
1575 3953 1845 4026 Christus,

254 4040 311 4086 et
336 4031 531 4104 Joseph
556 4047 672 4091 erat
696 4047 751 4093 et
768 4038 950 4095 Maria.

330 4125 415 4180 l5.
459 4125 627 4182 Omne
666 4128 845 4200 itaque
886 4133 1187 4203 nuptiarum
1230 4133 1423 4191 bonum
1454 4136 1730 4208 impletum
1760 4148 1842 4197 est

252 4215 306 4271 in
336 4216 439 4270 illis
466 4220 771 4287 parentibus
790 4222 1008 4293 Christi,
1034 4225 1231 4295 proles.
1252 4227 1401 4292 ﬁdes,
1428 4242 1839 4290 sacramentum.

253 4306 463 4363 Prolem
493 4312 861 4383 cognoscimus
892 4314 1065 4386 ipsum
1095 4318 1377 4375 Dominum
1406 4320 1588 4377 Jesum
1613 4340 1627 4378 :
1653 4322 1837 4392 tidem,

250 4401 373 4471 quia
418 4402 621 4459 nullum
657 4406 976 4465 adulterium
1010 4416 1602 4485 :sacrameutum,quia
1636 4416 1841 4472 nullum

248 4495 556 4552 divortium.

322 4587 547 4647 CAPUT
578 4589 949 4650 Mla—Omnis
971 4611 1086 4667 qua
1102 4596 1166 4653 de
1180 4599 1441 4656 concubitu
1462 4602 1707 4668 nascitur,
1719 4619 1839 4658 caro

252 4684 447 4747 peccati
472 4694 563 4738 est.
606 4685 763 4741 Solus
803 4685 877 4743 ibi
922 4689 1174 4759 nuptialis
1214 4693 1527 4749 concubitus
1574 4710 1679 4749 non
1719 4694 1837 4761 l'uit,

250 4773 374 4841 quia
407 4774 460 4829 in
486 4789 649 4832 carne
679 4778 880 4848 peccati
909 4778 1022 4835 ﬁeri
1051 4797 1155 4836 non
1178 4793 1389 4853 poterat
1408 4785 1523 4839 sine
1548 4785 1632 4840 illa
1660 4787 1840 4842 carnis

252 4862 497 4931 pudenda
543 4868 1012 4938 concupiscentia,
1057 4886 1176 4942 quae
1230 4874 1421 4928 accidit
1472 4890 1539 4930 es
1583 4885 1833 4945 peccato,

250 4955 365 5009 sine
410 4971 512 5027 qua
553 4959 761 5030 concipi
790 4961 975 5025 voluit,
1010 4964 1100 5031 qui
1144 4963 1348 5021 futurus
1392 4977 1508 5021 erat
1553 4969 1670 5025 sine
1715 4986 1840 5041 pee-

249 5056 391 5110 cato,
422 5063 526 5102 non
556 5048 608 5103 in
647 5066 808 5107 carne
842 5054 1068 5124 peccati,
1099 5056 1192 5110 sed
1239 5057 1289 5110 iu
1338 5059 1683 5117 similitudine
1719 5077 1840 5117 car-

252 5137 339 5191 nis
376 5139 576 5207 peccati
611 5139 804 5212 (Boni.
840 5160 951 5208 vni,
984 5145 1103 5218 5):
1132 5155 1192 5202 ut
1230 5148 1354 5204 hinc
1398 5151 1560 5206 etiam
1597 5151 1835 5221 doceret,

247 5241 462 5282 omnem
487 5244 606 5300 qua:
631 5229 697 5296 de
725 5234 1009 5290 concubitu
1037 5236 1293 5304 nascitur,
1322 5254 1537 5296 carnem
1569 5256 1690 5298 esse
1715 5259 1839 5314 ραις

245 5321 374 5387 cati;
402 5323 829 5396 quandoquidem
866 5330 979 5386 sole
1007 5346 1125 5403 qua:
1150 5348 1259 5389 non
1284 5334 1409 5392 inde
1438 5345 1559 5393 nata
1585 5348 1705 5406 est,
1728 5355 1837 5396 non

248 5412 351 5506 luit
385 5428 521 5472 caro
550 5420 776 5489 peccati.
802 5419 1061 5491 Quamvis
1087 5427 1380 5499 conjugalis
1405 5431 1718 5489 concubitus
1744 5433 1843 5506 qui

246 5503 308 5561 ﬁt
331 5506 625 5565 intentione
650 5513 960 5582 generandi,
985 5531 1090 5573 non
1121 5518 1190 5574 sit
1213 5518 1332 5592 ipse
1360 5531 1636 5592 peceatum
1670 5543 1684 5581 :
1712 5503 1837 5597 quia

245 5600 383 5654 bruta
407 5603 650 5660 voluntas
673 5606 859 5675 animi,
885 5622 1196 5680 sequentem
1224 5613 1391 5681 ducit,
1419 5630 1522 5672 non
1552 5616 1835 5674 ducentem

241 5692 487 5761 sequitur
529 5695 774 5765 corporis
812 5697 1165 5770 voluptatem;
1210 5718 1310 5759 nec
1359 5704 1646 5763 humanum
1688 5706 1833 5764 arbi-

246 5782 403 5838 trium
428 5783 657 5841 imbitur
676 5786 989 5861 subjugante
1006 5803 1243 5863 peccato,
1269 5809 1390 5850 cum
1410 5795 1552 5867 justo
1581 5800 1834 5871 redigitur

1974 444 2027 499 in
2057 461 2209 500 usum
2251 449 2537 518 generandi
2579 453 2729 526 plaga
2771 459 2997 528 peccati.
3035 461 3207 533 Hujus
3234 466 3404 540 plaga:
3438 471 3567 540 qui..

1968 534 2091 589 dam
2142 538 2375 607 pruritus
2427 541 2479 596 in
2527 542 2907 604 adulteriorum
2954 560 3010 607 et
3055 534 3470 614 fornicationum
3508 574 3566 617 et

1969 628 2327 695 quorumlibet
2365 641 2669 704 stuprorum
2713 648 2873 710 atque
2913 640 3368 702 immunditiarum
3410 651 3565 706 laedi-

1970 716 2167 773 tatibus
2208 731 2425 792 regnat;
2477 725 2527 780 in
2567 731 2953 788 connubiorum
2984 750 3110 790 vero
3145 742 3557 798 necessitudini-

1968 807 2105 864 bus'
2137 814 2318 869 servit.
2364 815 2446 881 lbi
2480 816 2549 874 de
2577 818 2796 878 domino
2819 825 2906 879 tali
2935 828 3205 896 turpitudo
3234 830 3518 888 damnatur
3543 877 3558 900 ,

1966 898 2056 957 hic
2077 901 2143 957 de
2165 906 2483 978 pedissequo
2509 911 2597 966 tali
2627 911 2876 969 honestas
2899 919 3311 976 verecundamr.
3337 923 3452 978 Non
3475 898 3562 982 est

1967 990 2128 1062 igitur
2163 993 2279 1051 haec
2322 998 2489 1055 libido
2527 1004 2828 1073 nuptiarum
2856 1006 3077 1077 bonum,
3113 1012 3205 1067 sed
3238 1014 3561 1075 obscamitas

1940 1089 2324 1154 peccantium,
2359 1094 2650 1151 necessitas
2678 1102 3067 1169 generantium,
3098 1103 3433 1163 lasciviarum
3464 1126 3558 1165 ar-

1966 1174 2087 1245 dor,
2122 1180 2422 1250 nuptiarum
2455 1186 2643 1256 pudor.
2693 1190 2800 1245 Cur
2841 1206 2971 1263 ergo
3009 1212 3111 1249 non
3157 1197 3407 1269 conjuges
3445 1218 3559 1259 ma-

1965 1278 2147 1339 neant,
2199 1273 2289 1342 qui
2342 1289 2408 1330 ex
2459 1292 2726 1336 consensu
2776 1285 3132 1343 concumbere
3179 1289 3455 1357 desinunt;
3511 1294 3557 1350 si

1965 1371 2276 1418 manserunt
2295 1365 2550 1439 conjuch
2574 1369 2771 1443 Joseph
2794 1383 2848 1429 et
2870 1373 3055 1443 Maria,
3079 1378 3168 1450 qui
3195 1384 3554 1440 concumbere

1963 1464 2064 1506 nec
2085 1458 2399 1523 eruperunt?

2030 1543 2259 1640 CA‘DUT
2298 1548 2508 1605 Xlll.——
2528 1554 2614 1610 14.
2653 1556 2783 1615 Ante
2806 1558 3067 1619 Christum
3087 1575 3283 1639 tempus
3308 1571 3553 1640 nubendi,

1960 1644 2071 1704 post
2096 1634 2347 1695 Christum
2375 1645 2664 1703 continendi
2689 1660 2883 1721 tempus
2906 1665 2997 1711 est.
3033 1658 3159 1716 llaec
3179 1634 3320 1717 enim
3355 1634 3551 1736 propa;

1959 1729 2103 1827 gatio
2128 1730 2378 1800 ﬁliorum,
2408 1744 2527 1808 qua:
2557 1741 2608 1795 in
2640 1745 2838 1800 sanctis
2868 1749 3109 1816 patribus
3140 1729 3549 1827 promer-gene-

1958 1820 2181 1875 randum
2212 1834 2267 1879 et
2304 1833 2731 1889 conservandum
2765 1839 3014 1907 pupulum
3053 1820 3176 1907 Dei,
3210 1820 3261 1900 in
3290 1820 3550 1919 quo-pro-

1960 1911 2192 1981 phetiam
2236 1916 2430 1977 Christi
2476 1927 2779 1995 prtecedere
2826 1933 3096 2001 Oportuit,
3154 1911 3546 1999 officiosis-sima

1958 2004 2086 2073 luit,
2119 2024 2256 2065 nunc
2280 2010 2390 2081 jam
2426 2030 2532 2069 non
2575 2016 2729 2073 habet
2769 2021 2911 2076 illam
2958 2028 3353 2085 necessitatem.
3396 2032 3548 2089 Patet

1957 2098 2156 2169 quippe
2175 2099 2284 2171 jam
2312 2118 2374 2157 ex
2411 2107 2658 2162 erunibus
2685 2112 2932 2179 gentibus
2952 2116 3300 2184 spiritualitcr
3319 2123 3543 2192 gignen-

1955 2187 2145 2244 dorum
2167 2233 2182 2258 ,
2214 2192 2582 2268 undecumque
2625 2202 2910 2258 carnaliter
2956 2207 3062 2261 nati
3110 2187 3341 2278 fuerint,
3373 2187 3551 2284 'copia

1956 2278 2206 2337 ﬁliorum.
2237 2284 2303 2339 Et
2326 2287 2466 2357 quod
2497 2292 2753 2360 scriptum
2783 2304 2894 2361 est,
2927 2294 3148 2371 Tempus
3172 2278 3548 2373 amplectendi,

1953 2382 2001 2426 et
2013 2384 2208 2445 tentpus
2225 2379 2515 2434 continendi
2533 2382 2595 2438 ab
2615 2387 2853 2457 amplexu
2876 2388 3070 2461 (Eccle.
3091 2410 3169 2460 ιιι,
3186 2396 3240 2467 5)
3258 2414 3272 2459 ;
3307 2414 3401 2468 per
3420 2402 3555 2460 illud»

1952 2472 2110 2535 atque
2124 2465 2223 2522 hoc
2242 2477 2448 2540 tempus
2462 2474 2482 2504 '
2503 2480 2810 2545 agnoscitur
2822 2480 3182 2541 distributum.
3207 2465 3336 2545 illud
3354 2494 3550 2565 quippe

1953 2556 2050 2612 fuit
2071 2562 2447 2631 amplectendi,
2479 2566 2582 2624 hoc
2615 2579 2792 2627 autem
2838 2575 3143 2634 continendi
3173 2581 3243 2637 ab
3270 2556 3547 2654 amplcsit.

2025 2649 2112 2706 l5.
2154 2651 2335 2723 itaque
2363 2665 2417 2711 et
2447 2658 2733 2728 Apostolus
2758 2679 2879 2720 cum
2911 2666 3037 2723 hinc
3063 2649 3392 2743 loqueretur,
3421 2679 3495 2732 ait
3527 2697 3552 2736 ε

1951 2740 2068 2797 Hoc
2097 2756 2264 2800 auten:
2305 2748 2417 2804 dico
2437 2792 2451 2818 ,
2480 2752 2662 2821 fratres
2685 2772 2705 2811 :
2744 2768 2941 2831 tempus
2977 2740 3274 2833 breue‘est;
3300 2771 3549 2843 reliquum

1949 2844 2024 2889 est
2045 2845 2092 2890 et
2114 2841 2274 2907 utqui
2295 2841 2479 2897 habent
2501 2860 2686 2902 uxores
2706 2858 2945 2923 tanquam
2963 2871 3064 2910 non
3083 2857 3319 2916 habentes
3340 2841 3439 2917 sint
3458 2881 3477 2929 ,'
3497 2876 3549 2922 et

1947 2929 2033 3000 qui
2050 2930 2194 3000 flent,
2223 2942 2462 3004 tanquam
2489 2954 2587 2991 non
2611 2940 2827 3010 flentes;
2853 2953 2899 2998 et
2917 2947 3006 3019 qui
3023 2949 3248 3020 gaudent
3267 2993 3281 3016 ,
3305 2962 3553 3024 tanquam

1949 3038 2051 3076 non
2070 3024 2343 3093 gaudentes
2363 3043 2384 3092 ,'
2403 3040 2450 3083 et
2465 3031 2551 3099 qui
2571 3043 2758 3097 emunt,
2778 3044 3025 3106 tanquam.
3041 3057 3141 3095 non
3161 3045 3468 3113 possidentes
3485 3048 3506 3080 ³
3523 3064 3556 3117 ;

1949 3122 1996 3166 et
2015 3114 2101 3179 qui
2119 3123 2330 3170 utuntur
2347 3118 2441 3172 hoc
2456 3130 2663 3187 mundo,
2685 3134 2924 3196 tanquam
2945 3147 3045 3184 non
3068 3143 3275 3189 utuntur
3286 3152 3305 3190 .'
3326 3114 3551 3208 praeterit

1949 3219 2083 3258 enim
2099 3206 2268 3276 ﬁgura
2290 3208 2442 3282 hujus
2463 3214 2658 3282 mundi.
2691 3213 2813 3271 Volo
2829 3232 2915 3272 vos
2933 3220 3042 3275 sine
3058 3206 3398 3283 sollicitudine
3415 3247 3542 3287 esse.

1949 3291 2075 3349 llaec
2095 3298 2292 3363 omnia,
2313 3308 2369 3355 ut
2388 3304 2704 3372 exponendo
2722 3308 2922 3379 aliquid
2944 3310 3067 3368 hinc
3084 3314 3321 3373 breviter
3343 3320 3552 3390 dicam,

1948 3384 2026 3439 sic
2051 3386 2297 3443 existimo
2326 3391 2688 3464 intelligenda.
2720 3395 2865 3466 Hoc,
2898 3400 3103 3473 inquit,
3135 3405 3248 3461 dico
3267 3450 3282 3476 ,
3311 3410 3495 3477 fratres

1948 3484 2143 3547 tempus
2171 3477 2314 3534 breve
2340 3491 2452 3537 est:
2480 3499 2584 3539 non
2607 3485 2781 3543 adhuc
2802 3491 3030 3560 populus
3053 3494 3143 3549 Dei
3165 3489 3561 3570 propagaudusv

1948 3578 2031 3623 est
2056 3573 2397 3640 generatione
2419 3577 2723 3644 carnaliter,
2750 3582 2844 3636 sed
2866 3582 2975 3654 jam
3006 3593 3412 3658 regeneratioue
3432 3597 3544 3665 spi-

1948 3658 2209 3717 ritualitcr
2244 3663 2593 3735 colligendus.
2635 3668 2904 3741 Reliquum
2945 3685 3015 3730 est
3044 3694 3220 3750 ergo,
3262 3691 3323 3737 ut
3360 3695 3411 3739 et
3453 3658 3548 3755 qui

1948 3750 2131 3806 habent
2159 3770 2339 3811 uxores
2359 3799 2373 3824 ,
2407 3775 2510 3813 non
2540 3763 2739 3817 carnali
2769 3768 3217 3836 concupiscentia:
3249 3775 3547 3849 subjugati-

1949 3852 2066 3914 tur;
2098 3857 2142 3902 et
2168 3850 2253 3919 qui
2276 3850 2401 3920 ﬂent
2435 3854 2643 3909 tristitia
2674 3860 2950 3927 praesentis
2979 3863 3125 3930 mali,
3156 3867 3421 3936 gaudeant
3444 3886 3486 3941 si
3508 3887 3553 3927 tr

1946 3936 2108 3993 futuri
2142 3936 2265 3995 boni
2287 3959 2299 4007 ;
2329 3953 2377 3997 et
2404 3946 2490 4016 qui
2514 3948 2736 4017 gaudent
2769 3962 2984 4021 propter
3010 3959 3303 4029 temporale
3325 3936 3549 4035 aliquod

1946 4031 2308 4098 commodum,
2335 4035 2550 4092 timeant
2574 4048 2833 4095 attentum
2852 4042 3143 4114 judicium;
3171 4060 3217 4103 et
3240 4055 3327 4123 qui
3345 4031 3547 4124 cantant,

1946 4121 2024 4177 sic
2052 4123 2294 4180 habendo
2321 4128 2660 4197 possideant,
2700 4143 2757 4187 ut
2782 4137 3012 4191 amando
3038 4154 3144 4195 non
3187 4121 3461 4212 haereant;
3491 4121 3544 4201 et

1944 4214 2033 4285 qui
2056 4224 2268 4271 utuntur
2293 4218 2388 4272 hoc
2414 4221 2622 4289 mundo,
2654 4226 2881 4281 transire
2914 4243 2971 4283 se
2998 4232 3251 4303 cogitent,
3283 4252 3386 4291 non
3418 4255 3542 4293 tua-

1946 4321 2095 4362 ncre.
2144 4306 2379 4364 Praeterit
2429 4313 2561 4367 enint
2602 4314 2769 4385 figura
2813 4318 2965 4390 hujus
3003 4323 3200 4378 mundi.
3260 4324 3382 4382 Volo
3428 4345 3546 4398 vos,

1945 4396 2147 4470 inquit,
2178 4401 2288 4456 sine
2328 4404 2663 4462 sollicitudine
2692 4425 2837 4464 esse:
2876 4410 2978 4468 hoc
3015 4424 3131 4483 est,
3171 4419 3294 4475 volo
3324 4436 3547 4479 sursum

1944 4504 2037 4545 cor
2068 4491 2120 4547 in
2152 4491 2234 4548 his
2258 4510 2378 4566 quae
2408 4513 2512 4551 non
2544 4508 2865 4568 prtulct‘euul
2885 4544 2899 4568 ,
2933 4521 3028 4561 vos
3070 4507 3286 4566 habere.
3334 4514 3543 4573 Deinde

1943 4581 2210 4654 subjungit
2236 4594 2292 4640 et
2318 4586 2482 4642 dicit:
2515 4589 2616 4658 Qui
2646 4592 2755 4646 sine
2779 4610 2935 4649 uxore
2963 4607 3034 4651 est
3053 4640 3068 4667 ,
3109 4602 3293 4671 cogitat
3336 4621 3396 4660 ea
3423 4623 3549 4680 qut:

1944 4684 2061 4729 sunt
2090 4676 2323 4747 Domini,
2352 4684 2599 4752 quomodo
2622 4684 2817 4755 placeat
2844 4685 3063 4743 Domino
3085 4705 3104 4744 :
3126 4692 3214 4764 qui
3236 4705 3401 4750 autem
3427 4676 3545 4754 rna-

1944 4768 2180 4823 trimonio
2195 4769 2408 4840 junctus
2432 4784 2538 4841 est,
2567 4777 2752 4848 rogitat
2777 4795 2891 4847 quae
2916 4793 3034 4836 sunt
3061 4787 3258 4855 mundi,
3281 4794 3543 4859 quomodo
3565 4832 3576 4841 -

1944 4862 2142 4934 placeat
2181 4867 2329 4919 uxori
2357 4866 2398 4941 (l
2426 4867 2544 4923 Cor.
2589 4887 2694 4939 vn,
2723 4874 2792 4927 29
2822 4876 2935 4947 '53).
2988 4879 3162 4949 Atque
3191 4882 3259 4936 ita
3301 4889 3543 4956 quodam

1944 4955 2105 5010 modo
2134 4958 2349 5027 cXponit
2373 4958 2515 5031 quod
2545 4978 2701 5032 supra
2732 4965 2973 5032 dixerat,
2998 4969 3099 5037 Qui
3122 4972 3303 5029 habent
3326 4955 3541 5048 uxores,

1944 5055 2181 5123 tanquam
2202 5067 2302 5105 non
2323 5052 2557 5109 habentes
2575 5057 2692 5110 sint.
2717 5057 2815 5129 Qui
2837 5062 2979 5115 enim
3002 5062 3079 5118 sic
3102 5065 3297 5125 habent
3317 5088 3541 5143 uxores,

1945 5150 2002 5196 ut
2017 5141 2251 5213 cogitent
2266 5159 2327 5199 ea
2346 5160 2466 5216 qua:
2481 5154 2607 5228 sunt
2633 5148 2861 5217 Domini,
2875 5156 3145 5225 quomodo
3166 5161 3409 5229 placeant
3434 5141 3537 5222 Do;-

1943 5232 2119 5300 mino,
2134 5248 2232 5289 nec
2245 5234 2296 5289 in
2319 5233 2400 5291 his
2416 5252 2535 5307 qua:
2551 5248 2677 5307 sunt
2692 5241 2903 5312 mundi,
2917 5247 3151 5317 cogitent
3171 5256 3383 5323 placere
3401 5275 3532 5313 uxo-

1942 5324 2109 5393 ribus,
2133 5335 2381 5399 tauquam
2410 5346 2514 5386 non
2544 5330 2811 5392 habentes
2823 5347 2965 5393 sunt.
2990 5340 3140 5411 Quod
3171 5343 3379 5404 facilius
3402 5349 3461 5405 lit
3487 5350 3533 5418 ⁸,

2007 5501 2033 5582 ξ
2265 5506 2794 5582 Ψὲετβθσξπΐὲαίδυι

2006 5564 2031 5657 :
2059 5564 3100 5695 meammeam
3119 5574 3212 5629 λοι
3229 5584 3436 5645 σιτ-να»

2006 5685 2029 5718 δ
2048 5685 2570 5765 ΔΑιηκΕιέλςξιμέρξᾹδξεε
2591 5729 2607 5755 ,
2644 5698 2773 5759 quod
2787 5685 2873 5765 ea
2897 5685 3125 5765 felicitate
3153 5697 3226 5765 fit.
3259 5706 3362 5765 nuo
3405 5706 3538 5760 Mss.

1943 5749 2072 5810 quod
2092 5764 2149 5875 qn
2165 5750 2393 5863 fr’tcif‘tnte
2412 5752 2484 5815 ﬁt.
2507 5749 2638 5808 ttntis
2658 5749 2688 5809 'e
2712 5749 2943 5810 Vaticanis
2968 5749 3070 5810 ass.
3091 5773 3121 5809 a
3135 5749 3352 5809 s'eeuada
3371 5749 3536 5822 nubis:

1946 5816 2071 5872 quod
2116 5827 2187 5861 ut‘t
2210 5827 2237 5863 ι’
2318 5849 2329 5861 .
