4144 6568
534 412 638 470 423

536 524 745 597 quando
782 531 836 579 et
864 535 1057 577 uxores
1089 516 1219 572 tales
1246 522 1401 577 sunt,
1432 520 1488 591 ut
1528 509 1606 563 eis
1645 503 1819 560 mariti
1846 516 1952 557 non
1990 497 2112 554 ideo

534 594 796 688 placeant,
854 613 974 682 quia
1017 609 1228 669 divites,
1270 607 1391 674 quia
1435 599 1710 661 sublimes,
1754 594 1875 664 quia
1922 604 2118 663 genere

535 679 739 763 nobiles
760 748 774 772 ,
807 679 929 775 quia
958 714 1119 757 carne
1149 695 1403 752 amabiles
1428 711 1440 747 :
1471 690 1563 745 sed
1593 688 1715 759 quia
1745 685 1963 751 ﬁdeles,
1995 679 2118 753 quia

535 799 794 869 religiosi,
826 796 945 867 quia
976 792 1183 864 pudici,
1212 790 1335 860 quia
1366 788 1462 841 viri
1489 785 1610 840 boni
1638 790 1779 837 sunt.

605 866 831 945 CAPUT
850 866 855 867 ί
871 886 1173 942 XlV.—|6.
1202 878 1594 951 linemperantiu
1614 872 1842 945 qutedam
1867 869 1919 923 in
1944 866 2123 938 conju-

535 984 679 1058 gibus
708 980 988 1036 toleranda.
1022 976 1155 1033 Usus
1183 971 1488 1029 matrimonii
1513 970 1572 1023 ob
1597 967 1756 1021 solam
1784 962 2004 1019 libidinis
2031 976 2120 1014 vo-

538 1048 777 1147 luptatem
819 1090 917 1127 non
960 1081 1094 1124 cant
1118 1069 1285 1138 culpa,
1321 1062 1408 1119 sed
1440 1069 1643 1129 propter
1686 1057 1890 1127 nuptias
1920 1048 2118 1107 veniali.
2174 1111 2186 1123 .

544 1145 737 1224 verum
761 1171 812 1221 in
836 1165 1152 1235 conjngatis,
1184 1173 1239 1215 ιιι
1268 1160 1381 1212 litee
1406 1154 1631 1224 optanda
1658 1163 1815 1218 atque
1837 1145 2118 1206 laudanda,

537 1261 615 1316 sic
638 1261 739 1314 alia
780 1257 1048 1313 toleranda
1078 1265 1234 1315 sunt,
1275 1265 1342 1304 ne
1378 1249 1430 1301 in
1465 1243 1780 1301 damnabilia
1814 1241 2006 1310 ﬂagitia
2027 1278 2043 1300 ,
2071 1235 2122 1290 itl

538 1362 619 1407 est
638 1393 653 1418 ,
684 1352 736 1404 in
767 1350 1137 1404 fornicationes
1164 1343 1245 1397 vel
1275 1338 1529 1395 adulteria
1569 1340 1866 1389 eorruatur.
1901 1331 2125 1396 Pr0pter

539 1443 680 1513 quod
721 1440 989 1495 vitandum
1022 1437 1217 1490 malum
1245 1476 1257 1499 ,
1288 1433 1445 1488 etiam
1486 1429 1558 1482 illi
1598 1424 1909 1481 concubitus
1937 1418 2125 1489 conju-

538 1511 685 1609 έιιιιι,
717 1534 804 1603 qui
832 1548 935 1586 non
967 1530 1099 1584 tiunt
1124 1541 1281 1583 causa
1309 1519 1615 1595 generandi,
1644 1517 1737 1571 sed
1764 1511 1969 1570 victrici
1996 1526 2124 1565 con-

539 1602 881 1699 cupiseentite
909 1624 1164 1685 serviunt,
1189 1620 1241 1673 in
1267 1616 1458 1689 quibus
1478 1613 1731 1682 jubenlttr
1752 1619 1859 1662 non
1881 1602 2125 1660 frattdare

542 1721 803 1783 invicem,
836 1733 901 1772 ne
944 1722 1108 1770 tentet
1141 1727 1233 1765 eos
1263 1718 1477 1763 satanas
1518 1716 1732 1774 propter
1763 1702 2124 1768 intemperan-

543 1814 669 1867 tiam
695 1824 878 1875 suam;
910 1823 1012 1861 non
1039 1804 1250 1876 quidem
1291 1799 1583 1855 secundum
1624 1795 1902 1863 impcrimn
1946 1786 2130 1859 ιιι-ειιοί-

544 1902 779 1972 piuntttr,
818 1909 992 1953 tamen
1036 1894 1326 1949 seemnlum
1368 1891 1574 1944 veniam
1616 1884 1998 1939 conceduntur.
2041 1878 2128 1934 Sic

543 1971 683 2048 enim
716 1993 966 2060 scriptum
989 1997 1072 2044 est
1097 2005 1109 2041 ε
1145 1984 1305 2040 Uxori
1327 1984 1401 2035 uir
1427 1982 1643 2033 debitum
1670 1975 1868 2034 reddat,
1899 1971 2128 2027 similiter

542 2096 707 2138 autem
737 2093 782 2138 et
814 2098 942 2135 uxor
970 2081 1095 2134 viro.
1133 2077 1315 2130 Mulier
1340 2074 1418 2127 sui
1451 2071 1676 2141 corporis
1707 2075 1996 2138 potestatem
2028 2079 2128 2115 non

542 2177 726 2241 habet,
759 2175 846 2229 sed
872 2175 946 2228 vir
967 2188 987 2227 :
1026 2171 1258 2226 similiter
1286 2177 1451 2219 autem
1481 2176 1527 2217 et
1564 2163 1637 2215 vir
1662 2161 1741 2215 sui
1777 2159 2003 2226 corporis
2034 2171 2127 2225 po-

544 2279 765 2324 testatem
793 2284 891 2321 non
915 2267 1079 2328 habet,
1104 2263 1191 2317 sed
1219 2261 1416 2314 mulier.
1447 2256 1617 2311 Nolite
1640 2254 1845 2308 invicem
1869 2249 2127 2320 fraudare,

544 2362 643 2416 nisi
668 2378 731 2415 ex.
755 2375 1000 2414 consensu
1030 2356 1097 2410 ad
1123 2367 1318 2424 tempus
1338 2395 1352 2417 ,
1383 2360 1435 2403 ut
1465 2347 1645 2403 vacetis
1672 2343 1924 2407 orationi;
1952 2350 1997 2394 et
2033 2342 2128 2394 itc-

547 2470 659 2507 rttm
701 2452 769 2504 ad
795 2450 1016 2519 idipsunt
1046 2456 1239 2501 estote:
1280 2461 1341 2496 ne
1384 2451 1532 2495 tentet
1571 2455 1655 2492 vos
1693 2446 1893 2491 satanas
1930 2442 2133 2503 propter

546 2542 982 2611 intempcrmttiam
1009 2547 1237 2592 vestram.
1274 2532 1384 2587 Hoc
1413 2543 1578 2583 autem
1604 2529 1715 2581 dico
1741 2523 2014 2581 secundum
2047 2538 2128 2575 ve.

546 2636 706 2701 niam,
732 2650 829 2687 non
850 2630 1118 2686 secundum
1137 2628 1399 2697 imperium
1418 2620 1592 2691 (lCor.
1613 2637 1705 2683 vn,
1727 2618 1864 2689 5-6).
1888 2617 1986 2673 Ubi
2005 2631 2133 2685 ergo

548 2726 699 2781 venia
724 2722 896 2777 danda
917 2729 1018 2785 est,
1041 2720 1235 2789 aliquid
1258 2733 1374 2771 esse
1396 2713 1564 2784 cuipte
1586 2713 1726 2767 nulla
1752 2710 1953 2764 ratione
1978 2723 2135 2777 nega-

549 2819 712 2875 bitur.
754 2819 882 2872 Cum
914 2816 1069 2881 igitur
1097 2812 1374 2881 Culpabilis
1403 2826 1507 2865 non
1539 2808 1606 2862 sit
1632 2804 1921 2878 generandi
1963 2803 2134 2857 inten-

551 2911 694 2964 tione
721 2908 1053 2972 concubitus,
1077 2905 1163 2975 qtti
1194 2903 1405 2973 proprie
1433 2900 1630 2972 nuptiis
1658 2895 1995 2966 imputandus
2022 2903 2132 2958 est;

550 3002 672 3072 quid
706 3001 992 3055 secundum
1026 2999 1231 3051 veniam
1258 2993 1499 3050 concedit
1527 2991 1808 3060 Apostolus
1830 3029 1846 3054 ,
1878 2987 1975 3040 nisi
1998 2983 2135 3056 quod

551 3094 831 3162 conjuges,
864 3090 987 3144 dunt
1015 3104 1074 3144 se
1105 3104 1208 3142 non
1240 3088 1535 3149 continent,
1569 3082 1804 3137 debitum
1851 3079 1918 3132 ab
1967 3078 2138 3131 alter-

553 3195 674 3240 utro
723 3185 898 3238 carnis
944 3189 1276 3251 esposcnnl,
1318 3196 1422 3232 non
1475 3177 1745 3232 voluntate
1794 3172 2137 3243 propaginis,

552 3277 646 3332 sed
697 3275 927 3330 libidinis
973 3270 1282 3335 Voluptate?
1331 3272 1460 3337 Qtu:
1513 3279 1686 3322 tamen
1744 3266 1987 3333 voluptas
2033 3277 2139 3317 non

553 3380 772 3441 propter
808 3367 1014 3435 nuptias
1040 3364 1182 3420 cadit
1213 3364 1263 3417 in
1292 3364 1527 3431 culpam,
1569 3358 1661 3413 sed
1690 3368 1906 3428 propter
1933 3355 2142 3423 nuptias

553 3462 746 3532 accipit
781 3458 1009 3515 veniam.
1043 3458 1302 3526 Quocirca
1340 3455 1498 3509 etiam
1532 3452 1657 3507 hinc
1696 3464 1819 3504 sunt.
1855 3447 2144 3503 laudabiies

553 3557 790 3623 nuptiae,
847 3550 967 3621 quia
1017 3557 1071 3603 et
1121 3547 1247 3602 illud
1300 3545 1439 3615 quod
1495 3560 1597 3597 non
1654 3541 1881 3612 pertinet
1927 3539 1993 3594 ad
2047 3553 2140 3602 se,

557 3642 755 3711 ignes-ei
793 3642 986 3694 faciunt
1025 3652 1242 3709 propter
1281 3653 1358 3690 se.
1400 3636 1583 3705 Neque
1640 3633 1779 3689 enim
1828 3632 1988 3687 etiam
2045 3630 2146 3685 iste

554 3732 865 3787 concubitus
885 3744 990 3799 quo
1013 3730 1242 3783 servitur
1262 3724 1707 3794 concupiscentite
1726 3763 1743 3787 ,
1766 3722 1843 3777 sic
1863 3721 2064 3792 agitur,
2092 3728 2147 3773 ut

559 3822 881 3893 impediatur
908 3820 1046 3874 fetus
1067 3861 1083 3886 ,
1120 3834 1277 3889 quem
1309 3819 1574 3887 postulant
1608 3816 1821 3881 neptim.

630 3930 855 3987 CAPUT
896 3929 1010 3984 XV.
1034 3959 1104 3968 —
1123 3928 1208 3982 l7.
1250 3928 1316 3980 In
1344 3942 1436 3979 usu
1456 3924 1684 3993 coniugis
1704 3922 1824 3992 quid
1847 3922 1954 3975 sine
1973 3918 2146 3989 culpa,

560 4025 682 4095 quid
707 4040 821 4077 cum
851 4020 1031 4076 veniali
1066 4021 1216 4089 culpa
1236 4060 1249 4080 ,
1291 4017 1410 4087 quid
1436 4033 1548 4069 cum
1587 4014 1810 4068 mortali.
1839 4011 1940 4067 Sed
1975 4022 2151 4064 tamen

562 4116 705 4171 aliud
736 4124 844 4176 cst,
890 4128 992 4168 non
1022 4110 1375 4167 eonetttnberc
1415 4107 1518 4162 nisi
1556 4106 1669 4160 sola
1698 4105 1968 4159 voluntate
1991 4118 2152 4174 gene-

567 4208 742 4273 randi,
765 4206 905 4277 quod
934 4221 1039 4259 non
1066 4203 1223 4258 liabet
1243 4201 1450 4271 culpam
1477 4216 1490 4265 ;
1518 4198 1681 4264 aliud,
1704 4198 1880 4252 carnis
1901 4211 2155 4252 concum-

568 4300 743 4357 bendo
770 4308 1023 4369 appetere
1067 4296 1414 4364 voluptatem,
1459 4291 1554 4346 sed
1598 4307 1701 4345 non
1735 4299 1929 4359 prteter
1965 4286 2152 4357 conju-

564 4408 719 4463 gem,
754 4389 895 4460 quod
948 4387 1207 4441 venialem
1257 4384 1416 4438 habet
1460 4382 1693 4451 culpam.
1738 4380 1870 4447 Quia
1910 4380 2009 4434 etsi
2048 4395 2155 4434 non

567 4498 726 4539 causa
777 4480 1125 4552 propagandi:
1166 4477 1329 4549 prolis
1371 4475 1778 4540 conenmbitur,
1828 4490 1933 4528 non
1981 4484 2155 4527 tamen

571 4578 730 4643 liuius
764 4572 998 4627 libidinis
1045 4586 1205 4624 causa
1252 4566 1613 4638 prepagationi
1645 4565 1811 4637 prelis
1847 4564 2154 4629 obsistitur,

570 4670 683 4723 sive
709 4679 831 4721 voto
858 4666 1017 4729 malo,
1042 4663 1154 4717 sive
1179 4666 1341 4729 opere
1373 4659 1531 4713 malo.
1564 4657 1697 4712 Nam
1723 4656 1810 4725 qui
1841 4655 1938 4709 hoc
1963 4655 2160 4709 faciunt

568 4761 814 4830 quamvis
838 4763 1091 4811 vocentur
1118 4753 1373 4822 conjuges
1391 4792 1407 4816 ,
1435 4766 1539 4805 non
1571 4756 1714 4815 sunt,
1743 4762 1843 4802 nec
1872 4747 2030 4801 ullam
2060 4762 2159 4800 nu-

574 4854 798 4924 ptiarum
849 4850 1073 4905 retinent
1124 4847 1440 4910 veritatem,
1490 4841 1582 4897 sed
1633 4841 1911 4894 honestum
1967 4854 2160 4893 nomen

572 4946 810 5002 velanda:
849 4940 1162 5012 turpitudini
1211 4936 1505 4993 obtendunt
1547 4936 1587 4989 ί.
1644 4932 1946 4990 Produntur
1982 4945 2159 4991 autem

573 5039 787 5110 quando
814 5054 879 5093 eo
913 5051 1077 5104 nsque
1117 5031 1524 5102 progrediuntur
1543 5072 1558 5095 ,
1589 5038 1647 5084 ut
1677 5037 1946 5098 exponant
1986 5028 2119 5081 liltos
2142 5068 2158 5093 ,

576 5131 664 5200 qui
694 5137 982 5182 nascuntur
1008 5124 1186 5179 invitis
1213 5123 1255 5176 ’.
1282 5122 1523 5176 Oderunt
1547 5121 1689 5175 enim
1724 5120 1926 5173 nutrire
1955 5117 2038 5171 vel
2068 5118 2163 5170 bri-

576 5224 736 5289 bere,
784 5234 914 5291 quos
949 5218 1166 5288 gignere
1207 5215 1535 5270 metuebant.
1579 5212 1759 5283 Itaque
1787 5227 1907 5268 cum
1946 5212 1998 5266 in
2038 5226 2166 5267 suos

576 5315 761 5380 szevit,
792 5327 924 5383 quos
959 5311 1144 5364 nolens
1186 5307 1363 5378 genuit
1394 5304 1671 5361 tenebrosa
1702 5303 1948 5375 iniquitas
1970 5344 1986 5370 ,
2023 5301 2168 5357 clara

579 5409 854 5478 iniquitate
902 5406 955 5461 in
1002 5406 1174 5459 lucem
1222 5399 1503 5471 promitur,
1549 5406 1603 5453 et
1648 5397 1853 5452 occulta
1899 5395 2170 5463 turpitudo

583 5501 862 5558 manifesta
884 5496 1197 5554 crudelitate
1217 5492 1570 5547 convincitur.
1596 5487 1891 5559 Aliquando
1916 5502 1980 5542 eo
2003 5502 2171 5556 usque

586 5594 828 5668 pervenit
847 5592 962 5648 luet:
980 5589 1259 5646 libidinosa
1285 5584 1594 5649 crudelitas,
1624 5584 1707 5637 vel
1732 5579 1895 5637 libido
1917 5580 2168 5645 crudelis,

642 5752 664 5785 ³
699 5747 925 5812 Plerique
962 5734 1070 5797 uss.
1115 5754 1225 5795 cum
1268 5748 1405 5802 Αιιι.,
1463 5734 1681 5789 celanda
1733 5730 2048 5797 turpitudinis
2093 5732 2173 5785 ob-

586 5813 800 5865 tendunt.

649 5878 673 5910 ι
705 5884 823 5925 tres
842 5883 873 5923 θ
896 5869 1133 5921 Vaticanis
1155 5873 1285 5923 uss.
1310 5861 1360 5914 in
1383 5859 1516 5914 uicis.

1325 394 1413 453 ne
1450 392 1717 451 NUPTllS
1756 390 1838 445 er
1879 354 2479 449 concepissemus,
2521 379 2577 436 s.
2619 376 2987 469 AUGUSTINI

3706 369 3812 431 εει

2226 505 2282 551 ιιι
2319 495 2477 549 etiam
2513 492 2808 548 sterilitatis
2836 507 3038 551 venena
3079 496 3364 563 procuret;
3395 496 3450 544 et
3485 489 3530 545 si
3558 488 3687 543 nihil
3718 501 3812 543 va-

2224 588 2382 643 luerit
2411 588 2464 651 ί,
2506 595 2794 654 conetqitos
2841 587 2974 639 tctus
3000 584 3179 654 aliquo
3224 583 3381 639 modo
3419 582 3556 638 intra
3602 583 3808 639 viscera

2223 679 2519 748 exstinguat
2548 692 2611 732 ac
2639 676 2817 731 tundat
2836 718 2851 743 ,
2882 675 3107 729 volendo
3133 690 3282 728 suam
3314 676 3519 745 prolem
3549 676 3693 744 prius
3723 674 3812 729 iu-

2225 770 2385 825 terire
2409 783 2565 839 quam
2588 770 2798 830 vivere;
2824 777 2912 820 aut
2937 767 2981 821 si
3007 766 3057 820 in
3088 775 3236 820 utero
3257 766 3365 836 jam
3389 766 3616 829 vivebat,
3639 762 3811 820 occidi

2223 868 2506 930 antequam
2535 858 2699 913 naSci.
2733 858 2956 912 Prorsus
2983 855 3026 910 si
3048 856 3206 910 ambo
3232 857 3364 910 tales
3388 868 3531 918 sum,
3556 857 3811 925 conjuges

2225 966 2333 1005 non
2377 961 2538 1007 sunt:
2584 959 2637 1004 et
2665 949 2710 1003 si
2750 950 2817 1001 ab
2846 947 2996 1002 initio
3026 951 3157 1002 tales
3188 949 3419 1009 luerunt,
3454 964 3557 1001 non
3585 946 3683 1001 sibi
3719 961 3810 1014 per

2226 1043 2547 1097 connubium
2571 1081 2586 1106 ,
2616 1039 2707 1095 sed
2739 1055 2833 1110 per
2862 1050 3104 1108 stuprum
3138 1038 3310 1108 potius
3341 1046 3726 1091 convenerunt.
3755 1037 3813 1090 Si

2225 1142 2403 1187 autem
2437 1149 2541 1185 non
2565 1130 2723 1184 ambo
2753 1139 2877 1185 sunt
2907 1130 3060 1193 tales,
3086 1130 3256 1182 audeo
3284 1128 3481 1191 dicere,
3506 1140 3591 1180 aut
3622 1129 3707 1180 illa
3735 1136 3813 1181 est

2230 1224 2625 1296 quodammodo
2654 1224 2901 1278 meretrix
2934 1223 3129 1286 tnariti,
3157 1230 3245 1275 aut
3272 1222 3357 1275 ille
3381 1221 3590 1274 adulter
3613 1223 3812 1273 uxoris.

2304 1314 2527 1370 CAPUT
2567 1313 2707 1368 XVI.
2749 1312 2931 1367 -18,
2981 1310 3263 1381 lnﬁrmitns
3312 1311 3721 1375 incontinentitc,
3753 1322 3816 1361 ne

2228 1407 2374 1459 cadat
2413 1405 2463 1459 in
2488 1405 2689 1458 ruinam
2716 1405 3058 1475 ﬂagitiorum,
3088 1402 3369 1471 excipiatur
3414 1402 3670 1454 honestate
3718 1413 3816 1452 nu-

2228 1496 2466 1568 ptiarum.
2493 1496 2624 1564 Quia
2654 1496 2814 1565 igitur
2842 1494 3038 1564 nuptia:
3072 1494 3204 1547 tales
3247 1507 3366 1546 esse
3420 1507 3524 1545 non
3574 1507 3607 1561 p
3644 1498 3827 1557 S~Ilttl,

2235 1588 2419 1657 quales
2448 1587 2738 1657 primorum
2762 1586 3057 1649 hominum,
3087 1585 3131 1638 si
3161 1595 3433 1655 peccatum
3463 1600 3565 1636 non
3597 1595 3811 1651 [tl’tl‘UtES'

2229 1683 2418 1744 sisset,
2459 1695 2580 1734 esse
2626 1688 2944 1748 potuerunt;
2992 1679 3098 1732 sint
3137 1678 3268 1731 tales
3302 1676 3485 1747 quales
3516 1688 3817 1730 Sanctorum

2232 1782 2436 1842 patrum
2459 1771 2689 1838 fuerunt,
2708 1781 2763 1825 ut
2782 1771 3022 1840 pudenda
3039 1770 3213 1825 carnis
3232 1769 3681 1839 concupiscentia,
3699 1781 3819 1837 «μω

2231 1863 2283 1916 in
2314 1863 2556 1931 paradiso
2587 1877 2685 1917 nec
2711 1872 2834 1917 ante
2862 1864 3131 1931 pCCcatum
3161 1862 3287 1928 fuit,
3329 1876 3430 1915 nec
3471 1869 3583 1930 post
3633 1876 3822 1929 pecea-

2234 1963 2344 2008 tum
2387 1970 2507 2008 esse
2542 1953 2799 2022 permissa
2826 1962 2943 2016 est;
2973 1951 3095 2022 quia
3141 1966 3361 2006 necesse
3398 1961 3480 2005 est
3518 1951 3568 2004 iu
3597 1962 3825 2019 corpore

2231 2046 2421 2099 mortis
2453 2044 2609 2115 hujus
2640 2052 2695 2097 ut
2722 2053 2823 2110 su,
2856 2059 2960 2096 non
2988 2044 3037 2098 ei
3065 2045 3350 2105 serviatur,
3379 2043 3472 2097 sed
3504 2043 3614 2111 ipsa
3647 2042 3823 2111 potius

2233 2138 2440 2192 nonnisi
2472 2138 2537 2190 ad
2569 2136 2960 2207 propagandam
2994 2138 3194 2206 prolem
3222 2138 3426 2190 servire
3455 2144 3692 2204 c03.itnr.
3719 2136 3824 2188 Aut

2232 2231 2351 2301 quia
2382 2230 2482 2283 huc
2510 2240 2717 2298 tempus
2737 2270 2753 2297 ,
2785 2230 2926 2300 quod
2955 2229 3060 2298 jam
3092 2244 3211 2283 esse
3237 2229 3467 2282 diximus
3506 2227 3823 2283 continendi

2232 2323 2300 2377 ab
2342 2322 2623 2391 amplexu,
2668 2337 2772 2376 non
2815 2321 2973 2375 liabet
3011 2321 3166 2390 bujus
3206 2319 3369 2375 ol‘llcii
3410 2322 3821 2385 necessitatem,

2233 2413 2511 2483 adiacente
2538 2413 2773 2482 undique
2826 2413 2875 2466 in
2907 2412 3152 2466 omnibus
3180 2413 3425 2481 gentibus
3469 2421 3610 2465 tanta
3639 2410 3829 2464 fertili-

2237 2514 2343 2559 tate
2383 2505 2764 2574 gigneudorum
2810 2506 3156 2573 spiritualiter
3185 2505 3449 2566 tiliorum;
3482 2503 3609 2558 illud
3652 2504 3829 2572 potius

2236 2597 2547 2651 excellentis
2573 2597 2913 2651 eontinettlite
2943 2596 3136 2648 bonum
3162 2637 3174 2659 ,
3205 2595 3292 2665 qui
3316 2603 3474 2665 potest
3499 2610 3697 2662 capere,
3739 2606 3828 2646 ca-

2239 2688 2360 2754 piat.
2410 2688 2510 2753 Qui
2558 2686 2759 2740 veroid
2803 2700 3000 2755 capere
3049 2701 3154 2739 non
3184 2693 3384 2754 potest,
3423 2685 3540 2739 etsi
3578 2685 3828 2752 acceperit

2238 2795 2445 2833 uxorem
2464 2820 2479 2845 ,
2512 2794 2610 2831 non
2636 2786 2808 2849 peccat
2831 2793 2850 2831 :
2881 2786 2935 2831 et
2965 2776 3158 2832 lentiua
3183 2777 3229 2831 si
3256 2793 3309 2830 se
3336 2792 3433 2828 non
3463 2776 3701 2839 continet,
3730 2790 3829 2827 mt-

2240 2870 2342 2923 bat.
2387 2869 2588 2922 Bonum
2631 2878 2702 2922 est
2750 2884 2891 2923 enim
2932 2867 3125 2921 homini
3168 2868 3424 2920 mulierem
3464 2881 3562 2919 non
3607 2874 3829 2935 tangere.

2240 2960 2436 3017 Verum
2469 2964 2590 3032 quia
2615 2978 2714 3014 non
2746 2973 2913 3014 omnes
2938 2961 3142 3031 cupiunt
3171 2960 3369 3011 verbum
3395 2960 3508 3024 hoc,
3539 2961 3626 3013 sed
3650 2959 3834 3028 quibus

2242 3053 2415 3106 datum
2459 3062 2528 3107 est
2578 3051 2804 3123 (Matth.
2838 3067 2968 3119 xix,
3003 3051 3098 3114 l2,
3139 3051 3192 3105 ll
3221 3052 3278 3121 );
3327 3060 3489 3105 restat
3533 3060 3590 3104 ut
3634 3059 3835 3119 propter

2244 3144 2598 3215 fornicationes
2632 3144 2654 3175 '
2700 3144 3043 3212 unusquisque
3090 3159 3235 3195 suam
3279 3158 3487 3195 uxorem
3535 3142 3747 3203 ltutieut,
3787 3150 3836 3194 et

2244 3253 2553 3307 unaqua'que
2577 3237 2737 3290 virum
2776 3252 2921 3289 suum
2948 3234 3126 3288 habent
3162 3235 3201 3306 (l
3227 3233 3342 3289 Cor.
3376 3249 3445 3287 vn
3468 3275 3483 3297 ,
3510 3234 3580 3288 28
3602 3275 3613 3295 ,
3642 3235 3663 3287 l
3692 3272 3708 3296 ,
3733 3232 3791 3305 2)
3817 3252 3830 3285 :

2244 3342 2308 3381 ac
2345 3327 2423 3381 sic
2464 3326 2743 3381 inﬁrmitas
2783 3326 3212 3391 incontinentiae,
3243 3341 3309 3379 ue
3344 3326 3491 3378 cadat
3529 3325 3579 3378 in
3626 3325 3833 3378 ruinznn

2248 3418 2600 3489 ﬂagitiorum,
2643 3418 2940 3487 excipiatur
2981 3418 3258 3473 honestate
3305 3418 3629 3486 nuptiarum.
3680 3415 3834 3485 Quod

2246 3511 2389 3567 enim
2428 3510 2502 3565 ait
2539 3511 2823 3580 Apostolus
2863 3510 2930 3564 tle
2968 3509 3199 3574 fetninis,
3259 3506 3383 3562 Volo
3422 3508 3576 3578 igitur
3608 3509 3838 3579 juniores

2248 3603 2472 3669 nubere;
2503 3601 2602 3655 boe
2627 3612 2681 3656 et
2708 3599 2777 3656 de
2816 3601 3051 3655 maribus
3081 3598 3181 3654 diei
3212 3610 3416 3670 potest,
3451 3599 3579 3653 Volo
3603 3602 3841 3666 juniores

2251 3708 2447 3747 uxores
2490 3692 2732 3747 ducere:
2784 3701 2841 3746 ut
2875 3692 2940 3746 ad
2981 3700 3262 3761 utrumque
3305 3706 3493 3745 sexum
3544 3693 3840 3761 pertineat,

2252 3786 2386 3855 ﬁlios
2416 3801 2680 3855 procreare
2702 3825 2717 3848 ,
2753 3793 2931 3854 patres
2960 3796 3012 3838 et
3040 3785 3448 3845 matresfamilias
3477 3800 3581 3837 esse
3602 3825 3617 3849 ,
3647 3785 3842 3837 nullam

2253 3878 2563 3930 occasionem
2605 3876 2728 3929 dare
2770 3876 3055 3930 adversario
3108 3875 3362 3929 maledicti
3407 3875 3570 3944 gratia
3621 3874 3662 3949 (ι
3704 3873 3838 3928 Tim.

2257 3984 2326 4051 vi,
2360 3969 2468 4039 l4).
3026 3974 3035 3977 ‘

2307 4060 2534 4116 CAPUT
2558 4059 2883 4116 X\'ll.—19.
2911 4058 3179 4131 Nuptialia
3197 4060 3343 4114 bona.
3369 4057 3424 4113 In
3448 4058 3645 4129 nuptiis
3666 4067 3845 4114 tamen

2257 4152 2395 4208 bona
2420 4154 2667 4221 nuptialia
2694 4154 3000 4223 diligantur.
3026 4153 3223 4223 proles,
3253 4152 3405 4218 tides,
3428 4162 3842 4206 sacramentum.

2256 4245 2360 4299 Sed
2392 4244 2588 4314 proles,
2621 4260 2724 4297 non
2759 4254 2814 4297 ut
2841 4256 3089 4298 nascatur
3120 4253 3357 4305 tantum,
3388 4258 3570 4296 vermtt
3600 4241 3758 4294 etiam
3793 4249 3846 4293 ut

2258 4347 2607 4390 renascatur:
2657 4336 2894 4390 nascitur
2924 4350 3150 4405 namque
3190 4334 3253 4389 ad
3285 4349 3495 4404 pmnam
3516 4375 3531 4398 ,
3565 4332 3662 4385 nisi
3696 4346 3843 4385 rena-

2259 4437 2439 4481 scatur
2484 4426 2551 4480 ad
2592 4428 2773 4480 vitam.
2824 4425 2983 4480 Fides
3010 4436 3207 4491 autem,
3253 4439 3357 4479 ιιοιι
3403 4424 3612 4493 qualem
3656 4422 3850 4476 habent

2262 4521 2397 4575 inter
2417 4534 2478 4576 se
2502 4520 2659 4574 etiam
2679 4519 2919 4574 intidcles
2936 4520 3169 4573 Zelantes
3186 4534 3421 4572 carnem.
3442 4517 3570 4586 Qus
3590 4518 3731 4571 enim
3752 4517 3848 4578 vir,

2261 4612 2549 4684 quamlibet
2588 4613 2814 4680 impius,
2849 4612 2959 4665 vult
2986 4610 3280 4666 adulteram
3323 4609 3589 4664 uxorem?
3616 4620 3704 4662 aut
3736 4623 3852 4676 qua:

2263 4703 2472 4770 titulier,
2502 4704 2789 4771 quamlibet
2819 4704 2977 4773 impia
2998 4743 3013 4768 ,
3042 4704 3154 4756 vult
3177 4703 3475 4755 atlnfterum
3500 4701 3672 4773 virum
3694 4701 3717 4752 ?
3746 4700 3852 4754 lloc

2265 4798 2318 4852 in
2336 4797 2600 4851 connubio
2616 4796 2808 4849 bonum
2827 4795 3065 4849 naturale
3082 4802 3163 4848 est
3178 4793 3413 4864 quidem,
3429 4792 3640 4845 carnale
3655 4798 3849 4844 tamen.

2267 4890 2372 4947 Sed
2403 4890 2696 4943 membrum
2726 4887 2921 4942 Christi
2962 4887 3204 4956 conjugis
3234 4884 3255 4916 ³
3298 4885 3612 4938 adulterium
3646 4880 3855 4950 conjngi

2268 4985 2426 5039 debet
2449 4984 2655 5045 timere,
2675 4997 2778 5035 non
2808 4981 2940 5046 sibi;
2964 4992 3017 5034 et
3042 4997 3069 5033 a
3088 4978 3301 5033 Cbristo
3327 4992 3545 5046 sperare
3573 4975 3690 5028 lidei
3720 4991 3856 5043 pra--

2270 5081 2456 5143 mittm,
2503 5092 2661 5148 quam
2709 5076 2928 5130 exhibet
2974 5073 3204 5142 conjugi.
3250 5070 3651 5137 Suet-amentum
3697 5081 3856 5128 vero,

2270 5171 2411 5244 quod
2439 5184 2538 5225 nec
2579 5167 2806 5237 separati
2839 5180 2941 5221 nec.
2976 5164 3258 5219 adulter-aii
3289 5163 3574 5225 amittunt,
3606 5159 3861 5227 conjuge:

2271 5264 2607 5322 cnncorditer
2644 5269 2898 5331 casteque
2941 5257 3243 5312 custodiant
3284 5254 3329 5310 ⁵.
3372 5255 3555 5311 Solum
3600 5262 3685 5307 est
3721 5251 3862 5307 enirn

2338 5420 2358 5453 ι
2394 5415 2584 5481 Aliquot
2623 5422 2752 5473 uss,
2798 5411 3081 5465 voluerim:
3122 5422 3222 5462 non
3258 5406 3420 5470 male,
3463 5404 3734 5459 referendo
3777 5404 3867 5467 ad,

2276 5493 2514 5591 mimrlﬁitt
2534 5578 2547 5602 ,
2596 5535 2976 5603 fornicationem.
3021 5542 3074 5587 At
3116 5540 3223 5585 uss.
3243 5567 3263 5593 τ
3302 5526 3682 5599 [οηιὶεαιίοιιως
3730 5528 3868 5592 just:

2344 5618 2527 5714 Famis
2552 5676 2581 5712 e
2603 5661 2839 5712 vaticanis
2851 5667 2980 5718 Mss,
3004 5658 3090 5710 sed
3113 5670 3247 5708 mens
3269 5652 3521 5718 christiani
3543 5649 3775 5718 coniugis.

2344 5731 2366 5761 δ
2401 5711 2530 5783 tot,
2554 5711 2640 5785 nec
2660 5711 2897 5785 separari,
2929 5711 3015 5772 nec
3036 5715 3594 5785 adulterari__a_dmittwtt
3615 5711 3871 5785 caiijttgcs,

2285 5788 2371 5854 qui
2390 5778 2690 5854 concorditer
2712 5778 2936 5854 casteque
2954 5780 3243 5854 custodiunt.
3256 5781 3384 5854 ‘Editi
3401 5778 3525 5854 galli,
3552 5785 3655 5854 Ain;
3681 5780 3836 5854 et
3857 5804 3870 5830 ν

2286 5843 2371 5903 ἡδο
2396 5849 2605 5913 separati
2638 5860 2728 5898 nec
2763 5843 3023 5898 adulei'ati
3048 5843 3267 5896 mittunt
3304 5843 3550 5905 cattjuqes,
3573 5843 3655 5901 qui
3677 5848 3873 5887 concor-
