4144 6538
540 318 641 375 ΖΞἸ

536 450 660 490 sane
688 435 1025 500 tenebrarum,
1048 444 1093 486 et
1123 428 1376 485 transtulit
1402 427 1452 481 in
1483 441 1689 497 regnum
1713 419 1833 478 Filii
1862 415 2120 476 cltaritatis

535 545 642 583 saw
693 526 914 599 (Coloss.
959 525 1010 591 I,
1050 524 1159 593 I5).
1203 523 1285 575 Ab
1325 520 1422 573 hac
1461 519 1618 588 igitur
1665 523 1927 585 potestate
1970 521 2121 567 tene-

538 623 650 676 brat
665 635 782 686 nm,
823 631 1043 688 quarum
1079 625 1157 669 est
1185 611 1427 667 diabolus
1464 609 1737 679 princeps,
1784 604 1837 659 id
1862 612 1944 659 est
1969 618 1999 656 a
2029 617 2123 673 po—

539 721 732 768 testate
764 708 959 765 diaboli
989 715 1042 762 et
1067 706 1374 774 angelorum
1405 702 1554 771 ejus,
1583 697 1821 769 quisquis
1857 696 1971 751 erui
2000 710 2122 750 cum

540 803 873 874 baptizantur
920 799 1190 868 negaverit
1240 795 1519 866 parvulos,
1578 792 1811 861 ipsorum
1870 787 2125 843 Ecclesiae

535 895 1000 950 Sacramentorum
1033 888 1248 941 veritate
1273 883 1624 946 convincitur,
1646 896 1767 951 qua:
1789 879 1932 935 nulla
1954 880 2125 934 Incre-

481 1004 486 1008 ·
540 990 641 1040 tica
684 984 889 1040 novitas
932 981 983 1035 in
1028 979 1264 1034 Ecclesia
1308 975 1503 1031 Christi
1543 972 1754 1028 auferre
1795 972 1876 1026 vel
1920 980 2126 1025 mutare

539 1075 901 1146 permittitur,
949 1080 1164 1140 regente
1210 1079 1370 1137 atque
1407 1064 1695 1133 adjuvante
1736 1061 1909 1130 capite
1956 1069 2124 1114 totum

538 1183 729 1236 corpus
755 1180 930 1229 suum,
957 1164 1175 1233 pusillos
1201 1176 1319 1216 cum
1344 1159 1565 1227 magnis.
1596 1155 1649 1209 In
1679 1155 1901 1210 veritate
1928 1153 2124 1222 itaque,

540 1276 645 1314 non
695 1260 747 1312 in
794 1256 1051 1320 falsitate,
1096 1262 1329 1323 totestas
1381 1249 1642 1306 diabolica
1694 1246 2028 1301 exorcizatur
2074 1244 2126 1298 in

541 1352 772 1422 parvulis
804 1366 817 1403 :
849 1348 1004 1418 eique
1045 1345 1382 1406 renuntiant,
1425 1342 1545 1412 quia
1594 1355 1686 1409 per
1724 1353 1819 1393 sua
1856 1351 1962 1391 non
2002 1351 2127 1406 pos-

540 1457 695 1509 suut,
731 1459 823 1514 per
853 1441 1013 1497 corda
1042 1449 1095 1494 et
1133 1453 1226 1493 om
1264 1434 1613 1505 gestantium;
1642 1440 1699 1485 ut
1725 1430 1863 1486 eruti
1905 1444 1935 1484 a
1976 1438 2127 1498 pote-

541 1546 679 1591 state
712 1533 1045 1589 tenebrarum
1068 1533 1116 1583 in
1140 1544 1354 1596 regnum
1381 1524 1460 1580 sui
1491 1523 1696 1579 Domini
1724 1519 2125 1575 transferantur.

545 1626 680 1692 Quid
727 1641 851 1691 ergo
888 1623 936 1677 in
974 1622 1052 1675 eis
1091 1631 1203 1682 est,
1238 1633 1331 1685 per
1361 1614 1500 1685 quod
1534 1614 1583 1667 in
1629 1619 1890 1682 potestate
1933 1608 2127 1663 d;aboli

546 1724 858 1778 titttcttnlttr,
904 1711 1076 1765 donec
1121 1716 1377 1762 eruantur
1423 1704 1544 1757 inde
1596 1716 1692 1770 per
1737 1709 2126 1753 sacramentum

546 1804 882 1875 quitismatis
914 1798 1144 1855 Christi?
1181 1796 1314 1865 Quid
1353 1804 1473 1858 est,
1516 1795 1615 1848 nisi
1658 1790 1969 1863 peccatum?
2013 1788 2129 1843 Non

541 1898 684 1952 cnim
722 1894 863 1949 aliud
896 1892 1095 1947 invenit
1134 1888 1410 1951 diabolus,
1454 1885 1595 1940 unde
1620 1892 1799 1956 posset
1846 1882 2129 1936 humanam

544 2003 645 2042 sun
682 1985 786 2055 juri
832 1983 1134 2050 mancipare
1193 1990 1469 2041 naturam,
1516 1990 1672 2045 quam
1723 1974 1916 2026 bonam
1965 1972 2133 2024 bonus

545 2087 730 2135 auctor
770 2075 1018 2130 instituit.
1062 2072 1270 2127 Nullum
1312 2078 1487 2125 autem
1521 2074 1794 2135 peccatum
1836 2061 2035 2131 parvuli
2082 2062 2131 2114 in

547 2188 643 2227 sua
676 2170 783 2224 vita
812 2170 1084 2239 proprium
1111 2161 1514 2217 commiserunt.
1555 2158 1811 2211 Ilemanet
1845 2153 2003 2223 igitur
2030 2154 2136 2205 ori-

548 2262 730 2334 ginaIe
782 2267 1087 2330 peccatum,
1148 2268 1242 2323 per
1287 2250 1429 2321 quod
1478 2250 1576 2304 sub
1626 2246 1819 2302 diaboli
1879 2254 2138 2315 potestate

550 2353 744 2426 captivi
770 2360 914 2414 sunt,
942 2347 1041 2403 nisi
1064 2345 1185 2400 inde
1206 2345 1415 2397 lavacro
1437 2337 1856 2410 regenerationis
1876 2345 1928 2391 et
1943 2334 2139 2390 Christi

551 2444 811 2517 sanguine
840 2441 1189 2499 redimantur,
1217 2444 1271 2491 et
1300 2442 1574 2489 transeant
1604 2430 1655 2484 in
1682 2442 1901 2498 regnum
1934 2428 2144 2481 redem-

556 2538 723 2610 ptoris
752 2535 856 2600 sui,
884 2532 1135 2588 frustrata
1163 2533 1425 2597 potestate
1450 2520 1788 2592 captivatoris
1814 2518 1916 2584 sui,
1947 2526 2000 2572 et
2020 2518 2141 2570 data

557 2608 818 2704 potestate
839 2642 941 2699 qua
971 2623 1090 2679 {iam
1117 2636 1181 2676 cx
1201 2618 1322 2674 (iliis
1354 2614 1509 2687 hujus
1534 2612 1711 2668 sa'culi
1737 2611 1827 2665 ﬁlii
1850 2609 1940 2665 Dei
1965 2608 2139 2680 (Joan.

558 2734 584 2777 -ι
608 2763 624 2789 ,
660 2720 772 2794 12).

629 2808 855 2870 CAPUT
877 2804 1016 2865 XXI.
1034 2835 1110 2847 —
1124 2804 1216 2860 25.
1236 2801 1317 2859 Ea:
1335 2800 1478 2857 bonis
1496 2798 1718 2872 conjugii
1737 2813 1835 2852 non
1858 2812 1962 2850 esse
1981 2803 2145 2849 ortum

561 2916 839 2982 percolunt.
868 2900 1117 2959 Connubii
1144 2906 1512 2954 sacramentum
1539 2895 1591 2948 in
1617 2892 1817 2949 Christo
1843 2901 1886 2945 ct
1914 2887 2147 2943 Ecclesia

563 3017 839 3075 magnum,
893 2999 948 3052 in
998 2995 1104 3050 uiro
1141 3003 1188 3049 et
1230 3006 1387 3046 uxore
1429 2989 1713 3043 minimum.
1761 2984 1877 3040 .Iant
1921 2995 2062 3036 nunc
2100 2979 2146 3035 si

563 3070 794 3164 quodam
819 3086 979 3144 modo
1005 3085 1392 3154 interrogemus
1419 3079 1557 3135 bona
1578 3076 1668 3131 illa
1690 3073 1942 3145 nuptialia
1961 3111 1977 3137 ,
2009 3070 2150 3125 unde

562 3162 634 3240 ab
671 3183 750 3238 eis
788 3177 1020 3251 potuerit
1048 3184 1321 3246 peccatum
1352 3169 1405 3226 in
1432 3167 1679 3240 parvulos
1704 3162 2016 3235 propagari;
2060 3174 2148 3218 re-

564 3273 849 3348 spondebit
883 3268 1036 3326 nobis
1068 3264 1309 3337 operatio
1338 3259 1688 3334 propaganda
1715 3256 1881 3329 prolis
1912 3274 1928 3310 :
1961 3256 2071 3324 Ego
2095 3253 2149 3308 in

566 3344 815 3437 paradiso
842 3360 1012 3432 magis
1039 3358 1169 3414 felix
1195 3370 1394 3421 essem,
1431 3353 1478 3408 si
1511 3359 1786 3422 peccatum
1822 3362 1928 3405 non
1965 3344 2155 3401 fuisset

568 3436 880 3514 admissum.
898 3450 980 3508 Ad
1000 3463 1088 3506 me
1106 3436 1336 3518 namqite
1362 3446 1590 3515 pertinet
1609 3442 1695 3497 illa
1716 3437 2016 3497 benedictio
2034 3436 2150 3501 Dei,

568 3548 801 3613 Crescite,
829 3556 875 3602 et
903 3539 1316 3615 multiplicamini
1346 3535 1497 3608 (Gen.
1528 3552 1580 3603 ι,
1612 3533 1732 3607 28).
1762 3532 1844 3589 Ad
1872 3533 1978 3588 hoc
2017 3544 2154 3602 opus

569 3642 769 3696 bonum
796 3635 995 3694 diversi
1039 3646 1198 3690 sexus
1227 3630 1433 3686 diversa
1470 3625 1711 3683 membra
1748 3633 1875 3680 sunt
1909 3621 2152 3689 condita,

570 3748 689 3804 quae
731 3729 947 3803 quidem
985 3734 1109 3781 ante
1144 3730 1420 3796 peccatum
1443 3718 1555 3791 jam
1578 3720 1761 3781 erant,
1791 3714 1884 3771 sed
1908 3711 2156 3785 pudenda

569 3840 676 3880 non
714 3828 888 3878 erant.
927 3812 1293 3887 Respondebit
1316 3810 1580 3883 pudicitiae
1606 3806 1847 3864 ﬁdes:Si
1878 3812 2154 3878 peccatum

571 3909 676 3970 ιιὸιι
714 3911 932 3975 luisset,
974 3908 1101 3979 quid
1132 3920 1219 3961 me
1257 3904 1309 3959 in
1346 3900 1593 3973 paradiso
1630 3897 1871 3954 securius
1900 3909 2021 3952 esse
2059 3908 2157 3967 po—

572 4006 782 4067 tuissct,
807 4000 893 4057 ubi
921 4013 1024 4055 nec
1043 3995 1343 4055 stimularet
1364 4006 1505 4058 mea,
1528 4003 1628 4045 nec
1645 3987 1865 4043 alterius
1884 4000 1972 4040 me
1995 3983 2158 4040 libido

572 4104 824 4152 tentaret.
857 4087 1226 4162 Respondebit
1252 4085 1415 4142 etiam
1438 4078 1694 4138 connubii
1719 4077 2156 4133 Sacramentum:

575 4189 651 4243 De
679 4203 763 4241 me
796 4192 923 4240 ante
960 4187 1237 4253 peccatum
1268 4175 1467 4232 dictum
1493 4171 1656 4228 estin
1685 4168 1951 4240 paradiso,
1982 4165 2161 4221 Relin-

572 4290 687 4346 quet
717 4282 867 4331 homo
901 4282 1095 4347 patrem
1130 4279 1178 4324 et
1205 4276 1417 4323 matrem
1436 4306 1451 4330 ,
1487 4272 1534 4317 et
1555 4258 1828 4315 adltwrebit
1850 4257 1997 4312 uxori
2020 4271 2157 4319 sua,

573 4380 622 4424 et
650 4379 793 4422 erunt
820 4368 920 4418 duo
945 4363 998 4417 in
1021 4375 1175 4415 carne
1197 4373 1303 4412 una
1341 4353 1454 4425 (Ιό.
1481 4368 1551 4420 ιι,
1594 4350 1710 4419 24).
1744 4347 1892 4416 Quod
1922 4361 2162 4417 magnum

578 4462 967 4517 Sacramentum
990 4454 1122 4512 dicit
1145 4448 1432 4521 Apostolus
1461 4445 1519 4499 in
1556 4441 1756 4499 Christo
1781 4451 1825 4495 et
1856 4443 1906 4492 in
1936 4437 2161 4491 Ecclesia

578 4550 793 4623 (Ep-nes.
815 4564 868 4615 v,
894 4545 1007 4617 52).
1030 4540 1182 4611 Quod
1203 4551 1331 4610 ergo
1349 4544 1431 4593 est
1454 4535 1506 4589 in
1527 4532 1738 4588 Christo
1765 4538 1819 4584 ct
1846 4530 1897 4582 in
1920 4527 2162 4584 Ecclesia

578 4659 827 4714 magnum
844 4683 861 4707 ,
902 4639 1006 4695 hoc
1034 4635 1088 4693 in
1125 4630 1347 4702 singulis
1370 4624 1668 4699 quibusque
1690 4623 1821 4676 viris
1843 4628 2002 4689 atque
2028 4634 2162 4673 uso-

575 4709 722 4792 ribns
753 4734 1055 4794 minimum,
1085 4723 1181 4781 sed
1213 4732 1392 4777 tamen
1416 4712 1811 4786 coniunctionis
1836 4709 2164 4779 inseparabi-

577 4830 672 4885 lis'
705 4828 1130 4883 Sacramentutn.
1158 4814 1295 4884 Quid
1339 4813 1527 4866 borum
1564 4816 1646 4862 est
1675 4808 1727 4859 in
1774 4804 1996 4873 nuptiis,
2029 4802 2166 4855 unde

581 4919 785 4990 peccati
816 4914 1080 4969 vinculum
1108 4906 1359 4962 transiret
1384 4903 1436 4957 in
1470 4897 1750 4969 posteros?
1772 4894 1972 4962 Nempe
2002 4893 2163 4946 nihil:

581 4984 635 5064 et
661 5018 809 5063 certe
842 5004 927 5058 his
965 5002 1132 5055 tribus
1165 4996 1317 5051 bonis
1345 4990 1574 5062 perfecte
1610 5003 1669 5042 se
1713 4986 1932 5040 haberet
1964 4984 2169 5036 bonitas

583 5103 916 5171 nuptiartun,
945 5095 1138 5166 quibus
1172 5090 1326 5143 bouis
1363 5084 1522 5141 ctiam
1562 5100 1701 5138 nunc
1738 5081 1888 5135 bona:
1921 5088 2038 5131 sunt
2067 5094 2167 5132 nu-

584 5194 729 5264 ptite.

653 5275 881 5337 CAPUT
911 5269 1279 5332 XXII.-—-24.
1324 5264 1503 5320 Libido
1543 5273 1589 5317 et
1631 5262 1795 5333 pudor
1833 5276 1897 5314 ea:
1944 5267 2168 5329 peccato.

586 5375 692 5430 Lex
750 5370 957 5444 peccati.
1020 5363 1347 5438 lmpuicntia
1400 5359 1711 5431 cynicorttm.
1768 5354 1937 5408 Porro
1993 5361 2170 5406 autem

586 5467 632 5521 si
671 5464 1027 5531 interrogetur
1062 5458 1150 5514 illa
1187 5452 1363 5509 carnis
1408 5444 1834 5519 concupiscentia
1866 5484 1883 5510 ,
1929 5457 2031 5511 qua
2074 5458 2170 5511 po.

585 5554 759 5612 denda
809 5551 945 5607 laeta
987 5558 1132 5613 sunt,
1181 5559 1302 5617 qum
1345 5541 1489 5612 prius
1520 5537 1760 5607 pudenda
1793 5550 1897 5590 non
1935 5532 2172 5597 fuerant;

589 5662 766 5703 nonne
802 5639 1157 5713 respondebit.
1202 5652 1262 5694 se
1287 5637 1342 5690 ιιι
1364 5631 1616 5688 membris
1647 5627 1877 5685 hominis
1906 5635 2021 5697 post
2048 5642 2174 5695 pec-

652 5785 673 5820 ι
708 5778 773 5833 Er
809 5787 863 5836 et
880 5791 973 5834 se:
997 5784 1127 5839 διες..
1178 5766 1485 5836 reparabile.

1353 310 1441 366 DE
1481 306 1745 365 NEPTIIS
1784 298 1871 356 ΕΤ
1911 296 2517 367 CUNCL'PISCENTIA,
2556 301 2615 359 S.
2660 296 3031 358 AUGUSTINI

3723 292 3827 347 423

2231 428 2408 473 catum
2440 431 2558 471 esse
2586 416 2844 486 cmpisse?
2899 415 2966 469 Et
3026 409 3360 485 idca’lcgem
3402 415 3602 485 peccati
3642 419 3820 471 verbis

2230 507 2537 579 apostolicis
2581 517 2935 577 nuncupatam
2983 505 3163 575 (llam.
3220 519 3315 569 vn,
3362 503 3482 579 23),
3532 505 3675 577 quod
3716 504 3818 561 ho-

2231 603 2431 657 minem
2471 602 2570 656 sibi
2600 601 2869 657 snbditum
2912 599 3129 665 fecerit,
3173 602 3295 670 quia
3325 600 3437 655 Deo
3491 614 3591 657 suo
3637 601 3820 657 subdi.

2233 701 2317 750 tus
2351 709 2473 750 esse
2503 693 2671 748 noluit
2691 710 2705 746 :
2729 707 2895 763 seque
2915 706 3037 746 esse
3063 691 3132 746 de
3159 705 3261 761 qua
3288 701 3341 745 et
3370 690 3526 761 primi
3550 692 3820 763 conjugati

2233 794 2359 840 tunc
2376 784 2725 850 erubueruut,
2752 782 2967 853 quando
2996 782 3241 853 pudenda
3273 790 3520 838 texerunt
3551 781 3706 853 (Gen.
3738 799 3816 848 nt,

2231 878 2309 949 7),
2333 884 2390 933 et
2423 891 2563 932 nunc
2585 890 2777 931 omnes
2813 875 3170 941 erubescunt,
3208 875 3421 944 quando
3456 873 3524 928 ad
3560 889 3817 929 concum-

2230 967 2462 1024 bendum
2483 977 2686 1023 secreta
2706 966 3047 1035 conquirunt,
3074 979 3248 1037 neque
3269 964 3427 1036 hujus
3447 966 3626 1035 operis
3653 975 3818 1021 testes

2232 1060 2430 1117 audent
2461 1060 2657 1116 habere
2690 1060 2772 1115 vel
2816 1059 2985 1125 ﬁlios,
3023 1074 3157 1129 quos
3201 1058 3324 1113 inde
3363 1068 3684 1129 genuerunt.
3723 1059 3818 1114 Cui

2233 1150 2566 1207 verecundiae
2594 1151 2820 1206 naturali
2848 1150 3166 1223 Cynicorum
3196 1164 3348 1204 error
3380 1149 3849 1221 philosophorum,

2235 1240 2464 1296 mirabili
2521 1240 2846 1310 impudentia
2895 1240 3183 1294 reluctatus
3237 1246 3321 1295 est
3350 1256 3364 1293 :
3392 1239 3818 1310 quandoquidem

2235 1332 2357 1399 hoc,
2387 1332 2638 1403 quoniam
2676 1329 2875 1385 licitum
2906 1338 3049 1386 esset
3080 1330 3470 1400 honestumque
3489 1369 3505 1397 ,
3537 1345 3657 1384 cum
3685 1346 3817 1385 con-

2228 1423 2356 1495 juge
2383 1424 2555 1494 palam
2589 1421 2892 1477 faciendum
2933 1436 3052 1475 csse
3093 1420 3405 1477 censebant.
3446 1419 3598 1476 Unde
3625 1420 3821 1474 merito

2236 1514 2569 1571 immundilia
2620 1513 2777 1585 hujus
2816 1514 3157 1583 impudentiae
3195 1514 3441 1568 caninum
3487 1528 3683 1569 nomen
3725 1528 3821 1569 ac-

2236 1606 2375 1677 cepit
2399 1622 2413 1660 :
2433 1622 2498 1661 ex
2530 1607 2628 1659 hoc
2650 1605 2843 1676 quippe
2870 1604 3053 1676 Cynici
3085 1602 3367 1673 nuncupati
3389 1612 3533 1657 sunt.

2305 1695 2534 1753 CAPUT
2574 1695 2762 1751 XXIII.
2785 1724 2856 1736 —
2874 1694 2965 1750 25.
2997 1693 3413 1763 Concupiscentia
3440 1694 3494 1747 in
3522 1695 3823 1766 regeneratis

2236 1789 2347 1844 sine
2378 1805 2625 1844 consensu
2667 1804 2769 1843 non
2815 1799 2885 1842 est
2926 1796 3208 1857 peccatum.
3252 1784 3524 1840 Peccatum
3551 1801 3650 1857 qua
3672 1803 3822 1842 sensu

2237 1882 2642 1953 concupiscentia
2681 1890 2901 1934 vocetur.
2944 1879 3200 1949 Quidquid
3237 1895 3326 1950 per
3362 1879 3818 1950 concupiscentiam

2222 1973 2483 2038 nascitur,
2513 1988 2613 2026 non
2640 1971 2887 2024 immerito
2914 1968 3177 2039 subjugari
3197 1967 3399 2022 diabolo
3425 1978 3628 2038 propter
3651 1983 3826 2037 pecco.

2240 2074 2368 2117 tum.
2404 2062 2651 2117 Diabolus
2678 2062 2879 2133 gravius
2915 2076 3065 2131 quam
3096 2059 3323 2113 homines
3352 2060 3658 2129 puniendus.
3700 2058 3823 2114 Il:cc

2240 2155 2460 2209 omnino
2487 2153 2953 2221 concupiscentia,
2998 2151 3109 2205 hate
3140 2150 3224 2204 lex
3256 2150 3454 2219 peccati
3494 2141 3737 2204 habitans
3771 2150 3823 2204 in

2244 2246 2518 2311 membris,
2550 2245 2634 2299 cui
2660 2244 2744 2300 lex
2768 2242 2987 2313 iustitia:
3015 2250 3157 2297 vetat
3185 2240 3424 2304 obedire,
3451 2240 3661 2297 dicente
3692 2242 3828 2310 Apo-

2246 2340 2414 2404 stolo,
2443 2337 2564 2392 Non
2594 2353 2709 2408 ergo
2739 2344 2907 2407 regnet
2938 2344 3192 2402 peccatum
3217 2334 3269 2387 in
3302 2343 3462 2388 oestro
3490 2332 3689 2386 mortali
3716 2349 3831 2387 cor-

2246 2448 2367 2502 pore
2390 2429 2456 2482 ad
2481 2428 2813 2483 obedieudunt
2839 2425 3099 2480 desideriis
3129 2425 3254 2496 ejus,
3277 2440 3436 2497 neque
3461 2423 3786 2479 exhibueritis
3809 2425 3827 2455 ⁸

2246 2520 2467 2577 membra
2495 2530 2656 2575 vestra
2694 2533 2838 2573 arma
2880 2516 3156 2587 iniquitatis
3183 2525 3386 2586 peccato
3426 2513 3604 2586 (llam.
3632 2529 3709 2579 Vl,
3743 2513 3827 2577 12.

2252 2616 2510 2688 13),h:cc,
2550 2615 2761 2684 inquam
2785 2653 2802 2681 ,
2841 2610 3268 2681 concupiscentia
3291 2650 3306 2676 ,
3342 2623 3461 2678 quae
3489 2607 3602 2661 solo
3639 2606 3829 2661 Sacra-

2248 2715 2427 2762 mento
2456 2703 2876 2777 regenerationis
2903 2702 3145 2772 expiatur
3164 2740 3180 2767 ,
3223 2698 3458 2770 profecto
3487 2696 3686 2767 peccati
3715 2698 3830 2750 vin-

2248 2798 2427 2854 culum
2456 2795 2860 2867 regeneratione
2886 2791 3080 2863 trajicit
3101 2791 3154 2845 in
3190 2798 3454 2860 posteros,
3484 2787 3586 2842 nisi
3605 2788 3627 2819 ³
3646 2786 3714 2841 ab
3742 2785 3832 2841 illo

2249 2896 2306 2944 et
2345 2887 2445 2958 ipsi
2489 2885 2895 2957 regeneratione
2940 2881 3239 2937 solvantur.
3284 2878 3419 2935 Nam
3464 2877 3579 2948 ipsa
3618 2876 3833 2947 quidem

2250 2978 2678 3050 concupiscentia
2702 2977 2811 3048 jam
2836 2991 2944 3032 non
2968 2984 3051 3031 est
3078 2982 3351 3046 peccatum
3385 2973 3437 3027 in
3474 2973 3799 3042 regeneratis
3817 3013 3833 3037 ,

2253 3074 2471 3149 quando
2498 3073 2575 3129 illi
2611 3074 2681 3128 ad
2708 3072 2890 3127 illicita
2916 3084 3078 3140 opera
3106 3083 3213 3123 non
3256 3067 3624 3133 consentitur,
3674 3073 3836 3133 atque

2256 3176 2315 3224 ut
2343 3183 2404 3224 ea
2432 3162 2797 3237 perpetrent',
2828 3176 2859 3217 a
2887 3162 3066 3232 regina
3094 3166 3274 3215 mente
3300 3157 3538 3214 membra
3569 3172 3674 3210 non
3700 3154 3838 3210 dan-

2256 3267 2343 3315 tur
2365 3275 2381 3313 :
2403 3266 2461 3313 ιιι
2490 3255 2537 3312 si
2565 3270 2674 3311 non
2701 3253 2760 3309 lit
2786 3251 2927 3323 quod
2952 3250 3210 3321 scriptum
3239 3257 3342 3311 est,
3375 3245 3497 3301 Non
3516 3245 3832 3316 concupisces

2255 3347 2456 3422 (Exod.
2487 3341 2737 3419 13,”),
2768 3343 2860 3398 ﬁat
2884 3343 3073 3397 saltent
3116 3339 3257 3411 quod
3300 3338 3425 3393 alibi
3464 3337 3674 3409 legitur,
3720 3335 3841 3391 Post

2256 3437 2689 3512 concupiscentias
2722 3445 2838 3492 tuas
2880 3450 2984 3491 non
3016 3450 3101 3489 eos
3145 3429 3335 3504 (Eccli.
3376 3444 3532 3497 XVIII,
3575 3430 3691 3497 '50).
3734 3427 3839 3484 Sed

2256 3534 2381 3607 quia
2400 3533 2421 3565 ⁸
2443 3530 2605 3589 modo
2623 3529 2854 3602 quodam
2871 3526 3122 3599 loquendi
3144 3535 3417 3597 peccatum
3440 3534 3675 3588 vocatur,
3698 3522 3839 3593 quod

2258 3636 2312 3685 et
2345 3634 2566 3699 peccato
2602 3623 2740 3681 laeta
2776 3631 2880 3690 est,
2914 3631 2970 3679 et
3007 3630 3303 3693 peccatum,
3348 3618 3393 3673 si
3431 3618 3651 3684 vicerit,
3683 3614 3841 3678 facit;

2260 3720 2478 3776 reatus’
2513 3718 2631 3790 ejus
2655 3717 2799 3773 valet
2835 3717 2888 3771 in
2916 3723 3171 3786 generato
3191 3730 3206 3767 :
3225 3726 3382 3782 quem
3413 3718 3618 3765 reatum
3645 3707 3842 3763 Christi

2258 3812 2427 3883 gratia
2456 3825 2556 3880 per
2589 3807 2959 3865 remissionem
3004 3804 3245 3859 omnium
3291 3809 3634 3871 peccatorum
3675 3798 3727 3852 in
3760 3813 3847 3852 re—

2260 3911 2544 3973 generato.
2576 3900 2623 3955 si
2647 3900 2714 3954 ad
2753 3897 2892 3953 mala
2927 3910 3089 3967 opera
3120 3895 3168 3950 ei
3199 3892 3429 3964 quodam
3460 3891 3621 3946 modo
3640 3887 3844 3960 iubenti

2264 4006 2368 4047 non
2413 3990 2662 4054 obediat,
2709 3987 2886 4043 valere
2929 3992 3047 4041 non‘
3080 3984 3227 4040 sinit.
3269 3981 3360 4039 Sic
3400 3990 3579 4035 autem
3631 3989 3848 4034 vocatur

2264 4090 2537 4153 peccatum
2557 4122 2574 4148 ,
2600 4080 2725 4150 quia
2763 4084 2984 4148 peccato
3020 4075 3157 4131 facta
3187 4081 3270 4128 est
3290 4113 3304 4136 ,
3334 4086 3455 4127 cum
3478 4070 3591 4140 jam
3619 4072 3669 4122 in
3698 4083 3850 4139 rege-

2264 4174 2464 4231 neratis
2493 4188 2598 4227 non
2641 4172 2713 4227 sit
2752 4171 2866 4240 ipsa
2906 4177 3184 4240 peccatum
3208 4183 3222 4219 :
3246 4164 3386 4220 sicut
3422 4170 3644 4217 vocatur
3671 4160 3847 4230 lingua

2266 4264 2483 4331 locutio,
2501 4278 2658 4334 quam
2682 4261 2805 4316 facit
2823 4261 3031 4330 lingua;
3052 4267 3107 4313 et
3122 4270 3311 4311 manus
3327 4262 3547 4309 vocatur
3564 4250 3845 4320 scriptura,

2264 4373 2423 4429 quam
2455 4355 2583 4411 facit
2629 4368 2840 4409 manus.
2886 4350 3122 4420 Itemque
3159 4348 3237 4403 sic
3282 4353 3500 4401 vocatur
3540 4349 3849 4413 peccatum,

2266 4450 2391 4521 quia
2423 4459 2729 4519 peccatum,
2777 4443 2822 4498 si
2855 4443 3037 4507 vincit,
3077 4441 3233 4495 facit:
3257 4437 3394 4492 sicut
3426 4444 3648 4490 vocatur
3684 4432 3851 4503 frigus

2267 4544 2499 4614 pigrum,
2520 4554 2624 4593 non
2644 4536 2784 4608 quod
2810 4551 2841 4590 a
2868 4535 3027 4605 pigris
3055 4535 3164 4595 liat,
3193 4531 3286 4587 sed
3309 4529 3450 4600 quod
3475 4528 3653 4599 pigros
3673 4527 3851 4581 faciat.

2338 4633 2431 4688 26.
2461 4633 2571 4687 IIoc
2594 4631 2769 4703 generi
2800 4630 3030 4682 humano
3060 4625 3314 4679 inllictnm
3337 4622 3528 4676 vulnus
3555 4636 3586 4674 a
3615 4618 3851 4681 diabolo,

2271 4724 2527 4797 quidquid
2567 4737 2661 4792 per
2702 4720 2828 4776 illud
2873 4721 3137 4781 nascitur,
3169 4716 3310 4786 cogit
3349 4728 3467 4768 esse
3495 4713 3595 4765 sub
3621 4709 3851 4773 diabolo,

2275 4828 2523 4884 tanquam
2552 4811 2621 4867 de
2648 4827 2747 4866 suo
2786 4810 2974 4861 frutice
3005 4805 3231 4860 fructum
3263 4804 3385 4873 jure
3426 4802 3674 4869 decerpat
3706 4816 3722 4852 :
3753 4815 3856 4851 non

2267 4906 2416 4979 quod
2447 4905 2513 4961 ab
2542 4902 2636 4959 illo
2665 4904 2734 4957 sit
2762 4912 2947 4955 natura
2978 4900 3204 4953 humana
3225 4937 3241 4960 ,
3269 4911 3388 4966 qua:
3416 4909 3522 4947 non
3550 4902 3632 4947 est
3663 4891 3761 4948 nisi
3791 4906 3854 4945 es

2337 5020 2358 5054 ⁸
2392 5018 2466 5068 sic
2486 5023 2594 5082 tlss.
2610 5016 2729 5065 sunt
2755 5025 2890 5082 vero,
2914 5007 3199 5062 cxltibcutia.

2338 5082 2360 5114 ι
2392 5079 2522 5192 Ἀξιιά
2547 5084 2678 5135 lov.,
2699 5082 2744 5126 et
2766 5075 2876 5124 nisi.

2340 5143 2363 5175 ³
2450 5147 2583 5192 ιιιιιοι
2601 5145 2730 5192 3155.,
2755 5148 2876 5192 νίψῃς

2340 5143 2363 5175 ³
2394 5138 2583 5204 Aliquot
2601 5145 2730 5195 uss,
2755 5138 3009 5204 pct‘pctret.

2339 5204 2363 5235 ⁸
2384 5186 2704 5251 ιξδιίῖιῖιῖίξιιὲιξδ
2717 5186 3015 5257 reiecerunt.
3030 5191 3144 5255 quia
3168 5206 3184 5243 :
3198 5191 3390 5257 tametsi
3409 5196 3514 5257 erat
3528 5186 3653 5250 apud
3668 5194 3765 5257 Arn.
3781 5190 3858 5234 Fr.

2274 5274 2516 5314 «omnes
2529 5263 2722 5312 culices
2745 5250 3105 5317 tnnntscriptOs'.
3134 5261 3272 5305 Forte
3299 5251 3584 5317 legendum,
3615 5250 3700 5299 sed
3734 5261 3775 5305 q.
3794 5258 3860 5317 ιε.

2342 5329 2363 5359 ⁸
2399 5325 2717 5386 ttenigniunus
2738 5328 2839 5377 ΜΞ..
2878 5316 3041 5367 rerum
3058 5325 3251 5386 reatus.
3276 5316 3365 5362 Sed
3384 5347 3415 5385 ,θ
3434 5325 3597 5386 rerum
3614 5345 3629 5369 ,
3653 5322 3681 5357 a
3700 5316 3866 5386 [waste-

2280 5368 2591 5436 riore—iiia‘it—u
2620 5368 2932 5433 stibstituiutti
2958 5386 3035 5427 est
3058 5376 3163 5425 loco
3190 5376 3313 5426 alius
3342 5368 3861 5436 ctijnsdanrvocalmli.

2281 5432 2407 5497 sunt
2442 5432 2551 5495 hhri
2593 5447 2675 5497 nui
2727 5444 2937 5495 lilibt'lll.
2986 5437 3098 5497 [Tu-it
3136 5451 3275 5487 reum
3311 5432 3859 5497 :ie}.tustjus__rntct,

2283 5494 2401 5569 etei}
2426 5494 2584 5557 minus
2607 5494 2752 5569 bene.
2778 5529 2837 5538 --
2861 5494 3048 5569 Morel,
3072 5498 3216 5569 talem.
3246 5500 3352 5569 erit.
3374 5510 3509 5569 νίζε..
3526 5494 3769 5569 3%,.330.

2284 5549 2409 5634 legit
2429 5549 2583 5619 ’ϊὶίίιῖἑ
2607 5549 2798 5621 vlo—cunt
2840 5549 2871 5614 :V
2893 5549 2985 5634 sed
3025 5549 3155 5634 _'qnia
3210 5559 3351 5634 modp
3375 5549 3595 5634 ἰῇῐὸάίειιι
3623 5549 3870 5634 "loquendi

2283 5621 2533 5695 peccattnt
2562 5636 2794 5695 meatur,
2820 5625 2947 5695 quod
2989 5631 3034 5673 et
3056 5621 3273 5695 νείαιξο
3310 5621 3441 5691 facta
3478 5623 3587 5695 catt.
3601 5622 3648 5685 et
3693 5627 3869 5695 μείξας-

2284 5676 2717 5751 iisii'siitcaa,
2757 5676 2873 5751 lari:
2918 5676 3108 5745 nemon;
3141 5676 3318 5739 reatus
3334 5681 3440 5745 ejus
3468 5676 3587 5730 ualet
3628 5676 3680 5728 in
3722 5686 3871 5740 gene-

2287 5762 2410 5809 rato.
2477 5762 2529 5806 Σὲ.
