4144 6520
388 287 491 346 429

392 406 536 471 Deo,
565 404 660 463 sed
698 404 881 465 vilium
926 402 1069 478 quod
1109 418 1216 461 non
1260 410 1343 461 est
1388 418 1455 460 ex
1491 402 1620 460 Deo.
1675 402 1790 459 Non
1835 401 1976 458 enim

390 506 605 570 propter
632 513 692 554 se
720 500 920 570 ipsam,
951 512 1071 569 quin
1110 497 1391 554 laudabilis
1417 505 1533 565 est,
1566 498 1687 569 quia
1719 512 1853 569 opus
1881 496 1975 552 Dei

385 598 502 654 est;
543 588 639 646 sed
671 600 885 661 propter
927 589 1233 647 damnabile
1261 590 1480 658 vitium,
1506 604 1614 662 quo
1645 589 1827 645 vitiata
1868 598 1972 659 est,

388 694 574 740 natura
613 685 846 743 humana
872 686 1176 745 damnatur.
1216 687 1283 744 Et
1311 698 1532 760 propter
1569 688 1713 760 quod
1748 689 1974 746 damna-

389 787 493 844 tur,
528 789 746 848 propter
786 777 890 835 hoc
930 787 988 834 et
1027 778 1316 834 damnabili
1358 779 1572 835 diabolo
1611 780 1925 853 subjugatur
1958 800 1973 836 :

385 870 507 939 quia
535 878 592 926 et
631 870 745 938 ipse
772 868 1013 927 diabolus
1040 871 1263 942 spiritus
1304 871 1611 928 immundus
1635 882 1718 929 est
1737 915 1751 938 ,
1782 883 1838 930 et
1867 874 1973 929 uti-

320 994 341 1012 .
384 977 487 1029 que
517 959 718 1019 bonum
757 960 898 1031 quod
936 963 1154 1032 spiritus
1177 1003 1194 1029 ,
1220 963 1420 1019 malum
1445 964 1591 1035 quod
1625 963 1971 1033 immundus;

383 1054 634 1124 quoniam
675 1053 893 1126 spiritus
930 1063 1016 1110 est
1054 1066 1237 1110 natura
1261 1096 1277 1122 ,
1323 1054 1628 1112 immundus
1671 1066 1755 1112 est
1795 1057 1922 1112 vitio
1954 1074 1970 1112 :

382 1162 606 1216 quorum
648 1146 875 1203 duorum
918 1147 1046 1204 illud
1075 1163 1105 1203 a
1136 1149 1247 1205 Deo
1271 1157 1387 1216 est,
1418 1149 1522 1205 hoc
1560 1150 1630 1205 ab
1670 1150 1806 1221 ipso.
1855 1149 1970 1206 Non

382 1240 558 1309 itaque
603 1248 751 1295 tenet
796 1240 1061 1308 homines,
1110 1240 1224 1296 sive
1270 1241 1511 1311 majoris,
1556 1243 1670 1297 sive
1713 1241 1972 1298 infantilis

381 1333 571 1395 artatis,
601 1342 821 1401 propter
846 1331 987 1402 quod
1014 1332 1260 1388 homines
1283 1341 1429 1397 sunt,
1460 1333 1555 1389 sed
1583 1344 1800 1404 propter
1828 1334 1970 1405 quod

382 1423 636 1476 immundi
680 1431 825 1477 sunt.
875 1422 974 1490 Qui
1019 1437 1148 1494 ergo
1176 1424 1401 1479 miratur
1432 1426 1559 1494 quia
1600 1434 1843 1480 creatura
1874 1426 1969 1481 Dei

380 1512 623 1566 subditur
660 1512 876 1567 diabolo
894 1553 909 1577 ,
942 1528 1051 1568 non
1078 1512 1303 1569 miretur
1330 1530 1345 1569 :
1377 1513 1625 1570 subditur
1650 1517 1792 1570 enim
1820 1531 1972 1571 crea—

382 1611 496 1653 tura
545 1601 641 1656 Dei
685 1611 946 1657 creatura:
993 1603 1109 1668 Dei,
1157 1605 1334 1660 minor
1375 1605 1587 1675 majori,
1636 1606 1759 1676 quia
1807 1606 1970 1663 homo

377 1695 601 1765 angelo;
651 1710 753 1752 nec
802 1704 980 1751 tamen
1027 1704 1244 1768 propter
1287 1706 1556 1764 naturam,
1606 1699 1701 1755 sed
1751 1708 1969 1770 propter

376 1792 586 1855 vitium,
629 1792 751 1862 quia
800 1791 1106 1848 immundus
1150 1792 1447 1848 immundo.
1498 1793 1596 1849 llic
1637 1805 1721 1850 est
1764 1793 1967 1850 fructus

379 1883 496 1950 ejus
528 1900 596 1939 ex
638 1885 855 1955 antiqua
885 1884 1234 1940 immunditiae
1276 1884 1477 1956 stirpe,
1508 1902 1668 1957 quam
1706 1887 1967 1957 plantavit

378 1976 430 2030 in
479 1975 717 2045 homine,
747 1976 978 2046 majores
1016 1976 1231 2048 quidem
1276 1991 1464 2048 poenas
1508 1977 1699 2035 ultimo
1737 1979 1961 2049 judicio,

372 2081 573 2139 quanto
610 2079 695 2127 est
736 2070 1093 2137 immundior,
1126 2073 1241 2143 ipse
1264 2087 1522 2145 passurus
1550 2091 1566 2129 :
1595 2082 1962 2129 verumtamen

372 2173 427 2217 et
463 2164 657 2233 quibus
694 2164 748 2219 in
786 2165 875 2219 illa
916 2165 1261 2224 damnatione
1302 2167 1631 2224 tolerabilius
1671 2168 1805 2235 erit,
1837 2166 1963 2224 huic

372 2261 498 2325 sunt
532 2254 728 2309 subditi
759 2254 905 2311 velut
948 2257 1171 2326 principi
1200 2260 1512 2329 auctorique
1554 2259 1794 2328 peccati;
1832 2258 1959 2329 quia

372 2344 516 2400 nulla
543 2346 645 2400 erit
668 2346 1029 2403 damnationis
1055 2363 1215 2405 causa
1232 2389 1251 2418 ,
1278 2349 1381 2405 nisi
1412 2358 1710 2421 peceatum.

440 2434 668 2493 CAPUT
707 2436 894 2493 XXIV.
916 2468 991 2480 —
1009 2438 1101 2495 27.
1126 2439 1230 2496 Per
1250 2441 1510 2496 libidinem
1535 2441 1819 2497 traducitur
1845 2459 1962 2515 pec-

369 2537 537 2583 eatum
573 2530 839 2603 originale.
880 2530 1100 2588 Peccata
1133 2535 1351 2590 oenialia
1386 2536 1442 2591 in
1461 2536 1784 2609 conjugibus.
1824 2537 1959 2595 Con-

369 2622 675 2694 cupiscentia
699 2625 899 2693 carnis,
931 2627 1122 2697 peccati
1165 2626 1278 2697 filia
1311 2637 1360 2684 et
1395 2638 1578 2686 mater.
1621 2629 1960 2701 QuaprOptcr

290 2731 301 2741 ο
369 2722 523 2769 natos
560 2729 666 2770 non
702 2729 772 2771 ex
807 2715 951 2772 bono
992 2733 1100 2790 quo
1127 2718 1285 2776 bonas
1323 2727 1450 2776 sunt
1485 2722 1703 2791 nuptis,
1749 2723 1845 2777 sed
1888 2736 1959 2777 ex

369 2804 511 2860 malo
533 2807 1015 2879 concupiscentiis,
1045 2824 1154 2881 quo
1190 2809 1327 2867 bene
1353 2811 1566 2882 quidem
1594 2821 1816 2868 utuntur
1853 2828 1954 2867 nu-

366 2899 515 2970 ptire,
550 2899 618 2956 de
645 2915 754 2972 quo
780 2911 957 2959 tamen
990 2904 1316 2962 erubescunt
1341 2915 1396 2962 et
1426 2906 1655 2978 nuptiae,
1688 2921 1811 2963 reos
1836 2905 1956 2962 dia-

366 2989 521 3046 bolus
563 2993 814 3063 parvulos
841 3001 1009 3052 tenet.
1051 2994 1186 3066 Quia
1229 3011 1352 3053 cum
1396 2998 1503 3053 sint
1547 2997 1677 3068 ipsa:
1722 2998 1956 3055 honora-

365 3083 501 3141 biles
527 3085 580 3142 in
621 3086 869 3142 omnibus
906 3087 974 3143 ad
1002 3102 1095 3144 eas
1119 3090 1335 3160 proprie
1359 3090 1748 3160 pertinentibus
1775 3090 1952 3159 bonis,

362 3175 574 3231 etiamsi
600 3175 814 3233 thorum
843 3178 1076 3236 habeant
1102 3180 1498 3236 immaculatum
1519 3180 1704 3252 (Hebr.
1732 3197 1846 3249 xttt,
1868 3182 1950 3253 ὁ),

366 3281 472 3322 non
507 3267 681 3323 solum
709 3283 740 3324 a
780 3268 1224 3329 fornicationibus
1251 3281 1309 3330 et
1336 3274 1643 3342 adulteriis,
1673 3290 1794 3347 quae
1827 3285 1954 3332 sunt

363 3354 561 3429 ﬂagitia
601 3357 959 3429 damnaliilia,
986 3376 1172 3420 verum
1209 3366 1371 3421 etiam
1411 3365 1481 3421 ab
1509 3366 1618 3422 illis
1640 3367 1952 3426 excessibus

362 3451 749 3508 concumbendi
772 3495 788 3522 ,
815 3455 906 3526 qui
944 3470 1052 3512 non
1097 3457 1233 3513 fiunt
1273 3473 1433 3515 causa
1477 3460 1645 3531 prolis
1678 3461 1952 3518 voluntate

361 3539 706 3612 dominante,
745 3546 841 3601 sed
881 3561 1043 3603 causa
1081 3549 1370 3621 voluptatis
1411 3552 1661 3608 vincente
1705 3552 1946 3619 libidine,

360 3648 482 3703 qum
509 3644 637 3690 sunt
661 3636 715 3691 in
740 3636 1057 3708 conjugibus
1084 3650 1298 3710 peccata
1324 3643 1551 3697 venialia
1581 3661 1595 3698 :
1622 3651 1798 3700 tamen
1825 3660 1947 3699 cum

363 3733 643 3779 venturum
672 3725 832 3783 fuerit
856 3728 924 3783 ad
957 3743 1092 3799 opus
1143 3732 1454 3801 generandi,
1488 3734 1603 3803 ipse
1647 3733 1734 3789 ille
1772 3734 1950 3790 licitus

360 3812 727 3887 bonestusque
753 3820 1090 3889 concubitus,
1122 3836 1228 3876 non
1254 3831 1435 3893 potest
1460 3839 1581 3880 esse
1607 3825 1726 3881 sine
1752 3826 1948 3883 ardore

360 3903 615 3972 libidinis,
648 3917 706 3964 ut
725 3911 910 3982 peragi
948 3914 1118 3983 possit
1140 3914 1282 3985 quod
1311 3917 1536 3973 rationis
1559 3926 1663 3985 est,
1695 3935 1798 3974 non
1828 3920 1948 3976 libi-‘-

358 3995 520 4053 dinis.
558 3998 658 4067 Qui
686 4009 832 4058 certe
858 4002 1040 4071 ardor,
1070 4005 1186 4061 sive
1212 4018 1487 4079 sequatur,
1518 4010 1632 4067 sive
1658 4013 1949 4082 praeveniat

356 4092 715 4163 voluntatem,
744 4110 852 4153 non
879 4104 1055 4154 tamen
1084 4099 1186 4155 nisi
1227 4100 1345 4172 ipse
1380 4103 1612 4174 quodam
1653 4105 1806 4175 quasi
1848 4120 1947 4161 suo

357 4184 586 4256 imperio
626 4196 806 4244 movet
831 4191 1089 4258 membra,
1121 4208 1242 4264 qua:
1279 4196 1483 4252 moveri
1527 4197 1801 4255 voluntate
1837 4214 1944 4256 non

357 4286 584 4347 possunt
609 4295 625 4334 :
650 4287 812 4351 atque
847 4281 918 4336 ita
956 4297 1017 4338 se
1056 4283 1259 4340 indicat
1295 4301 1402 4341 non
1431 4288 1747 4359 imperantis
1772 4290 1945 4345 famu-

355 4367 504 4437 lam,
553 4368 650 4426 sed
703 4371 1058 4431 inobedientis
1108 4377 1428 4447 supplicium
1476 4380 1791 4449 voluntatis,
1844 4398 1946 4440 nec

355 4456 529 4515 libero
569 4460 809 4531 arbitrio,
849 4464 946 4521 sed
986 4465 1302 4525 illecebroso
1330 4470 1506 4544 aliquo
1544 4473 1761 4529 stimulo
1795 4490 1945 4532 com-

352 4552 698 4622 movendum,
723 4564 778 4611 et
804 4556 927 4614 ideo
950 4559 1279 4630 pudendum.
1314 4563 1390 4619 Ex
1420 4563 1522 4622 hac
1543 4568 1721 4623 carnis
1745 4583 1944 4625 concu-

313 4703 328 4728 ⁸
353 4643 633 4714 piscantis,
656 4661 776 4717 quae
802 4648 927 4705 licet
949 4650 1004 4705 in
1030 4654 1362 4723 regeneratis
1383 4655 1494 4727 jam
1523 4672 1629 4714 non
1656 4658 1943 4731 deputetur

351 4734 410 4791 in
453 4747 767 4807 peccatum,
806 4749 986 4799 tamen
1048 4754 1254 4803 natum
1309 4763 1413 4805 non
1472 4752 1667 4808 accidit
1716 4755 1818 4809 nisi
1871 4755 1941 4812 de

351 4836 575 4895 peccato
614 4845 630 4883 :
675 4844 744 4887 ex
792 4831 928 4900 hac,
972 4834 1214 4907 inquam,
1258 4843 1689 4913 concupiscentia
1736 4849 1936 4916 carnis,

352 4922 602 5011 tauquam
647 4920 754 4977 lilia
791 4927 1033 4998 peccati,
1061 4939 1117 4987 et
1144 4933 1358 5003 quando
1401 4935 1474 4992 illi
1499 4937 1567 4992 ad
1603 4941 1774 5011 turpia
1804 4957 1937 4997 con-

350 5008 612 5080 sentitur,
643 5014 804 5070 etiam
846 5028 1183 5087 peccatorum
1222 5033 1394 5082 matre
1438 5008 1748 5099 multorum,
1792 5050 1940 5103 ψιῑε-

348 5111 577 5172 cnmque
599 5106 834 5163 nascitur
851 5111 1051 5181 proles,
1073 5114 1317 5186 originali
1338 5128 1419 5173 est
1439 5120 1667 5193 obligata
1693 5134 1931 5193 peccato,

348 5191 450 5247 nisi
479 5192 534 5248 iu
562 5192 654 5250 illo
678 5209 1019 5269 renascatur,
1047 5220 1207 5276 quem
1233 5208 1351 5265 sine
1377 5209 1475 5266 ista
1504 5191 1934 5284 concupiscentia

353 5282 513 5355 Virgo
540 5289 783 5358 concepit
815 5310 829 5347 :
864 5305 1144 5365 propterea
1176 5300 1390 5369 quando
1416 5305 1559 5361 nasci
1586 5282 1749 5363 estin
1775 5324 1935 5367 carne

344 5375 620 5448 dignatus.
653 5383 771 5439 sine
800 5397 1021 5454 peccato
1046 5380 1301 5449 solus'est
1330 5408 1505 5454 natus.

414 5469 643 5530 CAPUT
681 5473 847 5534 XXV.
875 5505 947 5521 —
971 5479 1065 5537 28.
1105 5481 1524 5556 Concupiscentia
1558 5502 1783 5548 remanet
1823 5505 1937 5563 post

343 5558 671 5632 Baptisntum
699 5569 833 5623 velut
873 5569 1088 5643 languor
1121 5584 1231 5645 post
1256 5587 1492 5634 sanatum
1519 5584 1767 5639 morbum.
1795 5558 1933 5641 Cou-

342 5657 654 5727 cupiscentia
692 5659 746 5715 in
782 5664 1156 5733 proﬁcientibus
1184 5670 1462 5741 minuitur,
1492 5674 1547 5728 in
1573 5674 1933 5733 incontinenti-

336 5746 436 5805 διε
462 5761 695 5823 augetur.
730 5752 786 5810 Si
830 5765 1008 5812 autem
1036 5762 1324 5831 qttteritur,
1354 5766 1622 5836 quomodo
1662 5770 1759 5826 ista
1800 5786 1932 5827 con-

1781 286 1983 344 lilBER
2024 283 2293 344 PRIMUS.

3568 293 3673 352 450

2086 400 2411 471 cupiscentia
2463 404 2639 461 carnis
2694 418 2908 466 maneat
2957 410 3010 467 in
3057 418 3391 486 regenerato,
3462 416 3517 478 in
3569 435 3678 495 quo

2087 496 2457 553 universorum
2495 496 2631 556 facta
2670 509 2754 557 est
2787 502 3033 561 remissio
3085 516 3462 582 peccatorum;
3499 529 3672 587 quan-

2082 586 2369 659 doquidem
2400 606 2500 661 per
2523 592 2693 664 ipsam
2720 595 3036 667 seminatur,
3066 609 3121 656 et
3146 614 3268 660 cum
3295 602 3410 674 ipsa
3440 586 3679 664 carnalis

2080 679 2319 750 gignitur
2360 683 2542 754 proles
2589 688 2824 756 parentis
2863 690 3024 745 etiam
3069 691 3359 764 baptizati;
3405 708 3496 753 aut
3524 711 3672 755 certe

2081 770 2126 824 si
2156 769 2209 825 in
2252 783 2475 843 parente
2515 775 2781 846 baptizato
2810 790 2987 850 potest
3023 797 3145 840 esse
3170 794 3225 840 et
3253 798 3529 857 peccatum
3561 808 3666 847 non

2081 876 2233 929 esse,
2262 879 2360 920 cur
2386 866 2572 922 eadem
2605 869 2716 940 ipsa
2745 870 2796 926 in
2828 872 2977 942 prole
3008 888 3281 946 peccatum
3309 882 3379 934 sit
3405 900 3419 934 :
3448 883 3515 938 ad
3558 882 3675 940 Ιιιυε

2081 956 2460 1025 respondetur,
2489 958 2685 1017 dimitti
2730 965 3215 1035 concupiscentiam
3255 973 3432 1028 carnis
3473 975 3522 1029 in
3568 974 3674 1033 Ba-

2084 1046 2301 1115 ptismo,
2350 1066 2459 1106 non
2510 1062 2567 1107 ut
2610 1070 2716 1109 non
2748 1055 2852 1130 psit,
2899 1057 2995 1113 sed
3040 1068 3097 1115 ut
3143 1061 3195 1116 in
3242 1074 3516 1133 peccatum
3563 1083 3670 1122 non

2079 1137 2389 1210 imputetur.
2441 1144 2701 1213 Quamvis
2744 1158 2922 1206 autem
2974 1164 3125 1208 reatu
3170 1170 3270 1210 suo
3309 1156 3420 1225 jam
3467 1162 3667 1226 soluto,

2077 1242 2259 1287 manet
2289 1242 2498 1304 tamen,
2529 1236 2703 1294 donec
2730 1256 2950 1314 sanetur
2974 1246 3149 1302 omnis
3184 1248 3462 1307 inlirmitas
3488 1265 3673 1310 nostra

2078 1324 2394 1389 proliciente
2435 1330 2781 1388 renovatione
2822 1332 3089 1389 interioris
3120 1337 3350 1395 hominis
3388 1341 3457 1397 dc
3488 1343 3574 1402 die
3615 1347 3669 1401 in

2076 1410 2243 1481 diem,
2293 1431 2414 1471 cum
2465 1422 2703 1477 exterior
2751 1423 2982 1481 induerit
3029 1428 3500 1501 incorruptionem.
3554 1437 3670 1494 Non

2075 1503 2217 1557 enim
2245 1506 2667 1567 substantialiter
2691 1523 2890 1580 manet,
2922 1517 3061 1573 sicut
3091 1520 3303 1591 aliquod
3330 1538 3546 1595 corpus,
3578 1540 3672 1585 aut

2070 1594 2293 1664 Spiritus
2329 1615 2345 1650 :
2388 1600 2481 1655 sed
2527 1603 2740 1660 affectio
2767 1614 2851 1661 est
2882 1610 3124 1677 quiedam
3169 1614 3324 1670 malae
3371 1619 3668 1690 quatientis,

2070 1684 2211 1741 sicut
2238 1687 2480 1759 languor.
2526 1692 2640 1750 Non
2681 1710 2811 1768 ergo
2836 1698 3034 1771 aliquid
3066 1714 3350 1775 remanet,
3381 1684 3663 1780 quodnon

2073 1781 2417 1849 remittatur;
2464 1800 2585 1841 cum
2635 1786 2714 1855 lit,
2761 1790 2900 1849 sicut
2944 1793 3200 1864 scriptum
3247 1807 3366 1863 est,
3415 1805 3667 1873 propitius

2068 1870 2322 1930 Dominus
2347 1878 2582 1934 omnibus
2617 1879 2966 1951 iniquitatibus
3000 1888 3188 1944 nostris
3211 1904 3232 1945 :
3257 1891 3351 1947 sed
3376 1870 3546 1952 donec
3575 1897 3667 1953 fiat

2067 1974 2123 2020 et
2163 1966 2307 2036 quod
2349 1970 2610 2039 sequitur,
2663 1970 2762 2040 Qui
2804 1984 2955 2030 sanat
2994 1992 3169 2035 omnes
3217 1979 3487 2054 languore;
3527 1999 3663 2059 tuas,

2066 2056 2154 2125 qui
2179 2058 2377 2114 redimit
2401 2061 2465 2116 de
2485 2065 2812 2135 corruptione
2837 2068 2990 2123 vitam
3014 2079 3154 2126 tuam
3180 2073 3352 2143 (Prol.
3376 2093 3469 2146 cu,
3490 2080 3547 2147 ὅ,
3565 2056 3660 2155 4).;

2069 2159 2253 2207 manet
2304 2152 2358 2207 in
2401 2168 2631 2223 corpore
2677 2159 2869 2213 mortis
2916 2159 3071 2230 hujus
3120 2167 3350 2223 carnalis
3404 2152 3663 2245 concupi—

2065 2243 2291 2298 sectilia.
2338 2241 2506 2312 Cujus
2547 2246 2752 2302 vitiosis
2794 2249 3076 2308 desideriis
3116 2256 3186 2311 ad
3231 2258 3415 2316 illicita
3464 2241 3663 2336 perpe-

2066 2334 2254 2390 tranda
2283 2351 2391 2392 non
2419 2339 2640 2396 obedire
2672 2344 3046 2415 praecipimur,
3075 2363 3145 2405 ne
3168 2362 3354 2423 regnet
3381 2334 3662 2425 peccatum

2064 2422 2119 2479 in
2145 2436 2334 2483 nostro
2361 2428 2571 2485 mortali
2600 2446 2847 2502 corpore.
2874 2435 3005 2504 Quae
3027 2447 3203 2496 tamen
3226 2422 3662 2518 concupiscentia

2064 2517 2305 2588 quotidie
2340 2521 2596 2579 minuitur
2633 2523 2687 2579 in
2718 2528 3122 2598 proﬁcientibus
3161 2543 3217 2591 et
3239 2517 3658 2610 continentibus,

2065 2608 2358 2666 accedente
2397 2612 2556 2668 etiam
2591 2626 2866 2674 senectute
2903 2620 3071 2678 multo
3106 2627 3358 2685 maxime.
3398 2631 3498 2700 Qui
3530 2608 3660 2691 vero

2062 2698 2113 2754 ei
2149 2701 2397 2770 nequiter
2436 2704 2711 2773 serviunt,
2742 2716 2916 2766 tantas
2953 2712 3006 2767 in
3049 2714 3128 2771 eis
3166 2717 3308 2775 vires
3342 2698 3571 2794 accipit,
3598 2739 3657 2783 ut

2062 2789 2376 2865 plerumque
2418 2792 2530 2866 jam
2578 2806 2735 2855 artate
2782 2800 3155 2862 deficientibus
3200 2789 3490 2882 membris,
3544 2789 3655 2874 cis-

2059 2881 2293 2978 demque
2336 2889 2584 2978 partibus
2637 2895 2881 2965 corporis
2936 2896 3004 2955 ad
3064 2900 3197 2958 illud
3256 2920 3392 2978 opus
3449 2881 3655 2972 moveri

2061 2974 2241 3035 minus
2261 2977 2585 3050 valentibus,
2628 2984 2838 3055 turpius
2870 2995 2926 3044 et
2958 2992 3241 3059 procacius
3274 2974 3509 3058 insanire
3542 3020 3653 3061 non

2060 3065 2290 3125 desinat.

2131 3158 2360 3219 CAPUT
2396 3162 2586 3221 XXVI.
2616 3196 2691 3210 —
2714 3168 2805 3227 29.
2849 3169 3117 3241 Quomodo
3151 3181 3562 3252 concupiscentia
3596 3188 3654 3245 in

2061 3247 2330 3321 baptizatis
2371 3266 2575 3311 maneat
2617 3268 2754 3325 actu,
2797 3271 3060 3331 pra'tereat
3097 3282 3261 3325 reatu.
3308 3247 3365 3327 lu
3403 3276 3486 3332 eis
3521 3292 3654 3352 ergo

2058 3342 2149 3411 qui
2179 3357 2566 3415 rcgenerantur
2603 3348 2657 3405 in
2684 3351 2898 3411 Christo
2937 3370 3062 3413 cum
3103 3362 3476 3423 remissionem
3504 3342 3651 3428 acc'ii-

2057 3433 2210 3504 piunt
2250 3452 2473 3507 prorsus
2515 3442 2752 3497 onmium
2798 3457 3169 3517 peccatorum,
3200 3453 3385 3525 utique
3427 3474 3653 3521 necesse

2056 3532 2141 3580 est
2169 3533 2229 3581 ut
2256 3538 2437 3583 reatus
2463 3530 2627 3586 etiam
2669 3531 2826 3605 hujus
2865 3536 2988 3593 licet
3025 3540 3199 3597 adhuc
3227 3550 3489 3604 manentis
3519 3568 3653 3609 con-

2053 3616 2398 3686 eupiscentiae
2426 3621 2761 3692 remittatur,
2793 3634 2851 3680 ut
2897 3626 2950 3681 in
2998 3642 3270 3699 peccatum
3291 3675 3308 3700 ,
3335 3638 3474 3695 sicut
3512 3643 3647 3711 dixi,

2053 3722 2161 3763 non
2192 3708 2503 3779 imputetur.
2550 3713 2685 3769 Nam
2727 3717 2867 3773 sicut
2907 3734 3099 3776 eorum
3144 3738 3482 3795 peccatorum
3526 3708 3651 3806 qua:

2052 3815 2272 3857 manere
2297 3818 2403 3858 non
2430 3815 2674 3877 possunt,
2703 3810 2956 3879 quoniam
2983 3827 3103 3868 cum
3132 3815 3265 3872 fiunt
3297 3831 3645 3898 praetereunt,

2052 3901 2236 3950 reatus
2264 3903 2441 3953 tamen
2470 3908 2682 3967 manet,
2720 3913 2776 3958 et
2804 3900 2906 3958 nisi
2936 3907 3268 3974 remittatur,
3301 3912 3354 3968 in
3382 3924 3647 3977 aeternum

2052 3987 2291 4043 manebit
2338 4005 2352 4043 :
2405 3990 2486 4046 sic
2540 3990 2682 4049 illius
2719 3993 2777 4059 ⁸,
2817 3996 3033 4067 quando
3084 4002 3412 4073 remittitur,
3464 4021 3648 4069 reatus

2050 4078 2309 4136 aufertur.
2340 4082 2454 4139 Hoc
2475 4091 2560 4141 est
2589 4084 2765 4155 enim,
2796 4101 2905 4143 non
2937 4089 3133 4147 habere
3161 4106 3456 4165 peccatum.
3490 4118 3643 4160 reum

2051 4185 2159 4226 non
2200 4187 2323 4230 esse
2364 4177 2591 4245 peccati.
2639 4177 2775 4234 Nam
2814 4183 2861 4237 si
2907 4183 3209 4256 quisquam,
3258 4191 3404 4247 verbi
3450 4195 3641 4264 gratia;

2049 4262 2241 4323 fecerit
2258 4268 2605 4334 adulterium,
2630 4273 2841 4331 etiamsi
2879 4291 3149 4349 nunquam
3182 4280 3433 4355 deinceps
3458 4262 3639 4359 faciat;

2048 4371 2176 4414 reus
2216 4366 2300 4415 est
2341 4359 2621 4431 adulterii,
2657 4365 2833 4422 donec
2878 4377 3058 4426 reatus
3102 4371 3268 4442 ipsius
3316 4375 3640 4451 indulgentia

2046 4449 2370 4542 remittatur.
2397 4450 2570 4509 liabet
2592 4468 2722 4526 ergo
2746 4469 3045 4529 peccatum,
3071 4467 3315 4533 quamvis
3337 4449 3485 4523 illud
3495 4474 3642 4542 qttut‘l

2045 4537 2263 4595 admisit
2292 4540 2406 4612 jam
2442 4558 2548 4599 non
2578 4544 2686 4609 sit;
2716 4550 2842 4618 quia
2881 4564 3003 4605 cum
3038 4559 3279 4624 tempore
3304 4574 3412 4628 quo
3437 4537 3639 4621 tactum

2046 4639 2130 4685 est
2158 4634 2431 4700 praeteriit.
2457 4634 2591 4691 Nam
2617 4637 2663 4693 si
2690 4652 2721 4693 a
2751 4641 3024 4710 peccando
3050 4643 3328 4720 desistere,
3366 4650 3467 4708 hoc
3492 4668 3639 4713 esset

2045 4738 2152 4779 non
2197 4723 2396 4783 habere
2439 4738 2676 4799 peccata,
2717 4730 2991 4791 sufficeret
3026 4742 3085 4791 ut
3123 4737 3225 4794 boc
3258 4756 3356 4796 nos
3391 4759 3468 4799 nit
3486 4756 3640 4805 neret

2043 4812 2314 4885 Scriptura
2340 4858 2354 4881 ,
2387 4816 2526 4883 Fili,
2563 4822 2827 4889 peccasti!
2866 4840 2968 4880 non
3011 4827 3227 4897 adjiciat
3268 4832 3449 4888 iterum
3515 4838 3634 4894 Non

2041 4916 2219 4964 autem
2257 4909 2476 4979 sufficit,
2516 4914 2613 4969 sed
2635 4913 2859 4983 addidit,
2884 4915 2953 4971 Et
2979 4918 3045 4974 de
3071 4921 3299 4992 pristinis
3336 4926 3628 4998 deprecare,

2041 5010 2097 5056 ut
2124 5001 2215 5057 tibi
2250 5004 2569 5060 remittantur
2597 5004 2787 5078 (Ecclt.
2820 5024 2941 5079 χιι,
2974 5012 3050 5084 l).
3092 5013 3309 5075 Manent
3344 5006 3497 5095 ergo,
3527 5027 3635 5085 nisi

2041 5093 2402 5150 remittantur.
2461 5096 2568 5153 Sed
2624 5099 2896 5170 quomodo
2961 5115 3208 5175 manent,
3257 5110 3303 5166 si
3365 5093 3630 5184 praeterita

2041 5194 2205 5250 sunt;
2253 5186 2355 5243 nisi
2400 5190 2521 5252 quia
2572 5192 2943 5259 prmtericrunt
2984 5208 3129 5267 actu,
3176 5214 3397 5261 manent
3438 5216 3636 5269 reatu?

2041 5275 2130 5332 Sic
2171 5276 2347 5348 itaque
2393 5279 2505 5335 fieri
2544 5295 2576 5336 ε
2618 5284 2889 5342 contrario
2934 5297 3145 5361 potest,
3194 5302 3252 5351 ut
3291 5298 3451 5357 etiam
3498 5303 3630 5362 illud

2043 5379 2255 5425 maneat
2293 5380 2438 5440 actu,
2480 5384 2765 5444 prietereat
2799 5386 2973 5435 reatu.

2110 5461 2336 5520 CAPUT
2392 5462 2604 5522 XXVII.
2642 5499 2719 5513 —
2768 5468 2858 5526 50.
2899 5471 3330 5547 Coneupiscentiar
3376 5483 3632 5544 desideria

2042 5554 2198 5608 mala.
2234 5552 2303 5611 Ut
2332 5572 2433 5610 non
2467 5558 2570 5612 sint
2614 5559 2745 5616 velle
2781 5561 3037 5644 debemus.
3085 5566 3206 5639 Agit
3242 5572 3386 5628 enim
3425 5575 3630 5644 aliquid

2040 5646 2467 5716 concupiscentia
2513 5651 2728 5721 carnis,
2760 5663 2815 5710 ct
2856 5638 3069 5727 quando
3111 5638 3159 5716 ei
3203 5673 3307 5718 nan
3338 5638 3628 5722 exhibetur

2107 5789 2121 5816 ⁸
2158 5784 2382 5846 Suhaudt,
2407 5787 2817 5862 corwttrisrcgitite.
