4144 6510
544 288 641 366 tit
1353 302 1442 360 DE
1476 300 1742 361 sumus
1781 300 1867 355 er
1904 299 2502 368 CONClTl‘lSCl-‘NTlt,
2543 299 2599 354 s.
2641 300 3005 358 AUGUSTINI

545 428 625 480 \‘c'I
669 422 846 480 cordis
886 435 1139 477 assensus
1186 419 1273 474 ubi
1320 427 1539 488 regnet,
1566 416 1652 472 vel
1694 415 1930 472 membra
1971 414 2118 469 velut

541 531 685 572 arma
715 514 906 587 quibus
931 512 1212 582 impleatur
1234 508 1375 580 quod
1400 509 1569 578 jubet.
1595 507 1714 579 Agit
1739 515 1935 571 autem,
1963 504 2114 576 quid,

542 607 643 662 nisi
671 606 783 677 ipsa
807 603 1069 660 desideria
1098 602 1234 657 mala
1261 609 1314 656 et
1339 599 1556 670 turpia?
1598 599 1710 654 Non
1739 599 1878 654 enim
1908 597 1952 653 si
1979 597 2116 650 bona

480 701 486 708 ’
541 711 598 756 nt
648 700 788 755 licita
839 707 1040 760 essent,
1087 697 1166 750 eis
1212 693 1430 748 obedire
1481 691 1785 762 prohiberet
1831 689 2116 757 Apostolus

541 793 726 848 dicens
753 808 768 847 :
792 787 913 844 Non
936 797 1104 860 regnet
1133 795 1391 856 pcccatum
1418 784 1470 838 in
1496 793 1655 838 vestro
1682 783 1882 837 mortali
1908 797 2119 849 corpore

542 885 612 937 ad
639 879 967 937 obediendum
993 878 1252 932 desideriis
1277 877 1404 946 ejus.
1455 875 1569 929 Non
1597 875 1736 930 enim
1763 873 1866 938 ait,
1897 871 1974 927 Ad
2018 871 2116 925 ha-

547 973 715 1028 benda
744 970 1004 1028 desideria
1038 969 1192 1039 ejus;
1236 967 1329 1022 sed
1349 1008 1365 1032 ,
1393 965 1462 1020 ad
1499 965 1827 1019 obedientium
1856 961 2118 1016 desideriis

543 1065 651 1133 ejus
668 1082 686 1118 .-
712 1070 770 1116 ut
793 1061 1040 1131 quoniam
1067 1069 1188 1113 sunt
1213 1059 1267 1112 in
1293 1057 1410 1112 aliis
1432 1057 1650 1126 majora,
1676 1056 1726 1109 in
1751 1054 1870 1109 aliis
1887 1053 2114 1117 minora,

545 1165 698 1223 prout
730 1153 950 1222 quisque
991 1151 1043 1204 in
1084 1149 1312 1203 hominis
1351 1147 1618 1202 interioris
1660 1145 1894 1199 novitate
1932 1141 2113 1214 profe-

541 1245 696 1304 cerit.
729 1242 780 1298 in
811 1241 914 1296 hoc
937 1255 1159 1310 agonem
1186 1237 1403 1306 iustitia:
1429 1235 1799 1307 pudicitiaqne
1821 1245 2114 1298 servemus,

545 1348 612 1387 ne
638 1333 740 1387 illis
765 1331 1094 1386 oltediamus.
1140 1328 1205 1384 Ut
1232 1334 1408 1382 tamen
1437 1341 1536 1380 nec
1560 1325 1671 1394 ipsa
1697 1323 1806 1379 sint
1831 1323 2112 1387 desiderio,

543 1424 678 1479 velle
716 1421 993 1485 debemus,
1024 1419 1184 1475 etiam
1223 1419 1267 1472 si
1308 1418 1616 1486 incorpore
1659 1415 1844 1470 mortis
1882 1413 2037 1483 hujus
2065 1413 2117 1468 id

543 1515 784 1569 obtine-re
812 1527 914 1566 non
945 1525 1244 1580 possumus.
1276 1508 1407 1563 llinc
1436 1507 1576 1562 enim
1611 1514 1665 1560 et
1701 1505 1806 1559 alio
1831 1505 1946 1559 loco
1975 1503 2116 1558 idem

543 1604 817 1672 apostolus
858 1604 1080 1671 laqueus
1126 1600 1270 1655 velut
1317 1615 1382 1653 ex
1425 1613 1537 1652 sum
1587 1611 1828 1667 personae
1874 1594 2117 1650 introdu-

542 1696 719 1751 ctione
749 1708 845 1747 nos
881 1693 1092 1747 instruit
1109 1732 1125 1758 ,
1151 1691 1354 1755 dicens,
1394 1687 1513 1742 Non
1539 1688 1670 1741 enim
1694 1685 1828 1755 quod
1853 1686 1963 1740 volo
1980 1725 1997 1753 ,
2026 1684 2120 1739 ltoc

543 1799 674 1855 ago;
719 1782 808 1836 sed
832 1780 967 1852 quod
991 1780 1108 1845 odi,
1141 1778 1272 1832 illud
1309 1779 1482 1848 facio;
1528 1776 1580 1831 id
1613 1784 1728 1842 est,
1759 1774 2114 1844 concupisco:

543 1873 664 1943 quia
702 1882 758 1928 et
799 1873 901 1926 hoc
944 1871 1108 1925 nollet
1156 1872 1349 1932 lacere,
1395 1876 1452 1922 ut
1491 1875 1634 1922 esset
1670 1867 1814 1922 omni
1861 1881 1927 1919 ex
1972 1877 2118 1935 parte

545 1963 824 2032 peric-ctus.
857 1962 916 2015 Si
945 1969 1108 2015 autem
1135 1959 1270 2031 quod
1298 1959 1434 2021 nolo,
1465 1957 1655 2027 inquit,
1688 1957 1781 2010 hoc
1809 1956 1961 2026 facio,
1993 1971 2118 2010 con-

541 2057 700 2110 sentio
728 2054 824 2125 legi
862 2056 1098 2124 quoniam
1127 2054 1255 2105 bona
1280 2065 1300 2105 :
1328 2049 1449 2120 quia
1495 2049 1595 2103 hoc
1637 2061 1690 2103 et
1733 2047 1818 2101 illa
1855 2063 1959 2102 non
1987 2047 2116 2112 vult,

541 2145 682 2216 quod
721 2155 776 2198 et
811 2159 910 2212 ego
947 2143 1091 2197 nolo.
1137 2141 1252 2197 Non
1280 2141 1390 2195 vult
1436 2141 1576 2194 enim
1622 2147 1680 2193 ut
1721 2139 2116 2208 concupiscam,

541 2251 658 2302 qum
686 2234 832 2296 .licit,
853 2230 971 2286 Non
993 2231 1314 2300 concupisces
1336 2244 1355 2284 :
1374 2236 1429 2283 et
1450 2243 1550 2298 ego
1571 2229 1698 2282 nolo
1719 2228 2116 2297 coiicupiscere.

545 2327 604 2380 ln
647 2326 749 2380 hoc
792 2325 970 2395 itaque
1007 2323 1367 2382 consentiunt,
1400 2320 1646 2374 voluntas
1687 2319 1837 2388 legis,
1883 2327 1938 2373 et
1980 2333 2116 2372 mea.

549 2416 742 2472 Verum
772 2416 893 2486 quia
922 2413 1300 2484 concupiscere
1331 2413 1561 2475 nolebat,
1607 2419 1661 2466 et
1704 2420 1877 2465 tamen
1921 2426 2119 2466 concu-

546 2509 802 2580 pisce-bat,
833 2507 928 2563 sed
953 2506 1125 2563 eidem
1151 2505 1596 2575 concupiscentiae
1626 2519 1959 2574 nequaquam
1989 2518 2120 2557 con-

543 2599 822 2656 sentiendo
849 2598 1146 2663 serviebat,
1173 2596 1410 2665 adjuoxit
1435 2605 1594 2666 atque
1623 2596 1699 2650 ait
1726 2612 1742 2650 :
1771 2595 1926 2649 Nunc
1953 2603 2120 2647 autem

545 2709 648 2759 ,ανδ
689 2708 789 2747 non
817 2707 910 2763 ego
951 2705 1131 2762 operor
1171 2689 1331 2754 illud,
1359 2688 1446 2742 sed
1473 2688 1526 2742 id
1553 2687 1688 2760 quod
1729 2689 1784 2742 in
1821 2702 1898 2741 me
1930 2685 2121 2740 habitat

544 2794 820 2856 peccatum.

614 2874 842 2933 CAPUT
879 2873 1117 2931 XXVIII.
1155 2903 1228 2916 -—
1263 2873 1352 2928 5|.
1396 2871 1523 2938 Quis
1573 2872 1737 2926 dicere
1785 2871 1975 2941 possit,
2005 2871 2120 2941 jam

543 2983 643 3022 nos
673 2982 765 3039 ego
791 2981 974 3036 operor
996 2965 1148 3020 illud.
1167 2993 1239 3006 -—
1260 2963 1479 3018 Multum
1503 2969 1684 3016 autem
1709 2959 1912 3015 fallitur
1936 2959 2116 3023 homo,

544 3053 637 3130 qui
667 3058 1007 3113 consentiens
1043 3052 1488 3124 concupiscentiae
1525 3050 1702 3106 carnis
1737 3064 1877 3114 sum,
1903 3057 1958 3104 et
1979 3047 2119 3120 quod

542 3147 631 3204 illa
657 3145 920 3202 desiderat
944 3145 1238 3200 decernens
1262 3140 1437 3198 facere
1475 3149 1529 3196 et
1554 3148 1818 3206 statuens,
1844 3146 1993 3208 putat
2017 3137 2120 3193 sibi

542 3237 716 3293 adhuc
738 3252 857 3292 esse
888 3233 1168 3290 dicendum
1185 3275 1201 3301 ,
1228 3231 1351 3287 Non
1377 3249 1468 3304 ego
1493 3247 1672 3303 operor
1707 3229 1838 3286 illud
1861 3245 1881 3285 :
1909 3229 2120 3285 etiamsi

541 3328 716 3387 oderit
749 3327 878 3398 quia
903 3327 1187 3383 consentit.
1231 3324 1398 3380 Simul
1431 3325 1574 3380 enim
1605 3331 1688 3378 est
1725 3331 2024 3392 utrumque.
2065 3332 2121 3378 et

541 3420 657 3488 ipse
685 3418 817 3485 odit,
849 3419 972 3488 quia
1007 3417 1207 3474 malum
1230 3429 1350 3472 esse
1373 3415 1558 3479 novit;
1596 3425 1652 3470 et
1685 3414 1798 3484 ipse
1825 3414 1965 3480 iacit,
1993 3414 2117 3484 quia

541 3509 720 3564 facere
747 3507 949 3562 statuit.
989 3506 1106 3562 Jam
1134 3521 1264 3560 vero
1290 3504 1336 3560 si
1361 3514 1416 3559 et
1443 3504 1572 3559 illud
1597 3504 1780 3570 addat,
1803 3504 1946 3574 quod
1973 3502 2116 3557 Scri-

544 3609 696 3670 pttna
735 3598 1017 3672 prohibet,
1060 3597 1279 3664 dicens,
1319 3594 1499 3666 Neque
1538 3596 1859 3650 exlribueritis
1900 3594 2120 3648 membra

541 3701 704 3746 vestra
733 3707 876 3744 arma
917 3689 1195 3760 iniquitatis
1222 3697 1424 3758 peccato
1449 3685 1622 3758 (Rom.
1650 3702 1701 3740 vt
1719 3726 1735 3752 ,
1763 3685 1863 3752 η,
1890 3685 2023 3754 l5),
2062 3692 2120 3739 ut

540 3781 683 3852 quoal
710 3779 884 3837 facere
909 3779 1094 3835 statuit
1115 3780 1166 3833 iu
1189 3777 1375 3840 corde,
1400 3777 1559 3832 etiam
1579 3776 2115 3853 corpore‘compleat;

540 3884 595 3929 et
636 3872 756 3930 ideo
797 3872 955 3932 dicat.
983 3868 1103 3924 Non
1141 3885 1233 3941 ego
1258 3884 1439 3938 operor
1476 3867 1626 3933 illud,
1654 3867 1744 3921 sed
1770 3867 1904 3937 quod
1931 3866 2121 3919 habitat

539 3967 598 4020 tu
628 3979 707 4018 me
736 3971 1016 4033 peccatum,
1041 3961 1164 4031 quia
1190 3975 1310 4016 cum
1337 3959 1389 4014 id
1419 3959 1656 4016 decernit
1685 3958 1906 4026 etfacit,
1937 3959 2120 4029 displi-

545 4065 628 4111 cet
673 4055 810 4118 sibi;
844 4062 1047 4109 tantum
1093 4061 1258 4116 errat,
1302 4059 1361 4106 ut
1399 4065 1500 4106 nec
1522 4065 1583 4106 se
1616 4051 1787 4120 ipsum
1824 4060 2116 4120 agnoscat;

539 4144 760 4215 quando
800 4160 919 4198 cum
965 4159 1030 4198 ex
1059 4151 1170 4197 toto
1213 4143 1326 4213 ipse
1367 4143 1464 4206 sit,
1492 4153 1545 4196 et
1577 4141 1738 4197 corde
1763 4150 2028 4197 Statuente
2064 4151 2120 4198 et

545 4251 770 4312 corpore
794 4235 1068 4304 implente,
1095 4234 1271 4288 adhuc
1308 4248 1366 4288 se
1395 4234 1564 4303 ipsum
1596 4247 1716 4289 esse
1745 4249 1849 4287 non
1875 4241 2044 4304 putat.

611 4323 840 4382 (ZAPUT
877 4322 1069 4379 XXIX.
1094 4321 1386 4377 —Bonum
1421 4322 1624 4393 quando
1664 4322 1973 4394 perficiatur.
2016 4324 2116 4389 Qui

540 4430 673 4484 ergo
703 4413 850 4480 dicit,
874 4413 994 4466 .I’am
1031 4428 1130 4466 non
1155 4428 1244 4482 ego
1278 4428 1458 4481 aperor
1485 4412 1634 4476 illud,
1659 4412 1749 4466 sed
1773 4412 1904 4481 quod
1929 4412 2118 4466 habitat

551 4504 705 4559 inme
727 4513 983 4575 peccatum
1009 4517 1028 4558 :
1057 4503 1100 4557 si
1139 4503 1502 4558 tantummodo
1536 4503 1894 4572 concupiscit.
1930 4519 2115 4559 verum

540 4596 710 4662 dicit;
753 4609 856 4649 non
884 4593 927 4648 si
957 4591 1134 4648 cordis
1163 4592 1516 4648 consensione
1541 4593 1798 4660 decernit,
1841 4601 1932 4648 aut
1955 4595 2115 4649 etiam

539 4685 784 4753 Corporis
825 4683 1123 4738 ministerio
1166 4683 1388 4751 perlicit.

610 4774 700 4829 5'1.
742 4775 942 4830 Deinde
987 4773 1224 4844 adjungit
1267 4773 1552 4842 Apostolus
1593 4789 1606 4825 :
1653 4773 1774 4828 Scio
1821 4775 1952 4828 enim
1996 4777 2114 4846 quia

547 4884 652 4923 non
674 4867 862 4920 habitat
887 4868 940 4920 in
967 4883 1063 4931 me,
1098 4867 1190 4919 hoc
1217 4875 1290 4918 est
1317 4865 1368 4918 in
1395 4881 1547 4918 carne
1571 4881 1707 4930 mea,
1735 4867 1915 4920 bonum
1942 4883 1962 4922 :
1990 4867 2116 4923 velle

540 4957 676 5010 enim
700 4957 894 5026 adiacet
922 4957 1063 5018 mihi,
1095 4957 1332 5025 perﬁcere
1355 4964 1519 5009 autem
1547 4954 1730 5010 bonum
1767 4974 1867 5012 non
1893 4959 2113 5012 invenio.

543 5046 654 5101 Iloe
699 5045 819 5101 ideo
860 5045 1058 5099 dictum
1103 5054 1217 5109 est,
1259 5045 1380 5115 quia
1422 5056 1545 5100 tunc
1589 5045 1856 5115 perlicitur
1892 5048 2112 5114 bonum,

539 5136 750 5201 quando
797 5134 1054 5190 desideria
1099 5136 1233 5189 mala
1263 5135 1402 5189 nulla
1445 5144 1568 5188 sunt
1604 5153 1619 5190 :
1651 5135 1787 5190 sicut
1831 5146 1954 5191 tunc
1995 5152 2114 5206 per-

541 5224 716 5279 ﬁcitur
771 5224 996 5287 malum,
1048 5224 1260 5294 quando
1309 5224 1462 5279 malis
1515 5223 1792 5280 desideriis
1843 5225 2110 5281 obeditur.

541 5315 767 5383 Quando
795 5327 970 5370 autem
1017 5325 1139 5371 sunt
1180 5315 1390 5387 quidem
1412 5357 1427 5381 ,
1459 5316 1551 5371 sed
1582 5333 1686 5372 non
1716 5317 1794 5372 eis
1821 5318 2069 5373 obcditur
2094 5336 2110 5384 ;

539 5422 639 5461 nec
678 5408 874 5462 malum
923 5407 1224 5477 perficitur,
1259 5409 1379 5478 quia
1423 5425 1526 5464 non
1574 5410 1652 5464 eis
1691 5410 1968 5475 obeditur;
2016 5426 2114 5467 nec

545 5501 742 5552 bonum
764 5541 779 5564 ,
806 5499 924 5568 quia
955 5507 1120 5554 sunt:
1152 5498 1244 5554 sed
1292 5498 1348 5554 lit
1387 5515 1452 5555 ex
1490 5501 1663 5570 aliqua
1705 5510 1854 5570 parte
1891 5502 2110 5566 bonum,

537 5589 660 5659 quia
708 5591 1149 5659 concupiscentia!
1197 5592 1348 5648 male
1399 5609 1501 5645 non
1545 5595 1908 5656 consentitur;
1951 5605 2004 5647 et
2046 5611 2112 5649 es

538 5682 709 5751 aliqua
741 5689 888 5752 parte
915 5692 1152 5736 remanet
1183 5683 1394 5746 Iunium,
1431 5685 1550 5755 quia
1583 5685 1658 5738 vel
1691 5685 2101 5756 concupiscitur.

3700 301 3803 357 552

2233 413 2354 466 ltleo
2388 428 2516 485 ergo
2548 414 2826 484 Apostolus
2869 430 2972 468 non
3011 414 3080 468 ait
3120 412 3294 470 facere
3329 415 3523 470 bonum
3554 415 3653 471 sibi
3691 432 3796 473 non

2225 505 2487 573 adjacere,
2537 505 2629 560 sed
2677 507 2946 576 perlicere.
3000 505 3216 561 Multum
3261 507 3400 562 enim
3433 507 3557 564 boni
3602 509 3726 566 facit
3753 512 3794 576 ',

2223 597 2313 665 qui
2341 594 2468 650 facit
2495 596 2634 666 quod
2668 598 2917 665 scriptum
2948 604 3049 661 est,
3076 596 3199 652 Post
3228 602 3654 670 concupiscentias
3681 613 3797 658 tuas

2225 704 2324 741 non
2355 705 2438 742 eas
2464 687 2649 758 (Ereti.
2678 705 2831 753 xvut,
2856 689 2944 760 '50)
2978 706 2991 741 :
3022 689 3114 744 sed
3144 705 3246 745 non
3279 692 3512 758 perﬁcit,
3541 696 3661 764 quia
3689 711 3792 751 nou

2227 778 2414 847 implet
2456 779 2595 848 quod
2641 781 2895 848 scriptum
2938 789 3048 844 est,
3083 779 3201 834 Non
3243 784 3560 852 concupisces
3587 791 3603 854 (
3627 785 3790 840 Exod.

2225 882 2315 932 sx,
2348 868 2456 934 l7).
2488 868 2564 921 Ad
2605 867 2706 923 hoc
2741 883 2868 938 ergo
2895 868 3025 924 dixit
3069 871 3185 935 lex,
3220 869 3339 924 Non
3368 875 3705 942 concupisces,
3739 885 3794 931 nt

2223 973 2322 1012 nos
2366 959 2416 1012 in
2467 958 2567 1014 hoc
2614 960 2801 1014 morbo
2852 960 3183 1014 invenientes
3228 961 3428 1030 jacere,
3478 965 3792 1020 medicinam
3841 985 3857 998 ο

2221 1049 2404 1118 gratia:
2433 1064 2827 1118 qmereremus;
2875 1060 2926 1104 et
2959 1050 3009 1105 in
3049 1067 3114 1104 eo
3153 1064 3417 1121 prmcepto
3443 1055 3702 1110 sciremus
3741 1065 3796 1110 ct

2221 1153 2328 1208 quo
2355 1139 2646 1194 del-eamus
2675 1141 2726 1194 in
2757 1142 2857 1194 hac
2893 1140 3212 1195 mortalitate
3242 1145 3570 1212 proliciendo
3593 1149 3792 1211 conari,

2221 1236 2276 1282 et
2303 1244 2407 1298 quo
2435 1230 2602 1299 possit
2630 1245 2658 1282 a
2692 1230 2848 1285 nobis
2877 1229 2928 1284 in
2959 1231 3043 1284 illa
3076 1233 3470 1289 immortalitate
3496 1235 3795 1292 beatissima

2223 1321 2482 1387 perveniri
2516 1337 2528 1372 :
2561 1319 2662 1374 nisi
2703 1320 2842 1374 enim
2873 1320 3189 1392 quandoque
3218 1323 3600 1392 perliciendum
3627 1337 3792 1394 esset,

2221 1427 2490 1480 nunquam
2515 1410 2805 1480 jubendum
2837 1423 2998 1467 esset.

2291 1500 2515 1556 CAPUT
2544 1500 2708 1556 XXX.
2728 1531 2802 1543 —
2819 1503 2907 1557 55.
2930 1500 3340 1573 Concupiscentia
3364 1507 3612 1574 quomodo
3635 1509 3797 1577 capti-

2219 1590 2366 1644 vabat
2394 1592 2704 1661 Apostolum.
2755 1590 2860 1645 Lex
2900 1593 3090 1662 peccati
3115 1592 3357 1663 Apostolo
3403 1595 3544 1665 quid.
3592 1596 3795 1653 Deinde

2221 1689 2468 1751 repetens
2494 1682 2814 1752 Apostolus,
2843 1692 2900 1736 ut
2936 1684 3164 1752 amplius
3203 1686 3542 1740 commendet
3577 1698 3795 1743 senten-

2222 1773 2346 1826 tiam
2375 1773 2703 1842 superiorem
2741 1790 2756 1826 :
2797 1772 2918 1827 Non
2947 1775 3075 1827 enim
3105 1776 3240 1844 quod
3267 1779 3400 1841 volo,
3431 1778 3633 1847 inquit,
3663 1783 3795 1851 facio

2223 1865 2441 1928 bonum;
2469 1865 2557 1918 sed
2580 1865 2716 1933 quod
2742 1866 2856 1918 nolo
2886 1867 3094 1929 malum,
3125 1868 3219 1919 hoc
3242 1884 3356 1938 ago.
3389 1868 3450 1922 Si
3474 1881 3641 1924 autem
3663 1873 3797 1940 quod

2221 1955 2338 2008 nolo
2368 1971 2456 2024 ego
2487 1955 2580 2008 hoc
2606 1955 2759 2024 facio,
2782 1956 2894 2021 jam
2921 1972 3020 2010 non
3051 1973 3139 2024 ego
3164 1973 3344 2025 operor
3373 1959 3519 2024 illud,
3547 1963 3634 2014 sed
3661 1964 3796 2030 quod

2222 2044 2412 2098 habitat
2442 2046 2491 2098 in
2521 2062 2597 2098 me
2621 2054 2900 2114 peccatum.
2935 2045 2998 2098 Et
3040 2046 3277 2115 Sequitur
3302 2065 3315 2100 :
3344 2045 3557 2102 Invenio
3582 2068 3698 2121 ergo
3727 2053 3797 2106 le-

2221 2152 2330 2206 gem
2363 2136 2504 2202 mihi,
2532 2135 2716 2190 volenti
2745 2135 2928 2204 facere,
2953 2135 3171 2201 bonum;
3199 2138 3434 2206 quoniam
3461 2141 3648 2193 malum
3673 2143 3796 2195 mihi

2222 2229 2420 2298 adjacet
2447 2245 2465 2283 :
2492 2228 2591 2284 hoc
2615 2239 2718 2294 est,
2749 2229 2961 2284 invenio
2988 2230 3154 2299 legem
3182 2230 3308 2284 mihi
3334 2247 3453 2286 esse
3484 2233 3676 2288 bonum
3705 2251 3798 2290 νο-

2223 2322 2349 2376 lenti
2394 2321 2570 2377 facere
2611 2321 2750 2391 quod
2795 2321 2879 2376 lex
2925 2322 3065 2388 vult;
3107 2323 3356 2392 quooiam
3401 2340 3506 2379 non
3549 2327 3646 2394 ipsi
3693 2329 3794 2399 legi

2221 2434 2340 2488 qua:
2367 2418 2524 2483 dicit,
2561 2418 2682 2474 Non
2705 2421 3054 2492 concupisces,
3087 2422 3178 2475 scd
3209 2422 3336 2475 mihi
3367 2421 3571 2490 adjacet
3600 2423 3796 2476 malum

2221 2509 2362 2579 quod
2393 2510 2518 2564 nolo
2539 2551 2553 2574 ,
2583 2511 2704 2580 quia
2743 2519 2796 2565 et
2839 2512 3024 2566 nolens
3063 2513 3383 2580 concupisco
3403 2513 3444 2564 ³.
3471 2510 3799 2566 Condelector

2221 2599 2353 2655 enim
2373 2642 2389 2666 ,
2418 2601 2616 2680 inquit,
2649 2601 2748 2671 legi
2771 2599 2866 2655 Dei
2895 2601 3168 2656 secundum
3198 2602 3483 2656 interiorem
3511 2603 3760 2655 Immineat
3780 2617 3800 2654 :

2220 2691 2364 2744 video
2390 2701 2556 2744 autem
2584 2691 2738 2745 aliam
2767 2691 2922 2761 legem
2945 2691 2997 2745 in
3021 2691 3253 2746 membris
3278 2691 3402 2745 meis
3437 2702 3799 2761 repugnantem

2222 2781 2320 2851 legi
2351 2789 2527 2834 mentis
2561 2795 2710 2845 mea,
2737 2789 2785 2835 et
2823 2781 3159 2848 captivantem
3185 2797 3264 2836 me
3294 2781 3384 2836 sub
3425 2781 3533 2852 lege
3572 2781 3762 2849 peccati
3781 2821 3796 2842 ,

2219 2887 2333 2943 quc
2356 2881 2426 2926 est
2454 2874 2506 2926 in
2532 2871 2762 2926 membris
2788 2873 2930 2926 meis.
2978 2873 3080 2928 Ista
3121 2873 3508 2928 condelectatio
3549 2873 3646 2942 legi
3697 2872 3795 2927 Dei

2221 2963 2512 3019 secundum
2537 2963 2845 3019 interiorem
2872 2963 3157 3028 hominem,
3184 2962 3252 3018 de
3272 2979 3458 3034 magna
3481 2963 3632 3019 nobis
3651 2965 3797 3019 venit

2221 3054 2388 3122 gratia
2416 3053 2528 3108 Dei.
2554 3050 2608 3108 In
2635 3067 2697 3108 ea
2722 3054 2918 3123 quippe
2945 3053 3165 3108 interior
3185 3053 3346 3109 homo
3367 3064 3548 3109 noster
3573 3068 3795 3109 renova-

2224 3155 2311 3201 tur
2337 3144 2406 3201 de
2428 3145 2516 3201 die
2541 3145 2592 3200 in
2619 3145 2792 3211 diem,
2816 3161 2938 3201 cum
2966 3146 3018 3200 in
3045 3161 3104 3202 ea
3135 3145 3337 3214 prolicit
3369 3155 3792 3216 perseveranter.

2219 3235 2340 3292 Non
2364 3237 2506 3291 enim
2539 3235 2699 3291 timor
2723 3244 2807 3291 est
2835 3246 3090 3305 torquens
3115 3235 3157 3302 ³,
3189 3235 3282 3290 sed
3311 3251 3464 3290 amor
3489 3237 3676 3291 libens.
3719 3237 3794 3290 lbi

2221 3342 2404 3384 sumus
2429 3326 2692 3382 veraciter
2717 3326 2892 3391 liberi,
2922 3326 3010 3381 ubi
3043 3343 3146 3380 nou
3171 3326 3503 3382 delectamur
3530 3326 3699 3381 inviti.

2290 3419 2380 3473 54.
2414 3417 2608 3472 Verum
2635 3416 2764 3471 illud
2794 3417 2934 3487 quod
2961 3417 3056 3484 ait,
3093 3415 3245 3471 Video
3269 3426 3433 3470 autem
3457 3417 3610 3470 aliaat
3637 3418 3796 3489 legem

2220 3509 2274 3563 in
2301 3508 2532 3563 membris
2552 3508 2672 3561 meis
2694 3517 3054 3578 repugnantem
3074 3508 3172 3578 legi
3194 3507 3370 3562 mentis
3396 3523 3550 3575 mete;
3577 3508 3689 3578 ipsa
3713 3519 3797 3564 est

2222 3603 2321 3673 ista
2350 3601 2420 3657 de
2447 3617 2548 3673 qua
2580 3603 2844 3672 loquimur
2883 3601 3312 3670 concupiscentia
3332 3643 3346 3667 ,
3379 3602 3462 3656 lex
3507 3602 3704 3672 peccati
3741 3605 3793 3658 in

2221 3707 2380 3748 carne
2415 3693 2638 3764 peccati.
2682 3692 2833 3759 Quod
2874 3701 3051 3747 autem
3087 3690 3254 3757 dixit,
3283 3701 3331 3745 et
3363 3693 3692 3761 captivantem
3718 3709 3797 3748 me

2220 3782 2310 3838 sub
2335 3785 2442 3855 lege
2465 3784 2690 3854 peccati;
2720 3783 2822 3838 hoc
2845 3793 2947 3849 est,
2975 3783 3075 3838 sub
3100 3798 3159 3838 se
3179 3783 3312 3852 ipsa,
3334 3799 3450 3852 quia
3467 3792 3540 3838 est
3567 3783 3623 3837 in
3645 3799 3800 3838 mem-

2221 3873 2323 3928 bris
2349 3875 2489 3928 meis.
2521 3877 2626 3928 Aut
2647 3875 2976 3945 captivantem
2998 3873 3152 3938 dixit,
3177 3875 3447 3942 eaptivare
3471 3885 3754 3928 conantem
3776 3915 3792 3937 ,

2221 3961 2274 4017 id
2301 3971 2416 4029 est,
2445 3962 2513 4016 ad
2552 3963 2994 4018 consentiendum
3023 3963 3456 4034 implendumque
3480 3973 3792 4033 cogentem:

2221 4063 2314 4108 aut
2345 4054 2537 4124 potius,
2565 4053 2706 4124 quod
2731 4070 2836 4109 non
2869 4053 3028 4110 habet
3051 4055 3496 4122 controversiam,
3526 4057 3795 4125 captivan-

2222 4154 2328 4200 tem
2370 4146 2660 4200 secundum
2701 4161 2952 4214 carnem,
2981 4163 3140 4216 quam
3182 4147 3280 4202 nisi
3326 4155 3532 4202 teneret
3568 4149 3796 4203 carnalis

2220 4238 2648 4307 concupiscentia
2669 4280 2685 4303 ,
2711 4254 2868 4307 quam
2898 4239 3070 4309 legem
3099 4240 3303 4310 peccati
3331 4249 3515 4301 vocat,
3555 4257 3660 4294 non
3690 4242 3794 4294 uti-

2220 4344 2323 4400 que
2354 4329 2405 4381 in
2435 4343 2496 4383 ea
2522 4328 2688 4382 ullum
2721 4328 2957 4382 illicitum
2985 4328 3310 4383 desiderium
3329 4371 3343 4395 ,
3375 4330 3458 4384 cui
3485 4345 3637 4384 mens
3661 4331 3793 4385 obe-

2219 4417 2334 4471 dire
2367 4433 2470 4470 non
2501 4416 2720 4478 debeat,
2757 4426 3138 4472 commoveret.
3171 4418 3322 4486 Quod
3352 4428 3526 4472 autem
3554 4435 3657 4474 nou
3683 4421 3757 4472 ait
3777 4460 3792 4480 ,

2219 4505 2589 4576 Captivantcm
2633 4523 2847 4562 carnem
2889 4524 3098 4574 meam;
3143 4508 3273 4576 sed,
3306 4511 3638 4579 captivantem
3677 4527 3795 4565 me:

2220 4598 2345 4653 hinc
2375 4599 2568 4653 factum
2595 4609 2677 4654 est
2702 4610 2755 4654 ut
2787 4615 2976 4655 sensus
2998 4601 3084 4654 hic
3108 4600 3244 4654 alius
3266 4611 3611 4670 qumreretur,
3635 4611 3687 4656 et
3707 4615 3770 4655 ac

2219 4689 2519 4760 ciperemus
2543 4692 2906 4760 captivantem,
2940 4692 3083 4746 velut
3108 4691 3359 4758 dixisset,
3394 4693 3675 4761 Captivare
3700 4707 3794 4747 co-

2218 4791 2452 4836 nantem.
2498 4781 2601 4836 Sed
2648 4797 2743 4836 cur
2783 4798 2886 4836 non
2929 4781 3162 4849 diceret,
3203 4783 3535 4851 captivantem
3564 4799 3676 4847 me,
3707 4783 3796 4837 ubi

2217 4874 2379 4928 vellet
2422 4874 2642 4942 intelligi
2685 4889 2902 4928 carnem
2946 4874 3132 4928 suam?
3175 4874 3364 4930 Annon
3391 4875 3588 4928 dictum
3615 4884 3698 4929 est
3729 4875 3796 4930 de

2218 4962 2345 5017 Jesu
2368 5005 2382 5029 ,
2410 4979 2531 5018 cum
2574 4964 2624 5016 in
2667 4970 3012 5018 monumento
3050 4979 3158 5018 non
3199 4962 3386 5019 fuisset
3414 4965 3682 5040 caroejus
3710 4965 3795 5019 in-

2218 5063 2372 5108 venta
2392 5096 2406 5120 ,
2439 5053 2680 5107 Tulcrunt
2711 5053 2983 5108 Dominum
3009 5071 3172 5107 meum
3191 5094 3207 5120 ,
3238 5065 3284 5108 et
3309 5055 3477 5108 nescio
3501 5054 3584 5108 ubi
3610 5071 3796 5124 posue-

2217 5158 2338 5202 runt
2365 5165 2476 5202 eum
2510 5145 2686 5214 (Joan.
2713 5162 2814 5222 xx,
2841 5147 2945 5219 ‘2)?
2974 5147 3107 5200 Nom
3143 5147 3262 5202 ideo
3289 5164 3392 5201 non
3421 5156 3567 5202 recte
3593 5146 3793 5202 dictum

2219 5249 2300 5293 est
2320 5279 2334 5301 ,
2363 5239 2485 5307 quia
2512 5253 2615 5292 non
2642 5237 2836 5291 dit-tum
2863 5245 2974 5303 est,
3005 5239 3264 5305 Carnem,
3296 5238 3418 5307 vel,
3448 5237 3654 5308 Corpus
3686 5238 3790 5292 Do-

2219 5328 2345 5381 ntini
2377 5328 2508 5384 mei:
2539 5327 2662 5390 sed,
2695 5325 2966 5380 Dominum
2994 5327 3197 5382 meum?

2289 5417 2512 5472 CAPUT
2555 5416 2743 5471 XXXI.
2771 5448 2842 5459 -——
2872 5419 2958 5474 5‘5.
2988 5419 3138 5478 Caro,
3171 5419 3338 5473 carnis
3362 5418 3797 5488 a/Teclus.-Quan~

2283 5574 2296 5638 ξ
2336 5569 2499 5638 t‘lures
2520 5577 2625 5619 Mss.
2655 5585 2665 5620 :
2698 5570 2894 5638 stultum
2913 5572 3039 5638 enim
3061 5571 3231 5622 bonum
3261 5571 3395 5638 facit.

2282 5635 2300 5698 ξ
2335 5632 2506 5698 l‘lttres
2523 5640 2648 5698 Mss"
2671 5633 2784 5696 quia
2806 5642 2849 5683 et
2882 5636 3004 5688 noto.
3028 5643 3072 5686 τι
3101 5632 3400 5698 concupisco.

2285 5695 2304 5724 ³
2339 5693 2506 5754 [ιιιιεὶιὴ
2534 5693 2627 5741 duo
2652 5693 2735 5743 iss
2760 5733 2770 5749 ,
2798 5704 3003 5752 tarpeus.

2849 5907 2873 5938 κ
