4144 6520
327 488 430 557 ιδδ

326 626 485 684 quam
532 609 691 681 paulo
730 610 1013 680 superius,
1058 618 1107 662 et
1152 608 1264 676 ipse
1308 603 1595 676 Apostolus
1640 604 1909 675 quomodo

328 711 471 759 recte
498 701 732 775 potuerit
756 701 824 757 de
848 718 1007 756 carne
1032 716 1128 755 sua
1153 699 1334 756 dicere
1352 739 1368 765 ,
1413 699 1750 766 captivantem
1796 713 1875 751 me
1893 739 1909 762 ,

329 794 461 851 satis
483 794 759 850 evidetttcr
782 796 1009 864 aperuit.
1034 792 1165 849 Cum
1191 791 1332 846 cnim
1356 790 1601 855 dixisset,
1630 789 1755 844 Scio
1779 790 1914 844 enim

330 887 447 957 quia
479 903 581 941 non
619 887 809 941 habitat
835 887 890 942 in
919 903 1032 953 me;
1077 884 1307 957 idipsum
1333 898 1608 984 exponens
1637 882 1907 984 adjnnxit,

329 987 382 1033 et
412 978 518 1043 ait,
548 978 643 1032 hoc
667 988 739 1032 est
763 978 815 1031 in
841 994 994 1032 carne
1020 994 1160 1042 mea,
1192 977 1397 1031 bonum.
1430 974 1552 1029 llasc
1581 990 1708 1045 ergo
1740 974 1914 1044 capti-

331 1080 483 1125 vatur
516 1070 618 1124 sub
661 1070 778 1140 lege
821 1071 1058 1140 peccati,
1100 1070 1151 1125 in
1178 1084 1281 1141 qua
1311 1083 1415 1122 non
1444 1067 1647 1121 habitat
1673 1066 1870 1121 bonum
1895 1108 1910 1133 ,

332 1161 433 1216 hoc
460 1171 564 1225 est,
596 1176 740 1216 caro.
769 1158 994 1216 Carnem
1021 1171 1201 1216 autem
1229 1174 1369 1215 nunc
1387 1158 1697 1230 appellavit,
1719 1158 1804 1213 ubi
1832 1166 1914 1212 est

328 1252 602 1306 ωσι-Νόης
621 1252 835 1323 quidam
861 1253 1039 1307 carnis
1063 1251 1314 1318 allectus;
1346 1268 1451 1307 ttun
1480 1251 1648 1321 ipsam
1670 1250 1912 1320 corporis

327 1341 834 1409 conformationem,
857 1344 1008 1414 cujus
1051 1344 1288 1400 membra
1319 1359 1424 1399 non
1456 1342 1757 1400 adhibenda
1787 1352 1913 1400 sunt

326 1443 472 1481 arma
503 1438 743 1496 peccato,
774 1429 822 1482 id
850 1437 953 1493 est,
973 1428 1146 1484 eidem
1178 1428 1276 1500 ipsi
1300 1429 1768 1500 concupiscentiae,
1791 1443 1912 1498 quae

327 1517 430 1573 hoc
454 1521 667 1575 earnale
701 1532 940 1576 nostrum
981 1523 1246 1592 captivum
1279 1533 1442 1579 tenet.
1477 1522 1612 1579 Nam
1651 1532 1909 1594 quantum

323 1610 513 1665 attinet
535 1611 601 1666 ad
628 1613 665 1681 ii
690 1627 795 1668 satu
827 1618 1161 1683 corporalem
1191 1614 1542 1669 substantiam
1575 1624 1731 1684 atque
1756 1624 1913 1668 natu-

323 1714 459 1767 ram,
491 1701 543 1756 in
568 1703 692 1756 viris
715 1702 978 1767 ﬁdelibus,
1008 1705 1122 1761 sive
1144 1705 1459 1777 conjngatis,
1491 1706 1605 1763 sive
1628 1706 1910 1761 continen-

326 1792 485 1859 tibus,
517 1792 623 1863 jam
656 1795 910 1866 templum
941 1797 1032 1853 Dei
1061 1806 1163 1852 est.
1193 1799 1441 1853 Attamen
1464 1797 1508 1853 si
1533 1798 1753 1853 omnino
1775 1798 1907 1853 nihil

320 1883 498 1939 carnis
534 1894 733 1942 nostm
770 1888 1036 1960 captivum
1075 1898 1367 1958 teneretur,
1397 1905 1504 1947 non
1544 1890 1759 1963 quidem
1805 1891 1907 1947 sub

319 1972 557 2038 diabolo,
581 1978 700 2044 quia
731 1986 785 2032 et
816 1977 887 2032 ibi
912 1977 1049 2035 facta
1077 1988 1161 2035 est
1186 1980 1387 2048 peccati
1421 1981 1688 2048 remissio,
1714 1991 1769 2036 ut
1792 1996 1909 2052 pec-

320 2073 496 2120 catum
523 2081 629 2121 non
657 2068 964 2138 imputctur.
982 2071 1123 2140 quod
1152 2073 1368 2142 proprie
1399 2071 1480 2127 lex
1516 2075 1715 2143 peccati
1749 2088 1906 2127 voea-

320 2164 438 2222 tur;
473 2166 645 2214 tameu
682 2161 779 2215 sub
821 2162 932 2233 ipsa
966 2163 1083 2234 lege
1111 2165 1334 2235 peccati,
1363 2165 1467 2219 hoc
1495 2174 1612 2234 est,
1641 2166 1740 2222 sub
1769 2182 1903 2223 coa-

316 2250 645 2318 cupisccntia
669 2267 784 2319 sua,
810 2254 909 2309 nisi
931 2255 1258 2326 aliquantum
1283 2266 1554 2314 teneretur
1572 2274 1698 2314 caro
1719 2271 1901 2316 nostra

315 2340 546 2409 captiva,
573 2343 841 2411 quomodo
867 2356 1010 2400 esset
1040 2363 1219 2403 verum
1247 2349 1389 2419 quod
1416 2350 1490 2404 ait
1520 2349 1658 2404 idem
1689 2360 1904 2421 aposto-

317 2428 433 2497 lus,
474 2431 713 2502 Ade-ptiar
730 2450 808 2488 em
843 2447 1184 2505 exspectantes
1206 2482 1220 2505 ,
1250 2439 1640 2511 redemp:iouem
1673 2442 1901 2513 corporis

315 2531 474 2573 nostri
500 2520 676 2593 (Rom.
708 2540 817 2588 vnt,
842 2525 974 2600 25)?
1001 2528 1055 2582 ltt
1086 2539 1288 2584 tantum
1319 2531 1478 2601 igitur
1503 2531 1677 2587 adhuc
1706 2549 1898 2604 exspe-

313 2620 488 2668 ctatur
515 2614 813 2686 redemptio
843 2622 1083 2690 corporis
1114 2624 1279 2677 nostri
1300 2664 1315 2689 ,
1349 2624 1399 2678 in
1430 2636 1687 2694 quantum
1724 2627 1900 2684 adhuc

312 2721 378 2761 es
409 2705 582 2778 aliqua
615 2718 763 2779 parte
791 2714 1057 2782 captivum
1088 2727 1168 2770 est
1199 2717 1299 2772 sub
1330 2719 1446 2789 lege.
1488 2720 1713 2789 peccati.
1744 2719 1898 2778 Unde

311 2810 364 2854 et
395 2797 480 2855 hic
505 2803 810 2859 exclamans
835 2806 909 2860 ait
932 2824 945 2859 :
968 2804 1165 2879 Infelix
1192 2826 1283 2881 ego
1309 2811 1459 2866 homo
1480 2854 1495 2877 ,
1523 2813 1636 2884 quis
1668 2830 1746 2868 me
1770 2814 1899 2870 libe-

309 2891 441 2946 rabit
474 2891 538 2948 de
570 2911 779 2966 corpore
812 2901 989 2954 mortis
1030 2901 1220 2971 hujus?
1261 2901 1439 2958 Gratia
1469 2905 1560 2961 Dei
1601 2924 1692 2978 per
1716 2906 1896 2964 Iesum

308 2980 567 3038 Christum
597 2984 867 3042 Dominum
897 3001 1142 3046 nostrum.
1173 2991 1272 3049 Ubi
1304 2995 1427 3065 quid
1456 2995 1774 3054 intellecturi
1799 3016 1894 3056 su-

308 3090 463 3142 mus,
496 3077 593 3131 nisi
634 3080 754 3148 quia
794 3095 989 3151 corpus
1029 3084 1169 3153 quod
1215 3090 1594 3160 corrumpitur,
1646 3102 1896 3164 aggravat

304 3168 536 3221 animant
568 3168 721 3239 (Sttp.
749 3186 821 3238 tv,
846 3173 970 3243 l5)?
997 3174 1128 3230 Cum
1160 3192 1287 3245 ergo
1313 3180 1539 3249 idipsum
1566 3198 1761 3255 corpus
1781 3186 1893 3258 jam

307 3258 712 3331 incorruptihiie
756 3267 1061 3335 recipictur,
1104 3270 1257 3340 plena
1300 3276 1402 3328 erit
1444 3275 1687 3334 liberatio
1712 3297 1740 3334 a
1771 3296 1893 3339 cor-

304 3368 339 3423 p
362 3370 437 3408 ire
468 3357 651 3409 mortis
678 3356 833 3427 hujus
859 3376 872 3412 :
897 3375 924 3411 a
953 3377 1184 3431 quonon
1211 3364 1526 3435 liberantur,
1556 3372 1644 3440 qni
1672 3384 1799 3428 sunt
1823 3374 1890 3431 ad

305 3459 517 3512 lautam
541 3452 905 3506 resurrecturi.
932 3453 1010 3507 Ad
1036 3469 1231 3524 corpus
1257 3472 1384 3527 ergo
1416 3462 1604 3516 mortis
1632 3462 1787 3534 hujus
1809 3465 1892 3522 in-

302 3538 560 3607 lt-lligilttt‘
588 3541 890 3613 pertinere,
926 3554 976 3597 ut
1008 3545 1108 3599 alia
1142 3546 1223 3601 lex
1257 3547 1308 3602 in
1341 3551 1598 3606 membris
1626 3565 1890 3626 repugnet

296 3630 514 3699 quidem
557 3632 657 3704 legi
701 3637 928 3704 mentis,
965 3637 1092 3693 dum
1119 3654 1245 3696 caro
1271 3645 1600 3718 concupiscit
1633 3648 1890 3707 adversus

297 3721 578 3789 spititntn;
612 3726 707 3779 etsi
739 3738 968 3783 mentem
1004 3747 1107 3785 non
1140 3733 1406 3805 sultjttget,
1434 3737 1557 3808 quia
1587 3747 1641 3796 ct
1668 3742 1889 3812 spiritus

295 3815 626 3882 concupiscit
652 3817 907 3875 adversus
933 3836 1146 3877 carnem
1172 3823 1367 3897 (Galat.
1390 3844 1440 3895 ν,
1476 3828 1565 3905 17)
1591 3849 1606 3887 :
1632 3842 1790 3906 atque
1815 3835 1887 3893 ita

295 3909 541 3975 quamvis
566 3909 645 3964 lex
676 3911 787 3982 ipsa
820 3916 1018 3983 peccati
1043 3920 1313 3984 captivum
1337 3932 1516 3981 teneat
1539 3926 1741 4000 aliquid
1768 3946 1890 3986 car-

295 4000 380 4051 nis
404 4040 418 4062 ,
452 3998 587 4053 unde
629 4003 837 4058 resistat
881 4004 982 4077 legi
1016 4011 1237 4075 mentis;
1271 4028 1377 4068 non
1406 4023 1584 4071 tamen
1612 3998 1798 4091 regnat
1827 4023 1880 4079 in

295 4097 486 4141 nostro
523 4090 644 4143 licet
681 4095 888 4150 mortali
918 4112 1160 4168 corpore,
1194 4103 1237 4156 si
1264 4119 1369 4159 non
1396 4106 1643 4164 obcditur
1669 4111 1885 4171 deside-

293 4178 390 4230 tiis
422 4179 559 4248 ejus.
600 4180 779 4238 Solent
806 4186 949 4241 enim
981 4197 1031 4242 et
1075 4189 1255 4249 hostes
1282 4194 1538 4254 adversus
1561 4216 1697 4271 quos
1725 4203 1885 4261 dimi-

289 4280 468 4335 c:otur,
501 4282 554 4327 et
581 4274 862 4332 inferiores
892 4296 1013 4335 esse
1041 4282 1090 4336 in
1123 4288 1438 4355 certamine,
1462 4302 1515 4347 et
1538 4294 1659 4348 victi
1682 4295 1882 4366 aliquid

292 4372 482 4416 tenere
523 4366 786 4434 captivum
811 4387 825 4399 ο
851 4372 991 4442 quod
1022 4373 1072 4427 itt
1105 4387 1287 4432 nostra
1317 4395 1476 4434 carne
1506 4388 1749 4455 quamvis
1779 4389 1880 4445 sub

290 4455 499 4521 pet-Cati
528 4456 638 4525 lege
662 4470 925 4525 teneatur,
952 4474 1125 4521 tamen
1158 4469 1206 4521 itt
1238 4486 1333 4541 spe.
1364 4473 1746 4544 redemptionis
1766 4491 1879 4549 est;

287 4546 413 4615 quia
449 4545 560 4616 ipsa
588 4548 770 4603 vitiosa
799 4555 1229 4627 concupiscentia
1275 4563 1416 4617 nulla
1450 4569 1671 4623 omnino
1700 4587 1880 4628 rema-

288 4637 462 4699 nebit,
482 4654 607 4696 caro
626 4652 803 4697 autem
832 4654 1015 4699 nostra
1038 4648 1105 4700 ab
1131 4666 1190 4701 ea
1224 4664 1368 4720 pe~te
1400 4659 1691 4730 morquue
1720 4676 1881 4720 sana-

288 4735 337 4783 ta
359 4768 377 4795 ,
411 4741 465 4783 ct
498 4740 603 4787 tota
634 4734 1029 4796 immortalitate
1058 4744 1244 4797 vestita
1267 4786 1279 4808 ,
1313 4745 1363 4799 in
1393 4760 1594 4806 :cterna
1642 4753 1876 4815 beatitu—

281 4817 413 4873 dine
444 4825 789 4889 permanebit.

354 4931 451 4987 56.
475 4934 750 5006 Suhjungit
781 4948 956 4996 autem
982 4940 1292 5012 Apostolus,
1325 4961 1373 5002 et
1400 4949 1523 5006 dicit
1552 4971 1565 5006 :
1590 4953 1760 5025 Igitur
1781 4977 1874 5032 ego

279 5022 392 5091 ipse
435 5037 598 5079 mente
633 5031 794 5083 servio
835 5032 931 5103 legi
978 5033 1070 5088 Dei
1090 5077 1105 5100 ,
1135 5053 1287 5091 carne
1311 5052 1477 5094 autem
1516 5045 1614 5116 legi
1660 5052 1871 5116 peccati.

279 5114 327 5182 ρ
346 5114 439 5169 md
465 5116 541 5170 sic
566 5118 965 5191 intelligendum
989 5137 1069 5181 est
1092 5146 1105 5180 :
1128 5141 1291 5184 mente
1309 5134 1468 5187 servio
1495 5114 1592 5207 legi
1624 5114 1734 5204 Dei,
1761 5157 1868 5200 non

276 5210 668 5265 comentiemlo
707 5214 810 5284 legi
859 5220 1102 5286 peccati;
1143 5237 1499 5291 remeantem
1542 5233 1720 5286 servio
1769 5234 1872 5307 legi

273 5303 473 5369 precati
494 5343 509 5363 ,
538 5302 783 5359 ltabcmln
826 5308 1088 5364 desideria
1127 5317 1328 5382 pccmti
1350 5359 1364 5381 ,
1396 5320 1590 5388 quibus
1617 5326 1717 5379 etsi
1762 5343 1865 5383 non

272 5394 592 5459 ειηιςιοηιὶο,
640 5398 874 5451 nondum
924 5408 1099 5457 tamen
1146 5406 1357 5473 penitus
1400 5426 1578 5468 careo.
1628 5415 1867 5490 Denique

270 5484 401 5552 quid
439 5495 557 5553 post
582 5487 693 5540 inm:
721 5492 976 5555 intulerit,
1006 5498 1344 5554 attendamus
1370 5518 1382 5553 :
1416 5502 1577 5559 Nulla
1604 5524 1724 5581 ergo
1745 5553 1758 5578 ,
1781 5484 1866 5567 in-

268 5575 408 5637 quit.
440 5577 787 5632 condemnatio
807 5594 877 5634 est
904 5600 1036 5638 nunc
1064 5586 1142 5640 his
1163 5590 1247 5656 qui
1275 5602 1391 5645 sunt
1416 5594 1468 5647 in
1489 5595 1690 5653 Christo
1709 5599 1856 5658 Iesu.

271 5663 450 5718 Etiam
478 5683 639 5734 nunc,
670 5674 857 5739 inquit,
881 5677 1093 5743 quando
1123 5679 1207 5734 lex
1235 5682 1285 5734 itt
1317 5686 1573 5742 membris
1602 5702 1865 5763 repugnat

264 5753 370 5824 trgi
421 5759 649 5824 Inutilis,
692 5770 747 5817 et
791 5767 1056 5833 captivum
1100 5769 1299 5840 aliquid
1345 5783 1492 5830 tenet
1535 5780 1589 5833 in
1637 5753 1864 5851 corpore

267 5850 466 5901 mortis
509 5852 693 5921 hujus,
724 5872 756 5907 η
780 5857 865 5910 ιΙΙί
901 5861 1277 5917 condemnatio
1302 5876 1384 5920 est
1420 5869 1482 5922 iis
1520 5874 1608 5943 qui
1644 5886 1767 5929 sunt
1799 5879 1851 5933 in

268 5942 488 5996 (thriutt.
515 5945 658 6005 Jesn.
697 5950 828 6003 Λιιήὶ
857 5968 1018 6023 quare
1047 5972 1057 6005 :
1086 5954 1191 6009 Lex
1220 5975 1350 6012 enim
1376 5962 1585 6033 spiritus
1615 5968 1744 6035 citat,
1776 5970 1857 6026 itt-

1742 492 1940 549 LIBER
1981 489 2244 550 PRIMUS.

2219 379 2307 399 «res

3510 516 3612 573 430

2027 603 2162 673 quit,
2185 603 2236 658 in
2262 602 2459 659 Christo
2482 601 2604 660 Iesu
2632 606 2855 663 liberavit
2886 628 2962 664 me
2984 632 3012 665 (ε
3040 613 3146 685 lege
3167 635 3201 689 p
3221 619 3360 674 'ccati
3388 635 3434 677 et
3462 643 3604 681 more

2024 692 2086 750 tis
2111 694 2288 767 (llam.
2316 712 2386 752 vtt
2408 740 2423 766 ,
2458 699 2677 767 l5.vnt,
2702 700 2793 769 2).
2827 702 3126 776 Liberavit,
3168 711 3475 781 quomodo,
3508 718 3609 775 nisi

2026 786 2148 856 quia
2193 785 2309 858 ejus
2358 799 2564 845 reatum
2615 804 2954 863 peccatorum
3004 800 3241 855 omnium
3293 804 3611 866 remissiOne

2020 876 2297 947 dissolvit,
2332 890 2387 936 ttt
2434 886 2677 954 quamvis
2723 887 2899 943 adhuc
2942 901 3190 959 maneat,
3225 904 3279 951 ct
3322 895 3391 953 de
3427 898 3515 957 die
3556 903 3611 959 iu

2019 969 2161 1027 diem
2191 975 2362 1045 magis
2392 978 2665 1051 magisque
2694 981 2964 1038 minuatur
2983 1026 2999 1052 ,
3029 985 3080 1041 in
3123 998 3397 1058 peccatum
3431 1001 3608 1053 tamen

2018 1076 2126 1116 non
2166 1063 2453 1133 imputetur
2480 1067 2506 1122 ?

2090 1154 2316 1221 CAPUT
2355 1159 2567 1217 XXXII.
2605 1194 2678 1205 —
2716 1166 2806 1221 37.
2840 1165 2948 1223 Lex
2987 1172 3179 1241 peccati
3214 1190 3330 1230 cum
3371 1187 3513 1234 reatu
3555 1181 3609 1235 in

2017 1250 2242 1319 parvulis
2280 1268 2380 1307 non
2431 1254 2716 1325 baptizatis.
2743 1299 2745 1302 .
2773 1256 2990 1315 Peccato
3015 1260 3143 1318 Adae
3183 1264 3463 1325 humanum
3514 1288 3606 1343 ge-

2017 1356 2113 1394 nus
2158 1340 2427 1398 oleastrum
2475 1349 2666 1418 fectant
2709 1359 2801 1405 est.
2851 1350 2973 1408 llmc
3003 1352 3182 1426 itaque
3207 1358 3455 1417 remissio
3490 1340 3609 1433 pec-

2015 1440 2255 1489 catorum
2281 1435 2530 1506 quamdiu
2562 1455 2666 1494 non
2698 1439 2755 1496 tit
2784 1442 2836 1496 in
2867 1444 3036 1513 prole,
3070 1448 3146 1502 sic
3174 1448 3243 1504 ibi
3271 1461 3353 1506 est
3384 1453 3467 1509 lex
3497 1455 3593 1509 ista

2015 1524 2256 1593 peccati,
2287 1534 2343 1580 ut
2370 1529 2530 1582 etiam
2563 1529 2614 1585 in
2647 1541 2921 1601 peccatum
2953 1535 3280 1606 imputetur,
3314 1541 3366 1596 id
3404 1555 3515 1611 eat,
3552 1554 3609 1601 at

2015 1612 2176 1668 etiam
2198 1624 2378 1671 reatus
2398 1617 2515 1690 ejus
2535 1636 2655 1675 cum
2680 1623 2763 1677 illa
2791 1623 2882 1689 sit,
2907 1625 2997 1697 qui
3022 1637 3202 1685 teneat
3229 1631 3245 1664 ³
3276 1634 3461 1689 interni
3486 1651 3609 1708 sup-

2016 1705 2160 1776 plicii
2198 1706 2517 1767 debitorem.
2561 1714 2672 1769 lloc
2698 1716 2840 1772 enim
2873 1719 3067 1790 trajicit
3091 1737 3285 1793 parens
3312 1724 3366 1781 in
3398 1705 3604 1799 prolem

2013 1800 2282 1857 carnalem
2303 1844 2318 1868 ,
2348 1804 2489 1875 quod
2518 1815 2601 1861 est
2631 1808 2745 1878 ipse
2772 1811 3061 1868 carnaliter
3088 1824 3278 1883 natus,
3313 1833 3418 1875 non
3457 1824 3601 1892 qun-:l

2016 1890 2367 1961 spiritualiter
2391 1903 2474 1950 est
2503 1907 2743 1954 renatus.
2776 1900 2909 1969 Quia
2943 1903 3171 1976 idipsum
3197 1909 3339 1980 quod
3364 1890 3602 1970 carnali-

2011 1987 2094 2035 ter
2119 1990 2273 2037 natus
2301 1994 2406 2053 ρει,
2430 1989 2672 2055 quamvis
2698 1999 2847 2046 reatu
2873 1993 3047 2049 soluto
3074 2010 3180 2052 non
3210 1998 3465 2071 impediat
3491 2005 3604 2060 Γνη-

2008 2081 2153 2128 ctum
2197 2074 2349 2146 ejus,
2381 2086 2557 2135 tamen
2602 2088 2851 2152 tanquam
2897 2085 2948 2140 in
2990 2089 3195 2146 semine
3233 2092 3389 2150 oliva:
3431 2094 3553 2152 latet
3583 2142 3598 2163 ,

2008 2164 2215 2221 etiamsi
2262 2177 2476 2240 propter
2506 2173 2879 2232 remissionem
2926 2190 3267 2249 peccatorum
3310 2185 3441 2243 nihil
3477 2191 3603 2247 olm

2007 2265 2165 2311 nocet
2194 2259 2237 2325 ’,
2267 2260 2314 2313 ei
2345 2261 2547 2317 scilicet
2568 2265 2711 2331 vitat,
2737 2282 2839 2335 qua
2869 2272 3162 2327 secundum
3186 2275 3482 2347 Christum,
3505 2285 3597 2354 qui

2007 2354 2091 2402 est
2114 2349 2410 2418 appellatus
2441 2351 2508 2405 ah
2535 2354 2678 2423 oleo,
2706 2356 2755 2410 id
2782 2367 2886 2421 est,
2915 2375 2944 2413 a
2972 2361 3265 2419 chrismate
3285 2409 3300 2433 ,
3328 2369 3503 2439 justus
3523 2349 3599 2428 te:

2006 2436 2110 2492 tide
2131 2437 2254 2493 vivit
2282 2438 2393 2513 (Id.
2422 2458 2459 2511 t,
2486 2443 2597 2516 l7).
2626 2445 2736 2502 lloc
2756 2458 2933 2504 autem
2959 2455 3097 2522 quod
3122 2455 3171 2509 in
3203 2436 3420 2525 parente
3446 2477 3599 2534 rcge-

2004 2539 2214 2598 rterato,
2238 2539 2490 2604 tanquam
2515 2535 2567 2591 in
2591 2537 2724 2594 oleae
2750 2541 2976 2609 semine,
2995 2544 3117 2602 sine
3145 2547 3254 2603 ullo
3278 2562 3447 2620 reatu,
3470 2557 3593 2626 quia

2003 2623 2286 2677 remissum
2316 2633 2419 2690 est,
2456 2628 2680 2699 tegitur;
2712 2631 2955 2700 profecto
2983 2634 3036 2691 in
3068 2638 3217 2708 prole
3242 2623 3596 2701 ttOttdttttt—re-

2002 2724 2276 2785 generata,
2296 2716 2441 2772 velut
2466 2718 2516 2773 in
2544 2719 2794 2789 oleastro,
2817 2738 2939 2781 cum
2967 2737 3116 2783 reatu
3151 2730 3396 2801 habetur,
3421 2736 3593 2795 donec

2002 2806 2162 2860 etiam
2209 2806 2318 2863 illic
2359 2808 2550 2866 eadem
2595 2813 2764 2883 gratia
2809 2817 3133 2875 remittatur.
3178 2821 3258 2878 Ex
3301 2839 3408 2896 quo
3448 2831 3596 2887 enin;

1998 2893 2170 2951 Adam
2191 2912 2256 2954 ex
2283 2898 2402 2954 olea
2431 2899 2545 2969 tali,
2565 2902 2618 2958 in
2644 2919 2749 2975 qua
2772 2920 2872 2963 nec
2898 2921 3083 2967 semen
3112 2923 3229 2968 erat
3258 2893 3584 2988 hujusmodi,

2000 2988 2142 3046 unde
2160 2992 2461 3049 amaritudo
2484 3007 2796 3056 nasceretur
2812 3000 3053 3071 oleastri,
3078 3005 3129 3060 in
3152 3006 3445 3069 oleastrum
3468 3030 3593 3085 pec-

1998 3082 2170 3138 cando
2189 3098 2485 3142 conversus
2499 3099 2577 3145 est
2596 3105 2613 3156 ;
2635 3092 2757 3162 quia
2777 3100 2883 3148 tam
2907 3110 3156 3168 magnum
3174 3112 3447 3170 peccatum
3469 3082 3590 3176 iuit,

1998 3176 2089 3233 ubi
2132 3191 2325 3249 magna
2363 3180 2516 3237 ﬂeret
2550 3182 2602 3238 in
2631 3183 2872 3242 deterius
2896 3191 3121 3245 mutatio
3152 3203 3390 3263 natum;
3420 3208 3589 3258 totum

1995 3280 2165 3338 genus
2194 3267 2485 3326 humanum
2527 3272 2653 3329 fecit
2679 3274 3001 3335 oleastrum:
3032 3282 3100 3336 ita
3130 3294 3184 3338 ut
3212 3285 3586 3357 (quemadmn.

1997 3357 2123 3412 dum
2153 3374 2296 3416 nunc
2321 3361 2374 3416 in
2405 3362 2536 3433 ipsis
2564 3364 2810 3422 videmus
2833 3371 3141 3445 arboribus)
3162 3378 3206 3431 si
3229 3380 3355 3448 quid
3385 3381 3507 3438 inde
3532 3387 3586 3443 in

1996 3447 2168 3505 oleam
2197 3452 2367 3523 gratia
2394 3453 2574 3509 divina
2603 3460 2891 3527 convertit,
2923 3462 2994 3517 ibi
3021 3463 3203 3521 vitium
3236 3469 3420 3539 prima:
3447 3478 3589 3531 nati-

1994 3541 2193 3607 vitatis,
2225 3544 2369 3614 quod
2391 3555 2509 3601 erat
2530 3548 2796 3620 originale
2822 3563 3098 3621 peccatum
3127 3557 3193 3613 de
3218 3565 3420 3620 carnali
3455 3580 3586 3624 cou-

1993 3633 2316 3702 eupiscentia
2341 3636 2642 3694 traductum
2669 3648 2723 3697 et
2750 3650 3056 3712 attractum,
3083 3651 3401 3721 remittatur,
3433 3667 3582 3729 tega-

1995 3732 2110 3791 tttr,
2160 3740 2267 3780 non
2326 3726 2646 3798 imputetur;
2709 3732 2835 3788 insit
2884 3744 3110 3804 tamen,
3164 3743 3301 3798 unde
3351 3726 3584 3808 oleaster

1994 3827 2245 3873 nascatur
2263 3817 2306 3887 ³,
2348 3820 2448 3874 nisi
2487 3830 2541 3877 et
2566 3822 2753 3892 ipsein
2779 3825 2953 3883 oleam
2975 3831 3162 3887 eadem
3204 3838 3372 3904 gratia
3421 3858 3581 3900 renac

1986 3918 2191 3969 scatur.

2061 4000 2289 4060 CAPUT
2324 4002 2645 4064 XXXIII.—
2665 4008 2758 4067 38.
2778 4010 3039 4084 Baptismo
3069 4021 3233 4077 omnis
3260 4037 3580 4094 peccatorum

1990 4095 2217 4151 remissio
2236 4138 2251 4162 ,
2299 4098 2547 4170 plenaque
2591 4101 2646 4158 in
2697 4110 3061 4167 resurrectione
3096 4117 3326 4184 sanatio,
3374 4135 3580 4196 accepta

1990 4189 2169 4257 referri
2190 4187 2353 4243 debet.
2384 4189 2694 4257 Quotidiano
2713 4198 2996 4255 mundatio.
3038 4204 3196 4262 Beata
3229 4209 3407 4282 itaque
3432 4187 3575 4285 olea,

1989 4277 2143 4346 cujus
2186 4280 2428 4337 remissae
2465 4295 2592 4340 sunt
2634 4286 2974 4360 iniquitates,
3001 4304 3054 4350 et
3085 4299 3236 4369 cujus
3275 4277 3409 4360 tecta
3454 4321 3580 4366 sunt

1991 4376 2205 4437 precata
2231 4388 2246 4424 :
2272 4370 2460 4441 beata,
2487 4376 2570 4430 cui
2613 4392 2718 4434 non
2764 4380 3042 4453 imputavit
3086 4389 3342 4450 Dominus
3382 4412 3577 4470 pecca-

1991 4468 2099 4514 tum
2142 4459 2311 4532 (Psal.
2349 4478 2510 4535 xui,
2544 4467 2596 4536 l,
2627 4469 2719 4541 2).
2751 4471 2859 4529 Sed
2890 4476 3018 4534 illud
3043 4482 3184 4551 quod
3212 4459 3494 4546 remissum
3524 4505 3579 4550 et

1988 4558 2183 4607 tectum
2212 4562 2296 4610 est
2332 4565 2388 4611 et
2427 4574 2533 4614 non
2576 4561 2889 4633 imputatur,
2921 4569 3093 4627 donec
3122 4575 3208 4631 ttat
3238 4578 3288 4634 in
3316 4590 3573 4640 :cternatu

1986 4642 2441 4705 immortalitatem
2482 4651 2637 4721 plena
2681 4660 2938 4727 mutatio,
2971 4662 3130 4721 habet
3159 4669 3263 4723 vim
3290 4676 3573 4741 quanulam

1984 4735 2248 4793 occultam
2273 4780 2289 4805 ,
2320 4741 2464 4798 unde
2504 4747 2802 4806 seminatur
2842 4766 3057 4810 amarus
3095 4759 3345 4830 oleaster,
3379 4767 3479 4822 nisi
3521 4780 3575 4824 et

1983 4824 2091 4881 illic
2120 4827 2306 4884 eadem
2355 4831 2447 4887 Dei
2487 4836 2806 4905 agricultura
2854 4846 3173 4911 remittatur,
3205 4860 3429 4921 tegitur,
3465 4876 3571 4916 non

1984 4915 2297 4986 imputetur.
2320 4921 2434 4977 Non
2465 4927 2567 4981 erit
2590 4937 2767 4984 autem
2794 4936 3014 4990 omnino
3039 4939 3234 5011 aliquid
3258 4915 3346 5000 vel
3376 4915 3426 5002 in
3452 4969 3573 5007 car-

1981 5008 2087 5064 nali
2122 5012 2331 5069 semine
2354 5016 2623 5085 vitiosum,
2643 5036 2763 5076 cum
2792 5026 2976 5081 eadem
3004 5038 3426 5105 regeneratione,
3450 5062 3570 5113 qua:
3632 5039 3649 5065 '

1980 5116 2123 5158 nunc
2152 5105 2209 5158 tit
2240 5122 2335 5174 per
2362 5123 2573 5165 sacrum
2605 5113 2896 5197 lavacrum,
2927 5137 3094 5195 usque
3120 5127 3170 5181 iu
3201 5129 3355 5187 liuent
3378 5105 3567 5198 cuncta
3614 5196 3617 5203 ,

1980 5195 2116 5250 mala
2164 5196 2397 5256 hominis
2441 5190 2700 5274 purgante
2737 5219 2897 5280 atque
2936 5228 3189 5286 satiante,
3221 5225 3408 5281 catlent
3439 5246 3567 5287 caro
3609 5218 3617 5276 ί

1978 5305 2074 5359 per
2107 5306 2265 5361 quam
2311 5292 2446 5351 facta
2490 5308 2578 5354 est
2616 5302 2791 5357 anima
2837 5311 3103 5380 carnalis,
3144 5316 3237 5372 lict
3277 5323 3566 5393 spirituulis
3600 5332 3610 5403 ξ

1975 5379 2135 5435 etiam
2174 5382 2286 5453 ipsa
2308 5426 2322 5450 ,
2354 5388 2552 5444 nullam
2585 5391 2687 5464 legi
2718 5403 2915 5456 mentis
2939 5406 3275 5467 resistentem
3303 5379 3560 5487 concupi-

1974 5473 2230 5527 scentiam
2258 5479 2437 5534 carnis
2462 5478 2727 5554 habitura,
2754 5490 2883 5546 nihil
2906 5498 3134 5555 carnalis
3159 5507 3383 5562 seminis
3405 5512 3559 5567 cmis-

1973 5575 2119 5616 sura.
2150 5562 2237 5618 Sic
2266 5568 2408 5623 enim
2435 5574 2805 5644 accipiendunt
2833 5591 2916 5638 est
2944 5588 3086 5658 quod
3126 5592 3201 5647 ait
3245 5595 3384 5654 idem
3413 5562 3558 5670 sui.

1971 5655 2139 5709 stotus
2165 5673 2177 5709 :
2206 5658 2437 5718 Christus
2465 5666 2641 5724 dilexit
2669 5655 2976 5742 Ecclesium,
2994 5691 3040 5735 et
3068 5701 3122 5738 se
3150 5686 3314 5754 ipsum
3345 5655 3556 5750 tradidit

2039 5745 2362 5842 .
2378 5766 2690 5842 ﬂammicam}:
2718 5768 2866 5842 Abest
2883 5807 2896 5826 .
2922 5784 3033 5821 eum
3053 5789 3081 5824 a
3104 5781 3440 5842 manuscriptis
3465 5797 3475 5826 :
3502 5787 3554 5834 cl

2070 5806 2331 5893 legere
2347 5806 2965 5893 tm4;ui':aasacnér

2035 5868 2054 5941 ξ
2089 5868 2255 5941 t'ltires
2271 5868 2398 5936 lissi,
2421 5868 2852 5941 uttt‘hié’iiiiii

1970 5927 2063 6036 an;
2085 5931 2155 6026 iis:
2192 5942 2332 6045 vprs
2354 5927 2517 5993 Cocles
2555 5927 2887 6013 tit-133.37.35.51»
2918 5953 3030 6003 ttditi
3056 5971 3186 6013 vero,
3217 5955 3342 6006 mule
3364 5967 3543 6027 tamen,

2070 6004 2166 6045 ελ),
2183 6008 2275 6044 mat
2298 6030 2311 6044 .
2770 6016 2774 6019 ‘

2003 6002 2166 6049 inisse.
2183 6002 2311 6045 tum.
2669 6002 2697 6013 ν
2770 6016 2774 6019 ‘
