4144 6520
563 519 666 577 633

564 651 657 704 pro
692 652 751 689 ea
773 676 787 701 ,
828 644 883 689 ut
925 649 1031 691 eam
1079 636 1411 705 sanctiﬁcat-ut
1441 676 1456 703 ,
1500 644 1752 691 mandans
1799 653 1910 692 eam
1953 644 2155 692 laracro

564 741 710 790 aqua
750 741 801 781 tu
838 733 1010 794 verbo,
1044 741 1097 782 at
1130 729 1374 783 exhiberet
1407 728 1499 781 sibi
1532 730 1641 795 ipse
1667 728 1945 799 gloriosam
1977 728 2153 783 Eccle-

566 822 727 883 sium,
757 835 853 874 non
893 820 1151 874 habentrm
1197 820 1444 875 maculam
1484 831 1571 873 aut
1609 837 1822 891 rugam,
1848 829 1935 874 aut
1962 820 2156 890 aliquid

568 909 818 979 quantuli
847 907 1060 979 (Epltes.
1096 926 1151 978 ν,
1179 910 1248 967 9.3
1280 912 1393 981 Ξῖ).
1437 912 1525 966 Sic
1548 952 1563 974 ,
1594 911 1807 981 inquam
1827 952 1840 977 ,
1870 909 1974 965 hoc
2013 913 2154 965 acci-

569 1003 819 1069 piendum
864 1011 982 1069 est,
1029 1014 1084 1059 ut
1129 1006 1316 1060 eodem
1367 1011 1578 1060 lavacro
1634 1006 2053 1076 regenerationis
2103 1015 2157 1060 ct

574 1094 735 1145 verbo
763 1094 1197 1150 sanetificatiouis
1225 1097 1401 1151 otnnia
1433 1113 1653 1167 prorsus
1696 1097 1836 1153 mala
1881 1100 2152 1152 hominum

568 1196 1005 1249 recuperaturum
1048 1188 1374 1243 tuuudentut‘
1411 1198 1570 1259 atque
1605 1198 1891 1252 sanentur;
1928 1206 2031 1241 non
2063 1203 2155 1241 So-

568 1277 675 1329 lmu
704 1289 917 1341 peccata
934 1295 1053 1348 qua:
1070 1281 1249 1334 omnia
1268 1295 1415 1336 nunc
1426 1284 1771 1336 remittuntur
1787 1282 1839 1335 in
1864 1281 2152 1351 Baptismo,

567 1368 660 1421 sed
693 1369 851 1422 etimn
878 1386 997 1440 qua:
1024 1372 1287 1440 posterius
1317 1372 1544 1427 humana
1577 1375 1872 1443 ignorantia
1903 1374 1982 1428 Vel
2013 1374 2157 1428 infir-

570 1461 755 1516 mitate
778 1462 1164 1519 eontralmntur
1189 1482 1202 1519 :
1230 1482 1332 1519 non
1361 1474 1413 1519 ut
1445 1465 1709 1534 Baptisma
1733 1467 1942 1536 quoties
1972 1481 2160 1535 pecca-

570 1562 679 1619 tur,
708 1554 865 1608 toties
891 1564 1189 1625 repetatur;
1214 1556 1304 1610 sed
1328 1558 1447 1624 quia
1481 1560 1594 1627 ipso
1620 1557 1760 1625 quod
1784 1557 1954 1613 semel
1978 1558 2156 1624 datur,

578 1647 634 1698 tit
668 1655 723 1700 ut
767 1662 868 1699 non
892 1646 1067 1702 solum
1094 1658 1272 1714 antea,
1296 1663 1479 1703 verum
1508 1648 1667 1703 etiam
1700 1656 1881 1717 postea
1907 1663 2159 1717 quorum-

571 1737 694 1792 libet
716 1747 1051 1806 peccatorum
1070 1738 1222 1795 venia
1244 1738 1486 1794 fidelibus
1504 1740 1834 1809 impctretur.
1858 1737 1992 1806 Quid
2017 1740 2158 1793 enim

573 1829 847 1899 prodvsmt
870 1830 951 1885 vel
972 1840 1099 1886 ante
1133 1829 1461 1899 Baptismum
1497 1829 1830 1901 pwuitentia,
1855 1830 1954 1884 nisi
1986 1829 2161 1900 Bapti-

570 1941 718 1983 snms
742 1939 1087 1995 mitteretur;
1106 1931 1187 1986 vel
1214 1942 1418 2001 postea,
1444 1931 1542 1984 nisi
1572 1926 1937 1999 przccederet?
1967 1926 2022 1981 fu
2048 1928 2161 1997 ipsa

571 2034 785 2089 quoque
813 2020 1054 2076 oratione
1082 2021 1371 2085 dominica,
1398 2038 1516 2090 qua:
1539 2020 1848 2090 quotidiana
1877 2027 1957 2073 est
1982 2026 2162 2073 nostra

571 2111 867 2173 nnuulatio,
896 2128 1005 2184 quo
1035 2113 1227 2175 fructu,
1260 2128 1365 2182 quo
1396 2112 1585 2167 effectu
1616 2112 1917 2177 eiceretur,
1954 2110 2166 2166 Dimitte

570 2204 713 2256 nobis
757 2203 922 2257 debila
966 2214 1137 2259 nostra
1179 2202 1198 2276 (
1226 2203 1412 2257 Matth.
1437 2220 1484 2258 vr
1507 2246 1522 2269 ,
1559 2201 1698 2276 1‘2),
1732 2203 1833 2258 nisi
1873 2202 1941 2257 ab
1966 2202 2043 2259 eis
2072 2202 2162 2272 qui

574 2293 819 2361 tiaptirati
839 2302 983 2354 sunt,
1003 2293 1304 2349 diceretur?
1329 2305 1563 2364 Itemque
1580 2294 2040 2365 eleemosynarum
2062 2293 2167 2347 lar-

552 2388 710 2458 Agitas
739 2396 790 2439 et
820 2385 1167 2442 beneficentia
1195 2387 1527 2457 quantalibet
1548 2430 1562 2449 ,
1595 2386 1681 2442 cui
1718 2386 1934 2443 tandem
1970 2387 2035 2443 ad
2079 2386 2161 2443 di-

576 2476 830 2532 mittenda
873 2495 967 2533 sua
1016 2487 1230 2549 peccata
1278 2479 1590 2549 prodesset,
1627 2480 1673 2536 si
1716 2480 2015 2550 baptizatus
2058 2496 2165 2536 non

574 2568 750 2629 esset?
782 2568 1057 2624 Postremo
1077 2570 1221 2641 regni
1243 2572 1503 2627 emtorem
1529 2571 1642 2642 ipsa
1672 2571 1917 2637 felicitas,
1940 2572 2028 2628 ubi
2058 2587 2163 2628 non

577 2658 789 2720 habebit
814 2658 1048 2715 Ecclesia
1074 2662 1335 2716 maculam
1360 2671 1450 2717 aut
1476 2678 1657 2732 rugam
1683 2672 1776 2716 aut
1804 2661 2003 2733 aliquid
2023 2662 2167 2733 ejus-

577 2750 742 2814 lttttdi,
765 2750 849 2805 ubi
873 2750 1003 2811 nihil
1031 2751 1485 2823 reprehensionis,
1507 2753 1634 2807 nihil
1656 2753 2020 2809 simulationis
2040 2754 2163 2822 erit,

578 2843 664 2905 nhi
713 2860 818 2898 non
851 2844 1033 2903 .sulmn
1080 2855 1297 2913 reatus,
1329 2846 1423 2902 scd
1465 2861 1562 2901 nec
1599 2846 2034 2915 concupiscentia
2065 2846 2167 2902 erit

547 2936 680 3003 ,ulla
714 2940 935 3005 peccati,
965 2951 1189 3004 quorum
1218 2938 1340 3004 erit,
1371 2937 1469 2992 nisi
1504 2937 1939 3007 haptizatorum?

647 3028 873 3086 CAPUT
915 3027 1155 3085 XXXIV.
1178 3059 1246 3070 —
1269 3029 1360 3087 '59.
1393 3028 1644 3096 Baptismi
1672 3030 1934 3084 sanctitate
1953 3046 2053 3084 non
2080 3046 2165 3085 εο-
2194 3084 2197 3089 λ

579 3123 686 3188 tum
706 3132 929 3190 peccata,
962 3126 1051 3177 sed
1078 3122 1212 3177 mala
1235 3139 1440 3192 prorsus
1466 3122 1636 3176 omnia
1669 3120 1912 3177 tollenda.
1943 3120 2169 3177 Ecclesia

579 3222 804 3267 nonduin
824 3222 957 3267 carct
978 3217 1113 3267 omni
1139 3215 1356 3267 macula.
1381 3215 1457 3270 Ac
1483 3228 1577 3284 per
1600 3212 1702 3270 hoc
1724 3229 1830 3269 non
1859 3212 2033 3269 solum
2054 3229 2171 3268 om-

583 3306 669 3359 nia
700 3316 935 3373 peltata,
966 3305 1057 3358 sed
1089 3307 1264 3358 omnia
1296 3320 1512 3374 prorsus
1537 3307 1810 3361 hominum
1840 3306 2004 3374 mala,
2031 3305 2172 3362 chri-

584 3394 741 3448 stiani
769 3395 960 3450 lavacri
990 3394 1270 3451 sanctitate
1293 3395 1570 3462 tolluntur,
1589 3410 1695 3467 quo
1717 3395 1937 3450 mundat
1965 3395 2161 3452 Eccle-

584 3486 716 3551 sium
745 3501 893 3540 suam
917 3484 1181 3553 Christus,
1206 3494 1263 3540 ut
1286 3485 1534 3543 exhibeat
1559 3502 1676 3541 eam
1698 3487 1820 3553 sibi,
1840 3502 1942 3542 non
1976 3486 2027 3541 in
2063 3487 2166 3542 isto

583 3579 801 3645 Sil'ClllD,
832 3578 929 3657 sed
962 3580 1012 3633 in
1041 3576 1240 3646 futuro,
1285 3595 1388 3632 non
1434 3578 1716 3635 habentem
1768 3579 2029 3634 maculam
2077 3586 2171 3634 aut

586 3686 767 3740 rugam
796 3680 886 3726 aut
912 3671 1110 3741 aliquid
1138 3670 1422 3740 ejusmodi.
1450 3670 1584 3726 Nam
1628 3670 1719 3741 qui
1749 3671 1906 3725 modo
1934 3685 2053 3725 eam
2086 3678 2170 3724 ta-

584 3764 688 3829 lem
719 3777 837 3818 esse
863 3761 1066 3828 dicunt,
1106 3771 1159 3817 ct
1201 3762 1458 3817 tamenin
1490 3761 1578 3816 illa
1617 3770 1774 3827 sunt;
1820 3759 2072 3831 quoniam
2118 3767 2173 3814 et

585 3856 684 3921 ipsi
716 3854 947 3909 fatentur
974 3871 1032 3910 se
1064 3856 1262 3910 habere
1289 3865 1526 3925 peccata,
1550 3854 1594 3908 si
1615 3869 1797 3907 verum
1823 3853 2028 3914 dicunt,
2050 3866 2174 3922 pro-

589 3947 612 4010 f
639 3957 724 3999 cto
764 3947 1011 4016 quoniam
1058 3946 1236 4002 mumli
1269 3960 1374 4000 non
1404 3954 1529 4000 sunt
1552 3960 1584 4000 a
1615 3945 1869 4014 peccatis,
1915 3942 2076 3998 habet
2118 3943 2174 3999 in

586 4039 666 4092 eis
697 4038 934 4094 Ecclesia
967 4037 1226 4092 maculam
1262 4054 1277 4092 :
1310 4037 1355 4093 si
1380 4045 1559 4094 autem
1590 4034 1779 4092 falsum
1807 4034 2013 4104 dicunt,
2044 4034 2174 4106 quia

574 4121 749 4197 corde
776 4120 973 4191 duplici
1003 4121 1310 4192 loquuntur,
1336 4123 1496 4180 habet
1522 4141 1573 4180 tn
1601 4139 1680 4181 e:s
1711 4125 1942 4181 Ecclesia
1965 4143 2170 4198 rugam.

544 4210 549 4217 ’
589 4211 647 4267 Si
686 4222 865 4267 autem
891 4228 950 4267 se
978 4212 1162 4268 dicunt
1207 4213 1406 4270 habere
1425 4215 1549 4283 iSta,
1580 4231 1685 4271 non
1716 4216 1884 4286 ipsam
1914 4235 1928 4272 :
1957 4233 2086 4289 ergo
2114 4233 2175 4275 se

585 4318 696 4376 non
733 4319 854 4360 esse
892 4305 1131 4365 membra
1171 4308 1319 4373 eius,
1353 4322 1453 4363 nec
1482 4321 1542 4363 se
1570 4308 1637 4363 ad
1676 4323 1873 4380 corpus
1902 4309 2015 4379 ejus
2047 4325 2171 4379 pcr-

590 4397 762 4453 tiuerc
802 4396 1065 4453 fateantur
1086 4440 1102 4467 ,
1134 4406 1195 4464 ut
1222 4400 1379 4463 etiam
1415 4414 1509 4459 sua
1540 4398 1876 4457 confessione
1913 4400 2174 4457 damncu-

582 4498 691 4544 tur.

649 4577 876 4636 CAPUT
918 4580 1134 4637 XXXV.
1153 4613 1223 4623 -—
1241 4582 1330 4638 40.
1358 4581 1537 4639 Carnis
1565 4586 2040 4656 concupiscentiam,
2073 4588 2178 4641 vel-

611 4702 676 4712 ..ι-

1375 521 1461 577 ῡΕ
1500 519 1765 578 MIPTllS
1809 519 1893 575 ET
1935 518 2163 579 CONCU

2274 520 2555 607 ,ῖιιῖκτίλη
2576 522 2630 578 s.
2677 520 3036 579 AUGUSTth
3743 520 3836 584 sas

2266 648 2318 689 ut
2350 636 2579 689 naturale
2598 639 2783 690 borium
2820 641 3087 693 laudantes
3112 636 3399 711 Pelagiani,
3430 642 3726 714 refelluntur
3751 660 3837 698 auc

2263 729 2489 781 storitate
2505 725 2566 781 Β.
2584 727 2852 783 Ambrosii.
2877 730 2952 785 De
2971 729 3069 785 hac
3088 740 3263 785 autem
3287 732 3712 804 concupiscentia
3731 748 3839 789 car-

2264 820 2367 885 nis,
2394 835 2554 890 quam
2584 822 2889 876 curavimus
2919 837 2947 874 a
2975 824 3298 893 nuptialibus
3324 824 3479 879 bonis
3509 833 3614 879 tam
3646 826 3837 895 prolixa

2262 908 2620 976 disputatione
2664 911 3029 983 distinguere,
3063 925 3281 985 propter
3321 930 3489 972 novos
3534 917 3837 981 hxreticos,

2263 1020 2349 1071 qui
2384 1018 2502 1056 cum
2537 1002 2651 1058 hzrc
2682 1004 3088 1073 reprehenditur
3116 1007 3714 1079 calumniantur,‘quasi
3754 1025 3842 1063 au-

2263 1095 2385 1162 ptia:
2413 1092 2900 1161 reprehendantur;
2934 1106 2990 1150 ut
3012 1097 3214 1152 scilicet
3237 1114 3354 1153 eam
3383 1109 3628 1170 tanquam
3660 1101 3840 1156 bonum

2264 1183 2504 1238 naturale
2532 1184 2800 1240 laudando
2824 1228 2838 1251 ,
2888 1200 3042 1241 suum
3085 1187 3394 1257 pestiferum
3439 1190 3628 1260 dogma
3658 1197 3840 1246 contu-

2264 1285 2408 1329 nrcnt
2429 1317 2443 1339 ,
2476 1292 2581 1344 quo
2622 1289 2866 1332 asserunt
2914 1280 3115 1348 prolem
3149 1297 3266 1351 qua-
3297 1297 3390 1353 pcr
3421 1283 3559 1337 illam
3589 1297 3802 1339 ttaSHlttt
3828 1326 3840 1350 ,

2265 1366 2466 1419 nultum
2498 1367 2710 1423 trahere
2736 1370 2994 1439 originale
3023 1382 3296 1440 peccatum
3330 1390 3344 1427 ε
3378 1372 3443 1429 de
3467 1375 3563 1427 hac
3589 1392 3715 1444 ergo
3739 1391 3845 1429 ear-

2266 1456 2348 1509 nis
2373 1458 2804 1527 concupiscentia
2833 1501 2847 1526 ,
2897 1459 3085 1517 beatus
3117 1464 3431 1518 Ambrosius
3454 1464 3625 1520 Medio
3645 1469 3846 1520 aneasis

2264 1550 2549 1618 episcopus
2576 1592 2588 1613 ,
2619 1550 2771 1620 cujus
2798 1553 3113 1607 sacerdotali
3142 1555 3436 1611 minis'erio
3463 1557 3726 1611 lavacrum
3767 1576 3820 1613 re

2268 1642 2627 1709 generationis
2658 1644 2861 1713 accepi,
2890 1646 2967 1698 sic
2997 1645 3227 1701 breviter
3253 1656 3335 1702 est
3363 1647 3590 1716 locutus,
3619 1666 3736 1703 cum
3760 1667 3847 1703 ev-

2268 1744 2469 1800 ponens
2503 1730 2690 1786 Isaiam
2727 1733 3065 1803 prophetam,
3098 1746 3364 1791 carnalem
3388 1736 3584 1792 Clu-isti
3614 1742 3840 1793 nativum.

2268 1831 2373 1877 tem
2404 1824 2712 1880 insinuaret.
2761 1845 2779 1878 ι
2807 1826 2951 1889 ldeo,
2986 1847 3005 1882 ο
3044 1830 3230 1895 inquit,
3266 1849 3285 1882 ι
3316 1840 3369 1886 et
3400 1834 3547 1898 quasi
3583 1833 3738 1887 homo
3767 1852 3851 1904 per

2268 1913 2511 1967 universa
2564 1925 2795 1970 tentatus
2837 1927 2919 1972 est
2945 1961 2957 1984 ,
3009 1929 3058 1975 et
3100 1935 3153 1975 tn
3198 1922 3544 1979 similitudine
3586 1924 3850 1978 hominum

2266 2015 2455 2058 cuncta
2484 2006 2778 2061 sustinuit:
2822 2009 2914 2063 sed
2942 2010 3094 2079 quasi
3133 2010 3200 2066 de
3243 2010 3444 2083 Spiritu
3491 2022 3666 2079 natus,
3695 2015 3851 2069 absti-

2268 2096 2377 2151 nuit
2409 2111 2437 2151 a
2471 2110 2690 2167 peccato
2717 2098 2901 2171 (Ilebr.
2931 2118 3001 2168 :v,
3026 2103 3139 2174 15),
3158 2102 3344 2160 Omnis
3369 2121 3508 2160 cnun
3535 2108 3695 2162 homo
3716 2125 3851 2163 tren-

2268 2187 2368 2243 dax
2402 2188 2579 2261 (Psat.
2612 2205 2740 2254 ειν,
2774 2190 2852 2256 9),
2896 2203 2945 2248 et
2980 2210 3138 2248 nemo
3176 2195 3293 2250 sine
3336 2207 3550 2266 peccato
3584 2200 3682 2252 nisi
3729 2216 3855 2253 unus

2272 2279 2434 2334 Deus.
2466 2278 2742 2336 Servatum
2774 2291 2858 2338 est.
2898 2286 3060 2354 igitur
3086 2294 3144 2340 ut
3183 2302 3248 2340 ex
3284 2287 3396 2341 viro
3436 2299 3489 2341 et
3519 2290 3775 2350 nndiere.
3810 2294 3855 2346 id

2268 2381 2370 2438 est,
2416 2388 2511 2442 per
2538 2372 2681 2427 illam
2714 2391 2996 2445 corporum
3026 2381 3458 2434 connnixtiom-m
3498 2397 3653 2436 nemo
3679 2384 3855 2437 vulca-

2275 2472 2361 2517 tur
2385 2479 2576 2534 expers
2606 2481 2726 2521 t‘Sae
2764 2467 2963 2522 delicti.
2995 2468 3094 2535 Qui
3118 2479 3294 2524 autem
3323 2487 3424 2541 exp
3462 2488 3513 2527 rs
3541 2484 3616 2528 est
3649 2473 3857 2542 delicti,

2271 2571 2469 2627 expers
2489 2567 2569 2613 est
2594 2560 2753 2613 etiam
2783 2558 3083 2629 hujusmodi
3108 2565 3490 2633 concrptionis.
3523 2583 3545 2617 ι
3576 2566 3860 2635 Νιιιιηίυιάσ

2276 2663 2397 2703 nam
2426 2659 2479 2704 et
2510 2661 2726 2705 sanctus
2752 2651 3067 2706 Ambrosius
3112 2658 3410 2723 Imptiarum
3444 2654 3729 2711 bonitatem
3758 2701 3769 2714 .
3801 2673 3862 2713 ac

2277 2758 2380 2795 non
2410 2742 2582 2808 potius
2622 2741 2844 2798 istorum
2871 2742 3268 2814 lurrcticorum,
3307 2748 3549 2817 quamvis
3582 2757 3703 2806 tunc
3727 2766 3864 2805 non-

2271 2831 2397 2888 dum
2424 2835 2791 2905 apparentium
2816 2835 3125 2903 vanitatem,
3155 2835 3312 2907 hujus
3334 2853 3442 2892 sua:
3471 2844 3746 2895 sententia:
3771 2858 3861 2897 vc-

2275 2926 2431 2981 ritate
2451 2925 2763 2980 damnavit?
2788 2926 2939 2994 Quod
2965 2928 3085 2983 ideo
3112 2930 3637 2985 commemorandum
3667 2935 3862 3002 putavi,

2271 3017 2393 3087 quia
2427 3016 2670 3079 Pelagius
2692 3018 2770 3073 sic
2801 3018 2981 3074 laudat
3008 3021 3369 3086 Ambrosium,
3395 3031 3453 3077 ut
3480 3022 3658 3077 dicat:
3690 3043 3707 3076 ι
3739 3023 3866 3079 Bea-

2274 3118 2357 3164 tus
2388 3109 2701 3166 Ambrosius
2725 3113 3029 3183 cpiscopus,
3061 3114 3110 3167 in
3132 3113 3281 3183 Cujus
3304 3116 3566 3185 pra-cipue
3588 3115 3736 3170 libris
3761 3115 3867 3172 flo-

2274 3214 2429 3255 mana
2456 3201 2628 3257 elucet
2672 3202 2836 3270 fides;
2862 3203 2952 3273 qui
2994 3205 3310 3274 scriptorum
3351 3206 3488 3260 inter
3528 3206 3744 3262 Latinos
3770 3207 3866 3264 flos

2272 3293 2487 3363 quidam
2519 3295 2794 3363 speciosus
2819 3296 3045 3363 enituit,
3084 3297 3236 3366 cujus
3265 3296 3420 3353 ﬁdem
3446 3305 3500 3353 et
3524 3300 3865 3369 purissimum

2274 3387 2328 3441 in
2370 3387 2660 3459 Scripturis
2690 3405 2905 3443 sensum
2948 3406 3015 3446 ne
3062 3391 3307 3445 inimicus
3336 3392 3548 3462 quidem
3586 3407 3745 3447 ausus
3787 3402 3868 3449 cst

2274 3480 2669 3554 reprehendere
2704 3502 2720 3531 ι
2756 3481 2891 3556 (Lib.
2927 3485 2960 3539 5
2991 3501 3083 3554 pro
3106 3483 3283 3538 Libero
3309 3484 3574 3554 Arbitrio).
3605 3484 3869 3541 Pmuiteat

2273 3591 2403 3646 ergo
2431 3592 2577 3640 eum,
2608 3575 2749 3647 quod
2782 3578 2949 3631 sensit
2984 3580 3242 3632 adversus
3266 3577 3627 3644 Ambrosium,
3660 3594 3727 3633 ne
3756 3594 3872 3648 pte-

2274 3668 2440 3723 niteat
2468 3682 2612 3732 etim,
2660 3667 2801 3738 quod
2845 3668 2923 3723 sic
2953 3668 3187 3722 laudavit
3213 3667 3574 3723 Ambrosium.
3606 3668 3782 3723 [labes
3806 3667 3872 3724 li-

2275 3758 2430 3814 brum
2454 3770 2507 3815 et
2531 3760 2776 3815 molestia
2809 3760 3177 3831 longitudinis,
3205 3769 3257 3817 et
3282 3760 3589 3816 difficultate
3618 3758 3871 3831 quaestio-

2276 3853 2380 3918 nis,
2410 3867 2570 3923 quam
2601 3851 2731 3907 mihi
2761 3851 2856 3906 fuit
2881 3852 2948 3906 ad
2979 3852 3306 3919 dictandum,
3337 3862 3443 3906 tam
3476 3851 3568 3906 tibi
3595 3851 3658 3904 ad
3690 3852 3875 3922 legen-

2275 3942 2400 3997 dum
2453 3944 2825 4014 negotiosum,
2884 3944 3077 4013 quibus
3132 3942 3405 4013 particulis
3463 3950 3760 4013 temporum
3819 3952 3873 3998 te

2276 4035 2517 4089 invenire
2547 4035 2716 4104 potuit
2743 4042 2834 4089 aut
2864 4035 3096 4104 potuerit
3125 4034 3373 4089 otiosum.
3407 4032 3574 4101 Quem
3608 4032 3871 4103 profecto,

2276 4137 2530 4198 quantum
2579 4145 2663 4183 me
2695 4129 2950 4183 Dominus
2977 4128 3230 4198 adjuvare
3275 4127 3521 4198 dignatus
3549 4137 3651 4194 est,
3682 4126 3874 4181 elabo-

2279 4228 2449 4273 ratum
2485 4219 2622 4274 inter
2648 4220 3042 4274 ecclesiasticas
3072 4234 3227 4273 curas
3257 4234 3423 4283 meas,
3461 4234 3564 4272 non
3601 4217 3692 4271 tibi
3724 4218 3877 4287 ingev

2280 4325 2450 4364 rcrem
2494 4310 2631 4363 inter
2662 4310 2899 4380 publicas
2944 4320 3078 4374 tuas,
3109 4310 3207 4363 nisi
3236 4310 3302 4363 ab
3334 4309 3544 4363 homine
3576 4309 3668 4363 Dei
3699 4311 3788 4379 qui
3822 4318 3880 4363 te

2280 4402 2587 4457 familiarius
2615 4403 2798 4469 novit,
2827 4402 3090 4455 audissem
3122 4401 3262 4472 quod
3291 4410 3395 4455 tam
3429 4401 3656 4454 libenter
3687 4400 3839 4469 legas
3860 4445 3874 4466 ,

2280 4493 2527 4548 utetiam
2574 4502 2861 4546 nocturnas
2902 4492 3105 4561 aliquas
3138 4493 3295 4544 horas
3339 4489 3550 4545 lectioni
3596 4490 3881 4561 vigilanter

2282 4584 2577 4656 impendis.

3262 4650 3279 4677 κ

2840 4706 2911 4710 ,___
2935 4706 3007 4711 _---
3031 4701 3737 4711 _-____.__..._..__._____——.-
3758 4700 3788 4707 ο

3067 4716 3885 4752 w

1331 4798 1523 4944 In
1581 4800 2517 4983 subsequentem
2595 4797 3067 4935 librum

1337 4994 1646 5066 Augustinus
1672 4994 1723 5050 in
1745 4972 2045 5069 praefatione
2072 4992 2255 5064 Operis
2277 4993 2574 5065 [inperfecti
2600 5002 2776 5065 contra
2801 4994 3088 5048 lulianum.
3916 4972 3927 5069 ξ

657 5111 861 5187 Scripsi
898 5113 1089 5170 librum
1116 5111 1182 5167 ad
1211 5112 1464 5168 comitem
1505 5111 1773 5173 Valerium
1798 5152 1816 5181 ,
1847 5111 1998 5189 cujus
2025 5110 2143 5175 libri
2172 5109 2359 5165 titulus
2384 5119 2488 5177 est,
2522 5110 2595 5164 De
2621 5108 2831 5180 Nuptiis
2858 5118 2913 5164 et
2948 5107 3385 5181 Concupiscentia
3419 5126 3432 5163 :
3460 5121 3525 5161 eo
3549 5104 3688 5177 quod
3714 5105 3781 5158 ad
3815 5105 3888 5158 il-
3918 5046 3935 5106 ἦ

585 5208 695 5277 lum
727 5210 1034 5278 pervenisse
1060 5224 1438 5280 cognoveram,
1471 5207 1652 5264 dicere
1698 5208 2034 5278 Pelagianos,
2067 5205 2408 5259 damnatores
2439 5219 2538 5257 nos
2566 5218 2685 5257 esse
2712 5205 3034 5272 nuptiarum.
3084 5204 3318 5273 Denique
3363 5203 3414 5255 in
3445 5201 3535 5255 illo
3560 5214 3743 5269 opere,
3779 5215 3891 5251 uu—

581 5302 809 5376 ptiarum
838 5303 1036 5372 bonum
1067 5320 1096 5358 a
1121 5303 1568 5375 concupiscentiae
1610 5282 1842 5358 carnalis
1869 5301 2032 5360 malo,
2060 5314 2167 5376 quo
2189 5296 2324 5352 bene
2349 5299 2514 5353 utitur
2542 5296 2792 5366 pudicitia
2816 5296 3129 5366 conjugalis.
3159 5295 3299 5365 quali
3332 5294 3474 5363 potui
3499 5290 3878 5359 disputatione

582 5394 833 5451 discrevi.
864 5395 981 5464 Quo
1010 5396 1146 5461 libro
1172 5404 1417 5467 accepto,
1450 5403 1779 5454 memoratus
1816 5393 1897 5447 vir
1925 5391 2156 5446 illustris.
2176 5391 2318 5444 misit
2348 5390 2475 5444 mihi
2504 5390 2556 5443 in
2596 5388 2835 5443 chartula
2864 5387 3148 5443 nonnullas
3172 5387 3465 5441 sententias
3494 5384 3780 5450 deeerptas
3816 5395 3891 5434 ex

582 5504 747 5559 opere
774 5471 967 5550 Juliani
1004 5489 1237 5559 haeretici
1264 5486 1535 5559 Pelagiani
1568 5485 1653 5560 (in
1684 5501 1792 5557 quo
1817 5501 1979 5556 opere
2004 5484 2155 5539 libris
2178 5493 2405 5553 quatuor
2436 5480 2773 5550 respondisse
2812 5479 2914 5533 sibi
2942 5480 3084 5533 visus
3110 5487 3191 5532 est
3231 5477 3306 5531 illi
3335 5477 3423 5529 uni
3452 5489 3593 5538 meo,
3620 5487 3782 5543 quem
3816 5469 3897 5524 de

580 5580 789 5653 Nuptiis
836 5590 891 5637 et
932 5580 1375 5652 Concupiscentia
1421 5596 1507 5641 me
1536 5566 1818 5649 scripsisse
1862 5576 2239 5647 memoravi),
2271 5576 2463 5629 missas
2500 5574 2598 5628 sibi
2645 5588 2675 5627 a
2723 5573 2905 5626 nescio
2944 5585 3090 5642 quo,
3139 5571 3229 5641 qui
3278 5584 3409 5634 eas,
3460 5575 3518 5621 ut
3554 5566 3761 5626 voluit,
3815 5577 3897 5653 ex

581 5675 760 5761 primo
800 5672 998 5731 Juliani
1043 5673 1181 5738 libro
1209 5670 1577 5741 decet-pendas
1606 5670 1812 5725 curavit
1840 5688 1853 5724 :
1881 5667 2072 5738 quibus
2103 5677 2158 5720 ut
2201 5665 2520 5737 quantocius
2562 5662 2984 5733 responderem,
3020 5662 3159 5716 idem
3202 5659 3449 5714 Valerius
3493 5657 3759 5761 poposcit.
3799 5652 3899 5761 _Et

580 5750 776 5824 factum
806 5775 890 5825 est
914 5778 970 5824 ut
996 5767 1096 5825 sub
1119 5767 1309 5829 eodem
1344 5766 1497 5830 titulo
1523 5765 1685 5825 etiam
1716 5763 2009 5822 secundum
2041 5761 2238 5818 librum
2275 5760 2587 5819 scriberem,
2619 5764 2804 5811 contra
2829 5772 2988 5825 quem
3016 5754 3255 5818 Julianus
3279 5753 3414 5807 alios
3443 5762 3571 5806 octo
3602 5750 3763 5804 ttilttia
3797 5751 3895 5800 too

575 5873 848 5949 quaenam
871 5871 1208 5934 0005mm“.
1692 5927 1836 5981 Idem
1861 5928 1912 5979 in
1942 5925 2154 5996 epistola
2183 5939 2340 5985 ccvu,
2372 5921 2441 5975 ad
2471 5917 2763 5973 Claudium.

655 6025 908 6105 Quisquis
938 6042 1064 6105 ergo
1093 6035 1144 6084 et
1192 6026 1337 6084 illum
1368 6021 1659 6081 secundum
1692 6021 1884 6077 libt‘ttm
1913 6035 2086 6076 meum
2120 6017 2183 6073 ad
2211 6016 2459 6075 comitem
2503 6005 2796 6074 identidem
2827 6009 3125 6080 Valerium,
3159 6009 3293 6066 sicut
3338 6006 3599 6079 primum,
3633 6018 3898 6067 consen-
