4144 6550
416 476 517 534 ιω

1738 459 1942 522 LIBER
1974 458 2357 524 SECUNDUS.

3589 460 3697 517 J58

416 600 565 663 ptum
596 586 749 662 legit,
777 583 990 646 noverit
1013 600 1097 643 me
1123 581 1178 640 in
1213 578 1524 654 quibusdam
1548 590 1658 635 non
1681 575 2022 648 respondisse
2046 574 2294 644 Iuliano;
2320 572 2421 632 sed
2444 570 2497 629 ei
2524 569 2721 642 potius,
2745 569 2837 642 qui
2860 570 2933 663 de
2962 572 3116 628 libris
3146 571 3263 643 ejus
3287 572 3372 628 illa
3392 573 3607 646 sclegit,
3635 583 3701 628 ει

417 662 529 741 non
560 683 632 739 ita
666 681 841 755 posuit
868 688 924 735 ut
949 678 1172 744 invenit,
1203 672 1296 731 sed
1319 673 1647 744 aliquantum
1674 666 1880 740 putavit
1901 680 2025 724 esse
2068 664 2342 732 mutanda,
2370 665 2598 721 fortasse
2622 671 2680 718 ιιι
2714 677 2781 719 eo
2814 662 2974 720 modo
3014 664 3164 735 quasi
3190 680 3285 719 sua
3314 665 3527 731 taceret,
3569 680 3691 736 quae

417 777 589 832 alit-na
612 789 737 831 esse
757 781 1052 828 constaret.

412 905 3681 947 __________________———————-————————————-

1304 1011 1773 1124 LIBER
1821 1004 2651 1116 SECUNDUS
2688 1007 2813 1145 (α).

475 1209 752 1262 sententias
770 1204 961 1263 Juliani,
985 1216 1051 1253 ex
1074 1214 1226 1265 primo
1254 1199 1492 1269 librorum.
1505 1201 1724 1268 quatuor,
1749 1201 1873 1266 quos
1896 1185 1978 1260 ille
2000 1191 2167 1236 contra
2195 1184 2373 1238 librum
2406 1186 2471 1239 de
2503 1190 2685 1299 nuptiis
2717 1194 2770 1239 et
2798 1189 3188 1263 (pucepiscentia
3219 1192 3430 1255 priorem
3455 1191 3698 1251 ediderat,

475 1274 584 1300 mm
622 1270 828 1300 mnam-a-
859 1278 1001 1300 ninnn
1039 1264 1330 1300 ειμι-ρνιιιεις-
1362 1265 1414 1300 ιιι
1455 1260 1546 1300 sibi
1585 1256 1761 1300 comite
1795 1249 1982 1300 Valerio
2002 1254 2207 1298 curante
2238 1248 2425 1300 allatas.
2446 1249 2573 1300 refel
2593 1259 2632 1300 ιι
2662 1258 2957 1300 Augustinus
2979 1260 3251 1300 posteriore
3286 1255 3377 1300 hoc
3404 1252 3530 1300 libro
3557 1266 3571 1300 :
3617 1267 3698 1300 αι.

410 1248 1298 1325 ιαῶᾝῖιῖεῖοιῖίῗιῖἰέἧιῐᾟὲὲέἓῖιῖιειξ
1315 1295 1331 1320 ι
1362 1265 1414 1325 ει
1432 1248 1546 1325 ,ξδίυῖ
1585 1248 2573 1325 φοηιῗὶένὲιιέἓτὲρέιέῗὲἓέἕμωιδξιίθίιῧ

3089 1252 3251 1303 eriere
3286 1255 3377 1304 hoc
3404 1252 3530 1303 libro
3557 1266 3571 1303 :
3617 1267 3698 1303 αι·

2612 1259 2632 1302 ι
2662 1252 3088 1325 Augustinaes

416 1308 837 1393 ii'biibiiin'éié
857 1308 1542 1393 hisiigiasii'mas'vmcm
1561 1320 1624 1369 ab
1644 1312 1907 1367 adversarii
1925 1308 2180 1362 alumnus
2202 1318 2257 1362 et
2271 1313 2491 1376 argutiis,
2514 1320 2663 1377 atque
2682 1308 2760 1363 in'
2770 1314 2938 1376 primis
2974 1308 3022 1363 id
3056 1327 3087 1364 a
3124 1315 3487 1366 natdmeorum
3511 1314 3697 1366 nefaria

416 1335 642 1406 umlicum
662 1332 837 1393 dogma
857 1329 923 1378 de
944 1327 1165 1439 originali
1189 1327 1315 1372 malo

390 1396 590 1450 heresi
614 1390 781 1458 procul
804 1392 982 1441 abesse
1039 1390 1321 1438 euioustrat.

1726 1438 2356 1513 «wn-3W

486 1582 709 1641 CAPUT
748 1578 1033 1637 PRIMUM.
1056 1606 1129 1619 -—
1154 1577 1204 1634 l.
1238 1574 1378 1630 Inter
1403 1571 1603 1627 militiae
1628 1581 1730 1626 tua:
1758 1585 1918 1626 curas
1944 1577 1999 1625 et

416 1678 635 1735 Illustris
667 1689 909 1745 personae
935 1685 1094 1743 quam
1138 1683 1237 1739 pro
1266 1667 1471 1723 meritis
1494 1673 1673 1735 gestas
1691 1704 1706 1727 ,
1746 1672 2003 1734 actusque

416 1767 718 1838 reipublicae
744 1763 1078 1821 necessarios
1091 1777 1116 1825 ,‘
1135 1761 1207 1815 fili
1236 1758 1583 1813 dilectissime
1611 1763 1666 1811 et
1693 1754 2003 1810 honorande

418 1861 614 1925 Valeri,
649 1867 797 1914 tanto
821 1856 1000 1912 studio
1028 1865 1079 1909 te
1101 1852 1359 1908 adversus
1390 1848 1671 1904 inereticos
1709 1850 1762 1902 in
1791 1846 2003 1917 eloquia

416 1951 594 2008 divina
621 1951 846 2022 ﬂagrare
865 1990 880 2013 ,
907 1948 1038 2004 satis
1062 1946 1166 2001 dici
1191 1959 1299 1999 non
1327 1950 1538 2013 potest,
1579 1948 1777 2010 quanta
1806 1939 2004 1996 mentis

414 2048 743 2122 iucunditate
768 2044 1024 2101 delecter.
1055 2041 1236 2111 Itaque
1277 2046 1622 2107 posteaquam
1662 2034 1765 2105 legi
1801 2032 2006 2088 litteras

415 2139 764 2199 Sublimitatis
792 2145 896 2192 tua:
915 2177 932 2203 ,
959 2133 1156 2204 quibus
1179 2130 1249 2188 de
1275 2131 1412 2185 libro
1451 2141 1610 2198 quem
1644 2125 1712 2180 ad
1739 2133 1792 2180 te
1815 2123 2004 2193 scripsi

415 2234 614 2307 gratias
640 2231 792 2304 agis;
820 2228 914 2285 sed
939 2238 991 2284 et
1019 2225 1279 2282 admones
1298 2263 1312 2288 ,
1356 2232 1415 2276 ut
1440 2236 1534 2291 per
1561 2218 1779 2275 fratrem
1803 2225 1859 2273 et
1879 2230 2008 2271 coe-

419 2327 693 2398 piscopum
722 2337 896 2377 meum
927 2318 1177 2391 Alypium
1195 2311 1570 2381 audiam,quid
1595 2310 1664 2365 de
1691 2307 2008 2381 quibusdam

422 2416 554 2472 locis
590 2412 827 2486 ejusdem
866 2410 984 2466 libri
1027 2404 1265 2462 haeretici
1302 2400 1683 2473 disputationis
1699 2408 2006 2464 assumant;

423 2508 494 2563 ad
532 2507 636 2561 hoc
670 2502 1010 2574 scribendqu
1036 2498 1301 2555 excitatus
1326 2509 1466 2550 sum.
1514 2493 1580 2548 Et
1602 2492 1725 2563 quia
1754 2505 1861 2546 non
1890 2498 2009 2552 tau-

424 2613 533 2655 ιιιιιι
564 2600 734 2654 relatu
782 2592 1057 2651 memorati
1106 2590 1211 2645 mei
1260 2586 1440 2643 fratris
1485 2584 1538 2640 id
1582 2582 1777 2647 didici,
1824 2595 2010 2637 verum

422 2691 582 2747 etiam
616 2689 847 2759 prolatas
866 2685 935 2739 ab
959 2697 1027 2738 eo
1052 2679 1323 2738 chartulas
1348 2677 1472 2747 legi,
1499 2690 1631 2745 quas
1661 2682 1778 2743 post
1800 2671 1916 2740 ejus
1944 2669 2013 2726 de

425 2782 676 2839 Ravenna
701 2777 1087 2851 profectionem
1128 2774 1351 2828 Romam
1383 2770 1594 2823 mittere
1622 2766 1737 2835 ipse
1769 2762 1964 2820 curasti
1994 2778 2009 2817 :

426 2876 514 2931 ubi
543 2873 971 2930 adversariorum
1005 2867 1150 2939 potui
1190 2862 1489 2932 vaniloquia
1531 2858 1806 2931 reperire,
1837 2855 1905 2912 ad
1949 2870 2013 2911 ea

428 2968 771 3037 respondere,
801 2963 1084 3033 adjuvante
1113 2958 1367 3021 Domino,
1394 2964 1591 3025 quanta
1632 2964 1845 3021 possum
1874 2947 2013 3005 veri-

428 3069 535 3114 tate
587 3069 639 3112 et
684 3055 1076 3125 Scripturarum
1132 3047 1433 3104 divinarum
1484 3043 1835 3109 auctoritate,
1886 3055 2014 3123 pro-

428 3151 603 3222 pasui.

498 3240 721 3297 CAPUT
754 3238 814 3294 ll.
844 3267 917 3280 —
939 3238 993 3292 2.
1025 3233 1276 3292 Chartula
1300 3231 1385 3287 cui
1407 3245 1548 3287 nunc
1572 3226 1887 3299 respondeo,
1917 3224 2019 3281 hoc

430 3336 585 3390 titulo
607 3342 928 3402 praenotatur
951 3347 965 3383 :
1000 3349 1021 3384 ι
1046 3327 1290 3398 Capitula
1317 3326 1383 3382 de
1403 3324 1538 3379 libro
1560 3320 1838 3394 Augustini
1860 3333 2016 3391 quem

432 3429 677 3498 scripsit,
708 3436 892 3481 contra
932 3440 1053 3496 quze
1080 3422 1149 3477 de
1186 3419 1338 3475 libris
1372 3433 1535 3488 pauca
1575 3413 1839 3485 decerpsi.
1871 3406 1899 3464 ι’
1923 3410 2020 3465 llic

434 3522 605 3580 video.
624 3534 745 3575 eum
772 3518 858 3588 qui
884 3525 987 3571 tua:
1008 3511 1338 3570 Prmslantite
1363 3509 1461 3563 ista
1488 3507 1685 3576 scripta
1711 3501 1924 3565 direxit,
1951 3500 2021 3556 de

437 3607 834 3680 nescio‘quibus
857 3622 918 3659 ea
949 3605 1119 3669 libris,
1150 3615 1332 3666 causa,
1357 3607 1611 3671 quantum
1639 3594 1905 3658 existimo,
1932 3607 2022 3647 ce-

438 3702 644 3757 leriuris
671 3696 1069 3769 reSponsionis,
1115 3709 1181 3748 ne
1212 3701 1355 3745 tuam
1398 3687 1636 3743 dilferret
1677 3683 2017 3746 instantiam,

435 3793 667 3847 voluisse
695 3790 1005 3858 decerpere.
1032 3785 1133 3854 Qui
1160 3792 1335 3838 autem
1367 3780 1475 3835 sint
1517 3777 1602 3845 isti
1631 3776 1751 3831 libri
1777 3788 1899 3830 cum
1925 3786 2021 3827 co-

437 3886 679 3950 gitareiu,
709 3895 804 3937 eos
820 3894 946 3934 esse
970 3878 1259 3932 arbitratus
1278 3888 1417 3939 sum,
1443 3884 1670 3942 quorum
1694 3867 2021 3923 mentionem

437 3977 681 4029 Julianus
708 3973 829 4026 facit
859 3972 911 4025 iu
941 3968 1164 4039 epistola
1189 3979 1345 4037 quam
1377 3963 1603 4019 Ruinam
1628 3960 1771 4016 misit
1795 3956 1893 4031 (b),
1924 3971 2025 4011 cu-

436 4068 524 4137 jus
569 4063 870 4134 exemplum
913 4059 1074 4114 simul
1120 4058 1188 4113 ad
1232 4071 1319 4111 me
1359 4069 1526 4125 usque
1576 4049 1819 4123 pervenit
1860 4048 1899 4101 ⁸.
1947 4046 2025 4103 lbi

440 4161 636 4230 quippe
664 4157 773 4211 ait:
809 4174 827 4207 ι
859 4155 1050 4209 Dicunt
1080 4151 1240 4207 etiam
1272 4149 1422 4212 istas,
1449 4161 1566 4216 qua:
1588 4143 1747 4199 modo
1772 4149 2022 4213 aguntur,

443 4249 655 4316 nuptias
681 4262 711 4299 a
741 4246 847 4299 Deo
871 4244 1139 4299 institutas
1166 4254 1273 4295 non
1300 4239 1484 4303 fuisse,
1511 4234 1652 4306 quod
1679 4235 1732 4288 in
1758 4232 1893 4287 libro
1918 4230 2028 4286 Au-

442 4339 639 4409 gustini
672 4337 885 4407 legitur,
908 4344 1091 4391 contra
1121 4345 1280 4402 quem
1311 4343 1411 4399 ego
1438 4327 1597 4382 modo
1621 4335 1848 4396 quatuor
1872 4323 2026 4376 libel-

444 4432 508 4487 lis
532 4429 835 4501 respoudi.»
855 4427 1051 4492 Credo,
1072 4439 1139 4480 ex
1161 4422 1245 4479 his
1268 4421 1457 4477 libellis
1481 4420 1579 4474 ism
1600 4418 1847 4488 decerpta
1867 4423 2023 4469 sunt:

446 4524 588 4579 unde
616 4522 806 4577 melius
849 4519 1080 4574 fortasse
1109 4516 1309 4579 fuerat,
1355 4523 1413 4568 ιιι
1454 4513 1704 4568 universo
1741 4509 1841 4580 ipsi
1880 4507 2026 4578 operi

445 4618 593 4688 ejus,
636 4614 776 4686 quod
806 4624 1033 4683 quatuor
1071 4607 1430 4666 voluminibus
1470 4603 1792 4674 explicavit,
1840 4601 2026 4656 redar-

414 4720 423 4725 '
446 4708 729 4780 guendoet
750 4703 1039 4761 refellendo
1062 4709 1239 4756 nostra
1261 4699 1526 4753 laboraret
1548 4695 1769 4750 intentio
1790 4689 1863 4764 (c)
1883 4708 1898 4756 ;
1916 4689 2027 4745 nisi

447 4811 502 4855 et
526 4813 625 4872 ego
654 4797 1058 4866 responsionem
1084 4791 1300 4846 dilferrc
1329 4787 1650 4851 noluissem;
1683 4785 1822 4839 sicut
1847 4797 1946 4837 nec
1974 4792 2028 4836 tu

452 4888 907 4945 traiismissioncm
958 4884 1315 4953 scriptorum,
1360 4876 1553 4950 quibus
1599 4872 2027 4946 respondendum

448 4990 553 5047 est,
579 4978 854 5035 distulisti.

522 5074 578 5127 5.
606 5071 775 5126 Verba
808 5082 936 5137 ergo
962 5067 1028 5121 de
1055 5064 1195 5120 libro
1216 5077 1337 5116 meo
1363 5060 1507 5115 tibia
1530 5073 1614 5113 me
1641 5056 1805 5111 misso
1830 5055 2031 5124 tibique

451 5161 730 5219 notissimo
780 5160 878 5213 ista
935 5157 1147 5227 posuit,
1205 5168 1324 5219 quae
1376 5152 1605 5206 refutare
1655 5154 1879 5202 conatus
1926 5154 2028 5200 ομι.

458 5273 479 5305 σ
510 5254 856 5308 Damnatores
885 5264 981 5303 nos
1019 5261 1139 5300 esse
1184 5244 1484 5312 nuptiarum
1524 5239 1808 5310 operisque
1835 5237 2030 5303 divini,

519 5388 535 5419 '
554 5393 564 5431 I
583 5382 943 5447 legantissimus
958 5376 1323 5447 trygirannensis
1337 5373 1570 5447 codexhet
1586 5369 1669 5444 alii.
1686 5371 1893 5447 quidam
1905 5377 2029 5447 Mss,

456 5431 596 5509 cujus
610 5431 887 5506 ementitum
911 5442 974 5509 uti
992 5431 1093 5509 Tne
1128 5451 1273 5509 usque
1308 5434 1554 5506 pervenit;
1574 5431 1753 5509 onusSa
1776 5431 2005 5509 particula
2020 5465 2035 5489 ,

454 5492 767 5567 ξίἧιιάξιιιᾷἔ
804 5518 898 5554 nec
934 5508 980 5553 iu
1006 5504 1123 5562 ipsis
1163 5492 1267 5567 erat
1301 5492 1636 5567 maiiuscriptis
1678 5492 2039 5567 exemplaribus

454 5556 622 5634 aperis
647 5556 906 5634 inperfecti
932 5556 1103 5634 Ottliil'a.
1120 5559 1374 5634 .llllilztil‘ltlll,
1402 5558 1523 5607 libro
1546 5556 1584 5617 l,
1609 5571 1715 5620 cup.
1744 5556 1818 5605 17.

541 5635 593 5692 u)
625 5622 833 5692 scriptus
854 5640 980 5674 anno
1001 5624 1171 5692 Christi
1196 5622 1301 5670 ΗΟ.

541 5635 593 5692 u)
625 5633 833 5689 scriptus
854 5640 980 5674 anno
1001 5633 1171 5673 tzln'is‘tt
1196 5633 1301 5670 4:50.

520 5633 590 5754 ib)
616 5692 728 5741 \ide
752 5688 928 5754 lituum
969 5690 1174 5750 primum
1202 5683 1374 5747 Operis
1410 5679 1680 5743 imperfecti
1700 5684 1866 5728 contra
1895 5679 2041 5726 Julia-

457 5752 593 5805 num.
621 5767 727 5805 cat).
767 5752 838 5800 l8.
1677 5802 1687 5805 _
1726 5768 1735 5776 -

621 5767 1108 5878 itiiiirgiititpostca
1139 5821 1227 5859 sex
1254 5806 1391 5878 libris
1419 5811 1582 5878 contra
1610 5802 1851 5878 _Juliantini
1877 5801 2037 5878 editis2

460 5865 838 5941 win'iiitegmtn
874 5865 1003 5923 illius
1023 5883 1145 5941 opus
1172 5872 1457 5941 aceeyisset,
1493 5868 1620 5941 quod
1645 5868 1842 5928 quidem
1865 5865 2038 5935 ituliani

462 5955 583 6003 opus
611 5931 863 6003 quaesitum
883 5943 938 6003 ut
970 5931 1282 6003 refutaretur,
1317 5932 1373 5978 ad
1398 5931 1652 6003 sentartlius
1677 5931 1958 5987 pervenisse
1996 5931 2039 5972 in

465 5992 581 6053 libr:
619 5992 769 6067 primo
791 6000 960 6064 "peris
984 5994 1269 6059 imperfecti,
1290 6008 1391 6055 νέῳ.
1429 5992 1496 6050 l9,
1524 5999 1742 6039 testatur.

2112 1580 2218 1636 quo
2245 1580 2308 1617 ex
2339 1562 2572 1617 maribus
2600 1571 2653 1618 et
2680 1559 2892 1617 feminis
2919 1562 3058 1618 Deus
3084 1561 3327 1618 homines
3351 1571 3526 1621 creat.
3560 1562 3699 1617 invi-

2108 1655 2409 1711 diosissime
2447 1652 2757 1708 clamitant:
2788 1653 3038 1724 quoniam
3067 1652 3330 1719 dicimus,
3376 1669 3470 1709 eos
3509 1653 3599 1723 qui
3629 1652 3699 1706 de

2113 1748 2199 1802 tali
2224 1744 2602 1801 commixtione
2629 1753 2940 1812 nascuntur,
2982 1744 3193 1799 trahere
3217 1744 3473 1815 originale
3502 1758 3700 1813 pecca-

2113 1848 2260 1901 tum;
2286 1850 2506 1906 eosque,
2534 1834 2601 1890 de
2633 1835 2943 1904 parentibus
2967 1836 3440 1906 qualibuscumque
3471 1848 3702 1889 uascan~

2114 1937 2219 1992 tur,
2254 1940 2361 1980 non
2407 1939 2660 1994 negamus
2693 1923 2867 1980 adhuc
2895 1940 3017 1980 esse
3052 1926 3153 1980 sub
3191 1926 3435 1989 diabolo,
3480 1923 3581 1979 nisi
3609 1939 3700 1980 re-

2114 2025 2398 2073 nascantur
2426 2015 2478 2070 in
2504 2013 2717 2071 Christo
2750 2034 2770 2069 ι
2802 2012 2905 2086 (De
2932 2012 3141 2087 Nuptiis
3163 2026 3210 2069 et
3235 2013 3487 2085 Coucup.,
3514 2012 3604 2068 lib.
3640 2016 3698 2081 l,

2114 2126 2168 2164 ιι.
2193 2108 2269 2182 1).
2321 2106 2377 2161 lit
2418 2107 2500 2161 his
2534 2106 2712 2162 verbis
2736 2105 2870 2161 meis
2906 2105 3268 2161 testimonium
3294 2103 3532 2175 Apostoli
3555 2104 3703 2175 quod

2116 2197 2409 2268 interposui
2438 2196 2799 2269 praetermisit,
2830 2194 2984 2266 cujus
3009 2210 3069 2251 se
3096 2195 3262 2266 premi
3292 2195 3308 2228 ⁸
3337 2209 3527 2267 magna
3559 2193 3704 2251 mole

2114 2289 2398 2346 sentiebat.
2431 2287 2543 2358 Ego
2581 2287 2725 2343 enim
2764 2302 2886 2342 cum
2928 2285 3216 2350 dixissem,
3257 2285 3504 2340 homines
3548 2292 3704 2340 natos

2117 2380 2329 2436 trahere
2354 2378 2614 2450 originale
2640 2385 2956 2449 peccatum;
2987 2390 3110 2431 mox
3138 2375 3354 2446 adjunxi
3385 2393 3400 2430 :
3435 2392 3455 2428 ι
3494 2374 3571 2432 De
3595 2389 3704 2446 quo

2117 2472 2406 2544 Apostolus
2430 2471 2569 2539 ait’,
2600 2467 2706 2524 Per
2730 2485 2889 2524 unum
2910 2469 3166 2524 hominem
3205 2478 3469 2542 percolunt
3496 2468 3705 2523 intravit

2115 2565 2172 2620 in
2195 2565 2467 2632 mundum,
2501 2571 2549 2618 et
2573 2579 2663 2634 per
2680 2571 2937 2637 peccatum
2967 2578 3132 2628 mars;
3157 2572 3202 2618 et
3231 2563 3302 2617 ita
3332 2561 3386 2617 iu
3410 2578 3580 2616 omnes
3607 2560 3705 2623 Ima-

2119 2656 2278 2712 ntines
2301 2655 2631 2722 pertransiit,
2661 2654 2715 2711 in
2734 2670 2833 2727 quo
2857 2671 3027 2710 omnes
3053 2663 3381 2726 peccaverunt
3408 2672 3427 2706 ι
3454 2650 3705 2721 (Roma,

2126 2747 2215 2821 l2)
2245 2765 2261 2802 :
2291 2762 2398 2819 quo
2445 2747 2783 2816 testimonio,
2828 2755 2886 2802 ut
2911 2746 3179 2815 diximus,
3212 2745 3571 2817 prmtermisso
3593 2758 3708 2800 cae-

2122 2850 2235 2894 tera
2266 2837 2354 2894 ille
2389 2838 2697 2905 contexuit,
2740 2853 2860 2909 qua:
2902 2852 3062 2908 supra
3104 2844 3520 2891 commemorata
3556 2844 3707 2890 sunt.

2120 2929 2277 2988 Novit
2298 2929 2445 2987 enim
2465 2928 2918 3002 quemadmodum
2946 2928 3155 2986 soleant
3179 2927 3292 2984 hate
3316 2926 3480 2983 verba
3496 2935 3710 2997 aposto-

2120 3023 2254 3088 lica,
2294 3039 2415 3093 qua:
2442 3023 2813 3094 praetermisit,
2845 3022 3090 3092 accipere
3126 3020 3507 3079 catholicorum
3544 3017 3709 3075 corda

2122 3112 2360 3170 fidelium
2384 3131 2401 3170 :
2428 3129 2551 3186 quae
2574 3112 2732 3169 verba
2764 3120 2871 3168 tam
2898 3122 3041 3168 recta
3068 3123 3120 3167 et
3147 3121 3291 3167 tanta
3316 3111 3437 3166 luce
3458 3109 3709 3181 fulgentia

2125 3207 2425 3264 tenebrosis
2462 3216 2519 3263 et
2545 3206 2799 3262 tortuosis
2824 3203 3347 3276 interpretationibus
3375 3202 3496 3258 novi
3528 3202 3709 3258 lucre-

2125 3296 2216 3353 tici
2240 3297 2528 3352 obscurare
2552 3302 2605 3351 et
2630 3295 2921 3367 depravare
2945 3293 3254 3349 moliuntur.

2193 3388 2250 3443 ι.
2301 3385 2500 3441 Deinde
2554 3384 2656 3440 alia
2703 3400 2821 3441 mea
2870 3384 3031 3439 verba
3076 3382 3372 3449 subtexuit,
3424 3381 3511 3438 ubi
3560 3380 3707 3437 dixi:

2132 3494 2153 3529 ι
2180 3475 2289 3532 Nec
2313 3476 2597 3531 advertunt
2617 3475 2757 3547 quod
2781 3475 2851 3529 ita
2874 3476 3174 3545 nuptiarum
3201 3473 3398 3528 bonum
3428 3472 3570 3527 malo
3597 3473 3710 3527 ori-

2125 3568 2308 3639 ginali,
2338 3566 2480 3638 quod
2520 3565 2644 3622 inde
2674 3566 2919 3631 trahitur,
2949 3581 3052 3619 non
3082 3574 3254 3636 potest
3275 3562 3542 3628 accusari;
3574 3562 3714 3618 sicut

2127 3657 2505 3713 adulteriorum
2545 3666 2600 3713 et
2626 3656 3034 3711 fornicationem
3061 3656 3256 3710 malum
3284 3655 3425 3710 bono
3452 3655 3673 3709 naturali
3694 3696 3710 3718 ,

2129 3747 2269 3818 quod
2300 3746 2422 3802 inde
2453 3748 2709 3813 nascitur,
2754 3761 2857 3800 non
2904 3755 3075 3817 potest
3116 3745 3380 3801 excusari.
3406 3744 3538 3800 Nam
3576 3745 3715 3799 sicut

2131 3849 2426 3909 peccatum,
2459 3839 2572 3895 sive
2602 3839 2722 3894 hinc
2749 3839 2861 3895 sive
2890 3838 3012 3893 inde
3045 3839 3303 3905 trahatur,
3337 3852 3471 3909 opus
3501 3847 3581 3892 est
3602 3836 3717 3893 dia-

2132 3934 2267 3997 boli;
2299 3932 2378 3989 sic
2408 3933 2601 3998 homo,
2648 3934 2760 3988 sive
2801 3934 2924 3988 hinc
2963 3932 3074 3988 sive
3123 3932 3246 3986 inde
3286 3942 3550 3997 nascatur,
3582 3947 3717 4000 opus

2133 4036 2218 4081 est
2252 4025 2348 4082 Dei
2377 4044 2397 4078 ι
2431 4025 2533 4099 (De
2562 4024 2770 4097 Nuptiis
2793 4036 2839 4081 et
2868 4024 3117 4097 Concup.,
3149 4024 3235 4078 lib.
3270 4025 3319 4091 l,
3347 4042 3400 4078 ιι.
3437 4024 3505 4094 l).
3543 4023 3715 4089 Etiam

2075 4146 2079 4150 ~
2134 4117 2221 4173 hic
2245 4133 2306 4173 ea
2338 4117 2698 4189 praetermisit,
2727 4118 2777 4173 in
2805 4118 2996 4189 quibus
3020 4131 3175 4171 aures
3199 4116 3487 4172 catholicas
3518 4115 3715 4170 timuit.
3780 4112 3783 4115 ’

2133 4209 2273 4265 Nam
2294 4221 2349 4264 ut
2378 4209 2443 4265 ad
2473 4210 2586 4265 haec
2608 4210 2768 4265 verba
2811 4211 3106 4275 veniretur,
3138 4223 3296 4279 Supra
3326 4208 3521 4263 dictum
3548 4216 3663 4263 erat
3687 4224 3717 4260 ιι

2135 4303 2327 4358 nobis:
2367 4321 2385 4354 ι
2419 4303 2529 4358 lloc
2559 4318 2684 4374 ergo
2711 4303 2832 4373 quia
2876 4301 3101 4356 dicimus
3123 4342 3138 4367 ,
3171 4299 3311 4372 quod
3351 4298 3719 4369 antiquissima

2135 4403 2292 4465 atque
2335 4395 2632 4450 firmissima
2675 4395 2952 4450 eatholieze
2995 4394 3115 4450 fidei
3163 4392 3340 4465 regula
3384 4394 3714 4452 continetur.

2136 4484 2220 4541 ili
2255 4487 2450 4540 novelli
2480 4497 2528 4540 et
2561 4486 2792 4555 pxrversi
2822 4485 3087 4555 dogmatis
3116 4494 3441 4547 assertores,
3472 4484 3558 4551 qui
3589 4483 3722 4537 nihil

2138 4579 2335 4648 pereati
2366 4595 2483 4632 esse
2512 4580 2561 4632 in
2594 4578 2827 4648 parvulis
2855 4577 3054 4642 dicunt,
3087 4575 3228 4645 qUud
3254 4575 3462 4629 lavacro
3498 4589 3718 4644 regi-nco

2139 4669 2360 4723 rationis
2403 4668 2668 4733 abluatur,
2724 4678 2972 4739 tanquam
3017 4667 3330 4719 damnemus
3377 4664 3619 4733 nuptias,
3666 4674 3725 4717 et

2139 4768 2383 4828 tanquam
2416 4775 2549 4829 opus
2590 4760 2703 4823 Dei,
2729 4757 2831 4814 hoc
2856 4767 2968 4823 est,
3001 4758 3267 4813 hominem
3294 4756 3383 4826 qui
3409 4772 3474 4810 ex
3500 4755 3600 4809 illis
3629 4772 3724 4814 na-

2139 4867 2180 4907 8(
2200 4852 2322 4916 itur,
2342 4866 2474 4921 opus
2490 4850 2686 4905 diaboli
2713 4865 2831 4905 esse
2854 4849 3115 4910 dicamus,
3135 4846 3421 4901 infideliter
3442 4846 3521 4902 vel
3546 4845 3687 4915 impc
3701 4875 3721 4886 -

2140 4942 2240 4996 rite
2277 4942 2687 4995 ealmnuiantur.
2719 4959 2738 4992 ι
2775 4939 2867 4994 llis
2904 4953 3032 5008 ergo
3075 4938 3273 4992 nostris
3316 4936 3720 5008 praetermissis,
3788 5001 3804 5016 Ι

2140 5043 2433 5103 sequuntur
2455 5032 2541 5087 illa
2566 5042 2744 5088 nostra
2768 5046 2885 5102 qua:
2906 5029 3102 5101 posuit,
3128 5032 3264 5084 sicut
3286 5044 3448 5099 supra
3468 5028 3723 5100 scriptum

2141 5134 2241 5179 est.
2277 5125 2335 5179 ltt
2360 5124 2442 5178 his
2474 5125 2651 5194 itaque
2680 5139 2798 5194 qua:
2828 5121 3198 5195 pra‘termisit,
3238 5120 3341 5177 hoc
3370 5122 3539 5176 timuit
3561 5163 3573 5184 ,
3604 5122 3723 5190 quia

2141 5226 2329 5270 cum-ta
2361 5215 2617 5271 Ecclesia:
2661 5214 2937 5270 catholicre
2982 5221 3196 5283 pectora
3224 5206 3501 5277 t'bnvcnit,
3538 5212 3724 5267 iidem-

2143 5322 2247 5377 que
2277 5307 2444 5378 ipsam
2473 5306 2766 5377 antiqnitus
2794 5306 3038 5360 traditam
3064 5315 3224 5376 atque
3254 5304 3557 5369 fundatam,
3584 5307 3726 5362 clara

2144 5398 2368 5468 quodam
2400 5397 2558 5452 modo
2582 5412 2713 5453 voce
2741 5398 3047 5467 compellat,
3077 5406 3131 5451 et
3157 5395 3415 5452 adversus
3440 5413 3533 5451 eos
3560 5397 3727 5452 vehe-

2150 5488 2481 5549 mentissime
2510 5499 2781 5558 permovet
2811 5488 2950 5558 quod
2978 5488 3227 5552 diximus,
3263 5504 3282 5539 ι
3310 5489 3430 5558 quia
3455 5486 3583 5541 nihil
3609 5502 3729 5557 pec-

2145 5579 2247 5634 eati
2275 5594 2394 5635 esse
2425 5581 2476 5634 in
2512 5580 2742 5650 parvulis
2775 5580 2994 5644 dicunt,
3027 5579 3167 5651 quod
3198 5580 3408 5636 lavacro
3445 5593 3724 5645 regenerao

2212 5732 2227 5764 ί
2256 5738 2302 5781 In
2330 5736 2540 5799 esensis,
2563 5732 2704 5799 oppri
2721 5732 2786 5784 ni.

2211 5803 2232 5832 ι
2268 5803 2330 5844 tta
2356 5784 2646 5857 legendutii',
2670 5784 2783 5845 mea:
2809 5789 3047 5858 αιϋιιηςζίν
3078 5799 3262 5858 οεφω
3276 5784 3526 5858 ipa???“
3544 5786 3633 5858 “at
3652 5796 3722 5858 εξ

2215 5822 2232 5832 ·
2268 5822 2330 5844 ιω
2356 5822 2646 5857 Ingenuum,
2670 5822 2782 5845 "ww
2809 5822 3047 5857 υιυιυιιιι,
3078 5822 3145 5842 νυ
3167 5822 3258 5854 ψιυ
3286 5822 3525 5851 -νιννικνν--ν
3544 5822 3612 5836 ιιι.
3653 5822 3719 5835 νει

2154 5858 2372 5917 iluribus
2394 5860 2747 5920 manuscriptis,
2778 5865 2832 5920 et
2853 5869 2917 5920 ex
2948 5854 3069 5920 libro
3092 5854 3244 5920 primo
3256 5822 3726 5920 pticris‘lu‘tper‘igeti

2150 5904 2748 5981 tanta)ti’.aiu1{.',’2;;.:
2782 5904 3012 5978 i'tflmox
3042 5904 3126 5961 tio'c
3148 5907 3288 5962 inuiti
3330 5905 3454 5967 quod
3480 5904 3729 5967 ,ριῂιωιοιω
