4170 6532
495 394 599 450 839

493 505 652 562 tionis
675 505 936 561 abluatur.
965 522 984 558 ι
1018 504 1217 560 Omnes
1241 503 1386 559 enim
1410 502 1477 557 ad
1504 499 1785 556 ecclesiam
1808 512 1919 551 non
1946 480 2089 565 prd:

495 609 612 669 pter
671 598 811 654 aliud
858 612 978 653 cum
1033 595 1266 669 parvulis
1329 601 1582 658 currunt,
1638 592 1739 646 nisi
1789 598 1847 645 ut
1897 589 1948 642 in

492 690 751 762 originale
801 697 1078 760 peccatum
1145 688 1492 758 generatione
1548 683 1730 754 prima:
1784 679 2079 734 nativitatis

493 791 809 848 attractum,
863 778 1263 850 regeneratione
1330 774 1577 833 secunda:
1641 771 1928 828 nativitatis
1979 783 2075 824 ex-

497 872 690 944 pietur.

564 962 618 1020 5.
673 959 874 1018 Dcitnlo
911 959 979 1017 ad
1021 969 1200 1016 nostra
1236 959 1509 1031 superiora
1552 955 1711 1012 verba
1753 951 2071 1017 revertitur,

491 1072 610 1128 qua:
632 1057 812 1111 nescio
834 1071 928 1110 cur
953 1062 1196 1123 repetat:
1229 1072 1247 1107 ι
1278 1055 1383 1117 Eos
1407 1064 1583 1108 autem
1607 1053 1694 1122 qui
1722 1050 1790 1106 de
1813 1050 1899 1104 tali
1921 1063 2072 1103 com-

493 1148 747 1204 mixtione
777 1155 1085 1211 nascuntur,
1114 1146 1340 1200 dicimus
1367 1145 1579 1200 trahere
1603 1142 1858 1215 originale
1881 1155 2070 1212 pecca-

494 1249 637 1305 tum;
664 1255 884 1311 eosque,
915 1238 981 1295 de
1013 1238 1319 1308 parentibus
1346 1239 1816 1308 qualibuscumque
1845 1249 2074 1289 nascan-

495 1342 601 1398 tur,
642 1347 747 1384 non
776 1346 1030 1395 negamus
1069 1329 1242 1384 adhuc
1283 1344 1403 1384 esse
1444 1328 1544 1382 sub
1585 1326 1826 1389 diabolo,
1854 1324 1953 1379 nisi
1985 1338 2073 1378 re-

495 1430 782 1475 nascantur
825 1421 877 1475 in
916 1420 1147 1475 Christo.
1178 1437 1199 1471 ι
1239 1418 1363 1473 lla'c
1398 1418 1558 1471 verba
1599 1425 1778 1470 nostra
1821 1424 1878 1471 et
1919 1413 2075 1484 paulo

494 1521 617 1565 ante
639 1512 748 1580 jam
780 1511 1003 1566 dixerat.
1033 1510 1233 1566 Deinde
1276 1509 1546 1579 subjungit
1584 1506 1725 1577 quod
1754 1505 1824 1561 de
1861 1504 2076 1560 Christo

492 1601 743 1666 diximus,
774 1620 792 1654 ι
816 1602 915 1670 Qui
937 1602 1004 1656 de
1024 1602 1207 1656 eadem
1227 1614 1384 1655 sexus
1406 1600 1676 1668 utriusque
1697 1594 2076 1652 commixtione

496 1695 640 1748 nasci
686 1694 873 1748 uoluit.
905 1712 923 1745 ι
954 1692 1059 1750 Sed
1099 1692 1257 1748 etiam
1299 1691 1384 1745 hic
1416 1689 1755 1760 praitermisit
1796 1686 1935 1757 quod
1976 1700 2076 1756 ego

495 1785 676 1853 posui,
710 1804 728 1837 ι
755 1783 825 1840 Ut
853 1800 947 1855 per
975 1784 1091 1854 ejus
1127 1783 1350 1853 gratiam
1376 1782 1443 1836 de
1475 1787 1736 1851 potestate
1760 1778 1897 1833 eruti
1925 1785 2075 1832 tene-
2118 1800 2123 1806 -

494 1875 731 1942 brorum,
762 1877 813 1930 in
847 1891 1067 1947 regnum
1095 1874 1255 1941 illius,
1284 1875 1370 1944 qui
1398 1890 1461 1929 ex
1488 1871 1674 1929 eadem
1701 1885 1862 1927 sexus
1883 1869 2078 1924 utrius-

489 1983 596 2038 que
620 1967 999 2022 commixtione
1025 1967 1170 2021 nasci
1204 1966 1389 2031 noluit,
1421 1963 1826 2020 transferantur.
1858 1980 1877 2013 ι
1911 1960 2072 2025 Vide,

491 2060 715 2114 obsecro
742 2070 792 2114 te
811 2101 826 2123 ,
861 2075 983 2131 qua:
1012 2060 1029 2091 ¹
1058 2070 1239 2115 neStra
1262 2058 1424 2113 verba
1455 2056 1659 2122 vitavit,
1693 2066 1943 2126 tanquam
1972 2052 2075 2107 ini-

446 2186 451 2190 —
495 2154 666 2209 micus
691 2153 909 2208 omnino
937 2151 1120 2224 gratia:
1147 2152 1261 2219 Dei,
1288 2166 1407 2222 quae
1438 2150 1582 2205 venit
1605 2164 1700 2220 per
1721 2147 1900 2203 Jesum
1919 2144 2077 2201 Citri-

489 2255 627 2301 stum
663 2246 940 2300 Doniinum
983 2254 1244 2299 nostrum.
1287 2243 1400 2299 Scit
1426 2242 1569 2298 enim
1611 2241 1678 2295 ab
1707 2240 1791 2295 illa
1832 2237 2075 2308 Apostoli

490 2346 754 2393 sententia
775 2378 789 2403 ,
836 2353 940 2407 qua
969 2335 1101 2390 dixit
1126 2335 1194 2389 de
1238 2334 1349 2389 Deo
1380 2333 1533 2387 Patre
1553 2373 1569 2393 ,
1614 2329 1711 2397 Qui
1740 2329 1869 2383 eruit
1893 2344 1983 2382 nos
2012 2326 2076 2382 de

491 2420 734 2497 potestate
761 2426 1095 2487 tenebrarum,
1126 2435 1171 2479 et
1197 2423 1453 2479 transtulit
1484 2423 1535 2477 in
1562 2438 1770 2493 regnum
1798 2419 1923 2473 Filii
1948 2419 2074 2473 cha-

491 2519 656 2573 ritatis
682 2534 788 2573 suae
816 2516 1030 2593 (Coluss.
1057 2535 1093 2582 t,
1122 2515 1234 2587 15),
1268 2514 1657 2584 improbissime
1682 2522 1735 2567 et
1764 2511 2075 2581 impiissime

494 2611 740 2679 parvulos
768 2611 1001 2680 separari
1029 2627 1042 2664 :
1073 2610 1191 2665 ideo
1227 2608 1407 2679 procul
1437 2607 1597 2663 dubio
1622 2606 1781 2662 verba
1809 2607 1905 2661 ista
1935 2620 2075 2675 prte-

495 2704 787 2760 termittcre
816 2719 973 2772 quam
1006 2718 1202 2771 ponere
1235 2701 1437 2778 maluit.

565 2796 618 2849 6.
667 2794 791 2848 Post
819 2796 931 2849 inre
962 2793 1088 2847 illud
1138 2803 1374 2846 nostrum
1406 2791 1614 2859 posuit,
1668 2789 1756 2844 ubi
1802 2788 2071 2845 diximus:

496 2907 516 2938 ι
550 2888 670 2942 llaec
696 2888 836 2941 enim
877 2904 994 2961 qua:
1026 2887 1092 2941 ab
1120 2885 1513 2956 impudentibus
1540 2884 1875 2954 impudenter
1894 2882 2078 2939 Ιςιιιιίειι

492 2991 576 3036 tur
604 2980 847 3050 pudenda
877 2980 1335 3050 concupiscentia,
1383 2979 1525 3034 nulla
1556 2986 1728 3045 esset,
1772 2978 1870 3032 nisi
1913 2977 2076 3032 homo

495 3084 617 3128 ante
661 3082 966 3143 peccasset:
1010 3073 1208 3142 neptim
1244 3088 1371 3127 vero
1408 3080 1619 3136 essent,
1665 3071 1872 3126 etiamsi
1919 3085 2077 3126 nemo

497 3174 802 3235 pecca~set;
850 3165 998 3219 fieret
1040 3165 1235 3235 quippe
1269 3163 1384 3241 sine
1428 3164 1530 3218 isto
1573 3165 1759 3219 morbo
1797 3164 2077 3218 scininatio

494 3255 737 3310 ﬁliorum.
775 3275 792 3307 ι
831 3255 940 3310 lluc
969 3270 1134 3325 usque
1165 3256 1250 3309 ille
1285 3255 1441 3309 verba
1480 3270 1597 3309 mea
1642 3255 1833 3324 posuit.
1881 3255 2080 3309 Timuit

493 3349 635 3403 enim
662 3349 799 3417 quod
830 3348 1068 3417 adjnnxi,
1107 3365 1126 3398 ι
1157 3347 1211 3401 in
1240 3364 1463 3418 corpore
1489 3348 1608 3401 vit;c
1637 3348 1798 3413 illius,
1827 3348 1942 3403 sine
1970 3364 2078 3418 quo

496 3453 636 3493 nunc
669 3438 779 3492 fieri
809 3454 911 3490 non
950 3446 1124 3508 pole~t
1164 3438 1212 3491 in
1243 3453 1465 3507 Corpore
1509 3438 1695 3491 tnot'lis
1739 3436 1912 3508 hujus.
1945 3457 1963 3490 s
2011 3438 2079 3493 Et

497 3532 580 3587 bic
609 3541 667 3586 ut
697 3514 865 3585 meam
890 3533 1206 3585 sententiam
1230 3546 1332 3585 non
1362 3530 1557 3597 finiret,
1581 3530 1673 3586 sed
1698 3546 1815 3587 eam
1846 3530 2077 3601 quodam

498 3622 657 3676 modo
687 3620 1047 3684 detruncaret,
1083 3622 1207 3675 illud
1236 3620 1476 3692 Apostoli
1502 3620 1863 3676 testimonium
1894 3619 2080 3676 formi-

495 3713 633 3767 davit
657 3756 672 3778 ,
718 3711 804 3766 ubi
835 3713 941 3766 ait:
979 3700 1265 3783 Miser-ego
1309 3713 1480 3777 homo,
1510 3715 1620 3781 quis
1661 3729 1738 3766 mc
1766 3711 1991 3767 liberabit
2018 3713 2082 3767 de

496 3822 704 3874 corpore
737 3805 911 3859 mortis
939 3804 1131 3875 hujus?
1161 3802 1336 3859 Gratia
1377 3803 1470 3857 Dei
1499 3822 1589 3875 per
1614 3803 1790 3858 Jesum
1827 3803 2081 3861 Christum

504 3894 772 3948 Dominum
798 3904 1041 3949 nostrum.
1063 3894 1181 3950 Non
1203 3896 1343 3949 enim
1369 3904 1481 3949 crat
1500 3910 1693 3963 corpus
1719 3894 1904 3948 mortis
1928 3894 2084 3965 hujus

500 3987 553 4043 in
586 3987 828 4057 paradiso
870 3996 995 4042 ante
1041 3995 1312 4056 peccatum
1335 4028 1349 4050 ,
1380 3997 1600 4058 propter
1639 3987 1780 4058 quod
1818 3987 2078 4052 diximus,

507 4097 522 4127 ι
553 4079 604 4132 in
642 4093 866 4148 corpore
903 4080 1024 4133 vita:
1055 4078 1226 4144 illius,
1260 4097 1279 4130 ι
1315 4094 1433 4148 qttze
1470 4078 1541 4132 ibi
1583 4064 1733 4145 erat,
1771 4097 1791 4132 ι
1818 4079 1934 4134 sine
1981 4080 2083 4135 isto

502 4169 688 4223 morbo
717 4171 1121 4229 scminationem
1150 4169 1262 4224 fieri
1293 4168 1526 4240 potuisse
1552 4168 1799 4235 filiorttm,
1833 4170 1949 4226 sine
1978 4185 2084 4242 quo

503 4275 642 4316 nunc
665 4261 716 4314 in
742 4275 967 4330 corpore
988 4262 1173 4316 mortis
1194 4260 1351 4332 hujus
1378 4262 1491 4316 fieri
1513 4277 1615 4317 non
1644 4271 1871 4332 potest.»
1896 4261 1964 4318 Ut
1987 4278 2081 4317 au-

504 4363 610 4405 tem
651 4351 717 4406 ad
760 4353 913 4405 istam
958 4352 1516 4408 commemorationem
1562 4351 1807 4430 humana:
1854 4354 2082 4409 miseriae

502 4453 556 4495 ιιι
591 4442 785 4497 divinae
825 4444 1009 4514 gratiae
1039 4444 1241 4498 veniret
1281 4445 1595 4511 Apostolus,
1637 4459 1796 4515 supra
1834 4445 2078 4500 dixerat:

515 4533 553 4586 ’θ’
557 4534 669 4588 ideo
697 4535 851 4588 aliam
880 4535 1035 4605 legent
1063 4535 1117 4589 in
1142 4534 1375 4590 membris
1404 4535 1554 4602 meis,
1584 4545 1947 4607 repugnantem
1984 4536 2084 4609 legi

504 4625 681 4678 mentis
709 4640 853 4690 metr,
880 4636 928 4679 et
958 4624 1293 4687 captivantem
1320 4641 1399 4679 me
1421 4624 1474 4678 in
1502 4624 1610 4697 lege
1633 4624 1847 4695 peccati,
1876 4641 1991 4697 qua:
2010 4635 2084 4681 est

499 4723 551 4773 in
583 4719 816 4775 membris
842 4720 985 4776 meis.
1032 4720 1158 4774 Post
1183 4720 1297 4774 baic
1337 4728 1514 4774 autem
1543 4718 1702 4774 verba
1726 4720 2080 4775 exclamavit:

505 4810 661 4865 Miser
682 4829 773 4881 ego
802 4812 971 4877 Immo,
995 4812 1106 4879 quis
1127 4828 1204 4864 me
1228 4810 1453 4866 liberabit
1480 4812 1543 4865 de
1562 4827 1768 4881 corpore
1791 4813 1965 4867 mortis
1989 4812 2086 4865 liu—

495 4905 618 4974 jus?
645 4902 821 4958 Gratia
851 4903 947 4957 Dei
974 4920 1062 4972 per
1082 4903 1259 4958 Iesum
1281 4903 1534 4957 Christum
1566 4902 1838 4956 Dominum
1858 4911 2084 4957 nostrum

504 4997 798 5061 titant.vu,
827 4994 1043 5065 25-25).
1087 4992 1143 5049 Ii
1189 5010 1415 5066 corpore
1462 4994 1619 5066 igitur
1664 4994 1851 5048 mortis
1894 4993 2082 5063 hujus,

504 5086 658 5151 quale
694 5087 745 5138 in
786 5087 1031 5155 paradiso
1058 5096 1183 5142 ante
1227 5096 1500 5156 peccatum
1544 5084 1669 5149 fuit,
1706 5084 1947 5155 profecto
1976 5100 2083 5137 non

506 5186 616 5228 erat
643 5174 743 5227 alia
772 5175 853 5228 lcx
880 5176 930 5228 in
954 5175 1205 5228 membris
1226 5176 1421 5229 nostris
1443 5189 1743 5245 repugnans
1770 5173 1869 5241 legi
1893 5173 2085 5226 mentis

507 5277 701 5321 nostra:
730 5268 750 5298 '
778 5284 790 5319 :
823 5266 942 5336 quia
984 5276 1038 5321 et
1063 5266 1274 5336 quando
1316 5268 1597 5335 nolumus,
1645 5275 1697 5322 et
1729 5265 1941 5337 quando
1978 5281 2082 5320 non

571 5466 587 5496 ⁸
622 5468 674 5513 tn
690 5470 816 5521 Mss,
843 5460 945 5521 qui,

571 5475 587 5496 ι

571 5530 591 5558 ¹
622 5475 1061 5586 ﬁtgﬁixiii‘siénpn
1088 5528 1141 5572 et
1169 5522 1411 5586 editiones
1433 5530 1477 5571 ιη
1493 5521 1773 5586 lemicorum
1795 5522 1905 5571 dure
1923 5556 1939 5582 ,
1963 5522 2088 5571 Pari-

507 5591 684 5636 s‘ensis
704 5588 814 5636 anni
837 5585 975 5643 1644,
996 5584 1052 5634 et
1083 5584 1386 5634 t.ovaniensis
1414 5585 1523 5633 anni
1550 5584 1687 5642 1M7,
1711 5589 1820 5634 ante
1841 5590 2087 5648 peccatmn

508 5665 598 5698 non
621 5649 738 5711 [iis].
763 5648 976 5715 profecto
997 5658 1090 5697 non
1113 5652 1236 5715 erat,
1262 5652 1357 5715 etc.
1383 5651 1481 5715 uno
1497 5658 1530 5714 ,θ
1557 5648 1787 5715 Vaticanis
1825 5653 1958 5715 Mss,
1979 5653 2087 5696 ante

511 5706 991 5771 reccatunt'profecto
1010 5720 1105 5758 non
1126 5713 1250 5771 erat,
1267 5706 1365 5756 alia
1388 5707 1468 5756 lea:
1490 5706 1539 5771 in
1567 5706 1792 5771 membris
1806 5706 1982 5771 nostris
2006 5720 2085 5771 re-

510 5778 690 5846 pugnat
719 5769 832 5846 tegi,
858 5769 1083 5846 etc._tt:ec
1107 5772 1207 5835 ipsa
1224 5769 1370 5821 lectio
1385 5776 1490 5818 etat
1515 5770 1564 5817 in
1601 5769 1723 5819 titro
1746 5770 1898 5832 primo
1918 5776 1995 5831 ον
2010 5770 2089 5818 γῆς

513 5833 800 5898 nuperfecti,
824 5846 930 5894 esp.
951 5833 1033 5885 7|.

1310 388 1397 444 DE
1435 385 1703 443 NUPTllS
1742 383 1828 438 ET
1867 378 2467 447 CUNCUPISCENTIA,
2510 384 2565 439 S.
2610 383 2978 442 AUGUSTINI

3662 391 3767 447 NO

2128 518 2133 521 ·
2170 472 2580 566 'ctmcentimus,
2623 516 2721 556 nec
2745 500 2795 557 ei
2824 503 3059 559 membra
3086 514 3265 559 nostra
3297 515 3353 560 ut
3378 506 3592 580 impleat
3619 508 3761 577 quod

2182 589 2385 656 appetit
2408 588 2741 657 exhibemus,
2770 592 2972 648 habitat
2999 606 3172 650 tamen
3212 597 3264 651 in
3308 595 3416 662 eis,
3446 608 3502 655 et
3529 610 3762 655 tuentem

2184 677 2521 734 resistentem
2543 692 3029 754 repugnanti-mque
3045 685 3296 742 sollicitat
3319 704 3332 741 :
3359 697 3417 743 ut
3437 688 3552 758 ipse
3570 690 3728 745 cmitli
3742 720 3762 731 -

2182 775 2320 834 ctus,
2342 769 2546 823 etiamsi
2565 786 2669 825 non
2686 772 2753 826 sit
2769 772 3225 846 damnabilis,quia
3242 793 3344 831 non
3360 781 3564 849 perlicit
3582 779 3768 850 iniqui-

2184 865 2342 913 tatem
2367 875 2381 924 ;
2411 860 2480 914 sit
2510 870 2686 917 tamen
2718 864 3061 932 miserabilis,
3092 869 3214 933 quia
3241 886 3345 923 non
3375 870 3526 926 habet
3550 888 3760 942 pacem.

2182 946 2325 1003 Satis
2353 950 2508 1020 igitur
2530 952 2899 1009 admonuerim
2919 997 2935 1022 ,
2966 957 3044 1011 sic
3075 958 3233 1014 istum
3274 960 3441 1015 verba
3472 979 3586 1016 mea
3618 965 3764 1018 velut

2181 1039 2470 1097 refellenda
2495 1044 2592 1099 sibi
2620 1059 2918 1116 proponere
2946 1049 3208 1115 voluisse,
3242 1058 3299 1104 ut
3336 1052 3528 1106 alicubi
3573 1054 3760 1108 mediis

2180 1130 2463 1197 detractis,
2495 1139 2788 1192 sententias
2815 1138 3257 1209 interrumperet;
3287 1142 3474 1196 alicubi
3506 1148 3764 1200 extremis

2180 1237 2286 1277 non
2314 1223 2506 1280 additis
2530 1226 2867 1284 decurtarct:
2897 1239 2951 1285 et
2973 1246 3068 1285 cur
3089 1230 3189 1287 hoc
3210 1230 3412 1298 fecerit,
3437 1234 3765 1290 soliicienter

2179 1314 2526 1369 ostenderim.

2251 1405 2476 1463 CAPUT
2516 1407 2601 1463 ill.
2630 1439 2703 1451 —
2732 1410 2784 1464 7.
2821 1410 2974 1468 Nunc
3014 1411 3082 1467 ad
3118 1428 3179 1468 ea
3224 1429 3341 1484 qua:
3385 1415 3522 1471 sicut
3560 1416 3757 1482 voluit,

2181 1508 2360 1554 nostra
2392 1502 2687 1570 pr0posuit,
2715 1518 2833 1571 qua:
2867 1517 2960 1557 sua
2989 1507 3316 1574 opposuerit,
3344 1507 3632 1561 videamus.
3664 1507 3765 1563 Sc-

2179 1596 2416 1658 quuntur
2441 1590 2580 1644 enim
2604 1591 2712 1659 jam
2742 1592 2900 1646 verba
2931 1592 3077 1662 ejus;
3105 1603 3162 1649 et
3188 1595 3322 1650 sicut
3349 1596 3449 1651 iste
3478 1596 3765 1651 insinuavit

2177 1679 2271 1749 qui
2301 1680 2392 1735 tibi
2418 1680 2712 1736 chartulam
2742 1683 2919 1748 misit,
2948 1683 3094 1753 prius
3119 1685 3317 1755 aliquid
3346 1686 3425 1741 de‘
3450 1686 3763 1756 praiﬁitione

2177 1773 2528 1842 conscripsit,
2557 1776 2739 1843 procul
2764 1775 2925 1830 dubio
2951 1776 3207 1832 librorum
3235 1778 3450 1832 illorum
3470 1778 3546 1834 de
3570 1780 3763 1848 quibus

2178 1877 2346 1933 pauca
2385 1863 2672 1933 decerpsit.
2714 1865 2768 1919 Id
2808 1875 2984 1921 autem
3030 1867 3100 1921 ita
3129 1882 3249 1923 sese
3288 1869 3483 1924 habet:
3521 1889 3540 1920 ι
3566 1870 3762 1924 Docto-

2179 1970 2289 2019 res,
2322 1973 2341 2007 ι
2378 1954 2574 2025 inquit,
2613 1974 2633 2009 ι
2657 1958 2821 2012 nostri
2850 1960 3136 2028 temporis,
3170 1959 3332 2015 frater
3352 1962 3675 2023 beatissime.
3703 1973 3761 2017 et

2178 2043 2396 2099 nefaria:
2422 2061 2540 2115 qua:
2568 2046 2741 2102 adhuc
2766 2045 2932 2103 fervet
2954 2048 3229 2104 seditionis
3256 2061 3533 2116 auctores,
3564 2052 3627 2105 ad
3659 2052 3761 2106 ho-

2179 2134 2403 2201 minum,
2430 2149 2653 2204 quorum
2673 2138 2869 2192 sanctis
2908 2138 3097 2194 studiis
3135 2151 3378 2207 uruntur,
3405 2142 3758 2198 contumelias

2178 2233 2235 2281 et
2275 2227 2495 2282 exitium
2533 2227 2885 2284 decreverunt
2930 2246 3025 2300 per
3052 2236 3259 2286 ruinam
3305 2234 3464 2288 totius
3507 2233 3761 2289 Ecclesia:

2178 2319 2490 2388 pervenire;
2524 2336 2627 2374 non
2656 2321 3012 2393 intelligentcs
3038 2334 3293 2394 quantum
3326 2324 3408 2379 his
3433 2326 3760 2381 contulerint

2179 2408 2418 2478 honoris,
2437 2428 2664 2483 quorum
2682 2414 3028 2470 ostenderunt
3054 2416 3278 2486 gloriam
3308 2418 3407 2471 nisi
3432 2434 3551 2473 cum
3579 2418 3764 2475 catho-

2179 2503 2277 2558 lica
2316 2505 2568 2576 religione
2606 2521 2710 2560 non
2739 2509 2972 2576 potuisse
2998 2510 3242 2564 convelli.
3273 2510 3404 2565 Nam
3448 2511 3492 2564 si
3519 2512 3637 2582 quis
3662 2520 3755 2568 aut

2177 2594 2401 2650 liberum
2430 2596 2483 2649 in
2512 2595 2816 2652 hominibus
2843 2598 3142 2660 arbitrium,
3168 2609 3260 2654 aut
3290 2601 3453 2654 Deum
3481 2615 3602 2656 esse
3655 2616 3757 2655 na-

2184 2689 2443 2743 scentium
2467 2689 2796 2743 conditorem
2825 2689 3038 2754 dixerit,
3056 2689 3408 2746 leestianus
3438 2700 3491 2745 et
3518 2690 3763 2761 Pelagia-

2182 2794 2285 2834 nus
2309 2787 2548 2834 vocatur.
2579 2779 2655 2834 Ne
2676 2780 2835 2849 igitur
2860 2789 3114 2836 vocentur
3138 2780 3370 2837 haeretici
3393 2823 3406 2845 ,
3437 2782 3569 2835 liunt
3594 2780 3764 2836 Mani-

2177 2870 2346 2936 chaei;
2377 2880 2433 2925 et
2460 2872 2590 2925 dum
2622 2869 2809 2924 falsam
2833 2882 3084 2925 verentur
3112 2869 3413 2933 infamiam,
3446 2886 3629 2925 verum
3656 2871 3765 2925 cri-

2180 2975 2301 3015 men
2343 2960 2660 3015 incurruut:
2690 2959 2857 3014 instar
2891 2959 3164 3024 ferarum,
3206 2975 3325 3029 qua:
3368 2959 3766 3015 circumdantur

2180 3053 2385 3124 pinnis,
2426 3062 2486 3107 ut
2515 3060 2775 3124 cogantur
2804 3054 2855 3106 in
2899 3054 3065 3118 retia;
3110 3052 3301 3122 quibus
3336 3053 3584 3123 quoniam
3614 3051 3766 3107 deest

2180 3148 2344 3211 ratio,
2390 3146 2442 3202 in
2471 3161 2656 3202 verum
2697 3146 2917 3202 exitium
2949 3161 3081 3201 vana
3121 3143 3407 3201 formidine
3434 3144 3766 3200 contrudun-

2181 3246 2319 3363 “"8:
2483 3315 2563 3361 est
2590 3306 2659 3362 ita
2696 3316 2756 3360 ut
2784 3305 3052 3376 loqueris,
3078 3306 3400 3376 quicumque
3425 3305 3522 3360 ista
3549 3305 3762 3370 dixisti;

2181 3414 2288 3455 non
2343 3406 2427 3453 est
2462 3398 2534 3452 ita
2565 3415 2580 3453 :
2608 3398 2831 3452 multum
2863 3396 3079 3460 falleris,
3108 3397 3191 3452 vel
3236 3397 3417 3452 fallere
3452 3396 3765 3451 meditaris:

2181 3504 2288 3544 non
2332 3489 2558 3544 liberum
2590 3503 2846 3557 negamus
2872 3488 3185 3553 arbitrium;
3216 3488 3312 3542 sed
3334 3530 3350 3553 ,
3384 3488 3443 3542 Si
3478 3503 3562 3542 vos
3599 3487 3770 3543 Filius

2181 3581 2481 3646 liberaverit,
2509 3579 2583 3633 ait
2610 3578 2837 3640 Veritas,
2861 3588 2978 3632 tunc
3005 3594 3113 3633 vere
3134 3579 3278 3633 liberi
3292 3579 3431 3633 eritis
3456 3578 3631 3649 (loco.
3650 3593 3767 3646 vut,

2184 3671 2300 3743 56).
2335 3671 2485 3726 llunc
2524 3685 2620 3726 vos
2650 3668 2896 3724 invidetis
2926 3669 3297 3735 liberatorem,
3326 3670 3516 3739 quibus
3544 3670 3770 3737 captivis

2183 3777 2375 3817 vanam
2405 3760 2635 3817 tribuitis
2678 3760 2997 3818 libertatem.
3038 3761 3081 3815 A
3119 3778 3216 3830 quo
3242 3762 3372 3814 enim
3395 3762 3507 3831 quis
3546 3761 3771 3815 devictus

2183 3863 2280 3917 est,
2321 3855 2461 3908 sicut
2486 3852 2613 3907 dicit
2647 3852 2943 3921 Scriptura,
2979 3851 3095 3905 huic
3120 3867 3291 3906 servm
3319 3851 3550 3905 addictus
3574 3860 3646 3905 est
3673 3851 3693 3921 (
3727 3851 3769 3906 li

2186 3942 2330 3999 Petr.
2360 3960 2417 4009 ιι,
2452 3943 2539 4013 19)
2565 3960 2579 3996 :
2609 3958 2707 3997 nec
2726 3942 3002 4012 quisquam
3031 3941 3132 3996 nisi
3160 3957 3253 4010 per
3276 3942 3496 4013 gratiam
3518 3942 3772 3997 liberato-

2183 4036 2260 4091 ris
2290 4036 2393 4089 isto
2424 4034 2648 4088 solvitur
2686 4033 2897 4087 vinculo
2931 4033 3220 4095 servitutis,
3248 4047 3278 4085 a
3308 4049 3415 4103 quo
3440 4034 3456 4064 ί
3478 4045 3559 4088 est
3590 4033 3768 4088 homi-

2186 4142 2312 4182 num
2339 4127 2516 4181 nullus
2545 4125 2816 4180 immunis.
2847 4123 2949 4179 Per
2975 4141 3131 4178 unum
3151 4124 3345 4195 quippe
3370 4126 3621 4181 hominem
3644 4143 3769 4195 pec-

2185 4230 2352 4275 catum
2373 4220 2573 4274 intravit
2601 4220 2653 4273 iu
2675 4219 2937 4279 mundum,
2961 4228 3010 4273 et
3036 4235 3123 4287 per
3148 4229 3408 4288 peccatum
3436 4234 3607 4283 mors;
3628 4229 3674 4271 et
3697 4220 3771 4272 ita

2184 4313 2237 4365 in
2257 4326 2428 4365 omnes
2457 4310 2683 4364 (tantine:
2713 4309 3015 4377 pertransiit,
3036 4309 3088 4362 in
3114 4325 3213 4378 quo
3238 4326 3410 4363 omnes
3440 4320 3771 4379 peccaverunt

2187 4400 2361 4475 (Rom.
2387 4414 2445 4467 v,
2476 4399 2589 4469 1'2).
2615 4401 2701 4456 Sic
2725 4409 2808 4455 est
2834 4414 2963 4470 ergo
2993 4400 3131 4455 Deus
3152 4401 3479 4455 nascentium
3501 4401 3770 4469 conditor,

2187 4500 2246 4547 ut
2269 4505 2458 4547 omnes
2504 4505 2570 4546 ex
2619 4507 2723 4545 uno
2749 4499 2874 4544 eant
2913 4489 2965 4545 in
2994 4489 3512 4553 condemnationem,
3539 4506 3768 4560 quorum

2187 4597 2291 4637 non
2319 4582 2478 4636 fuerit
2507 4569 2896 4636 renascentium
2926 4580 3196 4635 liberator.
3224 4580 3338 4650 Ipse
3371 4582 3565 4650 quippe
3593 4582 3771 4636 dictus

2187 4683 2269 4730 est
2296 4672 2505 4743 figulus,
2533 4688 2598 4727 ex
2626 4672 2811 4727 eadem
2855 4687 3027 4726 massa
3067 4671 3266 4727 faciens
3296 4672 3434 4726 aliud
3466 4688 3557 4725 vas
3586 4674 3638 4727 in
3668 4673 3771 4727 lio-

2187 4778 2371 4819 norem
2388 4762 2676 4818 secundum
2697 4762 3136 4827 misericordiam,
3157 4762 3299 4815 aliud
3319 4762 3370 4815 in
3391 4766 3768 4819 contumeliam

2188 4855 2477 4912 secundum
2499 4854 2756 4924 judicium
2783 4851 2891 4924 (Id.
2924 4869 3000 4919 tx,
3026 4853 3117 4925 2|)
3144 4871 3158 4907 :
3185 4854 3268 4907 cui
3296 4863 3477 4909 cantat
3505 4854 3767 4915 Ecclesia.

2190 4946 2245 5000 Μ
2251 4944 2589 5000 isericordiam
2614 4954 2660 4997 et
2674 4944 2928 5014 judicium
2954 4944 3120 5015 (Psal.
3140 4960 3193 5007 c,
3224 4946 3297 5015 l).
3322 4943 3434 4998 Non
3460 4946 3639 5016 itaque
3663 4947 3772 5001 sic-

2188 5048 2249 5093 ut
2297 5046 2347 5092 ιιι
2380 5034 2538 5105 atque
2571 5037 2704 5090 alios
2733 5035 2922 5090 fallens
2952 5036 3205 5105 loqueris,
3243 5054 3262 5088 t
3298 5036 3351 5092 Si
3378 5038 3496 5107 quis
3526 5048 3617 5092 aut
3638 5040 3773 5094 libe-

2194 5146 2214 5180 t
2247 5144 2363 5182 rutn
2382 5127 2434 5181 in
2458 5126 2757 5181 hominibus
2776 5127 3074 5192 arbitrium,
3099 5137 3189 5181 aut
3219 5127 3382 5182 Deum
3410 5143 3772 5183 essetiasccu-

2195 5239 2215 5274 ι
2256 5221 2385 5275 tium
2406 5219 2733 5273 conditorem
2755 5218 2967 5277 dixerit.
2992 5218 3347 5274 leesuanus
3376 5229 3429 5273 et
3453 5220 3772 5288 l‘clagiauus

2195 5331 2215 5365 ι
2252 5323 2471 5368 vocatur
2500 5328 2513 5364 :
2554 5330 2573 5363 ι
2612 5312 2709 5363 ista
2734 5312 2929 5380 quippe
2952 5310 3211 5363 catholica
3244 5310 3374 5364 ﬁdes
3402 5310 3547 5363 dicit.
3576 5309 3682 5366 Sed
3725 5313 3772 5367 si

2190 5404 2308 5472 quis
2334 5402 2400 5456 ad
2430 5401 2710 5456 colendum
2759 5412 2903 5455 recte
2943 5401 3143 5466 Deum,
3171 5401 3286 5454 sine
3315 5401 3477 5468 ipsius
3507 5400 3774 5468 adjutorio

2190 5499 2456 5554 dicitcsse
2477 5496 2527 5549 in
2546 5496 2846 5548 hominibus
2867 5494 3091 5548 liberum
3113 5494 3418 5557 arbitrium;
3451 5505 3499 5547 et
3528 5494 3771 5563 quisquis

2190 5591 2261 5647 ita
2288 5589 2416 5643 dicit
2439 5589 2603 5641 Deum
2633 5589 2956 5641 nascentium
2973 5586 3322 5651 conditorem,
3347 5596 3403 5639 ιιι
3429 5586 3771 5655 lmrvulomtn

2257 5766 2271 5797 ί
2308 5764 2381 5813 sic
2408 5771 2484 5812 tm
2508 5797 2523 5822 ,
2547 5768 2620 5810 Er.
2643 5768 2695 5811 et
2713 5770 2815 5811 uss.
2842 5769 2897 5813 At
2916 5763 3214 5822 posteriores
3230 5761 3486 5819 editiones,
3508 5773 3544 5808 (ι
3560 5772 3672 5821 qua.

2255 5828 2325 5889 (a)
2364 5826 2473 5877 vide
2632 5832 2758 5890 Opus
2781 5821 3132 5888 Liueri'ectum,
3167 5821 3249 5875 lib.
3282 5826 3323 5879 ι.
3343 5836 3460 5903 cap.
3482 5823 3527 5871 5.
