4170 6524
340 386 428 444 ιιι
1676 378 1878 434 LlBElt

2014 377 2293 435 CUNDUS.

334 502 483 567 neget
504 508 534 549 ι
558 502 822 564 potestate
845 492 1040 549 diaboli
1062 493 1451 563 redemptorem
1472 535 1487 560 ,
1520 494 1632 563 ipse
1661 492 1903 562 Pelagia-

335 600 429 642 nus
451 594 503 641 et
526 584 882 641 Calestianus
906 595 1146 640 vocatur.
1178 584 1423 639 Liberum
1455 585 1631 655 itaque
1654 585 1704 638 in
1736 584 1909 639 homi-

334 675 482 730 nibus
502 688 623 732 esse
644 674 947 737 arbitrium,
969 683 1025 729 et
1047 674 1212 729 Deum
1232 690 1355 730 esse
1377 676 1704 729 nasci'tttitttn
1731 676 1906 729 condi-

334 779 515 831 torem,
549 767 763 835 utrique
789 766 1047 830 dicimus;
1076 783 1179 821 nou
1207 766 1334 822 hinc
1362 768 1489 821 estis
1519 766 1823 823 leestiani
1854 776 1910 821 et

334 860 591 931 Pelagiani
626 877 641 913 :
671 859 899 914 liberum
928 868 1106 914 autem
1134 875 1255 914 esse
1283 876 1602 931 quemquam
1646 860 1711 915 ad
1747 876 1911 930 agen-

332 954 451 1009 dum
476 953 674 1006 bonum
702 954 819 1005 sine
844 952 1113 1022 adjutorio
1145 953 1235 1008 Dei
1255 995 1268 1015 ,
1296 962 1349 1007 et
1379 968 1483 1006 non
1515 952 1627 1007 erui
1658 954 1909 1022 parvulos

329 1059 359 1100 ι
387 1052 644 1112 potestate
670 1043 1032 1108 tenebrarum,
1059 1052 1115 1099 et
1154 1045 1233 1099 sic
1279 1046 1551 1099 transferri
1597 1045 1647 1098 in
1686 1060 1906 1113 regnum

333 1134 420 1190 Dei
447 1134 669 1202 (Coloss.
692 1150 729 1192 ι.
771 1133 885 1206 l5),
914 1138 1015 1189 hoe
1041 1150 1134 1189 vos
1168 1136 1382 1198 dicitis;
1411 1136 1534 1189 hinc
1567 1138 1696 1191 estis
1729 1134 1909 1193 Cele-

329 1226 479 1280 stiani
508 1236 565 1281 et
590 1225 880 1296 Pelagiani.
917 1226 1052 1293 Quid
1083 1228 1328 1283 obtendis
1350 1228 1416 1281 ad
1447 1228 1731 1282 fallendum
1761 1242 1913 1283 com-

330 1318 500 1371 munis
522 1317 789 1387 dogmatis
820 1329 1053 1389 tegmen,
1077 1328 1133 1375 ut
1158 1320 1368 1390 operias
1384 1321 1656 1389 preprium
1680 1322 1906 1386 crimen,

330 1407 465 1461 unde
489 1408 643 1463 vobis
669 1408 898 1464 inditum
931 1420 1013 1465 est
1050 1426 1276 1475 nomen;
1318 1420 1478 1477 atque
1502 1419 1562 1466 ut
1590 1410 1797 1465 nefario
1821 1425 1911 1466 vo-

327 1499 514 1555 cabulo
542 1511 745 1556 terrens
781 1500 1076 1571 imperitos,
1107 1502 1241 1557 dicis
1261 1543 1277 1566 ,
1310 1522 1329 1555 ι
1356 1502 1433 1557 Ne
1458 1504 1620 1573 igitur
1655 1510 1912 1558 vocentur

329 1590 580 1654 limi-elici,
611 1592 743 1646 fiunt
762 1592 1077 1648 Maniclnei?
1102 1611 1124 1646 ι

393 1682 447 1738 9.
487 1683 629 1737 Audi
659 1699 789 1751 ergo
816 1683 1069 1751 breviter,
1098 1685 1225 1754 quid
1260 1685 1315 1740 in
1344 1686 1442 1739 ista
1469 1687 1763 1757 qurestione
1789 1701 1913 1742 ver-

329 1780 492 1825 setur.
526 1772 780 1828 Catholici
815 1772 1000 1828 dicunt
1032 1773 1315 1829 humanam
1336 1784 1580 1830 naturam
1609 1791 1639 1830 a
1665 1785 1910 1832 creatore

329 1860 434 1917 Deo
452 1863 597 1918 bono
623 1864 891 1918 conditam
918 1865 1135 1933 bonam,
1175 1867 1267 1921 sed
1300 1876 1517 1936 peccato
1540 1869 1771 1922 vitiatam
1793 1886 1908 1923 me-

325 1952 442 2008 dico
488 1954 706 2010 Christo
760 1955 1017 2026 indigere.
1065 1956 1342 2011 Maniclnei
1392 1957 1579 2013 dicunt
1622 1958 1908 2014 humanam

326 2054 590 2109 naturam,
614 2061 719 2098 non
750 2062 780 2100 ιι
810 2047 919 2100 Deo
957 2047 1225 2102 conditam
1259 2048 1456 2102 bonam
1485 2059 1808 2119 peecatoque
1833 2051 1910 2104 vi.

327 2134 657 2196 tiatain.-sed
704 2136 773 2189 ab
819 2146 1140 2191 internarum
1189 2139 1427 2211 principe
1462 2140 1796 2194 teni-brorum
1841 2141 1909 2195 de

324 2225 705 2279 commixtione
742 2225 966 2281 duarum
1011 2238 1351 2295 naturarum,
1383 2246 1503 2301 qua:
1546 2246 1762 2300 semper
1791 2231 1909 2285 fue-

325 2324 463 2379 runt,
490 2331 596 2367 una
630 2316 766 2369 bona
798 2326 852 2370 et
886 2334 988 2372 una
1023 2319 1184 2382 mala,
1208 2318 1478 2375 hominem
1518 2334 1772 2377 creatum.
1807 2323 1907 2378 Pe-

326 2404 517 2477 lagiani
542 2418 594 2461 et
614 2406 918 2463 Cwlestiani
944 2409 1126 2465 dicunt
1152 2410 1435 2466 humanam
1459 2422 1699 2468 naturam
1716 2429 1744 2467 a
1770 2414 1910 2468 bono

328 2496 431 2551 Deo
478 2497 752 2551 conditam
805 2498 1020 2567 bonam,
1069 2501 1163 2556 sed
1216 2502 1288 2556 ita
1330 2517 1449 2558 esse
1487 2503 1540 2557 in
1569 2508 1908 2561 nascentibus

324 2587 556 2655 parvulis
576 2603 783 2654 sanam,
812 2598 870 2643 ut
909 2589 1105 2646 Christi
1138 2607 1242 2647 non
1288 2593 1518 2649 habeant
1553 2598 1907 2653 necessariam

324 2676 373 2729 in
407 2678 490 2732 illa
537 2688 701 2733 mtate
747 2680 1087 2735 medicinam.
1120 2684 1364 2754 Agnosee
1395 2684 1555 2755 igitur
1591 2687 1643 2740 in
1689 2696 1779 2741 tuo
1812 2688 1909 2741 do-

323 2777 497 2838 gmate
520 2786 719 2825 nomen
744 2780 912 2838 tuum,
939 2783 992 2827 et
1012 2772 1301 2830 Catholicis
1328 2791 1357 2829 a
1385 2778 1577 2846 quibus
1592 2779 1907 2845 confutaris,

324 2857 501 2914 desine
530 2860 768 2929 objicere
797 2872 849 2915 et
877 2863 1067 2934 dogma
1088 2876 1141 2919 et
1162 2882 1353 2922 nomen
1369 2868 1619 2924 alienum.
1642 2870 1773 2925 Nam
1808 2871 1912 2926 Ve-

324 2948 446 3003 ritas
473 2960 735 3020 utrosque
768 2952 1063 3024 redarguit;
1089 2965 1144 3011 et
1163 2958 1498 3027 llanichazos,
1520 2970 1575 3016 et
1598 2977 1713 3016 vos.
1743 2962 1912 3018 Mani-

322 3045 482 3102 chatis
508 3048 653 3102 enim
693 3049 818 3104 dicit
844 3067 857 3103 :
889 3049 1009 3105 Non
1036 3052 1224 3125 legistis
1261 3057 1380 3125 quia
1408 3057 1496 3125 qui
1524 3058 1586 3111 ab
1611 3058 1755 3113 initio
1792 3060 1912 3129 {erit

324 3138 595 3204 heminam,
623 3141 901 3195 masculum
924 3152 969 3195 et
988 3146 1227 3214 feminam
1252 3147 1367 3213 fecit
1384 3164 1466 3202 eos
1482 3148 1509 3203 .9
1525 3158 1574 3202 et
1594 3150 1742 3213 dixit,
1780 3149 1912 3205 Pro-

324 3240 427 3297 pter
448 3233 545 3286 hoc
576 3232 819 3303 relinquet
843 3234 991 3287 homo
1021 3246 1215 3303 putrem
1241 3247 1286 3290 et
1313 3247 1541 3304 matrem,
1560 3250 1606 3294 et
1633 3241 1912 3298 ad/twrebit

324 3326 467 3376 uxori
495 3339 641 3388 sua;
674 3334 722 3378 et
746 3335 895 3378 erunt
919 3326 1020 3379 duo
1042 3328 1093 3380 in
1131 3344 1281 3382 carne
1310 3346 1411 3382 una
1435 3346 1456 3384 :
1481 3332 1648 3400 itaque
1672 3333 1788 3402 jam
1809 3350 1912 3389 non

322 3424 433 3467 sunt
477 3415 608 3477 duo,
652 3415 743 3469 sed
769 3433 872 3470 una
918 3433 1056 3471 euro.
1086 3418 1238 3485 Quod
1280 3438 1397 3491 ergo
1444 3421 1581 3477 Deus
1624 3425 1909 3495 conjunxit,

324 3503 470 3557 homo
488 3522 594 3558 non
622 3517 818 3577 separet
842 3505 1055 3580 (.ltatth.
1081 3525 1196 3574 XIX,
1220 3512 1358 3580 4-6).
1378 3512 1448 3567 Ita
1462 3514 1657 3583 quippe
1677 3516 1912 3571 ostendit

321 3603 376 3649 et
406 3596 690 3650 hominum
731 3598 1083 3666 comlitorem,
1129 3610 1183 3655 et
1220 3602 1504 3672 conjugum
1547 3605 1909 3675 copulatoretn

322 3688 513 3754 Deum,
544 3690 805 3745 adversus
825 3689 1165 3759 Maniclneos,
1193 3694 1282 3764 qui
1310 3706 1592 3762 utrumque
1618 3697 1807 3753 horum
1826 3714 1914 3755 ne-

321 3789 466 3849 gant.
502 3780 671 3835 Vobis
710 3792 891 3837 autem
934 3784 1103 3839 dicit:
1143 3784 1289 3839 Venit
1317 3785 1486 3843 Filius
1524 3789 1741 3845 hominis
1766 3807 1912 3862 quc-

322 3886 429 3926 rere
452 3882 497 3926 et
522 3874 725 3927 salvurc
751 3874 887 3940 quod
915 3876 1169 3949 perierat(
1195 3876 1319 3931 Luc.
1352 3896 1467 3945 XIX,
1497 3879 1625 3953 10
1657 3881 1764 3939 Sed
1792 3898 1908 3954 vos,

319 3964 519 4033 egregii
551 3964 849 4030 christiani,
897 3967 1215 4035 re5p0iidete
1253 3969 1469 4025 Christo
1494 3989 1508 4025 :
1532 3972 1585 4025 Si
1617 3974 1756 4043 quod
1779 3990 1906 4045 pcr-

324 4053 456 4107 ierat
492 4070 739 4125 qmerere
768 4065 821 4109 et
862 4056 1065 4111 salvare
1094 4059 1303 4126 venisti,
1321 4060 1388 4113 ad
1416 4061 1664 4129 parvulos
1686 4079 1790 4120 non
1819 4081 1910 4123 ve-

323 4145 473 4210 nisti;
502 4147 593 4201 isti
621 4163 720 4201 nec
750 4147 1046 4215 perierant,
1078 4157 1134 4204 et
1169 4152 1300 4206 salvi
1341 4154 1448 4206 nati
1479 4161 1606 4209 sunt
1636 4172 1649 4209 :
1678 4158 1812 4214 vade
1835 4159 1904 4215 ad

324 4237 588 4304 majores,
616 4236 683 4289 de
723 4238 900 4292 verbis
943 4240 1046 4293 tuis
1078 4241 1169 4294 tibi
1213 4244 1605 4311 praescribimus
1633 4262 1648 4299 :
1676 4246 1799 4302 Non
1840 4260 1925 4316 est.

321 4341 449 4394 Opus
469 4327 614 4379 sanis
630 4327 873 4394 medicus,
904 4330 993 4382 sed
1013 4333 1143 4384 male
1157 4331 1445 4387 habentibus
1470 4334 1681 4405 (Matth.
1702 4355 1777 4405 ix,
1802 4339 1905 4413 l2).

323 4414 395 4470 Ita
424 4418 482 4469 lit
508 4425 570 4470 ut
597 4416 917 4472 Manichqu
943 4421 1031 4490 qui
1060 4421 1258 4476 homini
1276 4426 1613 4482 commixtam
1644 4429 1770 4483 dicit
1792 4446 1915 4488 esse

322 4517 573 4561 naturam
606 4507 822 4573 malam,
854 4510 983 4564 velit
1021 4510 1145 4564 inde
1181 4514 1368 4567 saltent
1399 4516 1590 4571 salvari
1634 4534 1666 4573 a
1699 4519 1913 4576 Christo

320 4599 557 4650 animam
591 4597 783 4652 bonam
816 4616 831 4653 :
864 4609 918 4654 tu
949 4616 1075 4655 vero
1105 4602 1157 4656 in
1188 4606 1437 4671 parvulis,
1477 4622 1597 4661 cum
1638 4610 1767 4664 salvi
1807 4614 1915 4667 sint

320 4702 552 4758 corpore
579 4689 595 4720 ¹
614 4730 629 4752 ,
663 4689 789 4743 nihil
814 4706 843 4743 a
873 4690 1090 4747 Christo
1126 4696 1436 4752 salvandum
1466 4715 1585 4757 esse
1609 4704 1909 4759 contendis.

322 4778 397 4832 Ac
429 4797 527 4848 per
551 4780 656 4835 hoc
677 4779 996 4837 Manichatus
1017 4784 1229 4854 quidem
1257 4797 1496 4842 naturam
1517 4788 1796 4847 humanam
1818 4794 1916 4850 dc-

324 4872 651 4925 testabiliter
679 4872 977 4941 vituperat;
1018 4875 1111 4929 sed
1144 4886 1197 4928 tu
1225 4877 1512 4933 crudeliter
1551 4880 1757 4937 laudas.
1785 4886 1915 4950 Qni-

324 4973 555 5032 cumque
579 4961 721 5015 enim
756 4963 846 5016 tibi
882 4965 1208 5020 crediderint
1236 4968 1517 5035 laudatori,
1542 4971 1771 5028 infantes
1787 4990 1914 5030 suos

323 5066 427 5106 non
469 5054 735 5108 offerrent
779 5054 1062 5110 Salvatot‘i.
1106 5057 1239 5112 Tam
1286 5061 1542 5114 scelerata
1570 5063 1591 5094 ¹
1617 5066 1907 5129 sentienti,

324 5143 449 5211 quid
480 5143 579 5197 tibi
609 5144 827 5213 prodest
856 5161 960 5199 non
989 5156 1227 5202 metuere
1253 5148 1392 5218 quod
1419 5150 1508 5204 tibi
1538 5151 1594 5207 fit
1621 5166 1676 5207 ut
1696 5157 1916 5213 Sttltlltt‘l-

327 5243 405 5289 ter
428 5250 664 5303 metuas,
688 5246 742 5291 et
767 5247 817 5292 te
838 5236 1109 5294 hominem
1140 5240 1263 5294 facit
1301 5256 1420 5296 0530
1438 5242 1459 5274 ³
1479 5286 1493 5308 ,
1533 5261 1638 5299 non
1667 5247 1907 5318 bestiarii,

384 5369 399 5400 ³
422 5368 607 5434 Aabest.
637 5381 839 5432 corpore
861 5371 922 5419 ab
939 5373 1164 5423 omnibus
1188 5385 1338 5434 prope
1363 5380 1468 5423 Mss.
1492 5377 1583 5426 sed
1619 5387 1697 5429 est
1719 5381 1767 5430 ia
1792 5381 1915 5434 libro

322 5432 467 5500 tertio
490 5433 666 5500 “peris
686 5434 955 5500 Imperfecti
974 5441 1139 5500 contra
1162 5432 1414 5495 lulianum,
1439 5451 1546 5500 cap.
1572 5442 1676 5491 157.

384 5494 405 5523 ⁸
442 5492 771 5553 Betiigniauus
793 5499 896 5551 δίδη
915 5495 1161 5544 scelerate.

391 5553 415 5622 ξ
436 5558 720 5622 ι’ττειριυτ.
742 5559 1226 5622 σιιιιιλρίιδιει-ἱοι-ίιιυε
1249 5555 1558 5621 editionitus,
1576 5576 1668 5612 non
1685 5571 1911 5618 metuere.

326 5612 448 5687 gain
473 5611 565 5687 ιιι-ι
584 5611 656 5686 ﬁt,
681 5622 732 5666 ut
748 5611 899 5687 saluti:
912 5617 1231 5687 iter_naetuqs,
1247 5625 1301 5687 rt
1323 5630 1370 5670 te
1390 5611 1627 5675 hominem
1648 5611 1775 5687 piri;
1784 5611 1909 5678 iis;

325 5674 891 5751 :t‘eliusrtg'giramtensis
931 5680 1117 5751 omit-it.
1160 5674 1274 5744 facit
1311 5674 1457 5736 esse
1481 5674 1589 5735 cum
1622 5674 1913 5751 .{u’o’ézeini

324 5731 963 5814 cheAOItiuqsmanustxipti
998 5731 1332 5801 haberihaberi
1354 5731 1716 5814 néoiuéfé"qi'ti.i

329 5808 495 5852 maias
533 5798 788 5864 videlicet,
826 5798 918 5854 seu
948 5803 1089 5869 leges
1109 5798 1274 5857 coutra
1324 5798 1609 5874 Pcl-lgia:t')s"
1649 5798 1908 5864 nia-n66;

3492 386 3597 443 ιιι

2013 507 2133 562 qua:
2176 491 2537 550 circumdatur
2574 496 2783 565 pinnis,
2813 506 2872 553 ut
2897 508 3116 569 cogatur
3146 498 3199 554 in
3241 501 3415 556 retia?
3447 500 3596 572 Opus

2012 594 2131 642 erat
2167 597 2226 643 ut
2268 590 2542 644 veritatem
2573 600 2812 654 teneres,
2846 592 3071 664 ejusque
3102 594 3280 650 studio
3305 610 3410 650 non
3440 596 3596 653 time-

2011 693 2101 734 res
2129 696 2145 733 :
2175 694 2315 734 nunc
2338 695 2463 736 vero
2489 682 2561 735 ita
2578 698 2683 738 non
2706 683 2880 747 times,
2913 695 2967 737 ιιι
2990 685 3033 739 si
3064 686 3304 751 timeres,
3336 691 3596 743 evaderes

2014 769 2188 836 potius
2229 770 2360 822 retia
2402 770 2618 841 maligni
2651 774 2700 837 ί,
2736 789 2895 843 quam
2945 777 3262 831 ineorreres.
3298 777 3466 831 Mater
3491 778 3597 833 Ca-

2015 857 2207 913 tholica
2232 869 2282 913 te
2314 859 2433 915 ideo
2461 871 2659 927 terret,
2688 864 2809 931 quia
2837 876 2889 918 et
2918 865 3011 919 tibi
3036 875 3089 919 et
3112 866 3234 920 aliis
3255 881 3286 921 a
3314 874 3365 922 te
3394 868 3543 923 timet
3576 885 3591 922 :

2012 958 2067 1005 et
2093 950 2136 1004 si
2166 965 2260 1019 per
2286 952 2425 1005 lilios
2448 969 2575 1007 suos
2603 956 2657 1008 in
2685 956 2859 1026 aliqua
2887 966 3149 1028 potestate
3181 960 3382 1027 positos
3403 961 3510 1030 agit
3533 968 3595 1017 ut

2014 1042 2224 1111 timeas,
2257 1060 2362 1098 non
2386 1045 2437 1099 id
2465 1048 2571 1115 agit
2594 1047 2931 1115 crudelitate,
2968 1048 3063 1104 sed
3088 1048 3367 1105 charitate.
3390 1049 3469 1106 Tu
3492 1067 3594 1107 au-

2013 1141 2118 1186 tem
2150 1133 2235 1187 vir
2259 1134 2579 1190 fortissimus
2608 1136 2797 1192 limere
2827 1138 3104 1205 homines,
3147 1139 3392 1209 ignavum
3417 1150 3592 1210 putas.

2012 1223 2180 1279 Deum
2207 1240 2334 1295 ergo
2365 1226 2514 1293 time,
2545 1237 2600 1282 et
2627 1228 2735 1283 noli
2778 1232 2994 1299 antiqua
3023 1230 3143 1284 fidei
3174 1231 3448 1288 Catholica!
3478 1230 3594 1286 funa

2010 1314 2260 1371 damenta
2286 1319 2467 1372 conari
2499 1328 2642 1374 tanta
2668 1320 3029 1377 obstinatione
3056 1323 3385 1378 subvertere.
3414 1324 3594 1392 Quan-

2011 1420 2169 1474 quam
2213 1405 2314 1461 iste
2350 1417 2471 1462 tuus
2510 1409 2720 1465 animus
2751 1412 3060 1477 animosus,
3094 1413 3293 1467 utinam
3323 1416 3511 1468 saltem
3540 1415 3592 1471 iu

2012 1493 2112 1549 hac
2138 1509 2294 1549 causa
2318 1495 2563 1554 homines
2590 1498 2843 1557 timeret:
2876 1499 3100 1564 utinam,
3134 1480 3371 1573 inquam,
3401 1504 3591 1562 Saltem

2011 1595 2227 1655 paveret
2254 1586 2456 1656 ignavia
2479 1590 2534 1656 ³,
2566 1605 2722 1659 quam
2751 1592 2946 1659 periret
2968 1592 3210 1647 audacia.

2080 1675 2309 1733 CAPUT
2336 1677 2423 1732 ιγ.
2451 1708 2525 1721 --
2554 1680 2636 1735 10.
2672 1680 2957 1736 Videamus
2992 1691 3048 1736 et
3082 1694 3275 1739 czetera
3314 1700 3432 1755 qua:
3459 1700 3593 1740 con-

2012 1767 2194 1822 nectit.
2225 1769 2331 1824 Sed
2362 1770 2486 1839 quid
2525 1770 2752 1828 faciam?
2792 1784 2966 1828 utrum
3007 1777 3209 1847 singula
3243 1777 3293 1845 ej
3319 1792 3362 1832 l8
3395 1792 3594 1849 propo-

2012 1873 2167 1923 nam,
2200 1860 2393 1929 quibus
2430 1863 2817 1932 respondeam;
2854 1880 2922 1920 an
2948 1867 3029 1923 eis
3057 1869 3433 1939 pnetermissis
3472 1885 3594 1939 qua:

2011 1947 2267 2004 catholica
2301 1950 2433 2006 fides
2479 1953 2754 2021 continet,
2794 1970 2860 2010 ea
2902 1957 3019 2011 sola
3072 1967 3390 2027 pertractem
3433 1968 3594 2029 atque

2011 2040 2305 2109 confulem,
2337 2042 2388 2097 in
2412 2045 2603 2113 quibus
2627 2060 2659 2100 a
2689 2048 2900 2102 tramite
2941 2049 3183 2105 veritatis
3211 2050 3504 2118 exorbitat,
3539 2061 3596 2108 et

2015 2131 2258 2188 haeresim
2307 2134 2666 2206 Pelagianam,
2721 2133 2970 2209 tanquam
3019 2156 3285 2197 venenosa
3332 2142 3591 2212 virgulta,

2012 2220 2289 2278 fruticibus
2328 2225 2604 2282 catholicis
2636 2236 2864 2284 conatur
2909 2229 3186 2286 inserere?
3229 2229 3343 2286 Hoc
3377 2232 3594 2301 quidem

2013 2325 2160 2372 certe
2205 2315 2423 2373 brevius
2457 2327 2542 2375 est
2574 2336 2589 2372 :
2616 2320 2713 2375 sed
2749 2322 3178 2391 prospiciendum
3227 2323 3479 2390 arbitror,
3526 2339 3596 2381 ne

2013 2411 2293 2480 quisquam
2324 2410 2461 2466 libro
2489 2427 2610 2468 meo
2640 2412 2801 2482 lecto,
2827 2423 3006 2470 etnon
3038 2414 3192 2471 lectis
3210 2416 3456 2470 omnibus
3476 2432 3596 2488 qua:

2011 2500 2080 2555 ab
2106 2502 2196 2556 illo
2223 2501 2362 2557 dicta
2384 2511 2530 2571 sunt,
2548 2503 2819 2560 exiStimet
2836 2519 2899 2561 ea
2922 2521 3007 2561 me
3021 2521 3321 2578 preponere
3338 2507 3594 2574 noluisse,

2012 2607 2078 2648 ex
2110 2593 2304 2663 quibus
2331 2594 2430 2649 ista
2461 2594 2577 2665 ejus
2603 2594 2857 2665 pendent,
2882 2603 2938 2650 et
2958 2611 3026 2652 ex
3050 2597 3242 2668 quibus
3266 2597 3419 2669 quasi
3453 2613 3590 2653 cou-

2010 2694 2298 2753 sequenter
2321 2699 2445 2739 vera
2470 2698 2590 2741 esse
2607 2694 2991 2753 monstrantur,
3019 2701 3137 2758 qum
3158 2687 3285 2742 falsa
3312 2688 3595 2759 redarguo.

2009 2773 2126 2829 Non
2148 2776 2325 2845 itaque
2342 2776 2516 2846 pigeat
2536 2787 2761 2848 utraque
2777 2776 2901 2831 huic
2918 2778 3176 2848 opusculo
3202 2786 3386 2833 nostro
3406 2780 3594 2848 indita,

2012 2876 2066 2921 et
2090 2882 2150 2921 ea
2168 2867 2373 2923 scilicet
2399 2884 2519 2939 qua:
2541 2868 2631 2924 ille
2655 2868 2810 2932 dixit,
2838 2880 2893 2923 et
2911 2884 2972 2924 ea
2994 2885 3114 2940 quae
3133 2869 3250 2942 ipse
3272 2870 3594 2941 respondeo,

2014 2957 2260 3011 universa
2288 2957 2563 3013 attendere
2588 2966 2643 3012 et
2663 2958 3004 3014 considerare
3027 2959 3299 3014 lectorem.

2086 3047 2171 3103 ll.
2214 3048 2342 3115 Qure
2382 3058 2679 3119 sequuntur
2712 3063 2859 3118 ergo,
2892 3049 2965 3104 ita
2992 3051 3328 3120 prmuotavit,
3362 3050 3450 3122 qui
3492 3060 3597 3108 tua:

2013 3136 2291 3193 Dilectioni
2337 3136 2633 3192 chartulam
2672 3138 2817 3193 misit
2847 3155 2862 3193 :
2894 3156 2913 3191 t
2946 3139 3147 3194 Contra
3193 3155 3309 3206 eos,
3341 3160 3360 3193 ι
3400 3142 3594 3212 inquit,

2019 3252 2040 3287 ι
2073 3232 2165 3304 qui
2193 3233 2402 3302 nuptias
2421 3232 2707 3297 damnant,
2739 3239 2793 3287 et
2820 3231 3021 3289 fruetus
3045 3248 3228 3288 earum
3257 3234 3475 3289 diabolo
3503 3250 3596 3290 as-

2013 3324 2247 3395 signant.
2278 3343 2297 3377 ι
2328 3323 2447 3379 Non
2478 3323 2637 3393 igitur
2662 3332 2848 3378 contra
2877 3338 2978 3379 nos
2998 3364 3012 3388 ,
3039 3324 3129 3393 qui
3170 3341 3341 3395 neque
3378 3326 3591 3395 nuptias

2017 3416 2352 3480 damnamus,
2377 3428 2511 3484 quas
2537 3414 2696 3470 etiam
2719 3414 2771 3468 in
2791 3412 2982 3468 ordine
3010 3429 3108 3468 suo
3132 3412 3594 3484 debila-pranlica-

2016 3506 2159 3562 tione
2184 3504 2463 3560 laudamus
2490 3520 2505 3557 :
2535 3518 2633 3559 nec
2659 3518 2842 3559 earum
2870 3502 3072 3559 fructus
3108 3503 3320 3559 diabolo
3357 3507 3597 3575 assigna-

2012 3615 2134 3657 mus
2161 3617 2175 3654 :
2201 3602 2405 3654 fructus
2448 3598 2646 3669 quippe
2690 3602 2992 3669 nuptiarum
3036 3597 3280 3652 homines
3318 3606 3463 3662 sunt,
3503 3599 3596 3668 qui

2012 3692 2257 3749 ordinate
2298 3689 2421 3745 inde
2452 3699 2796 3761 generantur,
2833 3705 2938 3743 non
2981 3697 3197 3760 peccata
3244 3705 3365 3744 cum
3403 3689 3598 3761 quibus

2013 3794 2345 3838 nascuntur:
2371 3796 2471 3837 nec
2495 3780 2616 3835 ideo
2653 3789 2776 3835 sunt
2812 3778 3058 3837 homines
3086 3779 3185 3835 sub
3210 3780 3440 3845 diabolo,
3471 3781 3595 3851 quia

2016 3873 2261 3929 homines
2285 3881 2430 3938 sunt,
2460 3870 2549 3925 ubi
2574 3878 2720 3926 sunt-
2740 3869 2942 3925 fructus
2981 3871 3310 3940 nuptiarum;
3351 3870 3447 3927 sed
3473 3874 3595 3940 quia

2014 3974 2324 4036 peccatores
2359 3971 2506 4029 sunt,
2533 3962 2621 4018 ubi
2651 3972 2733 4017 est
2768 3976 3004 4032 propago
3031 3962 3304 4018 vitiorum.
3339 3962 3594 4018 Diabolus

2013 4057 2157 4113 enim
2181 4057 2351 4127 culpae
2378 4065 2564 4111 auctor
2583 4067 2686 4123 est,
2716 4072 2824 4112 non
2851 4066 3076 4112 natura:.

2087 4148 2174 4204 12.
2203 4148 2435 4204 Attende
2474 4157 2529 4204 et
2568 4158 2783 4213 cratera,
2811 4150 3003 4219 quibus
3029 4163 3090 4205 se
3113 4149 3384 4205 existimat
3409 4150 3601 4205 advero

2015 4253 2110 4295 sus
2154 4254 2252 4296 nos
2298 4238 2757 4309 huic'przemisso
2786 4240 2939 4296 titulo
2967 4255 3282 4296 consonare.
3316 4258 3335 4293 ι
3375 4240 3533 4307 Deus,
3572 4260 3591 4293 ι

2016 4330 2204 4400 inquit,
2240 4348 2260 4382 ι
2292 4329 2382 4400 qui
2410 4329 2575 4383 Adam
2604 4344 2668 4384 ex
2712 4330 2839 4384 limo
2887 4330 3057 4385 fuerat
3095 4329 3401 4395 fabriciilus,
3429 4329 3596 4385 Evam

2016 4422 2312 4477 Construxit
2341 4437 2371 4477 e
2396 4431 2542 4476 eusta
2566 4420 2720 4492 (Gen.
2752 4438 2807 4489 ιι,
2829 4421 2944 4495 29.),
2968 4431 3023 4477 ct
3045 4422 3178 4476 dixit
3203 4441 3218 4477 :
3248 4420 3374 4475 [lare
3402 4422 3601 4476 vocabi-

2018 4525 2100 4567 tur
2138 4511 2271 4573 Vita.
2299 4515 2538 4585 quoniam
2574 4524 2733 4569 mater
2755 4526 2825 4568 est
2851 4516 3074 4568 omnium
3112 4516 3399 4570 viventium.
3430 4533 3450 4567 ι
3483 4513 3598 4570 Non

2016 4604 2231 4675 quidem
2259 4606 2327 4658 ita
2355 4606 2608 4673 scriptum
2640 4614 2721 4660 cst
2743 4622 2757 4659 :
2776 4606 2870 4660 sed
2897 4605 3022 4676 quid
3047 4605 3114 4658 ad
3137 4605 3272 4660 nos?
3297 4604 3593 4660 solt-tenim

2016 4694 2259 4749 accidere
2288 4705 2343 4747 ut
2371 4695 2624 4749 memoria
2657 4694 2803 4749 fallat
2830 4697 2880 4749 in
2904 4696 3102 4761 verbis,
3134 4696 3257 4749 dum
3287 4706 3461 4749 tamen
3479 4711 3601 4751 sen-

2018 4784 2183 4839 tentia
2216 4784 2514 4840 teneatnr‘.
2542 4784 2650 4841 Nec
2703 4785 2826 4839 Eva:
2873 4802 3097 4849 nomen,
3144 4796 3199 4842 ut
3242 4788 3600 4856 appellaretur

2022 4873 2157 4937 Vita,
2182 4875 2605 4944 lleusimposuit,
2624 4875 2717 4931 sed
2740 4878 2979 4931 maritus.
3009 4877 3098 4932 Sic
3114 4878 3253 4931 enim
3281 4878 3470 4948 legitur
3491 4894 3505 4931 :
3526 4875 3599 4935 Et

2018 4967 2204 5019 rat-urit
2228 4965 2392 5020 Adam
2417 4982 2593 5020 nomen
2622 4967 2792 5020 uxoris
2813 4982 2920 5022 sure
2944 4966 3077 5036 Vita,
3097 4968 3335 5039 quoniam
3352 4968 3463 5040 ipsa
3480 4986 3596 5024 nta-

2010 5142 2110 5205 jam
2155 5142 2217 5209 ab
2254 5143 2462 5191 Honorio
2504 5143 2802 5209 imperatore
2843 5146 3147 5205 constitutas,
3184 5158 3387 5209 quarum
3410 5159 3603 5200 terrore

2033 5176 2110 5191 α...
2155 5176 2217 5189 ...ι
2256 5176 2462 5191 ..υηυηυ
2505 5176 2757 5192 ,ωε-,ι
2890 5176 2902 5190 .
3446 5176 3460 5181 -
3531 5176 3542 5194 .

2020 5176 2520 5270 perculsosboznant‘s
2542 5176 2745 5254 ciericos
2774 5176 2889 5254 Em?

2019 5265 2576 5338 crimenadmitterewt
2611 5270 2976 5338 [ronuntiarent
3006 5265 3450 5338 malam:hoininuin_
3489 5286 3602 5321 esse

2019 5334 2271 5389 naturam,
2317 5327 2693 5377 ealumniai-atur
2735 5328 2979 5386 Julianus,
3029 5338 3081 5381 ut
3124 5331 3396 5381 videbimus
3441 5334 3597 5389 iuri,

2019 5386 2066 5435 iu
2087 5388 2213 5456 ΔΙὶιιιευ
2229 5390 2443 5456 secundo
2460 5396 2624 5437 contra
2661 5391 2781 5439 duas
2812 5392 3039 5456 Epistolas
3069 5392 3461 5456 Pelagianorum,
3482 5409 3528 5442 ιι.
3548 5386 3597 5441 3.

2086 5450 2100 5515 ξ
2142 5458 2237 5496 Ain.
2265 5454 2338 5497 ΕΓ.
2364 5458 2417 5500 et
2438 5464 2611 5515 omnes
2639 5460 2761 5515 issu,
2785 5450 3015 5515 maligna.

2082 5510 2102 5540 ¹
2127 5516 2201 5558 Er.
2227 5515 2287 5579 et
2301 5513 2598 5579 posteriores
2618 5514 2857 5579 editiones
2877 5510 3075 5577 addunt,
3294 5521 3394 5566 Eon
3413 5520 3520 5563 erat
3541 5525 3590 5564 ιιι

2019 5575 2149 5634 uss,
2170 5583 2262 5634 nec
2280 5570 2586 5634 ineleganter
2608 5576 2860 5625 omittitur.

2086 5633 2107 5705 ξ
2140 5632 2275 5705 editi,
2299 5630 2903 5705 h.oc.'llures.Mss..huic.
3100 5703 3109 5705 4
3357 5694 3368 5705 ,
3539 5694 3551 5705 ,

2084 5692 2105 5723 ⁸
2148 5699 2271 5758 l.ov._
2292 5692 2499 5758 alarque
2531 5696 2719 5758 deinec;
2739 5711 2764 5745 s
2792 5700 3062 5753 editiones,
3093 5703 3307 5746 teneatur
3349 5694 3398 5745 in
3421 5692 3592 5758 fibris.

2024 5761 2176 5801 tmere
2214 5754 2541 5804 additamento
2583 5754 2810 5807 care-fatu
2866 5767 3064 5807 veteres
3094 5757 3217 5807 libri.
3264 5758 3375 5805 \idn-
3421 5754 3508 5809 lib.
3569 5761 3593 5808 4

2021 5829 2075 5879 ιιι
2094 5830 2163 5865 et'.
2194 5815 2401 5879 Imperii,
2422 5830 2525 5880 cap.
2552 5821 2595 5867 6.
