4144 6580
564 506 667 565 “5

564 632 638 675 ter
657 631 729 674 est
750 625 974 677 omnium
993 621 1252 676 riorrztium
1272 617 1420 692 (Cen.
1443 636 1518 687 ιιι,
1538 619 1652 692 20).
1673 617 1779 676 Sed
1808 620 1909 676 hoc
1940 619 2131 674 fortas-

562 716 636 767 sis
664 713 731 767 ita
768 711 1111 778 intellexerit,
1143 721 1197 766 ttt
1247 712 1384 767 Deus
1430 727 1524 782 per
1561 711 1731 766 Adam
1781 727 1971 766 nomen
2005 709 2137 766 illud

565 805 686 858 ilva:
719 804 1034 875 imposuisse
1058 804 1325 869 credatur,
1355 814 1601 874 tanquam
1634 819 1728 875 per
1764 802 2076 873 prophetam
2097 804 2136 856 ¹.

562 894 690 947 Nam
724 898 774 951 in
804 895 905 950 hoc
933 894 1074 966 quod
1105 895 1368 965 appellata
1396 903 1477 949 est
1509 895 1623 950 \‘ita
1656 904 1931 964 materque
1957 896 2139 949 viven-

562 988 713 1049 tium,
748 1003 992 1058 magnum
1015 998 1096 1042 est
1117 987 1368 1043 Ecclesia:
1397 995 1806 1052 sacramenttnu,
1837 985 1978 1041 unde
2000 1001 2141 1041 nunc

560 1077 826 1135 d;sscrcre
862 1080 1074 1149 longum
1105 1088 1202 1142 est,
1236 1087 1289 1133 et
1314 1088 1561 1148 suscepto
1585 1079 1731 1147 operi
1762 1094 1868 1132 non
1897 1092 2143 1133 necessa-

567 1172 718 1224 rium.
752 1170 883 1225 Nam
906 1179 956 1225 et
994 1170 1120 1225 illud
1164 1170 1303 1241 quod
1354 1169 1480 1224 dicit
1505 1170 1809 1240 Apostolus,
1836 1169 2141 1225 Sacramen-

483 1244 488 1249 ”
564 1277 670 1318 mni
697 1266 791 1319 hoc
818 1282 1054 1337 magnum
1080 1275 1172 1331 est,
1202 1281 1294 1334 ego
1319 1274 1487 1319 autem
1516 1264 1627 1318 dico
1670 1265 1722 1318 in
1768 1263 1966 1319 Christo
2004 1274 2049 1318 et
2087 1265 2139 1318 in

568 1355 830 1419 Ecclesia;
860 1358 973 1427 ipse
1000 1356 1164 1410 Adam
1195 1356 1348 1418 dixit,
1371 1354 1588 1425 Propter
1608 1356 1703 1409 hoc
1723 1356 1964 1426 relinquet
1990 1356 2139 1409 homo

563 1458 769 1502 matrem
812 1460 857 1503 et
899 1459 1121 1518 putrem,
1150 1457 1198 1502 et
1243 1447 1513 1501 adhaerebit
1555 1446 1700 1501 uxori
1743 1462 1885 1512 sum;
1921 1456 1966 1499 et
1992 1456 2138 1500 erant

562 1540 663 1592 duo
687 1540 737 1593 in
757 1556 909 1594 carne
932 1557 1051 1593 una.
1075 1539 1223 1609 Quod
1246 1550 1417 1593 tamen
1446 1540 1697 1593 Dominus
1714 1538 1867 1594 Jesus
1894 1539 1945 1593 in
1971 1539 2140 1592 Evan-

559 1630 701 1699 gelio
732 1631 892 1684 Deum
930 1629 1128 1687 dixisse
1176 1618 1560 1685 commemorat
1590 1629 1804 1702 (Ep/tes.
1840 1645 1889 1695 v,
1918 1630 2006 1696 5!,
2035 1630 2135 1696 5‘2;

563 1719 688 1774 Gen.
726 1736 781 1785 tt,
813 1721 899 1785 2t,
934 1733 981 1775 et
1028 1720 1212 1773 Matth.
1259 1736 1374 1786 xxx,
1419 1721 1473 1785 4,
1514 1721 1568 1788 5)
1598 1737 1610 1773 :
1636 1720 1757 1791 quia
1788 1720 1930 1775 Deus
1959 1721 2138 1790 utique

561 1824 657 1879 per
681 1809 951 1866 hominem
980 1810 1132 1877 dixit,
1159 1811 1298 1881 quod
1346 1811 1505 1864 homo
1550 1810 1917 1881 prophetando
1949 1812 2139 1881 pra-di-

563 1902 654 1955 xit.
683 1903 819 1968 Ergo
847 1918 964 1972 qua:
1008 1913 1303 1972 sequuntur
1348 1903 1587 1959 intuere:
1614 1922 1634 1957 ο
1668 1904 1866 1967 Prima,
1900 1924 1917 1957 ι
1947 1905 2135 1974 inquit,

562 2011 582 2045 ι
611 1996 983 2063 appedatione,
1026 1997 1110 2051 cui
1151 1997 1297 2065 Operi
1341 2005 1517 2066 parata
1566 2006 1731 2063 esset,
1774 1997 2029 2063 ostendit,
2083 2008 2138 2053 ct

555 2084 690 2140 dixit
732 2103 744 2137 :
784 2084 999 2139 Crescite
1037 2096 1082 2140 et
1126 2086 1562 2157 multiplicamini,
1593 2098 1639 2141 et
1669 2088 1853 2155 replete
1891 2096 2076 2141 terram
2110 2108 2130 2141 ›

556 2172 712 2243 (Gen.
746 2191 782 2238 ι,
825 2176 939 2248 28).
969 2177 1100 2246 Quis
1146 2178 1286 2232 cnim
1337 2186 1573 2233 nostrum
1612 2190 1766 2251 negat
1796 2178 1861 2233 ad
1897 2195 2031 2250 opus
2053 2195 2138 2250 pa-

557 2264 728 2321 riendi
754 2281 783 2320 a
813 2267 1037 2321 Domino
1065 2268 1174 2321 Deo
1195 2275 1437 2323 creatore
1458 2268 1692 2322 omnium
1717 2269 1975 2324 bonomut
1994 2269 2137 2326 bono

558 2366 906 2424 praeparatam
936 2357 1098 2411 fuisse
1126 2357 1449 2413 mulierem?
1480 2359 1665 2414 Adhuc
1701 2359 1822 2415 vide
1865 2360 1989 2430 quid
2043 2362 2138 2416 ad-

552 2448 775 2516 jungat:
799 2466 816 2498 ι
852 2448 987 2502 Dens
1017 2450 1194 2517 igitur,
1224 2469 1241 2502 I
1264 2450 1480 2520 inquit,¢
1502 2452 1665 2506 maris
1685 2463 1891 2508 creator
1917 2454 2137 2510 etfemi‘

557 2553 641 2591 ua:
670 2539 1041 2593 coimnientia
1066 2540 1499 2609 generatimiibns
1521 2542 1755 2597 membra
1782 2542 2048 2608 formavit,
2081 2554 2136 2601 et

555 2628 696 2699 gigni
745 2644 968 2697 corpora
1013 2630 1081 2685 de
1129 2633 1440 2701 corporibus
1478 2633 1773 2701 ordinavit;
1805 2650 2028 2706 quorum
2066 2645 2138 2691 ta-

558 2734 681 2773 men
743 2718 1042 2776 efficientia)
1101 2723 1334 2791 potentia
1404 2725 1726 2794 operationis
1791 2727 2130 2795 intervenit',

555 2826 715 2864 amne
743 2812 884 2880 quod
915 2827 994 2867 ρει
1015 2829 1075 2866 ea
1100 2814 1479 2870 administrans
1498 2818 1690 2872 virtute
1715 2832 1819 2888 qua
1838 2818 2130 2873 condidit.»

561 2903 732 2956 Etiam
788 2903 886 2958 hoc
944 2918 1064 2959 esse
1113 2904 1430 2960 catholicum
1482 2906 1818 2964 confitemur.
1876 2909 1945 2965 Et
1992 2910 2134 2981 quod

565 2995 760 3050 deinde
807 2996 1077 3067 sulijungit
1112 3016 1124 3051 :
1162 3016 1181 3051 ι
1230 2999 1282 3054 Si
1332 3000 1510 3071 igitur,
1559 3019 1580 3054 ι
1640 3002 1829 3072 inquit,
1864 3022 1883 3055 ι
1922 3004 2135 3059 nonnisi

522 3100 527 3105 '
568 3103 663 3155 per
689 3103 873 3143 sexum
906 3092 1063 3157 fetus,
1098 3093 1305 3147 nonnisi
1351 3110 1444 3163 per
1480 3110 1674 3166 corpus
1709 3111 1891 3166 sexus,
1921 3099 2135 3155 nonnisi

559 3191 655 3244 per
685 3177 848 3233 Deum
888 3195 1112 3250 corpus,
1152 3184 1273 3253 quis
1326 3185 1560 3256 ambigat
1605 3187 1982 3245 fecunditatem
2025 3191 2136 3248 Deo

554 3268 676 3336 jure
703 3270 976 3338 reputari?
1011 3289 1031 3332 ξ

632 3359 716 3412 l3.
751 3358 877 3415 Post
907 3360 1020 3416 lure
1045 3378 1163 3434 qum
1183 3365 1441 3420 veraciter
1464 3378 1515 3422 et
1540 3368 1797 3425 eatholice
1826 3371 1961 3427 dicta
1990 3381 2132 3443 sunt,

480 3436 485 3441 ’
559 3450 666 3504 imo
693 3450 743 3505 in
772 3451 963 3508 divinis
991 3455 1136 3509 libris
1162 3459 1423 3512 veraciter
1457 3461 1648 3530 scripta
1671 3504 1685 3528 ,
1719 3477 1820 3517 nou
1850 3473 2024 3520 autem
2069 3466 2135 3523 ab

557 3546 659 3598 leto
681 3544 937 3601 catholice
962 3547 1098 3602 dicta
1128 3559 1283 3616 sunt,
1311 3552 1432 3620 quia
1475 3568 1578 3606 non
1622 3553 1918 3611 intentione
1947 3558 2134 3611 catho-

558 3633 641 3688 lici
674 3640 897 3704 peetoris
939 3639 1077 3693 dicta
1121 3650 1276 3706 sunt;
1317 3643 1427 3712 jam
1458 3655 1674 3714 propter
1699 3647 1836 3715 quod
1867 3663 1927 3703 ea
1956 3649 2091 3704 dixit
2118 3691 2133 3713 ,

560 3724 835 3796 Pelagiana
880 3738 932 3783 et
961 3731 1278 3785 (Imlesliaua
1323 3734 1540 3787 harresis
1581 3736 1762 3805 incipit
1809 3738 2133 3795 introduci’.

559 3816 792 3886 Namque
818 3821 1032 3874 attende
1057 3823 1194 3891 quod
1219 3825 1458 3893 sequitur
1487 3841 1501 3877 :
1542 3843 1559 3876 ι
1598 3827 1675 3880 Tu
1705 3844 1850 3893 vero,
1891 3849 1909 3881 ι
1945 3831 2133 3900 inquit,

564 3925 584 3958 ι
619 3909 705 3977 qui
751 3910 919 3972 dicis,
953 3912 1164 3982 anque
1208 3913 1274 3968 de
1321 3914 1627 3982 patientibus
1668 3919 2138 3991 qualihnst-umque

560 4012 861 4068 nascantur,
896 4020 997 4057 non
1030 4021 1284 4075 negamus
1311 4007 1483 4061 adhuc
1512 4023 1629 4063 esse
1658 4011 1755 4063 sub
1782 4010 2009 4073 diabolo.
2038 4015 2136 4069 nisi

559 4108 901 4149 renascantur
923 4098 972 4149 in
1000 4097 1210 4152 Christo
1233 4117 1245 4153 :
1267 4101 1485 4155 ostende
1511 4117 1635 4170 ergo
1658 4118 1815 4166 nunc,
1837 4105 1958 4173 quid
1982 4121 2134 4160 suum

557 4183 800 4240 diabolus
821 4198 1105 4257 cognoscat
1130 4190 1178 4241 in
1224 4191 1436 4243 sexihus
1456 4234 1468 4253 ,
1502 4209 1596 4260 per
1624 4195 1760 4264 quod
1792 4194 2012 4249 rt‘ll-“ltlllt
2041 4213 2135 4252 co-

560 4289 698 4339 rum,
732 4286 790 4329 ut
816 4279 964 4341 dicis,
991 4279 1108 4345 jure
1153 4280 1437 4348 possideat.
1470 4281 1840 4339 Diversitatcm
1872 4291 2137 4344 sexuum?

557 4364 661 4419 Sed
687 4364 798 4419 haec
829 4368 877 4420 in
904 4371 1216 4440 corporibus
1241 4383 1319 4425 est
1340 4416 1353 4438 ,
1380 4390 1495 4443 quae
1525 4376 1658 4430 Dens
1692 4377 1831 4431 fecit.
1863 4378 2136 4435 Cutumixo

560 4458 796 4511 tionem?
824 4460 927 4513 Sed
960 4476 1061 4514 non
1110 4464 1282 4518 minus
1328 4465 1710 4524 benedictionis
1737 4486 1891 4538 quant
1924 4471 2133 4527 institu-

561 4546 720 4601 tionis
764 4551 1034 4620 privilegio
1070 4553 1381 4609 vindicatur.
1415 4555 1523 4610 Vox
1569 4560 1709 4613 enim
1751 4562 1840 4615 Dei
1872 4575 1951 4615 est
1986 4581 1999 4618 :
2034 4564 2134 4618 Ile-

560 4643 747 4712 linqnct
790 4646 937 4697 homo
982 4656 1172 4715 putrem
1215 4659 1260 4702 e't
1309 4659 1549 4716 matrem,
1600 4664 1650 4706 ct
1683 4653 1951 4709 atl/ttvrcbit
1993 4659 2137 4711 uxori

557 4748 702 4797 ante;
729 4745 775 4787 ει
801 4746 943 4788 erunt
984 4737 1085 4790 duo
1112 4739 1163 4792 it:
1198 4756 1350 4793 carm:
1390 4758 1507 4793 una.
1553 4739 1666 4795 Vox
1700 4744 1785 4797 Dei
1828 4756 1905 4799 est
1941 4764 1953 4799 :
1989 4747 2135 4801 (Ires-

558 4825 685 4889 cite,
731 4836 776 4879 et
820 4827 1256 4895 multiplicamini,
1307 4842 1350 4884 et
1396 4833 1579 4902 replete
1624 4845 1825 4889 terram.
1876 4840 1954 4893 An
2002 4840 2137 4895 forte

561 4915 726 4981 ipsam
758 4916 1172 4975 fecunditatem?
1199 4922 1303 4976 Sed
1335 4924 1442 4991 ipsa
1471 4934 1551 4978 est
1576 4925 1796 4981 instituti
1828 4944 1983 4982 ('illloii
2011 4946 2139 4984 con-

554 5006 704 5077 jugii.
748 5027 767 5060 ι

558 5093 565 5100 ’
628 5096 854 5154 CAPUT
888 5099 949 5154 γ.
980 5132 1050 5141 -—
1079 5103 1165 5158 14.
1201 5103 1361 5160 Vides
1391 5104 1546 5176 igitur
1569 5110 2012 5179 qttetnadmodtnn
2041 5130 2136 5166 nos

558 5188 868 5259 interroget,
899 5192 1023 5261 quid
1054 5209 1206 5248 suum
1235 5195 1478 5252 diabolus
1503 5210 1790 5270 cognoscat
1819 5203 1868 5256 in
1899 5204 2132 5272 senibus,

560 5296 654 5347 per
678 5281 816 5351 quod
846 5284 944 5337 sub
974 5285 1064 5339 illo
1102 5289 1242 5353 sint,
1287 5289 1375 5358 qui
1420 5290 1486 5345 de
1532 5295 1835 5361 parentibus
1863 5297 2133 5365 qualibus-

557 5385 785 5440 cumque
806 5387 1112 5445 nascuntur,
1132 5379 1231 5434 nisi
1251 5395 1592 5438 renascantur
1618 5386 1666 5439 in
1696 5387 1938 5443 Christo:
1960 5402 2135 5444 utrunt

558 5462 917 5521 diversitatem
945 5484 1164 5525 sexuum
1188 5472 1425 5529 dicamus
1452 5477 1515 5529 ad
1538 5477 1801 5532 diaboltnn
1828 5483 2092 5550 pertinere
2116 5525 2131 5550 ,

621 5642 639 5719 ξ
675 5647 873 5719 amLEr.
893 5650 941 5719 et
968 5642 1189 5719 plerique
1335 5648 1687 5719 ,_prq,vilt.‘ti.'tttt.

618 5704 640 5734 ³
673 5702 807 5760 l-lditi,
835 5702 1037 5789 potentia
1083 5702 1172 5759 Dei
1203 5702 1489 5789 opgt'ttlionis
1520 5711 1785 5789 it‘ttcrrenit.
1825 5717 2138 5789 A_hest,ﬂltct',

556 5774 584 5812 a
620 5769 970 5827 manuscriptis,
996 5780 1185 5818 necnon
1211 5782 1238 5817 a
1262 5769 1386 5820 lituo
1425 5781 1600 5881 quarto
1641 5778 1808 5834 operis
1850 5769 2135 5845 tropei-tecti,

557 5836 663 5888 Cap.
685 5826 734 5874 ὅ.
759 5829 938 5888 Pendet
959 5832 1203 5880 sententia
1228 5839 1324 5882 tota
1343 5834 1404 5881 ab
1429 5835 1439 5882 i
1466 5835 1520 5883 lis
1539 5837 1699 5884 verbis
1718 5871 1731 5888 ,
1768 5846 1884 5887 tiens
1909 5840 2073 5888 tuiz‘ttr.

557 5836 663 5917 Cap.
685 5836 734 5874 5.
759 5836 938 5898 l‘ctltlet
959 5836 1324 5902 sentcntiatota
1343 5836 1404 5881 ab
1429 5836 1520 5883 illis
1539 5837 1699 5901 verbis
1718 5871 1731 5893 ,
1768 5846 1884 5887 tiens
1909 5836 2073 5903 igitur.

594 5946 604 5955 _
674 5887 887 5955 Ninniulh
910 5898 1028 5947 uss,
1057 5891 1363 5955 I'elttgmnmu
1386 5902 1431 5944 et
1453 5901 1637 5946 [ιι-(θεῖα
1656 5911 1779 5946 «Νιξηι
1824 5899 2040 5952 lori-estut
2065 5914 2137 5951 m-

558 5946 671 6001 cizut
694 5948 771 5997 int
789 5951 1012 5999 θεωρία-ε.

1366 508 1453 565 DE
1491 508 1758 566 NUPTIlS
1799 509 1885 564 ΕΤ
1926 508 2525 576 ΟΟΧΟΟΡᾹΞΕΕΝΤΜ,
2569 513 2623 569 S.
2670 512 3031 570 AUGUSTINI

3718 520 3822 578 ιιι

2247 633 2313 674 an
2343 622 2805 687 cnnnnixtionctn,
2849 641 2914 679 an
2942 629 3110 695 ipsam
3139 624 3532 685 fecunditatem.
3577 630 3822 702 Respon-

2245 707 2432 765 demns
2459 712 2653 783 itaque,
2674 713 2802 769 nihil
2831 716 3015 770 horum
3036 734 3048 771 :
3069 717 3192 788 quia
3220 727 3274 774 et
3293 718 3571 778 diversitas
3600 739 3823 781 Sextium

2248 805 2471 870 pertinet
2501 804 2563 858 ad
2594 820 2715 861 vasa
2742 807 3063 879 gignentium
3086 851 3099 875 ,
3131 818 3187 865 et
3214 810 3486 881 utriusque
3515 816 3825 873 conunixtio

2245 892 2309 945 ad
2332 895 2733 951 st-Iniuatiam-m
2759 898 2981 967 pertinet
3012 899 3241 954 filiorum
3266 942 3281 967 ,
3311 912 3362 957 et
3389 902 3500 971 ipsa
3529 902 3825 961 fecunditas

2245 986 2308 1038 ad
2335 985 2752 1044 benedictionem
2776 990 3000 1060 pertinet
3023 991 3341 1061 nuptiarum.
3368 993 3491 1049 llaec
3511 1005 3687 1051 autem
3707 1012 3826 1052 oni-

2247 1078 2328 1132 nia
2358 1095 2419 1133 ev
2451 1080 2555 1133 Deo
2588 1098 2601 1134 :
2634 1082 2726 1136 sed
2756 1083 2854 1138 iste
2894 1084 2944 1138 in
2975 1083 3056 1137 his
3080 1084 3323 1139 omnibus
3352 1088 3519 1141 noluit
3549 1092 3821 1145 nominare

2243 1171 2720 1237 Concupiscentiam
2750 1172 2944 1238 carnis,
2974 1191 3088 1242 qua:
3122 1191 3227 1229 non
3254 1184 3333 1229 est
3363 1191 3390 1227 a
3425 1175 3599 1241 Patre,
3633 1177 3726 1232 sed
3755 1194 3818 1233 cx
3902 1197 3912 1205 ·

2244 1259 2442 1313 mundo
2470 1272 2547 1314 cst
2574 1261 2613 1330 (Ι
2640 1260 2796 1317 Joun.
2828 1280 2863 1318 ιι
2884 1305 2898 1323 .
2934 1264 3057 1334 lii);
3090 1265 3240 1334 cujus
3269 1266 3447 1319 mundi
3474 1268 3715 1337 princeps
3739 1268 3819 1323 di-

2243 1359 2359 1402 ctus
2394 1357 2475 1404 est
2516 1350 2757 1405 diabolus
2789 1371 2801 1406 :
2836 1354 2924 1422 qui
2953 1367 3070 1407 eam
3102 1354 3152 1407 itt
3185 1355 3407 1408 Domino
3449 1372 3551 1409 non
3581 1356 3820 1421 invenit,

2242 1438 2362 1508 quia
2391 1439 2639 1496 Dominus
2664 1444 2679 1472 ‘
2712 1440 2871 1495 homo
2904 1461 3005 1497 non
3050 1460 3143 1514 per
3171 1445 3334 1513 ipsam
3362 1446 3426 1499 ad
3460 1446 3698 1501 homines
3728 1464 3822 1502 ve-

2244 1530 2319 1580 nit
2350 1546 2362 1578 :
2396 1529 2534 1583 unde
2564 1530 2688 1584 dicit
2715 1536 2872 1585 etiam
2916 1532 3062 1602 ipse,
3097 1533 3224 1587 Ecce
3255 1536 3377 1589 venit
3409 1541 3643 1607 princeps
3668 1537 3823 1608 han

2243 1619 2419 1671 mundi
2436 1660 2449 1682 ,
2482 1629 2528 1673 et
2557 1621 2607 1675 in
2636 1638 2712 1675 me
2742 1623 2868 1676 nihil
2894 1625 3117 1677 invenit‘
3151 1625 3326 1695 (Joun.
3361 1644 3444 1682 κη’
3466 1669 3480 1691 ,
3512 1630 3604 1699 50)
3639 1647 3652 1683 :
3690 1631 3821 1685 nihil

2242 1708 2419 1778 utique
2447 1712 2663 1779 peccati,
2688 1726 2784 1766 nec
2813 1713 2952 1781 quod
2974 1730 3000 1765 a
3024 1724 3269 1769 nascente
3296 1717 3539 1782 trahitur,
3561 1735 3655 1773 ηυι·
3678 1720 3819 1790 quod

2239 1813 2269 1852 a
2311 1801 2522 1855 vivente
2558 1802 2788 1856 additur.
2825 1803 2967 1859 lianc
2998 1806 3095 1858 iste
3137 1808 3304 1861 noluit
3347 1811 3623 1865 nominare
3653 1811 3703 1865 in
3736 1812 3819 1867 his

2239 1892 2485 1947 omnibus
2503 1934 2520 1961 ,
2545 1909 2661 1964 que
2687 1898 3159 1965 commemoravit,
3193 1900 3518 1956 naturalibus
3544 1903 3695 1957 bonis
3712 1946 3728 1969 ,
3750 1906 3821 1960 de

2239 1996 2338 2051 qua
2360 1983 2518 2067 e‘tiam
2547 1985 2742 2054 nuptia:
2762 1986 3174 2052 confunduntur,
3194 2006 3310 2059 qua:
3336 1989 3403 2045 de
3426 1991 3507 2045 his
3534 1991 3681 2047 bonis
3702 2009 3821 2048 om-

2241 2073 2392 2127 nibus
2416 2075 2723 2144 gloriantur.
2760 2077 2886 2133 Nain
2911 2094 3072 2150 quare
3104 2081 3228 2136 illud
3260 2100 3391 2152 opus
3416 2086 3814 2156 c0ajogatorutn

2239 2164 2566 2220 subtrahitur
2590 2177 2643 2222 et
2665 2169 3007 2225 absconditur
3032 2172 3188 2226 etiam
3218 2173 3388 2228 oculis
3420 2174 3647 2231 filiorum
3667 2218 3683 2244 ,
3716 2178 3815 2233 nisi

2239 2256 2359 2325 quia
2384 2271 2488 2312 non
2512 2271 2730 2328 possunt
2758 2276 2877 2317 esse
2902 2263 2952 2317 in
2977 2263 3236 2319 laudanda
3263 2269 3673 2337 commixtione,
3702 2263 3819 2328 sine

2239 2346 2483 2417 pudenda
2511 2350 2765 2406 libidine?
2792 2352 2865 2407 De
2891 2352 2989 2407 hac
3014 2355 3338 2411 erubuerunt
3364 2360 3521 2412 etiam
3547 2359 3637 2431 qui
3664 2364 3815 2430 primi

2239 2437 2485 2522 pudenda
2519 2448 2767 2496 texerunt
2812 2442 2961 2515 (Gen.
2994 2460 3084 2508 nt,
3112 2446 3202 2515 7),
3242 2463 3360 2518 qua:
3388 2456 3534 2519 prius
3570 2452 3814 2522 pudenda

2238 2545 2346 2585 non
2377 2516 2621 2600 fuerunt,
2649 2534 2742 2589 sed
2784 2545 3029 2606 tanquam
3064 2538 3154 2593 Dei
3182 2516 3341 2609 Opera
3374 2543 3701 2611 pra'dicmtda
3733 2558 3815 2599 at-

2237 2636 2341 2691 que
2364 2622 2634 2692 glorianda
2656 2623 2696 2677 ³.
2725 2624 2873 2682 Tunc
2899 2642 3026 2697 ergo
3054 2636 3331 2696 texerunt,
3355 2632 3566 2702 quando
3591 2636 3818 2691 erubue-

2237 2721 2407 2767 runt:
2441 2719 2566 2769 tunc
2601 2725 2777 2772 autem
2817 2718 3173 2782 erubuerunt,
3214 2722 3427 2791 quando
3468 2732 3586 2792 post
3627 2725 3814 2783 inobeo

2236 2803 2489 2859 dientiam
2527 2820 2677 2861 suam
2716 2806 3072 2865 inobedientia
3115 2814 3351 2868 membra
3393 2824 3690 2871 senserunt.
3740 2817 3816 2875 De

2239 2895 2338 2951 hac
2386 2895 2598 2975 erubuit
2651 2900 2810 2954 etiam
2868 2900 2966 2956 iste
3020 2902 3260 2959 laudator
3311 2922 3326 2961 :
3381 2912 3817 2968 commemoravit

2236 2986 2378 3043 enim
2432 3003 2660 3044 sexuum
2715 2991 3121 3060 diversitatem,
3177 3000 3613 3055 Commemoravit
3664 3016 3814 3056 com-

2238 3077 2578 3146 mixtiouem,
2611 3085 3047 3138 commemoravit
3076 3085 3481 3154 fecunditatem;
3515 3088 3658 3146 illam
3688 3107 3816 3149 vero

2236 3184 2657 3227 commemorare
2685 3174 3069 3230 verecundatus
3110 3187 3212 3232 est.
3257 3177 3364 3234 Nec
3392 3180 3584 3235 mirum
3626 3182 3671 3237 si
3714 3198 3817 3256 pu-

2236 3262 2325 3318 det
2375 3263 2686 3333 laudautcs,
2740 3266 2879 3337 quod
2928 3268 3169 3324 videmus
3218 3272 3361 3341 ipsos
3408 3272 3607 3343 pudere
3651 3292 3817 3347 gene-

2236 3364 2436 3410 rantes.

2311 3450 2398 3504 15.
2429 3447 2537 3505 Sed
2568 3449 2837 3520 adjuugit,
2881 3460 2934 3506 et
2963 3452 3089 3508 dicit
3123 3473 3136 3509 :
3174 3474 3193 3507 ι
3231 3455 3334 3512 Per
3360 3458 3483 3527 quid
3523 3459 3680 3528 igitur
3719 3462 3816 3517 Sub

2239 3539 2448 3595 diabolo
2474 3551 2620 3605 sntit,
2640 3558 2772 3612 quos
2800 3544 2937 3599 Deus
2965 3544 3119 3600 fecit?
3148 3566 3167 3598 ι
3193 3546 3409 3617 Sibique
3435 3549 3594 3604 veluti
3624 3567 3690 3606 ex
3722 3569 3817 3605 no-

2239 3638 2348 3685 stra
2378 3648 2506 3687 voce
2536 3634 2857 3703 rCSpoudct:
2888 3654 2906 3687 ι
2939 3636 3038 3690 Per
3068 3651 3362 3706 peccatum,
3394 3661 3412 3693 ι
3441 3640 3627 3711 inquit,
3662 3662 3679 3695 ι
3712 3662 3816 3698 non

2241 3736 2336 3791 per
2362 3732 2621 3776 naturam.
2663 3742 2682 3777 ι
2720 3725 2916 3780 Deinde
2955 3737 3147 3781 ιιοειι·;υ
3179 3732 3506 3799 τεεροιιείοιιί
3537 3751 3683 3786 suam
3730 3752 3811 3789 re-

2241 3810 2420 3866 ferens
2452 3830 2465 3866 :
2504 3831 2522 3865 ι
2559 3812 2662 3869 Sed
2692 3824 2871 3870 utnon
2895 3828 3085 3887 potest,
3127 3838 3147 3871 ι
3184 3821 3369 3891 inquit,
3409 3842 3426 3875 ι
3465 3824 3579 3877 sine
3606 3828 3818 3879 sexihus

2240 3915 2361 3956 esse
2389 3903 2542 3970 fetus,
2566 3906 2630 3958 ita
2661 3921 2759 3959 nec
2784 3908 2898 3962 sine
2929 3910 3196 3964 voluntate
3221 3912 3491 3967 delictum.
3524 3934 3541 3966 ι
3573 3916 3643 3968 lla
3672 3933 3817 3981 vero,

2241 3990 2310 4044 ita
2332 4002 2429 4046 est.
2462 3993 2549 4048 Sic
2578 3997 2717 4048 enim
2745 4014 2835 4068 per
2872 4015 3025 4051 unum
3054 4001 3301 4055 hominem
3337 4017 3592 4073 peccatum
3620 4009 3817 4063 intrnttt

2239 4083 2292 4134 in
2323 4085 2586 4150 mundum,
2615 4096 2661 4138 et
2690 4104 2779 4154 per
2799 4100 3054 4156 peccomm
3085 4109 3255 4157 mors,-
3284 4108 3331 4146 et
3357 4096 3426 4148 ita
3454 4097 3505 4150 in
3535 4114 3705 4153 omnes
3730 4099 3821 4153 lto-

2242 4172 2399 4226 mines
2427 4176 2746 4243 pertransiit,
2780 4178 2831 4230 in
2870 4196 2967 4247 quo
2996 4197 3163 4234 omnes
3187 4196 3514 4251 pccrttverattt
3542 4188 3714 4257 (Itoni.
3751 4206 3778 4242 v
3801 4229 3817 4253 ,

2243 4263 2354 4333 12).
2385 4263 2486 4318 Per
2514 4266 2669 4320 unius
2706 4268 2844 4322 illius
2871 4270 3194 4325 voluntatem
3229 4275 3417 4328 malam
3447 4292 3634 4330 omnes
3663 4278 3715 4333 in
3756 4296 3819 4334 co

2244 4367 2613 4422 peccaverunt,
2641 4358 2850 4426 quando
2880 4377 3061 4415 omnes
3090 4362 3177 4417 ille
3208 4380 3344 4418 unus
3371 4364 3602 4433 fuerunt,
3629 4369 3695 4423 de
3718 4384 3821 4438 quo

2243 4456 2517 4519 propterea
2546 4448 2735 4518 singuli
2771 4461 3042 4519 peccatum
3074 4455 3328 4523 originale
3354 4464 3649 4513 traxerunt.
3686 4479 3704 4512 ι
3737 4438 3847 4514 Di:

2241 4538 2319 4589 iis
2347 4539 2507 4599 enim,
2552 4557 2568 4589 ι
2607 4539 2790 4609 inquit,
2830 4558 2849 4592 ι
2887 4541 3005 4598 ideo
3030 4543 3146 4596 illos
3176 4561 3292 4598 esse
3322 4547 3423 4600 sub
3446 4547 3678 4615 diabolo,
3702 4553 3819 4621 quia

2240 4629 2307 4682 de
2351 4644 2509 4682 sevus
2559 4631 2827 4700 utriusque
2865 4634 3244 4690 commixtione
3292 4648 3601 4693 nascuntur.
3642 4660 3660 4691 ι
3700 4642 3820 4704 Dico

2244 4719 2429 4788 plane,
2462 4729 2671 4787 propter
2699 4720 2947 4777 delictum
2977 4739 3068 4776 eos
3113 4742 3231 4779 esse
3276 4726 3377 4781 sub
3407 4727 3622 4784 diabolo
3655 4746 3669 4785 :
3702 4726 3821 4785 ideo

2242 4821 2417 4864 :tttlt'ttt
2446 4821 2692 4880 expertes
2722 4830 2824 4868 non
2853 4831 2971 4870 esse
2996 4816 3192 4880 delicti,
3214 4819 3332 4887 quia
3361 4819 3428 4874 de
3455 4821 3539 4875 illa
3566 4824 3823 4878 (εοιιιηιὶκ⁴

2245 4903 2384 4955 tione
2413 4913 2535 4956 sunt
2565 4904 2695 4968 nati,
2716 4922 2833 4973 qua:
2860 4908 2974 4959 sine
2998 4908 3237 4975 pudenda
3271 4909 3488 4966 libidine
3520 4930 3621 4965 non
3652 4923 3822 4982 potest

2242 4994 2399 5044 etiam
2419 4991 2556 5062 quod
2580 4991 2859 5047 honestum
2882 5005 2963 5049 est
2984 4999 3211 5067 operari.
3235 4999 3373 5059 Dixit
3397 5001 3496 5053 hoc
3516 5003 3675 5056 etiam
3701 5004 3819 5058 bea-

2245 5081 2459 5135 tissimrn
2489 5084 2757 5137 memoriae
2799 5086 3112 5141 Ambrosius
3145 5088 3393 5145 Ecclesia:
3419 5091 3822 5149 Mediolancnsis

2243 5176 2555 5244 episeopus,
2584 5190 2702 5230 cum
2729 5177 2925 5231 Christi
2953 5182 3217 5234 carnalem
3249 5184 3573 5238 nativitatem
3605 5187 3723 5241 ideo
3744 5188 3814 5240 di~

2242 5274 2387 5317 ceret
2412 5275 2683 5334 expertem
2711 5284 2828 5322 esse
2857 5268 3056 5335 delicti,
3078 5272 3197 5341 quin
3230 5285 3517 5344 Conceptus
3547 5276 3661 5346 ejus
3692 5280 3821 5331 utri-

2244 5370 2410 5424 “~un
2439 5372 2597 5410 sexus
2626 5360 3019 5414 contutixtiOuis
3046 5373 3125 5416 est
3152 5378 3375 5431 expers;
3410 5366 3613 5420 nullum
3646 5379 3819 5423 autem

2246 5443 2516 5499 hominum
2544 5464 2662 5501 esse
2705 5451 2818 5503 sine
2848 5451 3072 5516 delicto,
3101 5455 3190 5524 qui
3219 5455 3284 5510 dc
3313 5456 3399 5509 illa
3445 5459 3822 5517 cotntnixnoue

2244 5550 2531 5608 conceptus
2553 5542 2639 5593 sil.
2667 5541 2797 5595 t\'.nn
2823 5543 2936 5612 ejus
2967 5545 3128 5599 verba
3159 5546 3258 5601 ista
3284 5558 3445 5604 sunt:
3472 5567 3491 5601 ι
3521 5548 3665 5613 ldeo.
3697 5570 3717 5604 ι
3745 5554 3818 5613 in-

2244 5631 2351 5697 quit
2375 5672 2387 5692 ,
2425 5647 2445 5680 ι
2481 5640 2534 5684 et
2559 5632 2710 5701 quasi
2758 5632 2916 5687 homo
2944 5649 3040 5704 per
3070 5637 3315 5692 universa
3347 5648 3581 5697 tentatus
3625 5653 3708 5699 est
3729 5685 3743 5709 ,
3771 5655 3819 5699 et

2312 5783 2328 5852 ξ
2362 5784 2714 5852 uitiquissimtts
2736 5788 2932 5852 Benign.
2957 5795 3060 5852 Ms,
3101 5798 3240 5842 Deus.

2311 5847 2329 5875 π
2364 5843 2451 5891 ~oli
2477 5843 2582 5894 lere
2602 5848 2736 5904 editi,
2757 5843 2973 5899 ittréitiet.

2313 5906 2331 5934 ι
2358 5906 2537 5983 tiores.
2559 5908 3001 5983 scd‘rccentitrcs
3030 5918 3153 5973 tus-3.,
3177 5913 3422 5967 laudanda
3462 5925 3603 5982 atque
3644 5918 3820 5983 pretii?

2248 5968 2421 6027 (nido,
2446 5983 2607 6029 tuisse,
2624 5976 2757 6033 itque
2781 5972 3050 6034 glorianda.
