4144 6534
369 499 469 560 445

370 618 423 675 in
465 612 815 672 similitudine
838 609 1114 665 hominum
1143 608 1330 658 cuncta
1359 590 1605 651 sustinuit
1636 605 1651 643 :
1683 583 1777 642 scd
1803 578 1952 675 quasi

371 712 437 769 de
460 708 651 780 Spiritu
696 713 850 761 natus
869 744 886 769 ,
915 696 1167 755 abstinuit
1198 708 1227 747 a
1259 696 1477 760 peccato
1505 681 1691 759 (Hebr.
1720 693 1771 734 tv
1793 718 1806 742 ,
1838 671 1954 742 15).

369 802 552 861 Omnis
577 799 719 855 enim
752 795 915 851 homo
960 788 1180 845 mendas
1214 780 1385 853 (Paul.
1416 792 1554 843 csv,
1576 773 1635 844 9.)
1657 813 1673 838 ,
1704 779 1757 823 et
1797 780 1957 820 nemo

371 897 485 951 sine
512 899 765 962 peccato,
795 886 894 940 nisi
924 898 1061 938 unus
1089 880 1247 933 Deus.
1277 872 1558 929 Servatum
1588 872 1672 920 est
1699 862 1892 925 igitur,
1934 874 1952 906 ι

374 984 572 1056 inquit,
613 1002 632 1034 ι
663 991 718 1035 ιιι
744 996 807 1033 ex
837 976 952 1030 viro
980 983 1031 1028 cl
1060 970 1281 1026 muliere
1302 1008 1316 1030 ,
1348 963 1398 1017 id
1422 968 1535 1021 est,
1562 972 1654 1026 pcr
1679 954 1821 1008 illam
1843 964 1962 1002 cor-

376 1092 562 1151 parum
597 1068 1035 1129 cotnmixtionem
1062 1074 1220 1117 nemo
1247 1056 1490 1113 videatur
1514 1060 1707 1118 expers
1727 1056 1846 1096 esse
1867 1039 1962 1092 de-

379 1132 504 1225 iirti.
535 1166 635 1233 Qui
664 1170 842 1217 autem
872 1169 1072 1227 expers
1101 1160 1184 1208 est
1211 1145 1426 1210 delicti,
1457 1153 1649 1211 expers
1678 1143 1761 1190 est
1801 1132 1961 1186 etiam

379 1242 680 1330 huiusmodi
706 1224 1072 1321 conceptionis
1098 1243 1197 1315 (τι).
1227 1260 1247 1295 ι
1281 1233 1547 1307 Numquid
1574 1228 1735 1285 etiam
1761 1224 1962 1330 istum;

379 1373 411 1408 u
426 1311 693 1421 Pelagiani
711 1358 761 1401 et
776 1311 1382 1405 lecstiani,audebitis
1399 1328 1582 1382 dicere
1593 1311 1967 1376 Manicltmunt?

298 1452 309 1463 ‘
380 1441 521 1517 quod
548 1455 668 1497 eum
712 1437 919 1493 dicebat
946 1446 1065 1488 esse
1090 1424 1402 1485 Jovinianus
1428 1416 1712 1474 haereticus
1733 1450 1746 1474 ,
1778 1413 1964 1462 contra

382 1505 534 1606 eujus
557 1532 885 1604 impietatem
911 1526 993 1580 vir
1035 1522 1125 1579 ille
1165 1527 1384 1575 sanctus
1409 1511 1567 1566 etiam
1615 1511 1732 1575 post
1758 1505 1966 1606 partum

387 1587 786 1698 permanentem
813 1616 1168 1688 virginitatem
1199 1615 1397 1663 sancta:
1430 1601 1606 1656 Maria:
1631 1587 1968 1648 defendebat.

384 1688 441 1776 Si
461 1732 587 1787 ergo
608 1715 756 1769 illum
777 1709 1125 1767 Manicbacum
1146 1702 1322 1757 dicere
1348 1710 1450 1750 non
1473 1688 1711 1748 audetis;
1733 1696 1829 1737 nos
1850 1693 1969 1734 cum

387 1811 439 1867 in
462 1772 650 1867 eadem
671 1818 851 1869 causa,
870 1799 1057 1858 eadem
1079 1792 1343 1851 sententia
1367 1787 1523 1843 tidem
1547 1778 1860 1837 catholicam
1881 1772 1972 1825 de-

391 1902 667 1958 fendamus
686 1942 702 1966 ,
742 1913 836 1951 cur
862 1893 1035 1949 dicitis
1060 1882 1419 1944 Manichmos?
1450 1883 1548 1933 Aul
1581 1877 1623 1929 si
1649 1882 1703 1928 et
1733 1871 1877 1925 illum
1908 1867 1940 1919 li
1961 1895 1973 1904 -

390 1993 718 2048 delissimnm
748 1991 914 2041 virum
946 1986 1045 2038 hoc
1074 1978 1365 2035 secundum
1392 1970 1711 2028 Manichacus
1736 1960 1977 2031 sapui~se

390 2083 618 2155 iactatis.
650 2082 863 2152 iactate,
890 2078 1104 2146 jaclale,
1138 2080 1193 2125 ut
1221 2078 1523 2124 mensuram
1561 2053 1823 2115 Joviniani
1855 2066 1974 2121 pcr-

393 2179 577 2235 lectius
599 2178 615 2209 ¹
648 2173 910 2244 impleatis
933 2189 947 2226 :
973 2184 1067 2223 nos
1088 2182 1209 2223 cum
1237 2163 1330 2219 illo
1356 2158 1571 2214 homine
1598 2152 1689 2207 Dei
1717 2147 1981 2219 paticulcr

394 2278 568 2325 vestra
589 2265 864 2322 maledicta
886 2269 939 2316 et
957 2256 1194 2315 convicia
1216 2252 1559 2308 sustinemus.
1586 2244 1651 2297 Et
1672 2251 1846 2295 tamen
1870 2234 1980 2288 lia--

396 2358 691 2418 resiarches
707 2362 883 2410 vester
899 2348 1141 2421 Pelagius
1159 2345 1315 2400 fidem
1337 2350 1389 2396 et
1408 2335 1745 2410 purissimum
1770 2329 1821 2382 in
1838 2323 1983 2380 Scri-

399 2452 567 2525 pturis
590 2463 803 2505 sensum
831 2446 907 2501 sic
933 2441 1113 2499 laudat
1140 2433 1401 2492 Ambrosii
1425 2474 1441 2495 ,
1473 2437 1532 2483 ut
1560 2425 1732 2497 dicat,
1767 2436 1832 2474 ne
1876 2415 1979 2471 iui-

399 2548 593 2611 nticum
637 2541 847 2614 quidem
878 2551 1065 2592 ausum
1089 2546 1210 2589 esse
1253 2520 1664 2596 reprehendere.
1691 2515 1809 2583 Quo
1852 2523 1982 2579 ergo

399 2601 668 2710 progressi
711 2630 915 2688 fueritis
957 2625 1212 2683 attendite
1232 2663 1248 2686 ,
1279 2628 1331 2674 et
1361 2633 1454 2668 vos
1497 2613 1563 2668 ab
1590 2608 1807 2664 ausibus
1834 2601 1983 2658 Jovi-

401 2729 543 2785 niani
572 2724 784 2782 tandem
823 2718 1106 2791 aliquando
1135 2713 1399 2771 cohibete.
1429 2702 1681 2773 Quamvis
1710 2699 1796 2754 ille
1829 2694 1985 2747 nimis

403 2820 667 2879 laudando
696 2817 904 2887 nuptias
925 2856 939 2877 ,
966 2822 1162 2867 sancte
1189 2808 1307 2861 illas
1333 2798 1617 2871 virginitati
1650 2788 1943 2862 adaequavit
1968 2802 1983 2849 ;

404 2931 455 2975 et
481 2929 654 2973 latncn
681 2914 978 2985 nuptiarum
1011 2903 1266 2960 fructibus
1296 2898 1361 2951 ab
1386 2907 1536 2948 utero
1563 2891 1720 2942 etiam
1754 2881 1986 2938 recenti-

407 3013 505 3068 bus
532 3010 799 3068 Christum
829 3003 1146 3059 salvatorem
1178 3004 1233 3051 et
1274 2992 1339 3047 de
1370 2993 1631 3060 potestate
1660 2976 1854 3033 diaboli
1898 2990 1988 3028 rc.-

407 3105 735 3173 demptorcm
766 3092 1123 3152 nece-sarium
1169 3101 1273 3141 non
1304 3079 1518 3151 negavit
1549 3094 1561 3130 :
1595 3071 1736 3143 quod
1766 3082 1863 3123 vos
1893 3081 1990 3119 ne-

410 3196 573 3267 gatis;
592 3201 643 3246 et
669 3190 788 3261 quia
812 3185 961 3240 vobis
985 3196 1079 3252 pro
1100 3192 1283 3234 eorum
1309 3173 1499 3233 salute,
1519 3166 1607 3237 qui
1636 3160 1870 3217 nondum
1895 3168 1993 3225 pro

411 3247 439 3267 ο
483 3247 510 3249 ρ
562 3247 573 3258 .
688 3247 700 3261 .
987 3247 997 3252 .

411 3306 471 3346 se
495 3287 635 3355 loqtti
667 3289 883 3355 possunt
905 3323 918 3341 ,
964 3286 1011 3332 et
1045 3288 1140 3344 pro
1168 3270 1287 3326 ﬁdei
1318 3262 1593 3322 eatltolicre
1635 3247 1994 3311 fundamentis

413 3379 711 3437 resistimus
730 3417 744 3439 ,
774 3370 1090 3427 lllanivba-os
1118 3379 1212 3418 nos
1239 3372 1358 3416 esse
1382 3351 1610 3425 iactatis.
1644 3344 1749 3400 Sed
1777 3345 1882 3408 jam
1912 3353 1996 3391 so-

400 3470 624 3545 ‘qucntia
656 3466 949 3520 videamus.

487 3520 711 3619 Edi’ll'l‘
743 3557 830 3611 Vl.
862 3585 932 3595 -—
967 3550 1028 3606 l6
1083 3548 1286 3601 lim-sus
1319 3540 1513 3610 quippe
1553 3533 1887 3595 interrogans
1915 3520 1996 3571 di-

420 3662 486 3715 cit
520 3676 533 3709 τ
572 3675 588 3703 ι
628 3655 794 3722 Quem
823 3649 981 3718 igitur
1027 3640 1363 3712 parvulorum
1393 3624 1664 3683 confiteris
1686 3612 2000 3672 auctorem?

424 3752 587 3805 llettm
616 3742 836 3799 ternm?
862 3762 879 3791 ›
901 3731 1219 3803 ῐῖιξςῖίνοιιιιιυο
1238 3729 1281 3791 ¹,
1306 3745 1323 3774 ι
1346 3725 1509 3777 Deum
1529 3730 1731 3768 verunt.
1760 3730 1777 3756 ι
1802 3706 2002 3763 Deinde.

423 3837 689 3909 Snlqnngit
721 3853 734 3888 :
774 3850 792 3884 ι
829 3828 932 3885 Sed
972 3826 1164 3879 malum
1195 3819 1281 3869 ille
1325 3829 1429 3869 non
1476 3807 1619 3863 fecit.
1661 3823 1678 3855 ι
1715 3804 1790 3856 Ac
1818 3809 2005 3853 rursus

1530 3900 1543 3909 ‘
1854 3889 1967 3909 ﬁn-..

426 3889 537 3909 "'"VJ
567 3889 573 3891 ⁷
604 3889 644 3907 'l.‘

426 3936 748 3995 interrogat,
788 3944 806 3976 ι
847 3936 1019 3976 ιιιι·ιιιιι
1052 3912 1317 3968 diabolum
1364 3900 1701 3976 parvulorum
1747 3889 2005 3947 confitea-

429 4041 547 4079 mur
576 4031 865 4075 auctorem.
906 4033 923 4064 ι
960 4011 1264 4073 Rnrsn~que
1295 3994 1613 4069 respondet,
1651 4008 1668 4041 ι
1706 3985 1809 4042 Sed
1852 3992 2007 4036 natu-

432 4134 541 4174 ram
573 4111 802 4170 hominis
829 4111 939 4176 ipse
982 4118 1084 4156 non
1114 4094 1371 4153 condidit.
1411 4109 1429 4142 ι
1469 4085 1665 4141 Deinde
1699 4080 1846 4151 quasi
1875 4092 2009 4130 (30n-

432 4207 596 4265 cludit
633 4215 790 4273 atque
818 4201 974 4253 in'ert
1004 4210 1016 4247 :
1058 4211 1076 4244 ι
1114 4190 1168 4245 Si
1215 4185 1349 4239 mala
1379 4176 1724 4237 commixtio,
1757 4166 2012 4224 deformis

434 4313 489 4359 et
513 4296 744 4356 Conditio
773 4302 1053 4360 corporum
1077 4328 1091 4349 ,
1130 4294 1181 4337 et
1227 4280 1346 4334 ideo
1371 4286 1593 4342 corpora
1620 4280 1832 4336 quoque
1874 4260 2015 4314 malo

437 4411 464 4448 a
497 4403 547 4446 te
571 4391 890 4457 deputantur
928 4378 1149 4431 auctori.
1192 4394 1208 4423 ι
1246 4370 1338 4423 (ini
1379 4361 1679 4433 respondeo
1713 4377 1725 4411 :
1758 4355 1894 4410 Malo
1920 4367 2015 4403 au-

439 4483 571 4538 ctori
604 4456 705 4533 non
737 4477 931 4542 deputo
958 4482 1203 4537 corpora,
1236 4460 1326 4516 sed
1360 4456 1573 4511 delicta.
1607 4463 1830 4520 quorum
1858 4456 2017 4496 causa

442 4575 635 4630 factum
664 4579 745 4624 est
771 4577 829 4621 ut
853 4578 971 4617 cum
1000 4560 1049 4613 in
1074 4554 1405 4624 corporibus,
1436 4547 1535 4601 hoc
1565 4554 1664 4601 est,
1695 4542 1746 4593 in
1778 4537 1865 4590 Dei
1894 4549 2023 4601 ope-

412 4658 417 4659 ν
443 4665 609 4722 ribus.
641 4667 807 4713 totum
835 4654 1087 4725 placeret,
1119 4644 1375 4697 accideret
1410 4648 1584 4692 tamen
1614 4631 1846 4684 masculo
1875 4636 1923 4677 et
1950 4624 2025 4675 l'e-

447 4757 602 4811 tuime
631 4750 767 4821 quozl
801 4742 1054 4814 puderet;
1087 4745 1144 4789 nt
1182 4751 1285 4786 non
1338 4736 1482 4782 esset
1523 4720 1830 4777 commixtio
1858 4714 2028 4783 qualis

447 4860 567 4902 esse
606 4804 775 4912 prituit
801 4838 852 4888 itt
896 4843 1122 4898 corpore
1162 4825 1282 4876 vitze
1312 4820 1451 4873 illius
1472 4861 1484 4874 ,
1516 4813 1609 4867 sed
1639 4809 1849 4880 qualem
1879 4804 2028 4858 vidc-

417 4914 570 4991 imns
608 4897 986 4987 erubescentes
1029 4921 1079 4974 in
1125 4927 1349 4983 corpore
1386 4906 1576 4962 mortis
1621 4900 1795 4970 hujus.
1835 4915 1854 4948 ι
1895 4897 2030 4949 Dens

455 5043 601 5092 vero,
640 5042 659 5076 ι
694 5018 881 5087 inquit,
920 5033 938 5066 ι
976 5010 1157 5068 divisit
1185 5007 1236 5060 in
1268 5018 1423 5066 sexu,
1454 4995 1593 5067 qttod
1641 4994 1691 5047 in
1723 4988 2033 5059 operatione

455 5120 814 5187 coniungeret.
852 5107 928 5162 Ab
956 5105 1073 5174 ipso
1117 5100 1274 5169 igitur
1319 5087 1626 5148 commixtio
1654 5093 1935 5151 corporum
1957 5117 1972 5140 ,
2004 5091 2033 5129 a

419 5169 669 5283 ἰ(ιιιοῦ
690 5204 839 5272 origo
880 5207 1183 5266 corporum.
1220 5206 1235 5240 t
1274 5185 1390 5240 iam
1432 5193 1589 5248 supra
1622 5169 1995 5242 respondimus
2019 5206 2034 5225 ,

1267 5276 1280 5283 “
1318 5276 1349 5283 ’⁵
1592 5282 1599 5283 ί
1634 5282 1637 5283 ν
1678 5259 2034 5283 μι--ηι--η-...η

459 5259 571 5358 limc
595 5316 656 5354 cx
687 5259 795 5349 Deo
818 5304 968 5351 esse;
989 5282 1082 5339 sed
1114 5296 1219 5335 non
1251 5276 1520 5330 delictum,
1545 5282 1647 5321 non
1677 5259 2036 5317 membrorum

464 5386 871 5450 iuohedicntiam
904 5394 998 5450 per
1038 5372 1214 5429 carnis
1242 5358 1723 5431 concupiscentiam
1746 5396 1761 5418 ,
1788 5366 1907 5421 qute
1936 5363 2040 5401 non

464 5497 541 5541 est
566 5504 589 5534 a
613 5481 790 5536 Patre.
818 5470 1015 5528 Deinde
1044 5466 1171 5521 dicit
1194 5479 1206 5514 ε
1238 5480 1255 5512 ι
1284 5459 1387 5514 Tot
1412 5469 1537 5523 ergo
1560 5464 1735 5505 rerum
1761 5445 2042 5503 bonarum,

467 5577 516 5631 id
546 5583 646 5636 est,
668 5578 976 5637 corporum,
1008 5569 1249 5617 sexuum,
1282 5544 1711 5616 coniunctionum
1742 5534 1912 5590 malos
1936 5530 2047 5584 l‘ru-

468 5682 582 5723 ctus
607 5677 727 5718 eSse
758 5621 861 5712 lion
893 5666 1066 5725 posse,
1088 5661 1186 5701 nec
1212 5641 1455 5697 homines
1480 5636 1549 5690 ob
1579 5633 1679 5687 hoc
1709 5645 1740 5684 a
1771 5627 1881 5682 Deo
1912 5621 2046 5687 fieri,

536 5802 551 5834 ι
594 5796 777 5858 Aliquot
799 5798 903 5839 vtes.
922 5787 1167 5858 omittunt.
1180 5770 1651 5858 perfcgctt'a-shacujus
1670 5766 1779 5817 loco
1802 5761 2053 5832 Benignta-

473 5876 561 5914 nus
589 5837 822 5919 adﬂuat.
839 5837 876 5901 ἒ
892 5850 1093 5919 regione
1117 5837 1281 5900 habet,
1301 5837 1526 5896 deﬂetus.

539 5929 553 5954 ⁷
593 5911 718 5980 Ῐμιξι
745 5928 784 5962 Ι,ι
808 5928 851 5961 \'.
886 5923 939 5960 lc
967 5911 1153 5965 [:ulttlt'l.

538 5995 604 6047 tu,
651 5996 735 6028 κι--ι
761 5996 796 6023 ιι
817 5992 915 6025 ante
940 5988 983 6023 ιιι
1013 5982 1185 6023 lautam,

1732 466 1933 527 UBE“
1972 456 2345 520 SECUNDUS.

3550 441 3654 500 ιιο

2062 584 2119 627 ιιι
2145 587 2175 626 a
2204 569 2436 634 diabolo,
2464 566 2602 624 sicut
2628 562 2783 631 dicis,
2821 580 2841 616 ο
2875 559 3065 633 inquit,
3103 577 3122 612 ι
3160 556 3397 631 legitimo
3421 553 3542 626 iure
3568 564 3652 610 te-

2065 673 2311 722 neantur.
2353 681 2371 714 ι
2404 661 2520 717 .lam
2568 658 2764 714 dictum
2811 663 2934 721 est,
2975 665 3081 706 non
3131 665 3226 706 eos
3274 647 3395 703 ideo
3442 646 3652 706 teucri.

2065 757 2189 827 quia
2232 722 2479 810 homines
2516 758 2678 812 sunt,
2721 744 2864 818 quod
2905 753 3110 799 natura:
3142 753 3340 801 nomen
3385 744 3510 803 est,
3556 752 3656 791 cu-

2062 848 2149 917 jus
2195 854 2381 900 auctor
2425 840 2669 897 diabolus
2711 852 2818 893 non
2866 844 2986 899 est;
3034 832 3129 889 sed
3177 831 3301 903 quia
3350 837 3657 900 peccatores

2066 947 2229 1004 sunt,
2273 935 2415 1007 quod
2459 932 2630 1003 culpat
2674 944 2872 986 nomen
2913 935 3034 997 est,
3077 925 3233 997 cujus
3273 920 3517 979 diabolus
3558 936 3657 975 au-

2068 1041 2184 1087 clor
2205 1040 2313 1084 cst.
2542 1016 2546 1025 ’
2972 1074 2978 1079 .

2140 1119 2364 1176 CAPUT
2397 1118 2506 1173 Vll.
2539 1147 2609 1158 —
2640 1116 2727 1173 l7.
2756 1112 2862 1170 Sed
2890 1111 3028 1167 inter
3051 1118 3132 1165 tot
3157 1106 3373 1163 nomina
3400 1104 3659 1158 bonarum

2073 1227 2247 1266 rerum
2272 1255 2284 1273 ,
2318 1209 2369 1263 id
2398 1218 2481 1264 est
2499 1251 2514 1275 ,
2544 1220 2829 1277 corporum
2847 1245 2862 1267 ,
2891 1216 3112 1257 sexuum
3135 1241 3152 1265 ,
3181 1196 3616 1266 coniunctionum
3641 1232 3657 1256 ,

2072 1303 2345 1373 libidinem
2386 1299 2469 1354 vel
2498 1294 2980 1365 concupiscentiam
3009 1290 3186 1346 carnis
3212 1288 3313 1343 iste
3352 1300 3455 1340 non
3485 1276 3663 1338 nomi~

2071 1400 2183 1448 nat.
2211 1391 2399 1459 Tacet,
2423 1390 2545 1461 quia
2571 1388 2733 1460 pudet
2762 1404 2775 1440 :
2806 1393 2861 1440 et
2884 1383 3018 1439 mira
3049 1379 3115 1454 (si
3144 1379 3249 1435 diei
3277 1375 3471 1449 potest)
3497 1374 3669 1446 pudos

2074 1487 2151 1541 ris
2193 1483 2519 1554 impudentia
2541 1523 2557 1549 ,
2583 1479 2723 1550 quod
2758 1476 3034 1532 nominare
3075 1471 3271 1544 pudet,
3315 1467 3533 1525 laudare
3558 1481 3665 1521 non

2078 1576 2259 1647 pudet.
2283 1575 2524 1643 Denique
2553 1572 2673 1626 vide
2694 1613 2707 1631 .
2734 1564 3182 1640 quemadmodum
3217 1562 3386 1632 magis
3408 1573 3526 1615 eam
3555 1558 3667 1614 circ

2078 1664 2469 1736 cumloqnendo
2485 1662 2733 1718 maluerit
2748 1657 3065 1730 significare,
3084 1670 3243 1725 quam
3256 1652 3459 1707 dicere.
3481 1667 3501 1701 ι
3522 1648 3668 1704 Post-

2079 1773 2238 1829 quam
2266 1767 2440 1811 antem
2470 1755 2568 1810 vir.
2614 1774 2631 1806 ι
2668 1751 2856 1821 inquit,
2892 1767 2913 1802 ι
2950 1746 3177 1803 naturali
3206 1744 3442 1815 appetitu
3466 1753 3669 1811 cogno-

2084 1853 2150 1904 vit
2180 1866 2418 1904 uxore-un
2463 1870 2477 1897 ι
2519 1847 2655 1902 Ecce.
2683 1847 2872 1897 iterum
2903 1841 3084 1896 dicere
3111 1836 3301 1900 noluit,
3328 1833 3516 1888 Carnis
3541 1846 3671 1886 con-

2082 1944 2405 2012 cupiseentia
2437 1940 2687 2010 cognovit
2715 1950 2970 1997 ttxot‘cttt;
3000 1932 3131 1990 Sed.
3167 1948 3186 1980 ι
3227 1925 3451 1983 naturali
3475 1967 3488 1985 ,
3528 1942 3544 1977 t
3583 1924 3671 1976 itt-

2066 2037 2229 2104 .qnit.
2266 2052 2286 2079 ι
2325 2033 2558 2101 appetitu
2593 2048 2605 2083 :
2646 2048 2666 2081 ι
2701 2028 2790 2083 ubi
2834 2025 3008 2080 adhuc
3055 2034 3335 2093 possumus
3380 2016 3674 2086 intelligere

2087 2129 2252 2198 ipsam
2281 2126 2607 2180 voluntatem
2648 2123 2842 2188 justam
2870 2130 2921 2172 et
2950 2118 3228 2171 honestam
3249 2154 3264 2179 ,
3291 2127 3393 2183 qua
3418 2110 3582 2164 voluit
3608 2109 3673 2162 li-

2089 2220 2186 2273 lios
2225 2231 2543 2287 procreare;
2576 2230 2680 2267 non
2723 2213 2865 2267 illam
2895 2209 3166 2264 libidinem
3188 2249 3203 2269 ,
3246 2204 3312 2259 de
3336 2218 3436 2274 qua
3469 2204 3568 2256 iste
3595 2200 3675 2257 sic

2086 2308 2375 2370 erubescit,
2407 2318 2456 2361 ut
2487 2304 2735 2374 ambigue
2757 2304 2773 2334 ί
2807 2302 2960 2355 nobis
2988 2298 3128 2367 loqui
3162 2294 3332 2357 malit,
3362 2307 3519 2361 quatn
3547 2306 3674 2362 pcr-

2087 2402 2269 2471 spicue
2292 2399 2432 2470 quod
2460 2398 2622 2453 sentit
2641 2395 2961 2465 exprimere.
2995 2390 3132 2457 Quid
3160 2397 3243 2443 est
3276 2405 3295 2438 ι
3334 2385 3556 2439 naturali
3583 2397 3679 2452 ap-

2091 2495 2291 2566 petitu?
2331 2513 2349 2547 ι
2387 2496 2577 2548 Annon
2604 2499 2658 2547 et
2684 2490 2817 2544 velle
2841 2501 2962 2543 esse
3005 2485 3209 2539 salvum
3231 2522 3247 2544 ,
3276 2488 3330 2536 et
3354 2479 3491 2532 velle
3534 2478 3680 2548 ipsos

2088 2589 2361 2659 suscipere
2379 2629 2394 2649 .
2423 2587 2627 2641 nutrire
2648 2627 2662 2646 ,
2691 2581 2905 2638 erudire
2930 2579 3063 2633 tilios
3082 2619 3097 2641 ,
3123 2573 3377 2631 naturalis
3412 2581 3490 2625 est
3514 2584 3680 2639 appe-

2092 2684 2251 2747 titus,
2284 2680 2530 2749 idemque
2557 2676 2778 2733 rationis
2803 2682 2884 2730 est
2904 2714 2920 2736 ,
2965 2686 3081 2725 non».
3116 2664 3387 2723 libidinis?
3425 2662 3528 2717 Sed
3555 2660 3680 2731 quia

2092 2774 2251 2843 huius
2290 2773 2536 2828 novimus
2562 2768 2910 2824 intentionem
2934 2807 2948 2827 ,
2989 2761 3109 2815 ideo
3139 2773 3244 2813 non
3271 2771 3392 2812 eum
3433 2763 3684 2824 putamus

2084 2865 2176 2919 [Itis
2201 2865 2409 2927 verbis,
2441 2862 2539 2917 nisi
2569 2860 2845 2917 libidinem
2875 2853 3235 2911 membrorth
3268 2846 3576 2918 genitalium
3603 2843 3682 2898 si-

2093 2958 2342 3030 gnilicare,
2364 2956 2618 3009 voluisse.
2640 2952 2826 3008 Nonne
2851 2948 2939 3003 tibi
2972 2945 3217 2999 videntur
3238 2942 3353 2995 ha-c
3379 2938 3535 2995 verba
3560 2936 3683 2992 folia

2095 3026 2214 3107 esse
2242 3052 2462 3104 ficulnea
2486 3051 2506 3081 ⁸
2529 3091 2541 3105 .
2572 3046 2671 3100 sub
2696 3045 2884 3114 quibus
2906 3042 3062 3101 latet,
3091 3036 3216 3107 quid
3239 3033 3379 3089 aliud
3401 3074 3416 3097 ,
3447 3046 3602 3099 quam
3634 3026 3685 3083 id

2096 3145 2236 3214 quod
2268 3143 2462 3212 pudet?
2496 3142 2568 3195 Ita
2593 3140 2786 3208 quippe
2816 3138 2914 3189 iste
2945 3133 3044 3188 sibi
3072 3123 3562 3185 circumlocutionis
3590 3121 3689 3176 ltu-

2093 3237 2181 3305 jus
2206 3235 2475 3290 obstacula
2497 3275 2512 3299 ,
2542 3232 2677 3285 sicut
2704 3229 2776 3284 illi
2803 3223 3153 3279 succinctoria
3175 3226 3517 3288 consuerunt.
3545 3213 3690 3269 Con-

2102 3338 2244 3382 texat
2268 3337 2319 3382 et
2347 3327 2486 3381 dicat
2506 3324 2564 3378 'z
2596 3343 2615 3375 ι
2645 3323 2930 3389 Postquam
2957 3327 3132 3369 autem
3163 3317 3242 3365 vir
3272 3308 3497 3363 naturali
3522 3321 3691 3373 appe-

2104 3420 2198 3471 titn
2226 3416 2473 3488 cognovit
2506 3428 2724 3468 uxorem
2747 3453 2761 3475 ,
2795 3410 2923 3462 dicit
2947 3407 3214 3475 Scriptura
3242 3401 3417 3456 divina
3451 3390 3471 3451 ε’
3498 3396 3687 3451 Conce-

2104 3514 2175 3580 pit
2209 3511 2313 3563 Era
2333 3551 2347 3573 ,
2378 3519 2423 3560 et
2451 3505 2637 3576 prpe-it
2664 3503 2825 3573 ﬁlium
2848 3541 2861 3556 .
2895 3506 2940 3552 ct
2977 3486 3372 3550 rocnritlnomen
3408 3489 3514 3559 ejus
3539 3484 3690 3541 Cain.

2104 3577 2208 3656 Sed
2247 3599 2392 3666 quid,
2434 3617 2452 3649 ι
2488 3594 2679 3664 inquit,
2718 3612 2736 3644 ι
2774 3590 2898 3643 dicit
2930 3588 3119 3650 Adam,
3148 3582 3425 3637 audiamus
3457 3596 3470 3632 :
3503 3577 3693 3647 Aequi-

2106 3693 2196 3746 siri
2222 3691 2469 3744 hominem
2493 3704 2581 3759 per
2599 3686 2759 3739 Deum
2778 3681 2929 3753 (Gen.
2961 3697 3029 3741 ιν,
3057 3678 3126 3750 l).
3152 3675 3301 3733 Unde
3326 3680 3536 3729 constat
3557 3684 3695 3738 opus

2109 3785 2199 3839 Dei
2227 3796 2536 3851 essc,quetn
2564 3795 2661 3850 per
2689 3778 2852 3831 Deum
2883 3773 3196 3841 acquisitunt
3222 3768 3491 3836 Scriptura
3515 3762 3695 3816 divina

2112 3885 2357 3941 testatur.
2388 3893 2405 3926 ι
2432 3874 2560 3939 Quis
2586 3872 2708 3925 hinc
2737 3867 2973 3922 dubitet?
2992 3865 3108 3931 quis
3141 3864 3241 3916 hoc.
3267 3868 3445 3930 neget,
3465 3855 3697 3910 maxime

2110 3969 2406 4024 catholicus
2432 3961 2794 4019 christianos?
2824 3961 2967 4029 Opus
2994 3958 3084 4012 Dei
3115 3965 3195 4010 est
3224 3954 3382 4006 homo
3414 3967 3427 4003 :
3462 3947 3553 4004 sed
3580 3963 3698 4003 car-

2114 4065 2196 4117 nis
2236 4057 2663 4128 concupiscentia
2686 4096 2700 4117 ,
2729 4053 2843 4107 sine.
2869 4066 2970 4119 qua
2993 4092 3006 4108 ,
3037 4050 3079 4101 si
3111 4054 3381 4114 peccatum
3429 4056 3533 4094 non
3564 4054 3701 4106 prae-

2116 4155 2403 4217 cessisset,
2462 4147 2757 4214 tranquillae
2810 4141 3066 4195 voluntati
3124 4134 3494 4191 obedientibus
3544 4129 3701 4185 sicuti

2118 4254 2307 4298 cetera
2367 4240 2602 4294 membra
2662 4234 3019 4307 genitalibus,
3081 4228 3435 4283 seminaretur
3490 4222 3697 4284 homo,
3764 4294 3767 4297 _

2122 4353 2226 4389 non
2274 4343 2355 4389 est
2399 4347 2429 4387 a
2477 4331 2672 4395 Patre,
2718 4326 2810 4381 sed
2850 4340 2918 4382 ex
2961 4321 3158 4379 mundo
3200 4328 3282 4375 est
3328 4316 3389 4389 (ι
3426 4315 3582 4371 Juan.
3629 4329 3706 4381 ιι,

2124 4425 2252 4483 ili).

2201 4518 2285 4573 l8.
2317 4514 2509 4568 Verum
2551 4524 2725 4573 nunc,
2768 4507 2990 4562 obsecro
3029 4512 3118 4568 te,
3158 4499 3315 4571 paulo
3341 4495 3592 4552 attentius
3628 4494 3713 4548 in-

2128 4617 2276 4664 tuere
2301 4649 2314 4667 .
2355 4603 2494 4674 quod
2536 4617 2729 4656 nomen
2758 4598 2780 4632 ⁸
2807 4596 3069 4653 invenerit
3092 4636 3107 4658 ,
3134 4608 3243 4664 quo
3266 4604 3453 4645 rursus
3481 4588 3707 4657 operiret

2132 4692 2270 4763 quod
2303 4669 2568 4747 erubescit
2608 4684 2836 4754 aperire.
2869 4700 2891 4735 ι
2921 4680 3190 4737 Genucrat
3214 4674 3355 4731 enim
3383 4689 3536 4738 eum,
3575 4687 3601 4721 ι
3628 4669 3708 4723 in-

2133 4760 2240 4854 quit
2270 4824 2285 4846 ,
2333 4798 2352 4833 ι
2393 4779 2560 4834 Adam
2594 4775 2826 4845 potentia
2854 4770 3213 4827 membrorum
3234 4807 3249 4829 ,
3278 4779 3382 4818 non
3411 4760 3717 4817 diversitate

2136 4853 2468 4931 meritorum.
2496 4890 2514 4923 ι
2548 4867 2684 4936 Quid
2710 4865 2923 4929 dixerit,
2958 4880 2977 4913 ι
3002 4859 3306 4915 diversitate
3332 4853 3663 4914 meritorum.
3692 4868 3712 4904 ι

2139 4966 2308 5022 fateor
2334 4978 2439 5018 non
2469 4960 2706 5028 intelligo
2740 4976 2753 5012 2
2782 4955 2877 5013 sed
2901 4996 2918 5022 ,
2959 4972 2979 5005 ι
3013 4951 3244 5022 potentia
3271 4945 3630 5002 membrormn
3650 4983 3666 5007 ,
3694 4961 3715 4996 ι

2139 5057 2302 5115 credo
2321 5099 2336 5121 ,
2368 5054 2497 5109 illud
2527 5052 2690 5106 voluit
2718 5049 2901 5104 dicere
2923 5087 2939 5109 ,
2987 5042 3126 5114 quod
3156 5040 3317 5111 pudet
3342 5037 3617 5095 evidenter
3643 5035 3721 5090 di-

2142 5168 2285 5208 eere.
2319 5145 2501 5202 Maluit
2525 5144 2667 5198 enim
2697 5142 2878 5195 dicere
2899 5180 2915 5204 ,
2951 5156 2971 5191 ι
3010 5135 3368 5191 membrorum
3402 5129 3631 5200 potentia
3652 5168 3667 5189 ,
3704 5144 3722 5174 ι

2144 5258 2299 5315 quam
2323 5284 2337 5304 ,
2365 5238 2539 5292 carnis
2564 5232 3015 5304 concupiscentia.
3057 5229 3240 5290 Planc,
3276 5223 3483 5280 etiamsi
3507 5237 3610 5277 tton
3638 5234 3727 5275 ct.-

2146 5314 2323 5405 gilavil
2355 5374 2368 5393 ,
2416 5326 2732 5396 signiﬁcavit
2778 5321 2974 5392 aiiqttid
3002 5362 3016 5386 ,
3062 5317 3202 5390 quod
3232 5316 3297 5371 ad
3329 5331 3440 5370 rem
3470 5314 3732 5383 pertinere

2149 5401 2407 5478 videatur.
2462 5417 2598 5485 Quid
2644 5416 2786 5471 enim
2847 5412 3116 5483 potentius
3168 5406 3421 5462 membris
3474 5401 3732 5464 hominis,

2152 5513 2364 5585 quando
2394 5524 2497 5563 non
2525 5508 2767 5563 serviunt
2791 5504 3047 5559 voluntati
3080 5499 3352 5554 hominis?
3396 5498 3523 5563 Qua:
3552 5504 3727 5545 tamen

2154 5605 2252 5661 etsi
2292 5603 2564 5657 frenentur
2612 5595 2958 5668 temperantia
2984 5593 3065 5647 vel
3093 5587 3415 5645 continentia
3443 5624 3458 5651 ,
3489 5596 3616 5638 usus
3640 5595 3734 5636 eo-

2242 5757 2323 5803 ttn
2343 5759 2471 5809 Mss,
2497 5765 2601 5814 pro,
2625 5747 2863 5808 umbiyuc,
2886 5746 3082 5814 lggitnr,
3108 5737 3340 5801 mubigua.

2240 5819 2256 5851 ³
2277 5826 2375 5863 Αιιι.
2400 5805 2471 5862 tir.
2495 5805 2547 5861 et
2570 5805 2881 5875 pluresjtssq
2903 5805 3134 5869 ﬁcubtca'.

2236 5879 2254 5909 ³
2280 5885 2403 5933 t.ov.,
2428 5872 2633 5924 contrarii
2649 5882 2691 5923 ct
2717 5872 2845 5922 dicit.

2238 5941 2259 5980 ο
2276 5948 2403 6001 t.ov.,
2428 5949 2592 5987 nomen
2616 5946 2801 5986 norma.
