4144 6566
462 462 570 518 M7

462 590 583 632 rum
612 575 962 646 aliquantum,
995 586 1172 630 motus
1199 586 1372 630 tatneu
1400 590 1584 630 eorum
1625 591 1729 628 non
1756 584 1838 628 Cal
1867 574 1917 626 in
1951 572 2047 626 ho.

463 666 623 722 minis
656 676 936 738 potestate.
982 666 1177 723 Genuit
1201 681 1329 735 ergo
1356 665 1524 720 Adam
1552 665 1688 719 tilios
1718 666 1835 731 hac,
1869 674 1922 717 ut
1954 665 2053 718 iste

463 758 624 821 dicit,
677 775 699 811 ι
733 758 1092 812 membrorum
1127 778 1144 808 ι
1180 772 1397 813 suorum
1436 776 1454 809 ι
1491 757 1758 826 potentia,
1784 742 1816 808 ²ι
1859 754 1925 810 de
1952 771 2051 824 qua

466 848 775 919 priusquam
807 848 927 903 illos
956 848 1224 919 gigneret,
1269 849 1479 902 erulntit
1510 859 1627 918 post
1653 858 1947 917 peccaturo.
1995 846 2051 900 Si

460 949 645 991 autem
675 952 783 992 non
813 920 1116 1007 peccasset,
1146 955 1254 993 non
1278 952 1372 993 eos
1396 939 1665 1008 genuisset
1693 937 2052 991 membrorum

472 1030 741 1099 potentia,
793 1031 887 1086 sed
931 1033 1291 1087 membrorum
1335 1031 1656 1086 obedientia.
1706 1030 1823 1100 Ipse
1860 1030 2055 1099 quippe

463 1133 613 1177 esset
654 1134 877 1192 potens,
924 1134 982 1177 ut
1008 1124 1087 1178 eis
1125 1124 1374 1193 subjectis
1418 1123 1687 1178 voluntate
1731 1122 2050 1191 imperaret,

471 1216 518 1269 si
559 1216 841 1285 potentiori
872 1224 925 1270 et
965 1217 1078 1286 ipse
1117 1217 1385 1287 subjectus
1412 1216 1597 1271 eadem
1638 1215 1906 1270 voluntate
1933 1231 2051 1269 ser-

466 1294 622 1364 viret.

533 1400 763 1457 CAPUT
813 1400 942 1457 Vill.
970 1431 1042 1444 —
1085 1401 1170 1458 l9.
1209 1420 1229 1455 t
1257 1401 1383 1457 Post
1406 1401 1674 1471 aliquanta
1706 1400 1895 1455 iterum
1927 1400 2055 1455 dicit

465 1488 741 1561 Scriptura
785 1491 964 1547 divina
989 1534 1004 1560 ,
1040 1512 1059 1546 ι
1107 1493 1275 1562 inquit
1304 1506 1317 1542 :
1357 1510 1375 1544 ι
1404 1490 1647 1563 Cognovit
1683 1490 1848 1544 Adam
1891 1489 2052 1544 Evam

467 1596 678 1636 uxorem
714 1599 891 1650 suam,
933 1593 979 1637 et
998 1583 1254 1652 concepit,
1296 1591 1345 1637 et
1368 1583 1558 1651 peperit
1587 1582 1781 1651 ﬁlium,
1824 1593 1868 1635 et
1899 1598 2050 1635 vocuo

463 1671 535 1726 vit
558 1689 739 1728 nomen
777 1674 887 1745 ejus
914 1673 1070 1738 Seth,
1109 1674 1278 1729 dicens
1306 1691 1325 1728 :
1356 1674 1628 1729 Suscitavit
1656 1674 1776 1727 mihi
1803 1674 2048 1729 Dominus

466 1781 633 1820 semen
676 1765 819 1820 aliud
867 1784 959 1837 pro
995 1767 1147 1835 Abel,
1194 1783 1340 1838 quem
1360 1767 1538 1821 occidit
1563 1765 1688 1822 Cain
1724 1785 1743 1820 κ
1774 1764 1923 1840 (Gen.
1966 1783 2043 1833 tv,

466 1857 582 1928 25).
636 1857 835 1914 Deinde
888 1858 1068 1926 addit,
1112 1869 1166 1914 et
1208 1859 1378 1914 dicit:
1413 1878 1431 1910 ι
1459 1858 1538 1914 Ad
1561 1858 1936 1913 documentum
1970 1859 2053 1912 in-

470 1952 637 2006 stituti
656 1953 844 2015 coitus,
870 1952 1040 2019 ipsum
1063 1966 1245 2007 semen
1267 1951 1513 2006 divinitas
1527 1951 1721 2005 dicitur
1735 1952 2011 2006 excitasse.
2028 1970 2046 2003 ι

463 2043 579 2101 Νοη
619 2045 884 2100 intellexit
917 2044 1078 2099 homo
1109 2044 1209 2099 iste
1246 2043 1387 2115 quod
1413 2045 1669 2112 scriptum
1698 2054 1779 2097 est
1809 2065 1822 2097 ;
1852 2042 2057 2114 putavit

462 2136 607 2192 enim
646 2136 712 2190 ad
761 2134 864 2191 hoc
903 2150 1022 2191 esse
1061 2134 1296 2200 dictum,
1349 2134 1622 2190 Suscitavit
1659 2135 1780 2187 mihi
1809 2133 2055 2188 Dominus

464 2246 631 2286 semen
656 2229 800 2283 aliud
822 2245 914 2299 pro
936 2227 1081 2295 Abel,
1114 2236 1172 2282 ut
1190 2227 1501 2282 crederetur
1528 2226 1666 2281 Deus
1697 2227 1770 2281 illi
1794 2225 2056 2281 excitasse

468 2320 742 2374 libidinem
781 2320 1048 2387 coeundi,
1098 2320 1249 2389 cujus
1297 2329 1444 2373 motu
1484 2319 1805 2373 excitaretur
1846 2333 2051 2382 semen,

473 2425 525 2464 ut
550 2412 754 2481 gremio
807 2411 1015 2465 femina:
1060 2420 1244 2479 μοδεοι
1289 2408 1515 2464 infundi.
1564 2408 1744 2463 Nescit
1786 2424 1889 2462 non
1933 2423 2056 2464 esse

468 2502 668 2558 dictum
692 2503 730 2565 ί,
756 2500 1007 2556 Excitavit
1031 2501 1155 2555 mihi
1175 2517 1340 2555 semen
1360 2515 1378 2563 ;
1401 2501 1521 2566 nisi,
1544 2499 1694 2553 Dedit
1717 2498 1844 2552 mihi
1868 2498 2054 2554 lilium.

473 2591 709 2661 Denique
739 2592 841 2647 hoc
862 2592 1029 2646 Adam
1057 2606 1162 2646 non
1190 2591 1325 2646 dixit
1365 2599 1485 2660 post
1509 2590 1706 2645 coitum
1734 2606 1886 2645 suum
1908 2630 1924 2655 ,
1952 2605 2058 2660 quo

467 2698 657 2738 semen
682 2683 893 2746 etuisit,
939 2682 1032 2737 sed
1069 2690 1187 2752 post
1210 2681 1452 2751 cenjugis
1483 2692 1727 2751 partum,
1757 2696 1863 2751 quo
1890 2681 2057 2735 lilium

471 2776 583 2830 Deo
605 2774 838 2830 donante
875 2775 1126 2846 suscepit.
1175 2774 1307 2829 Nam
1338 2789 1456 2845 quae
1481 2773 1763 2843 gratulatio
1789 2783 1908 2838 est,
1956 2773 2056 2829 nisi

470 2866 625 2921 forte
652 2865 1054 2921 libidinosorum
1098 2873 1153 2921 et
1189 2879 1342 2920 suum
1373 2880 1464 2919 vas
1496 2865 1549 2919 in
1587 2863 1780 2919 morbo
1808 2864 2061 2935 concupi-

468 2957 711 3023 scentim,
732 2956 873 3027 quod
905 2966 1046 3012 vetat
1067 2956 1373 3027 Apostolus,
1405 2955 1784 3027 possidentium
1813 2956 1854 3026 (l
1874 2953 2053 3011 Thess.

472 3062 547 3115 Iv,
574 3049 651 3119 5),
684 3050 727 3104 si
751 3065 935 3104 semen
963 3057 1198 3105 extrema
1216 3049 1438 3103 coeundi
1457 3049 1725 3119 voluptate
1747 3046 1993 3104 fundatur
2009 3049 2054 3117 ',

471 3154 571 3195 nec
610 3151 865 3210 sequatur
906 3152 1196 3211 conceptus
1223 3148 1314 3195 ant
1356 3148 1575 3210 partus,
1625 3140 1713 3196 ubi
1755 3144 2056 3211 nuptiarum

471 3243 629 3285 verus
655 3239 737 3286 est
766 3230 1000 3286 fructus?

539 3320 629 3375 20.
660 3320 840 3390 Neque
866 3320 968 3376 hoc
995 3321 1112 3376 ideo
1142 3320 1365 3375 dixerim
1392 3363 1406 3382 ,
1457 3322 1598 3392 quod
1628 3322 1766 3377 alius
1795 3320 2058 3393 putandus

470 3413 541 3467 sit
570 3424 763 3482 praeter
790 3429 1056 3467 summum
1082 3425 1134 3467 et
1159 3429 1343 3468 verum
1374 3413 1571 3478 Deum,
1612 3412 1694 3469 vel
1726 3413 1940 3468 humani
1969 3426 2058 3470 se-

471 3502 630 3558 minis
653 3544 667 3568 ,
714 3503 797 3558 vel
825 3504 989 3573 ipsius
1013 3504 1242 3559 hominis
1284 3514 1493 3559 creator
1528 3520 1594 3559 ex
1639 3504 1845 3560 semine
1867 3502 1888 3536 ³
1916 3522 1930 3558 :
1963 3504 2056 3560 sed

472 3591 575 3648 hoc
618 3596 898 3664 tranquilla
927 3595 995 3650 de
1025 3594 1241 3651 homine
1270 3595 1569 3651 obediemia
1605 3596 1962 3651 membrorum
1990 3596 2056 3651 ad

470 3696 657 3740 nutum
696 3684 983 3740 voluntatis
1028 3683 1349 3749 exisset,'si
1382 3694 1650 3755 peccatum
1692 3702 1794 3740 non
1833 3702 2059 3756 praeces-

470 3783 647 3831 sisset.
688 3776 870 3847 Neque
900 3792 1041 3832 nunc
1079 3779 1251 3848 agitur
1280 3777 1347 3833 de
1386 3788 1571 3833 natura
1614 3779 1835 3834 seminis
1860 3779 1914 3847 ⁸,
1960 3781 2055 3836 sed

468 3864 539 3923 de
570 3867 715 3921 vitio.
768 3869 857 3922 illa
886 3869 1080 3938 quippe
1110 3867 1265 3923 habet
1293 3877 1564 3923 auctorem
1607 3870 1807 3934 Deum;
1848 3886 1914 3926 ex
1958 3871 2059 3927 isto

416 3968 433 3975 '
468 3967 647 4013 autem
690 3958 918 4013 trahitur
962 3959 1221 4029 originale
1267 3970 1561 4029 peceatum.
1608 3960 1738 4015 Nam
1780 3962 1826 4016 si
1874 3977 2057 4019 semen

473 4049 647 4117 ipsum
678 4048 879 4103 nullum
913 4048 1073 4104 habet
1102 4049 1318 4115 vitimn,
1366 4051 1491 4121 quid
1523 4061 1603 4106 est
1634 4052 1771 4122 quod
1802 4055 2055 4124 scriptum

468 4149 556 4193 cst
595 4139 647 4192 in
691 4138 828 4193 libro
872 4138 1156 4208 Sapientiae
1191 4157 1204 4193 :
1241 4138 1361 4194 Non
1404 4141 1644 4213 ignorans
1689 4144 2056 4213 quoniamut:-

468 4245 623 4299 quam
656 4239 729 4283 est
762 4232 900 4284 natio
936 4230 1142 4284 illorum
1163 4273 1178 4297 ,
1223 4239 1269 4285 et
1307 4232 1554 4287 naturalis
1580 4234 1775 4288 malitia
1806 4234 2055 4306 ipsorum,

469 4323 777 4391 etquoniam
804 4339 902 4377 non
929 4332 1123 4393 poterat
1153 4324 1338 4378 mutari
1361 4324 1597 4395 cogitatio
1622 4325 1829 4379 illorum
1854 4328 1907 4380 in
1942 4344 2059 4399 per-

471 4424 676 4485 petuum
701 4430 718 4478 ;
757 4431 922 4468 semen
947 4414 1079 4469 enim
1106 4415 1128 4448 ⁸
1154 4425 1259 4469 erat
1285 4415 1605 4470 maledictum
1633 4415 1695 4469 ab
1732 4418 1876 4472 initio
1897 4418 2054 4491 (Sap.

472 4522 568 4573 sn,
603 4507 689 4569 l0.
723 4507 853 4577 ll)?
891 4507 1093 4577 Nempe
1117 4507 1184 4563 de
1211 4508 1632 4580 quibuscumque
1663 4508 1807 4564 dicat
1831 4510 1960 4579 ista,
1988 4512 2057 4569 de

376 4586 391 4592 ’
472 4592 778 4649 hominibus
803 4591 951 4648 dicit.
991 4593 1272 4661 Quomodo
1297 4603 1380 4649 est
1407 4610 1534 4665 ergo
1568 4594 1855 4665 cujuslibet
1884 4598 2057 4654 homi-

470 4685 556 4741 nis
572 4685 780 4740 ‘malitia
819 4687 1074 4741 naturalis
1098 4694 1153 4741 et
1180 4701 1365 4741 semen
1406 4686 1740 4743 maledictum
1775 4688 1845 4743 ab
1883 4689 2053 4761 initio,

470 4778 573 4834 nisi
601 4779 664 4834 ad
695 4780 820 4836 illud
847 4781 1179 4849 respiciatur,
1206 4779 1346 4851 quod
1371 4797 1458 4850 per
1479 4798 1632 4836 unum
1659 4783 1910 4839 hominem
1935 4800 2052 4856 pec-

473 4880 641 4925 catum
668 4873 871 4927 intrauit
895 4874 947 4926 in
985 4871 1230 4926 mundum
1250 4913 1266 4939 ,
1308 4883 1354 4928 et
1386 4890 1474 4940 per
1506 4884 1763 4945 peccatum
1800 4892 1973 4943 mors;
2008 4886 2057 4933 et

471 4963 543 5019 ita
571 4963 623 5016 in
659 4979 828 5017 omnes
858 4964 1084 5018 homines
1121 4965 1434 5033 pertransiit,
1470 4964 1523 5019 in
1547 4981 1647 5035 quo
1684 4982 1855 5022 omnes
1883 4984 2059 5038 pecca-

472 5062 648 5107 verunt
689 5053 861 5124 (Itoni.
897 5069 929 5108 ν
953 5096 967 5119 ,
1010 5054 1145 5123 £2)?
1186 5053 1350 5124 Cujus
1375 5056 1397 5088 ⁸
1423 5066 1599 5110 autem
1646 5055 1875 5112 hominis
1919 5058 2056 5113 mala

474 5143 725 5214 Cogitatio
756 5160 860 5198 non
890 5154 1061 5215 potest
1098 5147 1149 5200 in
1195 5156 1503 5217 perpetuum
1532 5147 1721 5202 mutari
1744 5190 1757 5211 ,
1808 5148 1907 5202 nisi
1933 5149 2054 5219 quia

476 5250 573 5304 per
616 5249 675 5289 se
706 5235 871 5304 ipsam
914 5251 1018 5289 non
1067 5244 1275 5305 potest,
1323 5237 1415 5291 sed
1447 5237 1489 5291 si
1530 5238 1697 5308 gratia
1725 5238 1906 5292 divina
1923 5238 2058 5292 sub-

538 5432 554 5464 ι
591 5432 671 5480 ttic
695 5432 742 5480 in
766 5430 909 5480 editis
925 5432 1112 5482 additur
1131 5468 1145 5489 ,
1174 5431 1233 5482 ob
1256 5431 1411 5482 aliud.

535 5496 556 5526 ⁸
591 5503 710 5552 Aln.,
734 5492 778 5543 .«i
800 5505 957 5542 semen
979 5500 1121 5558 extra
1144 5493 1345 5558 coeundi
1368 5492 1650 5558 uoluptatem
1690 5493 1937 5558 fundatur.
1958 5500 2055 5555 ια..

473 5557 516 5605 si
531 5568 688 5605 semen
708 5562 851 5606 extra
872 5555 1073 5617 coeundi
1097 5557 1375 5605 rolmttetem
1390 5555 1641 5617 fundatur.

535 5618 558 5651 ³
587 5626 688 5666 Am.
712 5624 788 5679 Er.
813 5626 865 5666 et
880 5615 1046 5679 plures
1067 5615 1414 5679 3155.,[t011tittis
1447 5624 1634 5679 creator
1666 5617 1889 5669 existere.

533 5679 556 5712 ⁸
588 5684 718 5746 Lo_v.,
753 5676 819 5726 de
845 5676 1021 5746 natura
1055 5678 1250 5746 seminis
1291 5677 1509 5746 humani.
1546 5687 1647 5728 Am.
1680 5685 1755 5729 Er.
1800 5688 1853 5730 et
1888 5678 2055 5744 plures

474 5746 602 5800 uss,
624 5740 688 5792 de
704 5747 878 5791 natura
892 5738 1112 5790 hominis.

532 5803 553 5836 ⁸
586 5799 722 5861 είιίιὶ,
745 5814 903 5853 semm
925 5800 1053 5851 enim
1073 5799 1294 5862 illorum,
1322 5802 1497 5860 Abest.
1522 5799 1714 5851 illorum
1738 5815 1764 5851 a
1790 5806 2051 5854 mantissri-

525 5865 566 5911 is
587 5871 640 5911 et
662 5876 688 5911 ι
705 5866 854 5911 sacris
871 5864 1044 5911 Bibliis.

492 5878 566 5911 ill!
587 5878 640 5911 cl
662 5878 688 5911 Ι
705 5878 854 5911 SBCI'IS
872 5878 1044 5911 διιιιιιε.

472 5866 566 5927 ptis
587 5871 640 5914 et
662 5876 688 5913 ι
705 5866 854 5915 sacris
871 5866 1044 5913 Billlils.
1374 5926 1381 5935 δ
1410 5926 1420 5935 '

536 5924 555 5956 ⁶
591 5932 696 5975 Lov.
719 5934 768 5976 et
792 5928 1086 5989 [ceteriores
1103 5932 1287 5975 tantum
1308 5924 1443 5992 editi,
1474 5936 1579 5975 cur.

1255 461 1343 518 DE
1380 461 1650 519 NUPTllS
1688 462 1773 518 Εἴ
1813 456 2145 516 CUNCl'l‘ZS
2176 457 2414 523 LILXTH,
2457 459 2511 512 S.
2557 460 2920 521 AUCL'STINI

3642 473 3745 533 ΗΒ

2165 570 2369 631 veniat;
2403 586 2501 640 qua
2533 588 2635 625 non
2669 572 3014 632 subvcuicnlc
3039 578 3163 647 quid
3189 588 3316 635 sunt
3341 580 3606 646 homines.
3641 586 3745 643 nisi

2160 658 2299 728 quod
2335 661 2407 712 ait
2437 662 2705 730 apostolus
2733 662 2953 732 l‘e‘rtts,
3004 663 3149 721 Velut
3183 680 3322 724 mutu
3356 673 3599 727 animalia
3629 692 3749 744 pro-

2160 760 2325 802 creata
2350 751 2647 805 naturaliter
2671 755 2720 805 in
2744 755 3083 822 captititalent
3111 770 3158 813 et
3181 759 3435 815 interitum
3468 765 3484 795 ⁸
3512 764 3576 831 (ll
3603 765 3743 821 [δεῖν.

2160 855 2233 907 ιι,
2269 842 2392 909 l2)?
2438 842 2588 897 Unde
2620 860 2723 898 uno
2767 846 2884 899 loco
2913 846 3109 903 Paulus
3151 854 3422 920 apostolus
3463 865 3747 919 utrumque

2159 947 2618 996 commemorans.
2661 946 2712 991 ct
2754 937 2882 990 iram
2917 938 3008 993 Dri
3039 954 3157 994 cum
3193 958 3292 1011 qua
3346 945 3641 1005 nascimur.
3692 956 3749 1002 et

2158 1024 2379 1093 gratiam
2425 1041 2525 1096 qua
2564 1027 2850 1082 liberamur
2882 1045 2896 1081 :
2933 1028 2995 1083 lit
3038 1047 3130 1084 nos
3156 1047 3358 1098 omnes,
3403 1033 3609 1104 inquit,
3649 1038 3746 1090 ali-

2157 1116 2361 1185 quando
2402 1122 2680 1171 conversati
2723 1136 2895 1174 sumus
2946 1121 2997 1175 in
3028 1121 3291 1178 desideriis
3334 1126 3504 1179 carnis
3536 1138 3742 1192 nostra',

2159 1204 2396 1274 facientes
2433 1206 2737 1261 voluntatem
2777 1210 2942 1263 carnis
2981 1220 3026 1263 et
3064 1208 3387 1278 aﬂ'ectionum
3408 1231 3427 1279 ;
3464 1224 3511 1268 et
3549 1231 3746 1270 eramus

2159 1307 2342 1351 natura
2379 1299 2477 1368 ﬁlii
2502 1301 2626 1367 ἕνα»,
2668 1301 2797 1354 sicut
2827 1312 2869 1354 et
2897 1304 3080 1357 ctrteri.
3131 1302 3265 1358 Deus
3300 1314 3465 1358 autem
3501 1307 3588 1376 qui
3609 1307 3745 1360 diues

2159 1380 2321 1442 rst'in
2365 1390 2743 1456 misericordia,
2793 1403 2999 1461 propter
3040 1395 3251 1447 multam
3293 1395 3608 1450 dilectionem
3644 1414 3746 1467 φη

2159 1479 2333 1532 dilexit
2363 1497 2455 1533 nos
2475 1521 2488 1545 ,
2538 1491 2582 1534 et
2606 1498 2723 1534 cum
2752 1500 2969 1537 esseinus
3008 1485 3193 1538 mortui
3231 1489 3479 1555 percutis,
3525 1490 3744 1542 conviti-

2157 1570 2325 1638 [icarit
2374 1587 2465 1625 nos
2512 1570 2712 1625 Christo
2737 1613 2753 1638 ,
2786 1558 2965 1642 icujus
3018 1576 3182 1646 gratia
3230 1593 3403 1631 sumas
3454 1578 3579 1631 salri
3624 1580 3746 1648 facti

2160 1658 2373 1734 (Ep/tes.
2404 1677 2475 1728 ιι,
2505 1662 2586 1734 5).
2631 1662 2767 1731 Quid
2801 1674 2884 1719 est
2933 1680 3061 1735 ergo
3110 1666 3307 1720 malitia
3357 1669 3612 1722 nattualis
3642 1669 3740 1723 ho.

2160 1752 2316 1807 minis
2344 1795 2359 1821 ,
2401 1763 2455 1808 et
2498 1770 2679 1811 semen
2709 1757 3047 1812 maledictum
3074 1759 3141 1812 ah
3171 1760 3321 1814 initio
3341 1800 3357 1823 ,
3401 1771 3453 1815 et
3483 1765 3743 1831 procreati

2161 1848 2473 1901 naturaliter
2516 1849 2567 1902 in
2609 1850 2965 1921 captivitatem
3010 1861 3063 1907 et
3105 1852 3410 1920 interitum,
3459 1863 3514 1908 et
3560 1864 3743 1910 natura

2160 1938 2248 1993 lilii
2289 1939 2423 1992 irar‘t
2477 1940 2741 2010 Numquid
2788 1943 2838 1996 in
2871 1942 3038 1997 Adam
3085 1954 3269 1999 natura
3307 1944 3406 1998 ista
3432 1945 3509 1999 sic
3535 1945 3744 2001 condita

2158 2031 2279 2085 est?
2322 2032 2473 2085 Ahsit
2507 2051 2519 2085 :
2549 2033 2643 2087 sed
2683 2034 2806 2105 quia
2847 2034 2897 2089 in
2931 2036 3024 2089 illo
3050 2035 3263 2103 \itiata,
3311 2037 3392 2094 sic
3435 2052 3531 2107 per
3561 2053 3747 2094 omnes

2153 2122 2263 2193 jam
2294 2125 2603 2181 naturaliter
2632 2127 2866 2182 cucurrit
2892 2130 3142 2190 etcurrit,
3176 2138 3230 2182 ut
3250 2126 3318 2183 ab
3334 2127 3432 2183 hac
3450 2129 3745 2198 perditione

2160 2230 2264 2268 non
2292 2214 2477 2269 liberet
2504 2258 2518 2282 ,
2550 2218 2646 2270 nisi
2683 2217 2853 2288 gratia
2884 2218 2976 2274 Dei
3007 2235 3100 2289 [ρι’
3123 2219 3305 2275 Iesum
3340 2219 3612 2276 Christum
3644 2219 3747 2277 Do-

2160 2305 2359 2359 minum
2395 2320 2653 2361 nos-trum.

2233 2395 2459 2453 CAPUT
2492 2397 2583 2453 lX.
2612 2429 2687 2439 —
2714 2399 2802 2454 21.
2834 2399 2966 2468 Quid
3006 2414 3087 2457 est
3113 2418 3238 2474 ergo
3266 2402 3404 2474 quod
3436 2403 3533 2459 istc
3558 2403 3746 2472 adjun-

2158 2488 2235 2559 git
2265 2497 2317 2544 et
2345 2488 2474 2545 dicit
2499 2492 2567 2547 de
2592 2492 2703 2549 Noe
2731 2506 2785 2549 et
2812 2495 2932 2549 tilsis
2958 2496 3071 2566 ejus
3096 2537 3111 2560 ,
3157 2495 3296 2565 quod
3330 2514 3350 2548 ι
3379 2496 3626 2552 similiter
3652 2497 3746 2553 hc-

2160 2582 2358 2637 nedicti
2386 2583 2493 2639 sint
2532 2592 2590 2640 ut
2616 2585 2785 2640 Adam
2814 2595 2867 2641 et
2906 2587 3008 2641 Eva
3030 2629 3046 2655 ,
3073 2588 3281 2644 dicente
3309 2588 3424 2643 Deo
3447 2630 3461 2654 ,
3509 2587 3741 2651 Crescite,

2160 2683 2206 2729 et
2232 2674 2643 2747 multiplicamini
2661 2694 2681 2742 ,'
2710 2687 2756 2733 et
2776 2681 2963 2750 replete
2991 2689 3193 2744 terram,
3220 2690 3267 2735 et
3290 2680 3620 2735 dominamini
3635 2682 3747 2751 ejus

2167 2762 2320 2837 (Cen.
2350 2781 2424 2833 ιχ,
2461 2767 2511 2834 l,
2540 2766 2637 2838 2)?
2671 2787 2691 2821 ι
2743 2769 2947 2836 Quihus
2985 2770 3076 2825 Dei
3104 2770 3280 2826 verbis
3314 2772 3459 2826 addit
3496 2787 3587 2826 sua
3609 2813 3623 2835 ,
3663 2772 3745 2824 di-

2160 2872 2289 2913 cens
2322 2874 2337 2911 :
2376 2876 2396 2911 ι
2444 2858 2695 2930 Voluptas
2720 2877 2845 2932 ergo
2873 2863 2969 2916 ista
2990 2902 3006 2926 ,
3047 2878 3207 2933 quam
3240 2873 3292 2917 tu
3325 2864 3639 2918 diabolicam
3668 2865 3747 2918 vis

2161 2949 2364 3016 videri,
2420 2950 2532 3022 jam
2598 2953 2649 3009 in
2698 2954 3017 3023 Supratlictis
3070 2956 3383 3026 conjugiistts
3432 2957 3743 3022 habebatur,

2161 3056 2279 3113 qum
2307 3050 2363 3097 ut
2388 3043 2719 3100 institutione
2746 3046 2883 3101 bona
2904 3088 2919 3109 ,
2949 3049 3016 3102 ita
3041 3048 3200 3103 etiam
3228 3049 3594 3105 benedictione
3625 3067 3746 3121 per-
3824 3103 3831 3110 .

2161 3133 2376 3188 mansit.
2425 3133 2542 3190 Non
2583 3136 2725 3192 enim
2768 3137 3070 3204 dubitatur,
3117 3139 3183 3196 de
3229 3142 3325 3195 hac
3360 3140 3424 3195 ad
3454 3142 3559 3195 Noe
3586 3155 3634 3197 et
3679 3143 3743 3197 ad

2162 3223 2300 3279 ﬁlios
2326 3223 2442 3294 ejus
2471 3242 2759 3297 corporum
2790 3229 3168 3285 commixtione
3191 3230 3390 3287 dietum
3416 3273 3430 3293 ,
3462 3232 3614 3302 cujus
3633 3232 3744 3301 jam

2165 3332 2294 3371 usus
2334 3317 2620 3387 inoleverat
2650 3336 2663 3373 :
2692 3318 2929 3387 Crescite,
2957 3330 3001 3375 ct
3022 3321 3447 3392 multiplicamini,
3482 3335 3528 3377 et
3556 3324 3748 3393 replete

2162 3416 2370 3464 terram.
2406 3426 2426 3462 ι
2470 3408 2584 3463 Non
2612 3425 2746 3479 opus
2767 3420 2849 3466 est
2876 3412 3059 3467 eadem
3080 3412 3261 3467 multis
3284 3413 3457 3467 verbis
3484 3423 3743 3482 repetere.

2163 3497 2238 3551 De
2266 3499 2393 3552 vitio
2432 3498 2519 3555 hic
2541 3500 2713 3570 agitur
2738 3543 2753 3568 ,
2797 3517 2902 3572 quo
2940 3513 3021 3555 est
3046 3502 3329 3572 depravata
3362 3510 3550 3557 natura
3581 3504 3742 3569 bona,

2161 3590 2313 3659 cujus
2341 3591 2453 3646 vitii
2488 3600 2674 3647 auctor
2704 3602 2787 3646 est
2815 3592 3057 3648 diabolus
3082 3610 3097 3660 ;
3127 3608 3231 3650 non
3260 3593 3325 3649 de
3352 3603 3552 3647 natur:e
3582 3593 3746 3663 ipsius

2163 3680 2426 3747 bonitate,
2478 3684 2630 3753 cujus
2669 3693 2857 3739 auctor
2885 3695 2967 3739 est
2996 3685 3135 3741 Deus
3169 3702 3182 3739 :
3211 3685 3301 3755 qui
3335 3701 3507 3755 neque
3540 3685 3606 3740 ab
3633 3686 3745 3754 ipsa

2163 3774 2340 3829 vitiata
2363 3774 2750 3846 depravataque
2769 3786 2955 3831 natura
2979 3792 3129 3832 suam
3151 3777 3405 3832 abstinuit
3430 3778 3742 3843 bonitatem,

2164 3874 2222 3920 ut
2264 3866 2496 3923 auferret
2536 3867 2603 3922 ab
2640 3867 2855 3924 homine
2884 3870 2905 3901 ⁸
2936 3868 3342 3935 fecunditatem,
3389 3868 3743 3935 vivacitatem,

2163 3957 2443 4013 sanitatem
2469 3999 2486 4025 ,
2534 3958 2808 4031 ipsamque
2831 3960 3183 4015 substantiam
3214 3962 3375 4014 animi
3403 3968 3458 4015 et
3483 3959 3742 4029 corporis,

2162 4064 2350 4105 sensus
2377 4060 2535 4121 atque
2557 4053 2815 4106 rationem
2840 4092 2854 4117 ,
2886 4051 3158 4119 alimenta,
3188 4053 3533 4118 nutrimenta,
3566 4051 3745 4106 incre-

2163 4150 2343 4195 menta
2368 4157 2383 4206 ;
2416 4141 2504 4211 qui
2534 4142 2692 4196 etiam
2722 4140 2847 4196 facit
2866 4141 2994 4197 oriri
3018 4142 3185 4196 solem
3209 4157 3363 4197 suum
3393 4156 3554 4210 super
3577 4141 3747 4195 bonos

2161 4238 2216 4283 et
2243 4231 2411 4284 malos
2430 4271 2445 4294 ,
2486 4240 2540 4285 et
2564 4231 2697 4300 pluit
2719 4247 2880 4301 super
2903 4233 3077 4302 justus
3105 4242 3158 4287 et
3187 4232 3410 4302 injustas
3442 4232 3655 4300 (Matth.
3688 4247 3741 4297 ν,

2161 4322 2294 4393 45).
2339 4331 2394 4376 et
2436 4322 2692 4393 quidquid
2742 4324 2867 4379 boni
2914 4334 2997 4378 est
3043 4335 3243 4378 natura:
3291 4323 3541 4377 humanze
3575 4339 3603 4376 a
3635 4322 3746 4378 Deo

2161 4412 2333 4479 bono,
2369 4414 2528 4468 etiam
2564 4412 2620 4469 in
2662 4414 2766 4469 illis
2796 4414 3096 4471 hominibus
3127 4414 3149 4447 ³
3177 4415 3266 4486 qui
3292 4430 3400 4469 non
3441 4413 3744 4469 liberabun-

2163 4510 2249 4557 tur
2275 4518 2304 4556 a
2333 4504 2491 4557 malo.

2206 4592 2322 4647 '22.
2357 4593 2692 4664 Voluptatem
2740 4604 2915 4652 tamen
2947 4597 3045 4653 iste
3069 4607 3125 4653 et
3167 4597 3253 4652 hic
3276 4597 3437 4657 dixit.
3488 4598 3609 4667 quia
3652 4612 3749 4670 po-

2165 4695 2270 4743 test
2293 4687 2531 4757 voluptas
2561 4696 2614 4742 et
2643 4687 2864 4744 honesta
2893 4704 3011 4745 esse
3036 4706 3051 4755 ;
3102 4705 3207 4745 non
3246 4690 3379 4744 dixit
3416 4691 3593 4744 carnis
3619 4704 3749 4745 Con-

2161 4778 2546 4848 cupiscentiam
2574 4821 2589 4842 ,
2629 4780 2709 4835 vel
2737 4781 3010 4836 libidinem
3031 4822 3047 4847 ,
3084 4796 3202 4850 qua:
3230 4781 3470 4851 pudenda
3496 4791 3581 4837 est
3612 4799 3626 4837 :
3653 4782 3745 4837 sed

2163 4870 2217 4925 in
2256 4871 2705 4941 consequentibus
2748 4873 2952 4943 aperuit
2985 4874 3361 4927 verecundiam
3410 4888 3599 4939 suam,
3650 4888 3747 4928 nec

2162 4961 2501 5017 dissimulare
2547 4964 2716 5034 potuit
2744 4965 2811 5017 ah
2836 4979 2931 5030 eo,
2965 4964 3104 5033 quod
3136 4967 3394 5019 violenter
3421 4966 3531 5035 ipsa
3563 4976 3743 5019 ltztlltl'a

2167 5055 2509 5123 prtrseripsit.
2544 5074 2564 5107 ι
2604 5057 2667 5109 Et
2699 5057 2843 5119 illud,
2888 5076 2905 5108 ι
2947 5056 3148 5126 inquit;
3173 5076 3190 5107 ι
3237 5056 3449 5125 Pmpter
3473 5058 3566 5109 hoc
3588 5058 3743 5109 relin-

2162 5156 2276 5216 quet
2303 5145 2676 5218 homo-patrem
2699 5157 2744 5200 et
2779 5158 3022 5211 matrem,
3069 5160 3115 5201 et
3142 5149 3418 5201 adhrerrlrit
3446 5148 3593 5201 uxori
3619 5161 3744 5212 Slttl',’

2160 5239 2210 5284 et
2246 5241 2391 5283 erunt
2414 5231 2517 5285 duo
2555 5232 2606 5284 in
2626 5248 2776 5284 carne
2796 5247 2898 5284 una
2934 5250 2953 5283 ι
2989 5230 3139 5303 (Gen.
3173 5246 3228 5294 ιι,
3254 5231 3371 5298 2i).
3399 5231 3461 5286 Et
3487 5240 3607 5302 post
3634 5231 3745 5286 lucc

2165 5320 2257 5374 Dei
2282 5321 2442 5375 verba
2469 5363 2484 5387 ,
2512 5335 2606 5375 sua
2640 5321 2754 5391 ipse
2778 5322 3104 5392 subjongens
3130 5339 3142 5375 :
3179 5340 3199 5374 ι
3238 5321 3303 5376 Ut
3332 5324 3685 5390 exprimeret,
3720 5338 3741 5375 ι

2164 5413 2363 5483 inquit,
2410 5433 2429 5465 ι
2468 5415 2622 5469 tidem
2654 5431 2873 5485 operum
2897 5457 2909 5477 ,
2951 5416 3207 5487 propheta
3246 5432 3410 5486 prope
3452 5415 3744 5487 periculum

2165 5505 2380 5576 pudoris
2427 5509 2668 5562 accessit.
2709 5527 2728 5559 ι
2753 5508 2798 5562 Ο
2827 5521 3009 5578 aperta
3069 5525 3285 5578 prorsus
3333 5520 3387 5564 et
3433 5509 3477 5560 vi
3511 5506 3747 5562 veritatis

2168 5741 2178 5751 .
2226 5680 2250 5750 ι,
2279 5680 2435 5790 tilica?
2458 5679 2600 5741 paulo
2622 5678 2744 5729 iu’ra
2770 5688 2879 5730 Iov.
2908 5689 2956 5731 et
2977 5681 3155 5746 aliquot
3180 5689 3307 5740 Msa,
3333 5682 3382 5731 in
3406 5680 3678 5745 emrtiritatc
3700 5686 3748 5732 α

2168 5755 2209 5790 tn
2232 5755 2281 5790 ut
2302 5754 2343 5790 es
2431 5775 2443 5788 .

2333 5756 2343 5785 ξι
2356 5753 2443 5788 ιω.

2194 5755 2209 5790 ι
2269 5754 2443 5790 ιιεέιιιιι.

2161 5755 2391 5913 Tauroni
2430 5809 2482 5851 et
2524 5800 2745 5865 [lc-rique
2791 5811 2916 5864 ὶιρεη
2958 5802 3214 5854 hominum.
3258 5808 3574 5867 ttenigaiauus
3593 5804 3745 5864 mh,

2179 5877 2365 5913 ltil)2:!i{?.

2194 5877 2365 5911 nmmo.

2179 5883 2365 5913 ll’l’liiilf.

2227 5929 2247 5958 ³
2282 5925 2414 5982 t’uiti,
2443 5932 2569 5987 post,
2597 5924 2653 5973 In:
2674 5926 2721 5973 :ri
2756 5925 2802 5975 tb
2826 5942 2875 5983 rs,
2906 5928 3100 5985 addunt,
3126 5936 3210 5977 est.
