4144 6576
316 353 418 411 “9

316 475 524 522 extorta
549 463 842 522 eonfessrol
869 457 1134 534 Propheta
1153 473 1304 532 ergo,
1327 469 1383 514 ιιι
1403 459 1722 530 exprimeret
1741 459 1896 512 fidem

321 573 566 631 operum,
593 573 754 628 prope
775 554 1070 628 periculum
1101 553 1316 625 pudoris
1341 553 1586 618 accessit,
1603 553 1723 624 quia
1746 552 1894 616 dixit,

328 649 491 712 Erunt
521 649 624 703 duo
653 650 706 703 in
744 664 898 703 carne
936 663 1038 700 una
1062 687 1077 711 ,
1126 645 1213 699 ubi
1260 645 1692 700 commixtionem
1741 645 1902 698 maris

323 751 380 798 et
406 740 614 796 femina:
641 739 860 808 intelligi
894 737 1082 792 voluit.
1131 737 1346 790 Dicatur
1373 751 1530 792 causa
1559 778 1572 800 ,
1602 751 1698 789 cur
1723 735 1774 788 in
1805 751 1902 789 ex-

324 831 615 905 primendis
638 830 889 898 operibus
920 827 1050 893 Dei,
1095 827 1352 897 propheta
1396 840 1563 896 [πορθ
1604 825 1899 896 periculum

326 922 542 995 pudoris
592 921 895 977 accesserit.
948 920 1094 975 Itane
1140 934 1268 973 vero
1316 918 1545 972 humana
1593 934 1754 986 opera
1805 932 1904 987 pu-

321 1014 498 1070 denda
528 1028 646 1068 esse
674 1029 779 1067 non
805 1011 1042 1077 debent,
1078 1009 1172 1064 sed
1206 1011 1358 1079 plane
1387 1009 1659 1079 glorianda
1682 1049 1696 1071 ,
1743 1019 1796 1062 et
1825 1007 1906 1062 di-

322 1106 444 1160 vina
477 1103 717 1175 pudenda
757 1103 921 1158 sunt?
973 1101 1118 1156 Itane
1143 1117 1271 1156 vero
1302 1101 1352 1154 in
1383 1101 1692 1171 eloquendis
1731 1110 1784 1154 et
1810 1116 1904 1156 ex-

325 1194 616 1267 primendis
663 1193 916 1264 operibus
965 1192 1099 1259 Dei,
1151 1209 1256 1246 non
1303 1190 1595 1246 honoratur
1633 1190 1909 1260 propheta:

324 1287 408 1341 vel
429 1301 580 1340 amor
593 1285 672 1340 vel
704 1283 871 1348 labor,
897 1283 988 1338 sed
1017 1283 1349 1354 periclitatur
1370 1282 1581 1351 pudor?
1607 1282 1740 1348 Quid
1767 1283 1908 1335 enim

327 1377 495 1447 potuit
522 1376 660 1429 Deus
700 1375 871 1429 facere
893 1415 908 1439 ,
942 1373 1082 1443 quod
1113 1373 1232 1443 ejus
1277 1374 1677 1442 prredicatorem
1715 1372 1912 1443 pudeat

327 1465 544 1520 dicere?
597 1464 683 1531 Et,
712 1464 853 1534 quod
883 1474 966 1518 est
1005 1465 1218 1535 gravius
1241 1505 1257 1531 ,
1293 1464 1484 1533 pudeat
1516 1464 1785 1518 hominem
1817 1465 1914 1519 ali-

328 1557 478 1624 cujus
503 1554 680 1622 Operis
699 1595 714 1618 ,
761 1553 901 1622 quod
931 1569 1036 1608 non
1062 1553 1224 1609 homo
1245 1593 1259 1615 .
1290 1553 1384 1609 sed
1412 1554 1551 1608 Deus
1583 1553 1706 1609 fecit
1736 1555 1786 1608 in
1815 1554 1912 1609 ho-

267 1646 281 1669 ’
327 1649 514 1704 mine:
542 1660 663 1704 eum
709 1660 896 1700 omnes
937 1646 1156 1715 Opifices
1194 1656 1394 1715 quanto
1426 1647 1442 1679 ²
1468 1657 1690 1715 possunt
1731 1647 1913 1702 labore

330 1749 381 1791 et
410 1735 668 1791 industria
693 1735 744 1790 id
773 1746 952 1806 agant,
978 1751 1044 1790 ne
1067 1735 1134 1791 de
1154 1737 1266 1791 suis
1285 1737 1538 1806 operibus
1559 1737 1913 1793 erubescant?

331 1825 438 1882 Sed
481 1827 720 1894 profectu
761 1825 888 1881 illud
914 1840 1012 1881 nos
1041 1827 1061 1858 ³
1091 1826 1285 1896 pudet,
1331 1827 1471 1896 quod
1501 1828 1681 1896 puduit
1715 1828 1914 1896 primos

333 1918 452 1972 illos
495 1918 780 1984 homines,
830 1915 1042 1987 quando
1096 1917 1340 1987 pudenda
1389 1927 1655 1973 texerunt.
1713 1917 1804 1972 Illa
1834 1926 1917 1973 est

333 2024 490 2080 pinna
522 2008 759 2078 precati,
802 2008 887 2062 illa
930 2008 1080 2078 plaga
1111 2008 1495 2079 vestigiumque
1531 2009 1776 2078 peccati;
1827 2009 1914 2063 illa

335 2099 582 2154 illecebra
634 2096 907 2170 famesque
944 2099 1184 2169 peccati,
1233 2100 1321 2154 illa
1353 2100 1434 2154 lex
1467 2100 1520 2155 in
1551 2100 1806 2155 membris
1833 2114 1916 2156 re-

339 2205 579 2261 pugnans
609 2190 708 2260 legi
738 2192 955 2256 utentis,
987 2190 1074 2244 illa
1103 2205 1168 2245 ex
1196 2191 1350 2246 nobis
1377 2190 1507 2261 ipsis
1535 2191 1794 2247 adversus
1818 2205 1918 2246 nos

338 2282 480 2348 ipsos
507 2280 859 2335 inobcdieutia
883 2322 899 2347 ,
923 2281 1222 2350 justissima
1247 2282 1576 2350 reciprocatu
1608 2282 1921 2337 inohedicn-

339 2373 477 2426 tibus
505 2370 741 2425 reddita:
759 2370 924 2440 llujus
949 2386 1045 2425 nos
1071 2371 1254 2442 pudet,
1285 2380 1339 2426 ct
1367 2373 1557 2426 merito
1578 2371 1758 2442 pudet.
1783 2371 1916 2426 Nam

336 2463 382 2517 si
411 2462 510 2518 hoc
537 2477 638 2516 non
659 2474 821 2527 esset,
842 2463 967 2532 quid
992 2462 1148 2518 nobis
1170 2475 1311 2519 esset
1333 2465 1606 2534 ingratius,
1637 2463 1759 2533 quid
1786 2464 1921 2519 irrc-

339 2553 602 2624 ligiosius,
649 2553 694 2607 si
731 2553 782 2606 in
815 2553 1067 2606 membris
1095 2555 1292 2608 nostris
1311 2595 1326 2619 ,
1360 2569 1465 2608 non
1495 2553 1561 2609 de
1589 2555 1716 2608 vitio
1743 2557 1823 2608 vel
1851 2554 1918 2608 de

340 2658 494 2714 pinna
522 2651 722 2707 nostra,
755 2641 850 2697 sed
879 2641 946 2697 de
976 2643 1066 2696 Dei
1095 2642 1550 2698 confunderemnr
1575 2643 1870 2713 operibus?

409 2734 635 2790 CAPUT
674 2732 740 2789 X.
781 2763 853 2774 —
895 2733 986 2789 25.
1022 2733 1155 2788 Dicit
1183 2735 1342 2789 etiam
1394 2735 1492 2789 iste
1531 2738 1692 2790 tnulta
1724 2734 1918 2790 frustra

340 2824 410 2880 de
439 2824 703 2878 Abraham
734 2833 788 2879 et
814 2825 964 2892 Sara,
993 2823 1260 2894 quomodo
1292 2839 1357 2880 ex
1387 2824 1799 2894 repromissione
1827 2839 1920 2880 ae-

343 2917 580 2988 cepcrint
607 2916 774 2971 filium
795 2933 809 2982 ;
834 2925 886 2971 et
906 2918 1114 2972 tandem
1141 2917 1622 2986 concupiscentiam
1645 2918 1918 2973 nominat:

341 3025 447 3065 non
481 3018 656 3063 tamen
686 3009 833 3062 addit
861 3010 1038 3064 carnis
1061 3051 1077 3075 ,
1119 3011 1242 3080 quia
1282 3011 1392 3079 ipsa
1425 3010 1672 3080 pudenda
1708 3018 1810 3066 est.
1862 3009 1918 3065 In

340 3097 786 3166 concupiscentia:
815 3106 992 3152 autem
1021 3100 1237 3155 nomine
1270 3099 1555 3168 aliquando
1582 3099 1922 3170 gloriandum

340 3200 420 3245 est
454 3207 468 3244 ε
495 3191 615 3260 quia
640 3200 724 3246 est
754 3191 1250 3261 etconcupiscentia
1278 3192 1498 3261 spiritus
1523 3192 1778 3248 adversus
1806 3209 1925 3248 car-

343 3296 464 3335 nem
494 3278 688 3352 (Galat.
723 3296 756 3335 ν
780 3321 795 3343 .
829 3282 918 3351 17)
944 3322 959 3345 ,
1008 3291 1092 3336 est
1115 3293 1169 3337 et
1193 3283 1622 3352 concupiscentia
1651 3283 1924 3354 sapientiae

345 3374 501 3446 (Sap.
531 3390 622 3443 vt,
651 3374 768 3448 2i).
807 3375 896 3430 Ait
923 3391 1050 3446 ergo
1082 3394 1095 3431 :
1133 3393 1152 3426 ι
1186 3375 1347 3432 Certe
1377 3376 1512 3431 hanc
1538 3378 1922 3447 concupiscen-

343 3464 468 3519 tiant
500 3467 615 3521 sine
641 3481 745 3537 qua
774 3466 915 3520 nulla
937 3465 1233 3522 fecunditas
1251 3476 1373 3536 est,
1396 3468 1592 3522 malam
1615 3467 1636 3500 ³
1672 3468 1925 3524 naturali-

343 3567 426 3613 ter
451 3557 684 3612 deﬁnisti
718 3577 732 3613 :
767 3559 906 3615 unde
931 3575 1060 3630 ergo
1091 3575 1188 3630 per
1215 3550 1412 3616 donum
1441 3562 1662 3618 caeleste
1691 3563 1742 3617 in
1767 3563 1919 3619 seni—

341 3645 442 3704 bus
469 3648 766 3705 excitaturi
821 3651 1016 3706 Astrue
1054 3650 1165 3722 jam
1207 3652 1342 3716 hoc,
1392 3652 1436 3706 si
1463 3663 1657 3724 potes,
1701 3653 1766 3708 ad
1792 3667 1926 3724 opus

299 3767 304 3772 ι
343 3738 538 3794 diaboli
569 3741 834 3810 pertinere
852 3782 868 3807 ,
893 3742 1036 3814 quod
1067 3743 1231 3798 Deum
1260 3743 1408 3799 vides
1426 3745 1670 3802 conferre
1700 3762 1794 3816 pro
1819 3763 1930 3801 mu-

345 3846 491 3884 nere.
533 3850 554 3884 ι
587 3831 659 3886 Ita
684 3833 786 3887 hoc
815 3833 962 3900 dicit,
994 3837 1141 3905 quasi
1164 3838 1592 3908 concupiscentia
1619 3839 1796 3893 carnis
1823 3839 1928 3894 illis

344 3931 467 3976 ante
495 3920 754 3991 defuerit,
791 3935 844 3978 et
884 3924 1021 3981 hanc
1048 3927 1127 3980 eis
1155 3927 1431 3983 donaverit
1455 3929 1597 3984 Deus
1624 3947 1638 3983 :
1665 3946 1783 4001 quae
1804 3945 1930 4002 pro-

345 4012 431 4066 cul
460 4013 622 4069 dubio
651 4012 828 4070 inerat
858 4015 909 4069 itt
945 4031 1169 4086 corpore
1193 4019 1381 4072 mortis
1405 4019 1600 4090 hujus;
1627 4020 1721 4076 sed
1748 4020 1932 4078 fecun-

346 4102 485 4158 ditas
509 4102 713 4172 defuit,
758 4104 909 4175 cujus
949 4117 1136 4162 auctor
1164 4118 1246 4163 est
1276 4109 1415 4164 Deus
1440 4151 1455 4174 ,
1502 4118 1558 4165 et
1587 4110 1698 4181 ipsa
1729 4110 1925 4167 donata

347 4202 430 4248 est
469 4193 678 4263 quando
721 4192 888 4250 voluit
935 4197 1091 4251 Deus.
1143 4198 1296 4253 Absit
1338 4210 1518 4254 autem
1563 4210 1619 4255 ut
1664 4201 1926 4269 dicamus,

347 4283 486 4352 quod
517 4298 613 4338 nos
644 4293 766 4354 puta
779 4286 850 4338 vit
878 4300 997 4341 esse
1017 4285 1274 4356 dicturos,
1306 4288 1451 4344 lsaac
1471 4291 1586 4345 sine
1615 4291 1930 4346 concubitus

348 4375 526 4429 calore
551 4386 879 4444 generatum.

417 4464 643 4522 CAPUT
669 4465 758 4522 XI.
781 4497 850 4508 —-
876 4469 966 4524 ΞΑ.
993 4469 1097 4525 Sed
1125 4471 1238 4541 ipse
1258 4473 1366 4543 jam
1396 4473 1558 4538 dicat,
1577 4491 1742 4546 quare
1769 4476 1933 4532 inter-

351 4558 451 4612 iret
490 4560 663 4611 anima
694 4559 808 4629 ejus
849 4560 915 4615 de
959 4578 1157 4633 genere
1193 4579 1330 4632 suo,
1375 4565 1420 4620 si
1457 4567 1804 4623 circumcisus
1845 4567 1931 4622 die

353 4663 455 4703 non
486 4659 627 4705 esset
645 4660 835 4706 octavo
868 4670 881 4704 :
915 4653 1040 4724 quid
1074 4656 1185 4724 ipse
1212 4668 1511 4727 peccasset,
1538 4659 1661 4730 quid
1682 4659 1934 4716 offendis-

350 4749 434 4793 ret
467 4740 628 4794 Deum
655 4783 669 4807 ,
717 4751 774 4796 ut
797 4743 866 4798 de
898 4745 1069 4799 aliena
1100 4747 1150 4800 in
1177 4761 1236 4802 se
1263 4749 1579 4818 negligentia
1617 4759 1722 4804 tam
1746 4766 1933 4806 severa

351 4831 615 4885 sententia
645 4833 956 4902 puniretur,
989 4835 1036 4890 si
1061 4837 1262 4891 nullmu
1290 4850 1432 4893 esset
1459 4840 1720 4910 originale
1748 4857 1936 4912 pecca-

353 4921 513 4975 tum?
559 4921 634 4978 De
679 4923 1124 4981 circnmcidendis
1175 4929 1315 4983 enim
1364 4931 1504 4986 Deus
1547 4932 1622 4987 sic
1664 4933 1934 4988 mandavit

354 5007 682 5065 infantibus:
717 5011 979 5069 Masculus
1022 5017 1106 5086 qui
1143 5034 1244 5071 non
1278 5019 1661 5074 circumcidetur
1685 5039 1888 5076 carnem
1911 5021 1935 5054 δ

355 5103 589 5173 ρτωριιϋ
626 5104 705 5158 sui
731 5116 904 5160 octavo
933 5106 1043 5172 die,
1077 5107 1312 5180 (ἥιρει-εει
1340 5109 1512 5164 anima
1540 5114 1645 5180 ejus
1670 5112 1734 5166 de
1759 5130 1936 5183 genere

354 5209 464 5257 suo,
493 5194 611 5267 quia
637 5205 982 5251 testamentum
1005 5215 1168 5252 meum
1190 5200 1450 5270 dissipavit
1479 5201 1629 5274 (Gen.
1659 5218 1786 5269 xvu,
1819 5203 1932 5274 14).

359 5284 506 5337 Dicat
530 5283 650 5347 iste,
679 5285 723 5339 si
751 5296 960 5360 potest,
987 5291 1255 5356 quomodo
1286 5306 1417 5360 puer
1441 5293 1530 5347 ille
1558 5302 1934 5348 testamentum

357 5374 446 5428 Dei
474 5359 786 5446 dissipavit:
826 5388 948 5433 octo
967 5378 1198 5447 dierum,
1227 5359 1483 5452 quantum
1511 5384 1575 5439 ad
1605 5386 1776 5454 ipsum
1809 5399 1933 5454 pro-

357 5467 469 5530 prie
497 5467 686 5522 attinet
709 5509 725 5534 ,
755 5467 1011 5524 innocens
1040 5470 1211 5526 infans
1247 5491 1260 5528 :
1297 5483 1350 5527 ct
1388 5484 1562 5530 tamen
1594 5475 1742 5529 nullo
1775 5475 1935 5530 modo

419 5601 435 5665 ξ
471 5598 686 5665 Potiorcs
705 5606 831 5662 Mss,
849 5609 1094 5665 quartum.

415 5660 438 5723 ξ
469 5660 687 5710 Konnulli
708 5660 838 5723 _tttss.,
857 5660 1001 5712 nunc.

421 5720 446 5752 ⁸
473 5725 603 5779 μοι,
619 5721 816 5772 malum.

419 5781 441 5813 ⁵
473 5786 552 5832 8r.
581 5784 728 5846 Lugd.
754 5792 871 5834 ven.
897 5791 949 5835 et
969 5792 1105 5846 Lov.,
1122 5800 1285 5838 carne.
1353 5796 1409 5837 at.

1659 344 1857 400 LIBER
1897 343 2268 402 SECUNDUS.

3482 347 3583 407 ‘50

2012 458 2150 511 Deus
2173 457 2251 510 vel
2275 465 2454 509 sancta
2477 457 2530 512 St
2549 457 2743 527 riptura
2769 455 2816 508 id
2847 456 3170 513 mendaciter
3193 460 3415 518 diceret.
3431 463 3586 521 'l‘unc

2007 563 2135 618 ergo
2161 547 2433 616 dissipavit
2462 558 2834 602 testamentum
2868 549 2995 616 Dei,
3047 566 3150 604 non
3178 552 3278 605 hoc
3307 553 3372 606 de.
3413 554 3584 624 impc-

2010 651 2121 695 rata
2151 641 2587 702 circumcisione,
2638 641 2730 694 Sed
2781 641 2906 696 illud
2947 641 3014 696 de
3055 642 3178 711 ligni
3210 645 3586 712 prohibitione,

2009 732 2222 801 quando
2252 748 2339 803 per
2374 749 2526 784 unum
2563 732 2809 785 hominem
2849 742 3105 803 peccatum
3143 733 3343 786 intrarit
3369 735 3422 787 in
3447 753 3591 786 mnu.

2009 823 2129 876 dum
2154 863 2170 890 ,
2201 833 2244 876 et
2280 839 2368 892 per
2393 833 2645 893 peccatum
2688 839 2857 887 mors;
2903 833 2948 876 et
2975 823 3042 875 ita
3066 823 3116 876 in
3156 841 3328 878 omnes
3365 830 3593 881 homines

2011 915 2337 987 pertransiit,
2380 918 2430 968 in
2459 931 2554 980 quo
2583 931 2751 969 omnes
2793 926 3140 984 peccaverunt.
3189 918 3252 970 lit
3288 916 3389 972 hoc
3422 920 3471 973 in
3505 920 3594 972 illo

2011 1005 2408 1076 significabatur
2433 1005 2635 1074 expiari
2673 1006 3075 1061 circumcisione
3111 1009 3279 1060 octavi
3321 1009 3447 1072 diei,
3493 1011 3593 1064 hoc

2011 1106 2127 1161 est,
2181 1109 2516 1151 sacramento
2556 1096 2864 1150 Mediatoris
2907 1099 2956 1150 in
2987 1112 3150 1153 earne
3191 1100 3395 1152 venturi
3427 1117 3440 1154 :
3472 1101 3593 1168 quia

2013 1201 2108 1256 per
2134 1187 2374 1241 eamdem
2406 1187 2560 1241 fidem
2593 1188 2795 1240 venturi
2828 1187 2878 1240 in
2903 1202 3062 1240 carne
3091 1186 3324 1251 Christi,
3357 1197 3413 1244 et
3441 1190 3595 1243 mori.

2013 1280 2115 1331 turi
2149 1293 2242 1346 pro
2269 1278 2419 1331 nobis
2443 1319 2459 1344 ,
2489 1289 2540 1333 ct
2570 1278 2724 1333 tertio
2747 1278 2862 1344 die,
2894 1279 2979 1348 qui
3014 1289 3132 1348 post
3161 1281 3442 1347 septimum
3470 1282 3590 1336 Sab-

2013 1367 2119 1422 bati
2152 1369 2322 1423 fuerat
2346 1367 2551 1423 futurus
2576 1379 2823 1428 octavus.
2858 1372 3240 1433 resurrecturi,
3269 1374 3427 1425 etiam
3461 1372 3592 1440 juin

2013 1459 2356 1514 salvabantur
2400 1461 2625 1530 antiqui.
2675 1460 2923 1516 Traditus
2948 1470 3028 1514 est
3055 1461 3196 1515 enim
3242 1470 3460 1532 propter
3501 1464 3597 1519 de-

2016 1551 2136 1606 licta
2184 1562 2395 1615 nostra,
2453 1560 2506 1606 et
2553 1553 2844 1607 resurrexit
2898 1561 3113 1620 propter
3159 1553 3595 1619 justiticatioucm

2016 1653 2272 1699 nostram.
2328 1643 2406 1697 Ex
2446 1659 2551 1714 quo
2591 1645 2733 1698 enim
2786 1643 3022 1698 instituta
3064 1655 3147 1698 est
3193 1645 3525 1699 circumcisio
3549 1646 3598 1698 in

2017 1733 2213 1803 populo
2243 1733 2332 1788 Dei
2353 1774 2368 1797 ,
2400 1732 2540 1802 quod
2569 1743 2685 1790 erat
2715 1744 2839 1788 tunc
2877 1734 3203 1803 signaculum
3229 1735 3448 1802 justiti-.12
3478 1736 3600 1791 fidei

2018 1823 2194 1894 (Rom.
2223 1839 2305 1889 tv,
2328 1823 2431 1888 25,
2465 1824 2583 1895 ll),
2615 1825 2684 1878 ita
2717 1826 2733 1856 ⁸
2764 1825 2828 1878 ad
2857 1825 3297 1894 significationem
3333 1831 3600 1896 purgatio-

2019 1916 2103 1970 nis
2128 1916 2338 1971 valebat
2366 1925 2421 1970 et
2465 1917 2515 1970 in
2558 1917 2789 1985 parvulis
2821 1917 3094 1986 originalis
3139 1919 3438 1989 veterisque
3477 1936 3600 1988 pec-

2018 2007 2142 2071 cati,
2171 2009 2306 2062 sicut
2336 2017 2388 2062 et
2417 2008 2716 2076 Baptismus
2741 2023 2804 2062 ex
2833 2008 2924 2062 illo
2965 2009 3140 2064 valere
3165 2011 3328 2078 cmpit
3353 2011 3417 2062 ad
3447 2011 3602 2063 inno-

2022 2098 2289 2153 vationem
2317 2097 2568 2162 hominis,
2585 2113 2651 2154 ex
2679 2113 2782 2167 quo
2802 2109 2884 2153 est
2905 2098 3195 2153 institutus.
3218 2099 3295 2170 (ο)
3322 2099 3436 2161 Non
3457 2099 3603 2171 quod

2019 2197 2143 2244 ante
2185 2189 2643 2245 circumcisionem
2684 2189 2887 2259 justitia
2938 2190 3056 2244 ﬁdei
3101 2191 3242 2244 nulla
3274 2202 3427 2256 erat;
3475 2206 3602 2246 nam

2020 2298 2139 2338 cum
2170 2283 2342 2336 adhuc
2371 2291 2512 2337 esset
2551 2283 2601 2336 in
2633 2283 2924 2352 pr:rpntio,
2958 2298 3020 2337 ex
3053 2281 3156 2338 fide
3181 2283 3501 2350 justiticatns
3522 2292 3607 2338 cst

2023 2376 2135 2445 ipse
2164 2375 2429 2430 Abraham
2451 2417 2466 2441 ,
2509 2385 2660 2446 pater
2686 2376 2922 2444 gentium
2950 2391 3068 2444 qua:
3108 2375 3266 2430 fidem
3298 2375 3462 2442 ipsius
3493 2376 3609 2430 fue-

2022 2477 2143 2519 rant
2182 2474 2462 2520 sectatura'
2497 2482 2512 2519 :
2542 2464 2636 2527 sed
2679 2465 3042 2533 superioribus
3079 2465 3410 2534 temporibus
3457 2465 3606 2519 omni

2021 2553 2742 2609 modolatuitsacramentum
2755 2554 3148 2624 justilicationis
3173 2572 3234 2609 ex
3256 2555 3377 2609 fide.
3407 2555 3604 2609 Eadem

2023 2654 2198 2700 tamen
2227 2647 2357 2701 fides
2381 2646 2682 2700 Mediatoris
2702 2648 2882 2702 Salvos
2903 2645 3076 2716 jttslos
3095 2646 3604 2717 faciebatantiquos.

2023 2738 2245 2809 pusillos
2277 2753 2398 2792 cum
2429 2738 2661 2808 magnis;
2707 2753 2811 2792 non
2850 2748 3006 2792 vetus
3032 2737 3426 2793 Testamentum
3469 2738 3608 2808 quod

2022 2833 2075 2884 in
2106 2828 2416 2884 servitutem
2446 2839 2662 2898 generat
2689 2826 2884 2898 (Colat.
2918 2844 3004 2895 tv,
3034 2827 3130 2895 24)
3154 2869 3170 2893 ,
3220 2844 3326 2882 non
3367 2829 3448 2882 lex
3491 2845 3613 2898 qua:

2023 2935 2128 2974 non
2157 2921 2233 2974 sic
2269 2929 2353 2974 est
2378 2919 2496 2974 data
2521 2961 2537 2985 ,
2566 2935 2683 2989 qua:
2718 2928 2899 2990 posset
2925 2919 3188 2975 viviticare
3215 2917 3327 2988 (Id.
3363 2935 3416 2974 ιιι
3442 2961 3456 2984 ,
3487 2919 3606 2991 21),

2022 3014 2118 3070 sed
2159 3013 2326 3083 gratia
2360 3013 2450 3068 Dei
2494 3027 2589 3082 per
2626 3011 2806 3068 Jesum
2853 3012 3123 3067 Christum
3177 3011 3455 3066 Dominum
3503 3027 3603 3066 no-

2023 3117 2190 3162 strum
2223 3104 2400 3176 (Rom.
2426 3119 2502 3160 vn
2524 3145 2540 3169 ,
2565 3103 2678 3174 25).
2712 3103 2844 3170 Quia
2874 3103 3010 3157 sicut
3044 3103 3310 3156 credimus
3339 3117 3438 3157 nos
3458 3101 3616 3156 Chri-

2024 3207 2164 3253 stum
2193 3197 2246 3252 in
2278 3209 2444 3251 carne
2483 3195 2694 3250 venisse
2715 3235 2731 3260 ,
2775 3194 2853 3249 sic
2892 3192 2970 3248 illi
2999 3202 3276 3246 venturum
3308 3209 3322 3244 :
3351 3192 3488 3246 sicut
3516 3207 3616 3247 nos

2024 3297 2329 3357 mortuum,
2391 3287 2462 3342 ita
2506 3287 2578 3340 illi
2624 3283 2938 3340 moriturum
2976 3301 2991 3338 :
3033 3283 3171 3338 sicut
3210 3300 3308 3339 nos
3364 3300 3607 3340 resurre-

2025 3381 2204 3446 xisse,
2255 3380 2325 3434 ita
2363 3377 2439 3433 illi
2485 3383 2906 3430 resurrecturum
2935 3391 2950 3428 :
2977 3383 3031 3428 et
3069 3387 3166 3427 nos
3188 3389 3312 3427 vero
3333 3382 3385 3427 et
3413 3373 3509 3439 illi,
3546 3372 3614 3426 ad

2021 3469 2278 3540 judicium
2305 3479 2636 3524 mortuorum
2659 3466 3006 3535 vivorumque
3031 3471 3332 3519 venturum.
3353 3462 3470 3519 Non
3488 3479 3616 3534 ergo

2028 3563 2134 3617 iste
2171 3561 2458 3617 humanam
2506 3559 2647 3614 male
2695 3555 3034 3613 defendendo
3077 3554 3333 3626 impediat
3373 3570 3404 3610 a
3445 3555 3618 3610 salute

2029 3666 2271 3711 naturam
2308 3673 2322 3710 :
2354 3655 2476 3726 quia
2505 3669 2694 3708 omnes
2720 3653 2820 3708 sub
2850 3660 3067 3722 peccato
3105 3651 3407 3718 nascimur,
3439 3659 3493 3705 et
3519 3665 3615 3720 per

2031 3764 2194 3804 unum
2223 3747 2430 3811 solum,
2472 3745 2562 3816 qui
2591 3744 2707 3800 sine
2737 3753 2952 3815 peccato
2983 3756 3138 3797 natus
3165 3751 3275 3808 est,
3309 3741 3616 3796 liberantur.

2099 3837 2326 3895 CAPUT
2367 3835 2558 3892 Xl|.—
2583 3834 2684 3904 25.,
2717 3853 2736 3887 ι
2771 3835 2905 3902 Ista,
2934 3852 2952 3886 ι
3005 3834 3191 3904 inquit,
3256 3850 3275 3883 ι
3305 3846 3615 3901 corporum,

2030 3929 2358 3995 commixtio,
2385 3945 2505 3983 cutn
2532 3928 2733 3992 calore,
2759 3941 2881 3982 cum
2913 3926 3204 3996 voluptate,
3235 3941 3356 3980 cum
3385 3925 3615 3991 semine,

2031 4038 2062 4079 a
2090 4024 2198 4079 Deo
2223 4022 2383 4085 facta,
2411 4031 2465 4077 et
2493 4037 2588 4092 pro
2631 4035 2728 4076 suo
2757 4020 2916 4075 modo
2943 4018 3226 4074 laudabilis
3266 4019 3618 4089 approbatur,

2032 4131 2151 4186 qua:
2166 4113 2624 4184 aliquando’ctiam
2641 4113 2877 4182 amplum
2897 4111 3124 4167 efticitur
3144 4126 3335 4165 munus
3352 4111 3578 4179 piorum.
3594 4128 3618 4162 ιν

2036 4208 2224 4272 Dixit,
2280 4226 2300 4260 ι
2334 4221 2455 4262 cum
2501 4205 2719 4272 calore;
2753 4222 2772 4256 ι
2823 4203 2976 4268 dixit,
3031 4222 3049 4255 ι
3087 4219 3208 4258 cum
3254 4204 3555 4272 voluptate;
3595 4220 3618 4254 s

2033 4297 2187 4364 dixit,
2223 4315 2244 4352 ι
2277 4313 2396 4352 cum
2421 4296 2627 4352 semine
2655 4313 2668 4348 ε
2705 4313 2725 4348 ι
2758 4311 2862 4349 non
2900 4303 3076 4348 tamen
3106 4293 3287 4348 dicere
3316 4307 3479 4348 ausus
3507 4301 3615 4358 est,

2035 4391 2164 4446 Cum
2191 4389 2442 4449 libidine;
2475 4402 2662 4458 quare.
2696 4386 2798 4441 nisi
2831 4386 2953 4452 quia
2999 4385 3278 4439 nominare
3326 4383 3619 4447 erubescit,

2034 4496 2192 4551 quam
2220 4479 2437 4534 laudare
2467 4493 2570 4533 non
2597 4477 2866 4534 erubescit
2893 4475 2948 4530 '?
2968 4474 3157 4529 Munus
3183 4481 3361 4528 autem
3406 4473 3618 4542 piorum

2037 4571 2344 4642 propagatio
2372 4580 2454 4626 est
2491 4567 2711 4624 fecunda
2744 4567 2995 4631 filiorum,
3031 4582 3136 4620 non
3189 4564 3482 4618 commotio
3528 4577 3625 4631 pu-

2035 4661 2206 4717 denda
2231 4661 2590 4716 membrorum
2620 4677 2634 4714 :
2667 4673 2952 4730 quamnon
2987 4657 3206 4711 haberet
3231 4655 3282 4708 itt
3303 4654 3624 4725 generandis

2038 4755 2160 4811 filiis
2185 4763 2372 4809 natura
2400 4768 2551 4819 sana,
2583 4766 2726 4808 nunc
2750 4761 2927 4805 autem
2951 4748 3109 4802 habet
3154 4761 3269 4799 eam
3313 4754 3496 4799 natura
3546 4744 3623 4799 vi-

2037 4847 2184 4902 tiata.
2209 4847 2286 4901 Ac
2307 4861 2400 4914 per
2420 4844 2522 4899 hoc
2551 4853 2604 4898 et
2633 4843 2721 4913 qui
2771 4841 2895 4895 inde
2930 4841 3164 4895 nascitur
3213 4837 3412 4907 indiget
3456 4851 3621 4890 rena-

2038 4940 2134 5003 sci,
2169 4946 2227 4992 ut
2253 4937 2321 4991 sit
2341 4935 2637 4991 membrum
2673 4931 2900 4993 Christi;
2929 4942 2982 4985 et
3022 4930 3090 4983 de.
3129 4943 3236 4998 quo
3287 4927 3542 4991 nascitur,
3574 4925 3623 4981 si

2034 5031 2144 5102 jam
2172 5037 2386 5084 renatus
2399 5037 2513 5092 est,
2541 5025 2739 5095 indiget
2765 5023 2975 5078 liberari
2998 5022 3064 5075 ab
3090 5038 3148 5073 ea
3179 5037 3297 5084 quae
3326 5021 3378 5073 in
3396 5035 3626 5091 corpore

2040 5123 2226 5176 mortis
2254 5121 2410 5190 hujus
2450 5128 2533 5174 est
2577 5119 2690 5187 lege
2741 5116 2964 5186 peccati.
3015 5114 3144 5181 Qua:
3192 5129 3314 5167 cum
3359 5114 3430 5167 ita
3487 5113 3617 5174 sint,

2040 5211 2308 5283 quomodo
2333 5210 2570 5280 adjungit
2598 5218 2652 5264 ct
2675 5207 2822 5271 dicit,
2850 5223 2868 5256 ι
2905 5205 3224 5261 Confilearis
3244 5219 3371 5271 ergo
3399 5217 3624 5257 necesse

2042 5313 2143 5366 est,
2173 5302 2430 5372 originale
2457 5299 2598 5372 quod
2643 5299 2892 5361 (inseras,
2935 5297 3205 5352 interiisse
3253 5293 3564 5363 peceatum?
3598 5311 3622 5344 ι

2041 5393 2157 5448 Non
2177 5409 2276 5464 ego
2299 5392 2422 5446 tinxi
2444 5391 2699 5461 originale
2725 5399 3021 5459 peccatum,
3043 5385 3180 5456 quod
3203 5385 3464 5468 catholica
3493 5382 3626 5437 fides

2109 5529 2123 5559 ι
2147 5534 2207 5575 Ex
2235 5525 2527 5587 Benigniano
2548 5529 2628 5575 Ms.
2654 5523 2872 5574 addimus
2891 5559 2906 5584 ,
2945 5521 3048 5583 ita;
3085 5532 3274 5570 necnon
3305 5515 3582 5582 [articulant
3605 5551 3620 5575 ,

2044 5588 2113 5647 in,
2135 5599 2266 5645 ante,
2292 5587 2516 5645 parvulis.
2975 5645 2986 5650 _
3232 5640 3244 5650 ,
3342 5638 3353 5650 ,

2111 5634 2266 5697 ﬂia:
2291 5634 2360 5696 ὲν.
2408 5634 2651 5696 ιειίὸιιιγιοε
2694 5655 2800 5696 Mss.
2817 5680 2832 5704 ,
2859 5645 3104 5696 nominare
3138 5638 3369 5694 erubescit
3389 5673 3402 5698 ,
3422 5634 3624 5684 ῑηηάανε

2045 5724 2137 5759 non
2155 5710 2383 5759 erubescit
2405 5721 2420 5764 ;
2445 5723 2476 5757 ο
2497 5714 2641 5766 ηιδςη,
2667 5723 2808 5769 quem

2112 5801 2185 5854 tu}
2214 5794 2332 5852 κειιά
2368 5805 2456 5838 tu".
2495 5804 2544 5840 ει
2598 5810 2634 5838 ι’.
2668 5796 2709 5839 ιι
2746 5796 2772 5853 ι,
2797 5795 2827 5838 il
2855 5791 2928 5837 Lie
2953 5796 3089 5846 ea,ut
3125 5784 3190 5833 t2.
