4144 6538
555 321 659 380 451

549 443 723 502 credit
750 444 765 478 ⁸
799 441 1087 514 antiquitus
1114 458 1127 495 :
1152 437 1245 495 sed
1274 451 1348 507 tu,
1375 440 1461 509 qui
1488 440 1587 494 hoc
1622 455 1803 510 negas,
1832 439 1946 491 sim
1973 436 2136 514 dubio

552 550 613 591 es
638 550 805 591 novus
831 535 1132 589 hmreticus.
1162 532 1271 588 Sub
1294 532 1503 587 diabolo
1533 540 1711 586 autem
1750 539 1897 594 sunt,
1937 508 2141 597 judicio

555 627 672 694 Dei,
700 641 886 680 onmes
917 641 1037 678 cum
1065 632 1279 691 peccato
1309 625 1575 694 generati,
1622 627 1665 676 si
1694 637 1800 675 non
1839 619 2036 674 fuerint
2088 620 2139 672 in

552 719 765 775 Christo
796 716 1115 786 regenerati.

623 808 851 864 CAPUT
883 805 1214 863 Xlll.—26.
1253 803 1357 860 Sed
1383 804 1502 875 quia
1527 804 1598 859 de
1638 803 1907 859 Abraham
1956 802 2143 873 loque-

554 902 709 957 batur
737 900 959 961 ctSara,
992 899 1268 968 subiunxit
1311 909 1468 967 atque
1498 898 1570 950 ait
1603 914 1615 949 :
1645 915 1664 950 ι
1694 896 1845 965 Quod
1886 895 1930 950 si
1985 896 2142 949 dixe-

556 995 654 1060 ris,
679 992 822 1050 Usus
849 993 900 1048 in
930 994 1010 1047 eis
1032 992 1265 1062 vigebat,
1305 999 1361 1044 et
1404 990 1539 1044 fetus
1586 1005 1690 1042 non
1732 1000 1846 1043 erat
1874 1008 1887 1042 :
1924 1004 2147 1057 respon-

555 1086 715 1153 debo,
743 1087 912 1153 Quem
937 1084 1181 1139 conditor
1210 1083 1471 1153 promisit,
1520 1081 1767 1135 conditor
1808 1080 1976 1143 dedit,
2037 1097 2142 1134 non

556 1178 891 1241 concubitus,
923 1174 1016 1230 sed
1046 1174 1136 1228 Dei
1164 1190 1296 1241 opus
1320 1181 1403 1226 est
1440 1172 1527 1242 qui
1564 1172 1818 1225 nascitur.
1848 1171 1948 1238 Qui
1977 1171 2140 1236 enim,

557 1268 787 1338 primum
846 1267 1116 1320 hominem
1184 1264 1308 1318 fecit
1366 1279 1429 1318 ex
1483 1263 1700 1331 pulvere
1777 1259 1930 1332 (Gen.
1984 1260 2142 1329 n,'i),

556 1373 746 1413 omnes
779 1357 1069 1412 fabricatur
1096 1372 1158 1410 ex
1190 1356 1413 1410 semine.
1461 1354 1610 1408 Sicut
1649 1368 1777 1423 ergo
1809 1364 1932 1406 tunc
1965 1353 2142 1416 limus,

558 1452 646 1523 qui
677 1459 978 1521 assumptus
1004 1458 1088 1504 est
1124 1448 1368 1513 materia,
1402 1463 1506 1500 non
1539 1456 1726 1499 auctor
1746 1445 1977 1499 hominis
2009 1444 2143 1497 luit:

557 1544 631 1598 ita
664 1557 803 1597 nunc
830 1542 907 1597 vis
932 1543 1018 1596 illa
1043 1540 1347 1610 voluptatis,
1365 1538 1657 1593 confectrix
1681 1537 2137 1605 connnixtrixque

560 1635 849 1699 seminum,
884 1649 987 1687 non
1014 1634 1189 1702 explet
1211 1631 1533 1702 operationis
1560 1630 1762 1695 vicem;
1792 1629 1883 1683 sed
1916 1629 1995 1686 .de
2028 1628 2144 1683 the-

558 1726 729 1780 sauris
754 1734 955 1779 naturae
980 1723 1137 1778 oﬂ'ert
1167 1724 1293 1785 Deo,
1328 1721 1468 1777 unde
1486 1722 1573 1777 ille
1595 1722 1865 1776 hominem
1899 1722 2146 1787 dignetur

568 1810 806 1879 operari.
830 1827 848 1858 ι
877 1806 1000 1862 Hmc
1029 1809 1210 1863 omnia
1225 1824 1343 1877 qua:
1358 1808 1517 1869 dixit,
1542 1819 1775 1877 excepto
1817 1811 1959 1876 quod
1994 1812 2089 1871 ait,
2115 1822 2145 1860 a

570 1904 847 1971 voluptate
870 1900 1077 1954 semina
1104 1900 1300 1955 cantici
1345 1909 1510 1969 atque
1546 1900 1787 1962 misceri,
1815 1906 1963 1954 recte
1994 1900 2145 1954 dice-

570 2004 676 2060 ret,
700 1994 744 2049 si
771 1995 824 2049 in
844 1995 923 2049 eis
947 1993 1277 2048 catholicum
1294 2008 1518 2048 sensum
1541 1992 1835 2047 defendere
1857 1994 2142 2051 niteretur.

569 2087 708 2153 Quia
736 2101 866 2141 vero
881 2085 1086 2140 scimus
1107 2086 1237 2153 quid
1263 2100 1328 2139 ex
1363 2085 1450 2140 his
1482 2085 1737 2139 moliatur
1762 2085 1996 2149 efﬁcere,
2019 2101 2147 2157 pro-

571 2179 714 2234 ferto
745 2179 878 2233 dicit
902 2177 1062 2232 etiam
1086 2187 1231 2231 recta
1278 2190 1555 2247 perverse.
1607 2175 1740 2230 Illud
1782 2177 1986 2246 itaque,
2036 2192 2147 2247 quo

571 2281 800 2339 excepto
829 2278 1027 2323 caetera
1048 2284 1176 2322 vera
1211 2283 1333 2323 esse
1364 2284 1471 2323 non
1496 2268 1699 2332 abnuo,
1735 2268 1857 2322 ideo
1893 2283 2001 2323 non
2060 2278 2146 2323 est
2184 2266 2189 2270 ’

573 2364 916 2432 verum,quia
936 2363 1184 2435 voluptas
1201 2364 1288 2418 illa
1307 2364 1766 2434 concupiscentia:
1785 2365 2022 2420 carnalis
2038 2381 2144 2420 non

569 2455 794 2509 conficit
815 2455 1021 2510 semina
1043 2455 1172 2522 ;sed
1197 2471 1257 2511 ea
1279 2457 1525 2525 quarjam
1551 2464 1680 2511 sunt
1730 2456 1782 2510 in
1816 2457 2147 2527 corporibus

571 2562 602 2601 a
631 2563 758 2601 vero
783 2546 891 2602 Deo
909 2550 1152 2613 condita,
1179 2564 1206 2603 a
1224 2565 1335 2620 quo
1350 2559 1403 2604 et
1424 2552 1540 2620 ipsa
1560 2548 1874 2605 conduntur
1890 2566 2142 2620 corpora,

571 2655 680 2695 non
708 2641 842 2695 linnt
865 2656 895 2696 a
925 2641 1204 2712 voluptate
1227 2645 1269 2707 ’,
1302 2643 1396 2697 sed
1424 2645 1731 2697 excitantur
1752 2654 1804 2700 et
1821 2644 2146 2701 emittuntur

569 2748 694 2789 cum
721 2734 1024 2804 voluptate.
1059 2731 1256 2790 Utrum
1281 2741 1462 2791 autem
1511 2737 1797 2807 utriusque
1842 2748 2007 2793 sexus
2057 2753 2142 2793 se-
2197 2786 2203 2792 .

571 2826 717 2878 mina
756 2825 809 2879 in
829 2827 1078 2881 muliebri
1106 2836 1264 2882 nte-ro
1283 2842 1406 2881 cum
1459 2825 1737 2896 voluptate
1776 2828 2139 2894 misceantur,

563 2911 797 2967 viderint
824 2909 1038 2965 femina:
1065 2908 1190 2979 quid
1221 2909 1273 2963 in
1296 2908 1517 2963 secretis
1542 2908 1836 2963 visceribus
1880 2908 2147 2962 sentiant:

563 3021 664 3060 nos
694 3021 798 3058 non
827 3004 982 3058 decet
1022 3003 1253 3057 inaniter
1292 3016 1465 3071 usque
1491 2999 1557 3055 ad
1593 3000 1691 3054 ista
1718 3015 1839 3055 esse
1882 3000 2148 3055 curiosos.

562 3097 753 3153 Libido
776 3106 949 3149 tamen
977 3095 1061 3148 illa
1113 3092 1503 3158 erubescenda,
1546 3091 1687 3146 unde
1734 3090 1981 3161 pudenda
2034 3092 2149 3164 ipsa

561 3190 825 3262 appellata
856 3196 978 3243 sunt
999 3186 1259 3253 membra,
1288 3200 1392 3243 non
1421 3185 1521 3239 fuit
1549 3186 1601 3239 in
1653 3197 1881 3253 corpore
1924 3184 2046 3239 vita:
2079 3184 2149 3238 il-

561 3284 692 3350 lius,
719 3297 835 3351 qua!
859 3281 910 3335 in
945 3279 1194 3350 paradiso
1225 3278 1324 3333 fuit
1367 3286 1492 3332 ante
1518 3285 1818 3347 peccatum,
1864 3276 1958 3332 sed
1989 3276 2152 3348 erepit

565 3388 687 3430 esse
713 3372 765 3429 in
791 3387 1015 3441 corpore
1061 3370 1247 3425 mortis
1299 3368 1457 3440 hujus
1493 3369 1748 3425 retributa
1792 3368 2150 3424 inobedientia

564 3462 950 3521 ’inobcdicutize
981 3473 1102 3534 post
1145 3471 1446 3533 peccatum.
1496 3459 1625 3517 Sine
1650 3476 1752 3532 qua
1805 3461 2022 3517 libidine
2049 3477 2147 3533 po-

560 3567 851 3629 teratopus
883 3555 995 3610 fieri
1024 3555 1308 3625 coniugum
1333 3554 1383 3608 in
1406 3555 1749 3626 generatione
1777 3553 2024 3619 filiorum,
2046 3555 2150 3612 sic-

563 3662 622 3708 ut
653 3652 814 3706 multa
842 3663 1001 3719 opera
1026 3649 1157 3702 fiunt
1185 3647 1487 3703 obedientia
1528 3656 1843 3704 etcterorum
1876 3648 1993 3703 sine
2015 3647 2108 3701 illo
2128 3645 2150 3678 ³

562 3742 756 3797 ardore
796 3739 1187 3804 membrorum,
1216 3753 1335 3808 qua:
1361 3739 1648 3793 voluntatis
1674 3745 1803 3792 nutu
1843 3746 2145 3805 moventur,

563 3847 669 3889 non
701 3841 834 3885 a-stu
860 3829 1090 3885 libidinis
1118 3829 1479 3883 concitantur.

629 3924 721 3979 27.
746 3920 975 3978 Attende
1016 3930 1212 3975 etntera
1245 3937 1264 3971 ι
1300 3919 1412 3975 Hoc
1433 3919 1617 3985 etiam,
1653 3937 1672 3971 ι
1704 3917 1897 3990 inquit,
1951 3936 1972 3971 ι
2002 3919 2151 3987 Apo-

560 4014 685 4070 stoli
716 4013 995 4069 continuat
1016 4010 1326 4066 auctoritas.
1353 4009 1488 4065 Cum
1533 4010 1676 4064 enim
1734 4009 1922 4063 beatus
1956 4009 2151 4066 Paulus

559 4107 630 4163 de
678 4113 1007 4161 mortuorum
1065 4100 1457 4157 resurrectione
1508 4101 1836 4171 loqueretur,
1867 4099 2149 4158 ait:lnsi-

564 4200 726 4272 piens,
758 4207 809 4252 tu
831 4198 967 4265 quod
989 4197 1212 4251 seminus
1239 4212 1340 4250 non
1378 4195 1686 4265 viviﬁcatur.
1715 4195 1783 4249 Et
1809 4194 1944 4251 infra
1970 4213 1984 4250 :
2011 4194 2148 4252 Deus

562 4302 735 4346 autent
761 4290 848 4343 dat
872 4288 949 4342 iiii
969 4304 1151 4358 corpus
1176 4296 1324 4357 prout
1345 4288 1470 4352 vult,
1513 4295 1560 4339 et
1595 4286 1865 4357 unicuique
1899 4288 2149 4343 seminum

560 4381 824 4454 premium
843 4394 1027 4448 corpus
1060 4377 1103 4449 (Ι
1131 4376 1251 4434 Cor.
1283 4393 1371 4443 xv,
1397 4376 1616 4450 56-58).
1656 4377 1714 4433 Si
1754 4393 1882 4450 ergo
1925 4379 2084 4446 Dens,
2122 4398 2143 4432 ν

560 4475 755 4545 inquit,
790 4490 810 4525 ι
839 4471 1075 4526 humano
1104 4470 1315 4534 semini,
1342 4469 1487 4541 quod
1535 4483 1696 4525 nemo
1721 4479 1878 4541 negat
1913 4471 1995 4526 vel
2026 4486 2149 4541 pru-

558 4568 801 4625 dentium
830 4566 913 4620 vel
946 4566 1175 4635 piorum,
1197 4563 1475 4635 proprium
1525 4558 1664 4619 sicut
1708 4562 1956 4619 omnibus
1989 4562 2150 4625 rebus

557 4674 758 4732 corpus
776 4656 1036 4722 attribuit,
1069 4653 1213 4710 unde
1241 4668 1564 4724 quemquam
1589 4668 1738 4709 reum
1785 4663 1965 4709 natum
2022 4669 2148 4724 pro-

559 4753 753 4811 babis?
777 4751 1013 4807 Tandem
1041 4764 1137 4804 oro
1166 4747 1440 4816 reSpicias,
1487 4746 1680 4817 quibus
1707 4745 1914 4815 laqueis
1944 4748 2147 4817 peccati

562 4844 820 4901 naturalis
863 4842 1155 4899 sull'ocetnr
1184 4832 1442 4893 assertio.
1490 4836 1687 4891 Verum
1742 4852 1861 4907 age,
1898 4856 1915 4889 ι
1953 4838 2145 4905 inquit,

567 4958 587 4989 ο
625 4944 825 4999 tecum,
857 4949 1065 5003 precor,
1094 4930 1297 4986 mitius.
1324 4928 1446 4982 Mihi
1475 4927 1656 4992 crede,
1687 4930 1846 4983 etiam
1898 4938 1950 4982 te
2005 4928 2142 4982 [ὶίιιις

561 5030 687 5091 fecit
716 5047 729 5081 :
760 5027 883 5086 sed,
908 5025 1048 5095 quod
1092 5022 1360 5077 fatendum
1399 5031 1503 5081 est.
1536 5019 1710 5089 gravis
1760 5035 1915 5074 error
1943 5018 2143 5072 infecit.

559 5120 696 5205 Quid
724 5120 867 5176 cnim
900 5126 1070 5184 potest
1111 5112 1385 5184 profauius
1426 5112 1546 5175 dici,
1606 5126 1765 5182 quam
1816 5110 1955 5181 quml
2011 5111 2149 5164 licus

560 5201 832 5272 l:_omi.-.em
854 5217 941 5261 aut
966 5222 1067 5260 non
1111 5205 1313 5263 fecerit.
1339 5213 1451 5269 aut,
1485 5214 1537 5257 ut
1570 5203 1726 5270 dicis,
1764 5201 1977 5255 diabolo
2011 5201 2150 5255 fece-

559 5306 650 5369 rit,
674 5312 763 5357 aut
788 5311 934 5355 certe
959 5297 1200 5352 diabolus
1221 5297 1312 5353 Dei
1344 5298 1415 5352 sit
1444 5296 1751 5367 imaginem,
1792 5294 1892 5348 hoc
1910 5302 2014 5359 est,
2049 5292 2144 5347 lio-

562 5393 761 5448 minent
789 5389 1098 5450 fabricatus;
1128 5388 1268 5458 quod
1295 5402 1398 5441 non
1424 5387 1602 5441 minus
1630 5386 1851 5440 stultum
1882 5385 2151 5455 dignosci-

560 5496 814 5550 turesse,
836 5498 992 5553 quant
1031 5479 1289 5550 impium?
1340 5479 1482 5550 Ergo
1534 5487 1641 5534 tam
1684 5477 1859 5548 ineps,
1897 5493 1916 5533 ι
1955 5476 2145 5547 inquit,

624 5621 641 5661 ί
677 5620 751 5670 Sic
768 5624 875 5669 Mss.
901 5624 956 5666 At
975 5617 1110 5674 editi,
1133 5613 1363 5667 credidit.

624 5685 645 5715 ³
681 5689 779 5729 Am.
804 5686 880 5738 l-Zt‘,
902 5692 1012 5726 cuin
1036 5680 1179 5727 onmi.
1202 5691 1257 5727 ns
1283 5686 1408 5738 Mssa,
1432 5689 1525 5727 non
1540 5673 1659 5742 fiunt
1680 5673 1944 5742 voluptate;
1968 5677 2146 5725 omissa

560 5756 675 5807 pne;
693 5744 898 5807 (militum
912 5774 928 5798 ο
953 5754 999 5787 tt.

625 5806 637 5838 ί
665 5800 728 5871 ᾌ,
744 5804 810 5861 »Δ
832 5810 921 5851 ιω·
946 5835 961 5863 ,
988 5800 1099 5857 ulla.

1329 323 1417 379 DE
1448 322 1723 384 NUPTIIS
1763 323 1847 376 ΕΤ
1888 319 2487 388 CONilUPlSClSNTlA,
2530 322 2587 377 S.
2630 323 2996 382 AUGUSTlNi

3737 326 3843 382 “Ii

2262 458 2278 487 ι
2315 447 2419 492 tam
2452 435 2837 495 inverecundus
2872 444 3004 496 lleus
3028 454 3125 503 est,
3156 455 3208 497 ιιι
3248 458 3351 496 non
3398 440 3644 497 habuerit
3693 443 3837 514 quid

2253 530 2305 585 in
2333 532 2607 600 prteminm
2634 534 2830 586 sanctis
2859 531 3161 586 hominibus
3191 532 3361 595 daret,
3415 533 3515 587 nisi
3543 532 3685 602 quod
3743 532 3830 587 de-

2248 623 2420 691 ceptis
2442 622 2683 677 diabolus
2727 622 2917 676 infudit
2964 622 3015 675 in
3067 621 3269 675 vitio‘?
3305 622 3393 677 Vis
3441 633 3620 678 autem
3676 626 3835 689 scire,

2247 714 2391 783 quod
2419 715 2578 768 etiam
2607 715 2660 768 in
2689 713 2775 768 his
2802 714 2892 784 qui
2920 713 3092 768 sancti
3119 728 3225 768 non
3249 723 3395 779 sunt,
3426 714 3564 769 hanc
3610 732 3839 786 genera—

2250 811 2452 861 tionum
2482 810 2768 878 potentiam
2805 810 2943 864 Deus
2966 807 3215 863 tcihnisse
3245 807 3543 879 probetur?
3572 808 3651 862 Eo
3680 809 3836 879 igitur

2251 910 2491 967 tempore
2520 916 2641 954 cum
2674 899 2944 953 Abraham
2974 909 3116 954 metu
3144 902 3423 972 perculsus
3442 903 3615 970 gentis
3644 903 3831 957 barba.

2250 1006 2344 1056 Nl,
2369 991 2553 1044 Saram
2577 1006 2695 1060 quae
2724 1006 2856 1044 uxor
2882 1000 3018 1056 erat,
3051 1006 3291 1045 sororem
3320 1007 3469 1045 suam
3491 992 3646 1059 dixit,
3671 996 3828 1048 refer-

2252 1093 2335 1137 tur
2358 1083 2661 1137 Abintclech
2694 1099 2785 1136 rex
2810 1084 2947 1137 illius
2977 1084 3263 1152 provinciae
3302 1084 3585 1139 abduxisse
3636 1098 3754 1140 eam
3784 1086 3836 1140 iu

2250 1174 2423 1228 noctis
2454 1190 2626 1227 usmn.
2655 1174 2758 1230 Sed
2791 1176 2927 1228 Deus
2952 1174 3037 1227 cui
3085 1190 3229 1228 Clll'u:
3265 1183 3380 1227 erat
3428 1173 3603 1229 honor
3639 1187 3840 1231 sancta:

2252 1268 2509 1331 mulieris,
2540 1266 2591 1321 in
2632 1270 2835 1321 somnis
2866 1267 3175 1321 Abimclech
3226 1269 3445 1321 veniens
3490 1270 3686 1337 regia»:
3726 1268 3838 1323 l're-

2252 1361 2400 1414 navit
2427 1359 2730 1425 audaciam,
2777 1360 3131 1413 comminatus
3168 1359 3461 1423 interitum,
3508 1361 3551 1414 si
3596 1369 3841 1428 pergeret

2252 1454 2452 1507 violare
2477 1452 2804 1522 coniugium.
2844 1451 2991 1504 Tunc
3046 1449 3353 1504 Abitnclech
3399 1447 3471 1503 ait
3502 1468 3517 1505 :
3550 1448 3834 1519 Numquid,

2257 1542 2490 1609 Domine,
2515 1553 2706 1614 gentem
2734 1544 3047 1613 ignorantem
3073 1550 3119 1594 et
3152 1541 3351 1611 justam
3392 1539 3609 1609 perdes?
3656 1540 3842 1594 Nonne

2252 1635 2352 1704 ipsi
2377 1634 2613 1688 dixerunt
2635 1650 2688 1687 se
2707 1632 3039 1704 germanitate
3066 1629 3402 1701 conjunctos?
3426 1628 3671 1684 Surrexit
3711 1647 3842 1700 ergo

2252 1741 2408 1781 mane
2436 1725 2767 1787 Abimelecb,
2811 1732 2867 1778 et
2891 1723 3097 1792 accepit
3140 1723 3285 1776 mille
3336 1722 3677 1775 didrachmas
3701 1723 3722 1754 ⁸
3751 1737 3843 1775 ar-

2253 1818 2419 1885 genti,
2451 1826 2503 1872 et
2533 1831 2684 1882 oves,
2713 1826 2767 1871 ct
2808 1815 3022 1878 vitulos,
3060 1823 3113 1867 et
3143 1827 3358 1883 pueros,
3404 1824 3459 1868 et
3501 1814 3741 1875 ancillas,
3787 1822 3843 1867 et

2251 1909 2399 1964 dedit
2428 1908 2675 1973 Abraltze,
2700 1917 2860 1978 atque
2887 1922 2915 1959 a
2937 1922 2996 1960 se
3020 1907 3296 1961 mulierem
3329 1906 3535 1959 remisit
3566 1906 3839 1959 intactam.

2251 2001 2432 2055 Oravit
2454 2016 2580 2055 vero
2609 2002 2772 2055 Deum
2802 2000 3066 2053 Abraham
3094 2012 3189 2068 pro
3218 1997 3525 2053 Abimelecli
3562 2017 3577 2053 :
3607 2008 3660 2052 et
3686 2011 3844 2052 sana-

2252 2094 2326 2146 vit
2358 2093 2497 2147 Deus
2536 2092 2868 2159 Abimclcch,
2913 2103 2965 2147 et
2997 2107 3241 2159 uxorem,
3288 2099 3342 2145 et
3383 2092 3604 2146 ancillas
3652 2091 3787 2161 ejus.
3816 2112 3837 2143 ο

2250 2183 2361 2239 Cur
2386 2193 2562 2239 autem
2612 2185 2725 2238 lucc
2777 2194 2918 2238 tanta
2959 2184 3262 2254 prolixitate
3309 2185 3626 2248 narraverit,
3661 2185 3843 2253 accipe

2254 2278 2483 2332 breviter
2537 2279 2588 2332 in
2640 2277 2722 2331 his
2749 2278 2768 2307 ³
2798 2293 2915 2348 quze
2964 2287 3179 2332 secutus
3235 2276 3520 2346 adjunxit:
3558 2294 3577 2327 ι
3619 2275 3777 2342 Dens,
3816 2295 3839 2329 ι

2255 2370 2445 2441 inquit,
2481 2388 2499 2421 ι
2538 2381 2729 2424 orante
2753 2369 3018 2423 Abraham
3048 2368 3254 2422 curavit
3282 2358 3516 2438 potentia
3564 2366 3845 2437 dispensa-

2256 2462 2413 2516 tionis
2436 2470 2640 2516 secrcta
2656 2460 2698 2526 ⁸,
2721 2477 2838 2532 qua!
2862 2469 3037 2514 amota
3054 2468 3136 2515 est
3152 2460 3399 2514 verendis
3411 2458 3593 2513 vilium
3616 2458 3841 2513 femina-

2255 2572 2409 2621 rum;
2439 2558 2560 2625 quia
2603 2554 2869 2608 clauserat
2906 2553 3046 2607 Deus
3068 2552 3230 2608 aforis
3273 2567 3488 2607 omnem
3536 2552 3745 2604 vulvam
3786 2550 3840 2605 in

2253 2647 2471 2701 domum
2501 2644 2869 2701 Abimeleclt.»
2901 2642 3052 2714 (Gen.
3077 2643 3189 2715 xx).
3225 2661 3244 2695 ι
3268 2642 3398 2699 Vide
3417 2657 3565 2714 ergo,
3604 2661 3622 2693 ι
3651 2643 3839 2713 inquit,

2261 2755 2279 2787 s
2320 2745 2493 2791 utrum
2522 2736 2833 2791 naturaliter
2857 2735 3055 2789 malum
3105 2734 3207 2789 dici
3252 2735 3432 2801 debet,
3488 2733 3630 2805 quod
3674 2734 3843 2789 inter-

2254 2830 2379 2885 dum
2434 2829 2610 2885 aufert
2650 2838 3001 2899 eanpcratus
3047 2829 3208 2896 Dens,
3253 2828 3536 2898 redditque
3582 2829 3842 2898 placatus.

2254 2920 2393 2992 Ipse.
2429 2940 2449 2974 ι
2486 2920 2671 2991 inquit,
2707 2939 2726 2974 ι
2764 2920 2888 2976 facit
2917 2929 2971 2975 et
2998 2920 3207 2990 piorum
3254 2919 3393 2975 filios
3426 2928 3481 2975 et
3514 2914 3797 2989 impioruni
3824 2938 3843 2976 :

2253 3014 2503 3084 quoniam
2532 3013 2673 3082 quod
2706 3013 2837 3068 fiunt
2862 3021 3132 3082 parentes,
3182 3012 3248 3067 ad
3298 3023 3541 3067 naturam
3588 3014 3841 3084 pertinet,

2254 3121 2372 3176 qua:
2400 3105 2509 3160 Deo
2537 3104 2729 3176 gaudet
2755 3113 3011 3171 auctore;
3041 3103 3183 3175 quod
3208 3114 3387 3159 autem
3419 3104 3565 3175 impii
3598 3113 3741 3171 sunt,
3773 3106 3842 3159 ad

2254 3198 2551 3253 studiorum
2579 3198 2910 3268 pravitatem,
2942 3212 3061 3268 qua:
3105 3198 3389 3269 unicuique
3430 3197 3498 3254 de
3524 3198 3688 3253 libera
3744 3212 3843 3252 vo-

2254 3290 2454 3347 luntate
2482 3290 2763 3361 contingit.
2803 3308 2823 3343 ι

2325 3382 2549 3438 CAPUT
2579 3382 2719 3439 XIV.
2750 3381 2929 3438 —28.
2976 3380 3071 3437 llis
3099 3381 3347 3437 omnibus
3385 3397 3503 3452 quae
3533 3390 3640 3436 tam
3678 3380 3844 3438 multa

2254 3471 2406 3539 dixit,
2438 3473 2845 3544 respondemus,
2876 3473 3006 3527 nihil
3028 3472 3224 3528 divinis
3254 3472 3594 3540 testimoniis,
3623 3474 3841 3544 qumin-

2255 3566 2533 3636 terposuit,
2566 3580 2686 3620 esse
2711 3566 2911 3620 dictum
2932 3564 2999 3619 de
3022 3563 3267 3633 pudenda
3298 3563 3539 3629 libidine,
3566 3580 3724 3634 quam
3757 3563 3841 3618 di-

2254 3658 2424 3712 cimus
2453 3671 2558 3711 non
2586 3655 2751 3712 fuisse
2782 3657 2832 3711 in
2861 3671 3087 3726 corpore
3118 3656 3417 3720 beatorum,
3444 3656 3658 3727 quando
3712 3656 3841 3713 turdi

2254 3759 2426 3814 erant,
2456 3760 2509 3805 et
2540 3766 2643 3805 non
2686 3747 3151 3805 confundebantur
3180 3746 3288 3821 (Id.
3315 3764 3374 3816 n,
3400 3747 3515 3821 25).
3560 3748 3691 3803 Nam
3736 3750 3844 3820 pri-

2256 3857 2398 3896 nnnn
2423 3841 2551 3895 illud
2578 3842 2819 3913 Apostoli
2847 3840 2913 3895 de
2944 3841 3234 3896 seminibus
3259 3840 3459 3895 dictum
3490 3850 3570 3897 est
3599 3840 3842 3897 frumen-

2260 3945 2456 3997 torum,
2487 3952 2606 4006 qute
2632 3936 2781 4008 prius
2821 3935 3121 3989 moriuntur
3172 3943 3230 3989 ut
3279 3933 3632 3989 vivificentur.
3670 3935 3840 4003 Quam

2260 4028 2574 4082 sententiam
2601 4027 2805 4083 scilicet
2831 4026 3198 4096 apostolicam,
3228 4042 3333 4097 quo
3362 4026 3587 4081 consilio
3627 4027 3829 4093 nescio,

2255 4118 2423 4173 noluit
2452 4118 2551 4175 iste
2569 4119 2856 4188 complere;
2883 4132 3003 4173 nam
3025 4133 3143 4173 eam
3173 4117 3274 4173 ltue
3298 4133 3469 4189 usque
3508 4133 3836 4173 commemo-

2253 4212 2394 4267 ravit
2420 4230 2432 4266 :
2463 4209 2738 4285 Insipiens,
2790 4221 2845 4265 tu
2902 4211 3039 4283 quod
3084 4212 3302 4267 seminus
3366 4228 3467 4266 non
3538 4213 3838 4280 ciri/icatnr.

2254 4304 2547 4375 Apostolus
2572 4314 2749 4358 autem
2773 4301 2920 4358 addit
2952 4320 2966 4356 :
2990 4302 3086 4358 nisi
3116 4304 3381 4358 moriatur.
3410 4302 3516 4359 Sed
3554 4302 3655 4359 iste
3678 4318 3842 4373 quan.

2254 4404 2365 4449 tum
2394 4394 2679 4461 existimo,
2703 4392 2845 4465 quod
2875 4393 2945 4449 de
2974 4392 3254 4451 frumentis
3279 4393 3477 4449 dictum
3501 4401 3605 4462 est,
3635 4393 3703 4449 de
3741 4393 3841 4448 hn-

2253 4501 2415 4541 ntano
2434 4485 2640 4542 semine
2666 4485 2832 4556 accipi
2862 4485 3025 4541 voluit
3052 4485 3122 4540 ab
3159 4485 3239 4541 eis
3260 4486 3349 4556 qui
3392 4484 3508 4541 lucc
3536 4484 3749 4556 legunt,
3788 4493 3842 4539 ct

2252 4573 2554 4645 Scripturas
2579 4584 2791 4631 sanctas
2820 4574 2903 4631 vel
2927 4575 3190 4642 nesciunt,
3220 4574 3299 4630 vel
3332 4589 3438 4629 non
3467 4572 3839 4631 recordentur.
3870 4570 3875 4575 ’

2256 4668 2494 4740 Denique
2516 4684 2620 4723 non
2661 4669 2833 4723 solum
2877 4668 3031 4723 istam
3082 4667 3406 4723 sententiam
3436 4667 3755 4732 dccurlavit,
3790 4676 3846 4721 ut

2256 4776 2361 4814 non
2399 4759 2638 4824 adderet,
2686 4759 2785 4813 nisi
2819 4759 3064 4813 moriatur
3091 4774 3111 4812 :
3148 4773 3333 4813 verum
3374 4758 3533 4813 etiam
3565 4757 3842 4827 sequentia

2255 4851 2620 4921 pra'tcrutisit,
2646 4851 2731 4905 ubi
2761 4851 2965 4919 aperuit
2990 4848 3281 4921 Apostolus
3309 4848 3379 4905 de
3404 4849 3598 4919 quitus
3623 4848 3843 4903 semini—

2254 4946 2352 4999 bus
2382 4943 2706 5013 loqueretur.
2754 4944 2841 4996 .tit
2888 4942 3032 4997 enim
3083 4942 3376 5012 Apostolus
3407 4939 3666 5012 :I‘Itquorl
3688 4940 3840 4995 semi-

2322 5078 2339 5111 ί
2376 5084 2506 5149 Im},
2526 5073 2682 5149 initio.
2710 5083 2766 5127 Αι
2806 5083 2905 5148 Am.
2925 5081 3000 5124 t-Zr.
3028 5074 3327 5147 etqilqrique
3352 5081 3482 5146 Mssa,
3503 5073 3551 5125 in
3577 5073 3703 5125 ritio.
3728 5081 3838 5122 For—

2256 5148 2308 5190 te.
2331 5154 2431 5201 pro.
2453 5146 2503 5188 in
2529 5146 2688 5201 unum
2707 5151 2724 5195 ;
2746 5146 2859 5200 quia
2879 5146 3143 5201 tracessn.
3167 5146 3216 5187 tu
3241 5149 3515 5200 pra'uutun.

2319 5197 2340 5233 ί
2375 5197 2427 5249 ιιι
2447 5209 2575 5258 “55.,
2594 5197 3027 5262 tlitlr.jt{jntt_r,'jttxta
3052 5197 3281 5259 graecum.

2322 5264 2343 5295 ³
2377 5262 2543 5311 Plures
2570 5271 2692 5317 ηδε..
2716 5258 2765 5311 in
2787 5259 2861 5309 Itis
2883 5258 3010 5310 enim
3032 5272 3159 5322 (μην.

2322 5325 2341 5356 δ
2377 5324 2599 5384 Νυνὶ-μω
2648 5332 2748 5370 mss.
2772 5357 2787 5381 ,
2813 5322 2996 5371 curarit
3031 5318 3238 5384 potentia
3280 5318 3647 5384 dispensationis
3682 5331 3838 5370 scere-

2255 5393 2335 5437 lre.
2378 5364 2599 5446 ’1)ιιίιῖιίιξ”
2626 5364 2817 5446 (ιιιῑιιειῖη
2837 5418 2853 5442 ,
2893 5395 3003 5446 qua:
3031 5364 3165 5432 inata
3199 5364 3311 5440 est?
3336 5364 3573 5441 iibttnul'l'i;
3604 5364 3711 5446 qua}
3733 5387 3838 5446 nitri

2254 5456 2325 5498 est
2354 5460 2371 5497 :
2396 5447 2485 5496 sed
2524 5442 2691 5509 plures
2712 5442 2924 5505 omisso,
2946 5457 3083 5508 qtae,
3128 5442 3728 5509 habent,_(.mntota,'vel,
3753 5442 3837 5489 att-

2256 5517 2401 5577 nmta.
2447 5505 2632 5577 (minus
2692 5509 2909 5577 denique
2956 5505 3096 5577 Si»,
3131 5505 3430 5577 verecundis.
3472 5505 3838 5577 f‘er0_itLgt‘llf

2255 5574 2405 5627 dum,
2449 5569 2633 5619 curarit
2671 5568 2925 5631 potentiam
2970 5568 3334 5631 dispensationis
3371 5576 3591 5617 st‘crettc.
3630 5575 3741 5631 pain
3780 5576 3837 5611 eo

2256 5646 2406 5682 sensu
2432 5633 2644 5680 Julianus
2663 5627 2738 5693 hic
2764 5632 2905 5692 patilo
2924 5627 3446 5693 ante'gt'neratiommtA
3464 5627 3718 5693 potentimu
3754 5641 3835 5693 no-

2258 5697 2403 5743 minat
2429 5704 2479 5745 ct
2521 5687 2775 5751 rotcniuni
2798 5687 3117 5741 ntt'mbroruin
3134 5705 3297 5753 supra,
3317 5705 3365 5739 n.
3398 5687 3475 5748 ως
3497 5703 3684 5740 necnon
3702 5726 3715 5743 .
3741 5687 3832 5737 dir-

2258 5755 2575 5830 pt-nsqtiouem
2618 5762 2850 5805 secretam
2888 5753 3027 5817 Infra,
3053 5753 3175 5803 libro
3196 5762 3365 5804 contra
3392 5756 3621 5803 cumteu‘.
3645 5754 3834 5813 Quinte,

2258 5831 2363 5880 tam.
2386 5835 2434 5868 ο.
