4144 6516
294 295 394 356 £53

293 429 407 479 uas,
429 428 531 466 non
552 426 735 481 corpus
755 408 890 480 quod
913 412 1141 482 futurum
1171 415 1242 462 est
1272 404 1510 469 seminus,
1553 402 1638 458 sed
1681 401 1873 455 nudum

292 522 530 577 granum,
574 507 677 576 [ire
699 503 874 569 tritici,
900 511 987 556 aut
1007 500 1227 570 alicujus
1253 511 1567 554 cieterorum.
1598 496 1690 551 llis
1734 512 1872 566 pra:-

295 598 576 659 tcrmissis,
601 597 698 649 istc
718 593 991 648 contexuit
1017 591 1158 663 quod
1182 590 1379 646 deinde
1410 590 1536 643 dicit
1562 586 1873 658 Apostolus,

298 688 432 743 Deus
452 698 620 741 autem
643 686 717 741 illi
747 686 831 739 dat
862 701 1043 755 corpus
1068 692 1217 755 prout
1245 682 1372 746 vult,
1420 690 1467 735 et
1502 680 1770 750 unicuique
1796 695 1882 732 se-

296 779 485 833 minum
511 778 775 848 proprium
809 792 994 846 corpus
1038 773 1081 846 (ι
1103 773 1221 841 ϐυτ.
1254 789 1342 840 xv,
1372 774 1442 828 36
1475 772 1587 844 38);
1628 780 1878 840 tanquam

295 870 360 925 de
389 869 778 925 concumbcnte
800 869 1015 923 homine
1037 867 1231 922 dixerit
1260 866 1569 936 Apostolus,
1596 861 1872 935 lnsipiens,

296 974 348 1017 tu
376 963 510 1033 quod
529 963 747 1016 seminus
775 978 877 1016 non
898 960 1181 1028 viviﬁcatur
1204 974 1225 1015 :
1247 969 1305 1013 ttt
1325 958 1747 1028 intelligeremus
1770 974 1875 1011 non

295 1056 365 1111 ab
387 1055 602 1110 homine
627 1053 916 1110 concubitu
942 1052 1080 1107 filios
1124 1052 1447 1118 scminanto,
1479 1049 1573 1106 sed
1603 1065 1634 1104 a
1667 1049 1776 1103 Deo
1802 1050 1882 1102 vi-

296 1145 500 1202 viiicari
538 1161 722 1201 semen
756 1145 1068 1199 humanum.
1095 1143 1183 1199 Sic
1212 1144 1352 1198 enim
1394 1140 1571 1196 fuerat
1617 1141 1880 1212 praelocu-

297 1249 398 1304 tus,
424 1240 547 1310 quia
601 1256 622 1291 ί
656 1239 901 1307 voluptas
930 1237 1020 1291 illa
1066 1252 1173 1291 non
1219 1235 1399 1305 explet
1438 1236 1763 1307 operationis
1802 1235 1882 1290 vi-

295 1346 433 1397 cem,
464 1331 557 1387 sed
584 1330 652 1386 de
679 1330 945 1386 thesauris
991 1339 1195 1385 naturae
1248 1327 1401 1384 oil‘ert
1444 1330 1573 1391 Deo,
1604 1328 1746 1383 unde
1790 1328 1879 1383 ille

297 1423 564 1479 hominem
586 1422 835 1492 dignetur
881 1421 1112 1490 operari.
1147 1439 1167 1473 ι
1203 1420 1269 1474 Et
1306 1418 1582 1489 subjunxit
1635 1420 1879 1474 testimo-

299 1517 462 1581 nium,
487 1515 638 1586 qnasi
672 1516 773 1570 hoc
792 1514 988 1569 dixerit
1017 1499 1341 1584 Apostolus:
1363 1511 1641 1583 Insipiens,
1672 1523 1725 1568 tu
1746 1513 1881 1584 quod

296 1608 510 1662 smtinas
532 1623 633 1661 non
662 1607 946 1674 vivi/icatur
963 1621 983 1669 ;
1009 1605 1110 1659 hoc
1133 1615 1237 1670 est,
1271 1620 1375 1659 non
1408 1620 1435 1657 a
1468 1612 1519 1660 te
1559 1605 1877 1670 vivilicatur,

298 1701 391 1756 sed
422 1703 691 1756 hominem
731 1700 797 1755 de
831 1712 920 1754 tuo
977 1699 1184 1754 semine
1233 1698 1374 1753 Deus
1432 1707 1685 1767 operatur
1717 1715 1730 1752 :
1763 1707 1881 1752 tan-

295 1807 454 1861 quam
484 1792 552 1845 ah
576 1792 834 1861 Apostolo
877 1790 1049 1845 media
1076 1790 1166 1845 illa
1217 1806 1337 1860 qme
1373 1789 1715 1858 przetermisit
1754 1790 1876 1856 iste,

299 1897 403 1937 non
432 1881 572 1936 dicta
602 1883 742 1947 sint;
786 1891 945 1951 atque
990 1881 1061 1934 ita
1101 1895 1160 1935 se
1196 1879 1388 1934 haheat
1428 1878 1545 1950 ejus
1583 1880 1874 1947 sententia,

298 1975 444 2031 velut
484 1975 550 2030 de
589 1974 825 2029 humano
871 1974 1077 2029 semine
1127 1974 1479 2042 loqueretur:
1513 1970 1786 2044 Insipiens,
1827 1983 1883 2028 tu

294 2066 431 2138 quod
453 2067 669 2121 seminus
699 2081 798 2119 non
821 2064 1117 2134 viviﬁcatur,
1161 2063 1298 2119 Deus
1318 2074 1485 2118 autem
1527 2063 1605 2119 illi
1646 2065 1734 2118 dat
1762 2056 1879 2118 cor-

295 2175 394 2230 pus
417 2167 563 2229 prout
588 2158 711 2223 uult,
735 2168 779 2212 et
802 2158 1068 2224 unicuique
1090 2159 1334 2213 semimon
1373 2158 1637 2228 praprium
1673 2173 1877 2230 corpus.

301 2252 536 2322 Denique
562 2261 678 2322 post
699 2250 816 2306 hinc
843 2250 1079 2321 Apostoli
1111 2251 1272 2305 verba
1311 2251 1390 2305 sic
1425 2250 1587 2307 infert
1619 2265 1737 2316 sua,
1774 2268 1793 2303 ε
1822 2250 1879 2307 Si

295 2358 423 2414 ergo
451 2344 610 2408 Deus,
649 2362 670 2396 ι
704 2341 893 2414 inquit,
916 2360 950 2395 ,ι
987 2343 1220 2398 humano
1267 2342 1481 2409 semini,
1530 2342 1674 2413 quod
1722 2356 1882 2398 nemo

298 2445 449 2506 negat
493 2435 574 2492 vel
607 2435 948 2504 prudentium
1000 2436 1084 2493 vel
1137 2436 1365 2505 piorum,
1410 2437 1685 2508 proprium
1741 2435 1885 2491 sicut

295 2531 543 2587 omnibus
571 2531 732 2587 rebus
768 2546 964 2601 corpus
1008 2530 1251 2586 attribuit
1282 2547 1296 2584 :
1339 2549 1360 2584 ι
1394 2530 1543 2602 quasi
1593 2529 1880 2600 Apostolus

297 2622 364 2678 de
387 2623 619 2678 humano
648 2623 853 2679 semine
880 2624 931 2678 in
958 2623 1048 2678 illo
1075 2623 1381 2696 testimonio
1404 2622 1474 2677 sit
1501 2622 1733 2679 locutus.

363 2714 456 2771 29.
490 2715 564 2770 De
591 2729 692 2785 qua
730 2714 916 2770 fraude
944 2713 1071 2785 quid
1108 2713 1451 2783 adjuvarctnr
1472 2713 1590 2783 ejus
1617 2713 1877 2782 intentio,

294 2824 414 2864 eum
441 2808 713 2879 aliqmnto
742 2808 995 2863 attentius
1020 2808 1310 2877 cogitarem
1332 2846 1350 2874 ,
1386 2807 1519 2863 nihil
1547 2806 1691 2877 potui
1720 2821 1880 2876 repe-

296 2900 425 2961 rire,
457 2899 554 2954 nisi
583 2899 706 2964 quia
733 2908 921 2953 testem
942 2897 1105 2954 voluit
1130 2897 1388 2953 adhibere
1412 2897 1748 2968 Apostolum,
1771 2911 1880 2970 quo

297 2991 549 3059 probaret
577 2990 740 3043 Deum
763 3029 777 3053 ,
811 2988 951 3058 quod
991 2997 1045 3043 et
1085 3003 1184 3042 nos
1220 2988 1448 3043 dicimus
1470 3028 1486 3054 ,
1526 2987 1595 3044 de
1634 2987 1884 3044 humanis

295 3080 586 3136 seminibus
615 3079 884 3136 hominem
914 3078 1145 3149 cperari.
1178 3078 1246 3134 Et
1271 3094 1392 3134 cum
1428 3079 1479 3134 ei
1517 3067 1881 3135 testimonium

298 3173 500 3227 nullum
510 3181 837 3238 occurreret,
854 3171 956 3226 isto
974 3171 1176 3227 abusus
1190 3179 1273 3226 est
1292 3168 1883 3238 fraudulenter,timens

293 3264 478 3336 utique
501 3305 518 3330 ,
549 3279 616 3318 ne
645 3261 786 3319 forte
810 3262 855 3317 si
879 3272 1164 3332 appareret
1200 3260 1515 3331 Apostolum
1544 3277 1650 3316 non
1678 3261 1747 3317 de
1779 3261 1884 3323 bu-

299 3357 472 3413 mauis
495 3355 819 3422 seminibus,
853 3355 948 3411 sed
973 3354 1043 3411 de
1074 3354 1357 3411 frumentis
1383 3353 1471 3408 illa
1493 3354 1727 3420 dixisse,
1759 3354 1885 3410 hinc

298 3447 727 3511 admoneremur,
744 3446 884 3503 unde
905 3445 1249 3510 refutaretur,
1274 3459 1380 3500 non
1402 3444 1667 3516 religiosa:
1691 3446 1885 3500 volun-

300 3542 445 3607 tatis,
476 3542 571 3598 sed
602 3540 900 3598 libidinosa:
923 3540 1207 3610 voluptatis
1238 3538 1443 3609 pudens
1478 3537 1803 3603 nominator,
1831 3545 1887 3593 et

301 3633 582 3703 impudens
610 3632 942 3703 praedicator.
972 3632 1044 3687 De
1067 3631 1196 3702 ipsis
1212 3629 1410 3701 quippe
1429 3630 1742 3695 seminibus,
1764 3644 1886 3700 qua:

302 3723 357 3779 in
378 3723 523 3794 agris
546 3724 794 3794 agricolat-
820 3723 1107 3787 seminant,
1141 3731 1316 3791 potest
1347 3720 1458 3790 ipse
1485 3719 1753 3792 redargui.
1777 3719 1888 3776 Cur

301 3816 443 3875 enim
476 3830 582 3871 non
609 3814 913 3882 credamus,
936 3815 1104 3870 Deum
1132 3813 1375 3884 potuisse
1397 3814 1448 3866 in
1480 3811 1730 3883 paradiso
1758 3827 1887 3868 con-

302 3907 496 3963 cedere
526 3907 725 3964 homini
753 3906 909 3963 beato
937 3906 1003 3961 de
1026 3921 1127 3962 suo
1150 3908 1376 3973 semine,
1398 3908 1541 3976 quod
1565 3920 1884 3961 concessum

304 4000 547 4056 videmus
571 4000 820 4071 agricolis
847 4001 915 4056 de
945 4000 1102 4055 tritici
1130 3998 1370 4064 semine;
1393 4007 1453 4054 ut
1477 4012 1544 4054 eo
1569 3997 1729 4053 modo
1755 3997 1884 4053 illud

304 4105 573 4149 sereretur
598 4093 715 4149 sine
756 4093 861 4148 ulla
904 4091 1146 4162 pudenda
1184 4090 1440 4157 libidine,
1484 4090 1551 4146 ad
1592 4091 1884 4148 voluntatis

307 4194 491 4240 nutum
526 4184 780 4240 membris
799 4182 1213 4254 obsequentibus
1239 4181 1590 4253 genitalibus;
1618 4182 1755 4238 sicut
1787 4182 1892 4239 hoc

306 4277 501 4334 seritur
516 4275 634 4330 sine
653 4275 757 4330 ulla
778 4274 1022 4346 pudenda
1043 4273 1279 4341 libidine,
1305 4272 1370 4328 ad
1393 4273 1681 4330 voluntatis
1701 4284 1887 4330 nutum

305 4366 656 4437 agricolarum
702 4365 1118 4437 obscqnentibus
1152 4365 1434 4428 manibus;
1486 4364 1796 4423 honestiore
1837 4366 1891 4422 in

310 4458 612 4529 parentibus
634 4456 1020 4529 gignendorum
1049 4456 1316 4513 desiderio
1344 4456 1595 4523 filiorum,
1627 4474 1785 4528 quam
1808 4468 1891 4514 est

309 4550 696 4621 implendorum
745 4550 798 4604 in
840 4551 1115 4604 arantihus
1156 4549 1478 4613 horreorum
1524 4566 1540 4602 :
1586 4564 1651 4605 ac
1697 4550 1892 4607 deinde

309 4641 530 4696 Creator
555 4640 893 4710 omnipotens
914 4641 1366 4696 incontaminahili
1390 4641 1406 4673 ι
1431 4640 1624 4711 ubique
1651 4656 1891 4711 prmsen-

311 4731 382 4786 tia
406 4740 462 4785 et
481 4732 739 4788 creatrice
766 4732 1002 4803 potentia
1024 4732 1091 4785 de
1114 4732 1410 4788 seminibus
1431 4732 1705 4788 hominum
1738 4742 1894 4804 prout

310 4825 492 4891 vellet,
521 4824 661 4894 quod
686 4833 740 4879 et
771 4839 910 4879 nunc
932 4824 1075 4886 facit,
1101 4834 1414 4894 operaretur
1437 4825 1490 4883 in
1519 4824 1734 4891 femina,
1756 4825 1896 4881 sicut

311 4915 380 4973 de
422 4916 717 4972 seminibus
759 4915 1142 4972 frumentorum
1184 4927 1339 4986 prout
1383 4918 1494 4970 vult
1540 4928 1794 4986 cperatur
1838 4918 1895 4973 in

314 5016 474 5071 terra,
506 5007 676 5062 beatis
704 5008 958 5066 matribus
978 5009 1093 5061 sine
1119 5006 1395 5067 libidinosa
1417 5009 1688 5075 voluptate
1714 5008 1896 5064 conci-

316 5098 600 5164 pientibus.
628 5099 746 5157 sine
777 5113 1082 5154 :ernmnoso
1108 5100 1307 5169 gemitu
1339 5099 1697 5168 parientibus;
1727 5115 1894 5168 (lttan-

313 5188 596 5257 ιιοσμιὶιιυιῃ
625 5190 677 5244 in
710 5190 796 5245 illa
818 5188 1067 5248 felicitate
1093 5190 1220 5252 etin
1246 5204 1471 5258 corpore
1493 5191 1724 5244 nondum
1750 5206 1896 5244 mor-

316 5286 383 5338 tis
413 5283 594 5354 hnjus,
628 5285 723 5339 sed
754 5287 873 5339 vita:
902 5286 1073 5350 illius,
1109 5300 1214 5339 non
1246 5299 1391 5341 esset
1421 5285 1634 5339 feminis
1668 5288 1717 5337 in
1749 5286 1898 5339 rxizi—

317 5373 520 5442 piendis
545 5375 837 5433 seminihus
864 5375 1005 5446 quod
1049 5378 1299 5447 puderet,
1343 5379 1481 5431 sicut
1516 5392 1621 5430 nm
1666 5388 1808 5431 es:et
1844 5378 1895 5432 in

315 5466 537 5541 edendis
567 5466 758 5522 fetibus
792 5470 932 5539 quod
974 5468 1216 5531 doleret?
1239 5453 1489 5543 Q'uisquis
1518 5485 1621 5523 non
1651 5470 1821 5525 credit
1851 5472 1897 5536 ’,

378 5646 395 5678 ι
433 5654 532 5694 Am.
557 5651 631 5696 Fr.
658 5654 705 5697 et
732 5646 900 5709 plures
921 5654 1049 5706 Mss,
1073 5643 1468 5701 incommutabili.

314 5709 404 5821 ’ὦ
422 5710 559 5828 Εὲξιὶ,
580 5710 799 5774 (miseriis
821 5716 979 5769 niuem
994 5722 1087 5759 non
1111 5710 1283 5760 milia
1313 5714 1477 5771 Abest,
1497 5719 1669 5773 autem,
1692 5726 1716 5765 a
1739 5726 1901 5773 martu-

407 5784 439 5828 ιι
478 5826 481 5827 ν
505 5805 519 5820 .

407 5784 519 5834 tte.

1637 282 1835 340 LIBER
1873 278 2247 336 SECUNDUS.

3472 294 3577 352 ιεςι

1993 392 2072 447 vel
2110 396 2254 450 credi
2294 412 2396 451 non
2438 399 2545 452 vult
2570 440 2583 462 ,
2629 399 2931 461 hominibus
2960 413 3082 461 ante
3108 420 3269 461 omne
3301 424 3572 477 peccatum

1990 486 2041 540 in
2074 487 2157 541 illa
2188 487 2414 558 paradisi
2445 487 2693 544 felicitate
2723 492 3058 548 versantibus
3088 496 3185 565 hoc
3212 501 3448 568 potuisse
3480 500 3571 556 Dei

1988 577 2258 633 voluntate
2287 590 2339 633 ct
2369 579 2697 651 benignitate
2719 584 2958 649 concedi,
2986 601 3093 639 non
3125 589 3320 656 optanti
3342 610 3368 641 ιε
3394 590 3573 646 fecun-

1987 670 2167 727 ditatis
2199 671 2474 742 laudator,
2507 675 2598 749 sed
2631 675 2888 745 pudendas
2919 678 3204 749 Voluptatis
3238 692 3444 736 amator
3469 696 3573 738 est.

2056 762 2284 820 CAPUT
2324 762 2440 820 XV.
2472 795 2542 806 —
2571 766 2662 821 50.
2691 766 2819 821 item
2861 768 3001 823 aliud
3032 785 3093 824 cx
3123 770 3257 826 libro
3284 772 3465 827 divino
3499 784 3578 828 te-

1987 855 2293 911 stimonium
2322 857 2461 929 quod
2493 860 2667 932 posuit
2693 859 2761 916 de
2786 862 3116 926 Abimelech,
3145 874 3197 918 ct
3229 865 3337 919 Deo
3364 868 3576 923 volente

1986 948 2163 1004 clausa
2186 951 2331 1004 omni
2357 952 2508 1005 vulva
2540 953 2592 1006 in
2619 951 2779 1007 donio
2808 952 3017 1024 cjns,ue
3047 957 3298 1012 mulieres
3328 958 3443 1029 ejus
3476 977 3571 1029 pa-

1988 1047 2190 1100 rerent.
2214 1052 2374 1113 atque
2398 1055 2583 1113 aperta
2610 1060 2793 1125 rursus
2826 1055 2881 1099 ut
2912 1030 3183 1114 parerent,
3216 1050 3339 1118 quid
3368 1052 3432 1104 ad
3462 1068 3575 1106 rem

1989 1134 2253 1202 pertinet?
2281 1136 2404 1205 quid
2438 1136 2600 1192 habet
2624 1136 2692 1193 de
2723 1138 2806 1193 illa
2837 1138 3078 1209 pudenda
3112 1141 3353 1205 libidine,
3378 1142 3445 1197 de
3470 1161 3572 1213 qua

1989 1242 2128 1282 nunc
2150 1231 2374 1298 qnu‘stio
2400 1231 2518 1286 est?
2545 1230 2813 1302 Numquid
2852 1233 3020 1301 ipsam
3054 1233 3193 1288 Deus
3215 1234 3262 1287 ιι.
3287 1238 3443 1291 traxit
3470 1237 3576 1292 illis

1986 1315 2232 1387 feminis,
2269 1321 2604 1392 reddiditqne
2644 1339 2763 1379 cum
2807 1325 3010 1379 voluit?
3046 1325 3150 1380 Sed
3187 1342 3339 1397 pinna
3382 1327 3480 1382 fuit
3519 1337 3577 1383 ut

1989 1426 2175 1479 parere
2198 1428 2303 1467 non
2347 1425 2601 1482 possent,
2638 1416 2955 1471 beneficium
2983 1433 3112 1472 vero
3145 1428 3201 1473 ut
3233 1435 3419 1489 parere
3451 1437 3576 1490 pos-

1985 1512 2102 1556 sent
2134 1518 2281 1557 more
2307 1504 2463 1573 hujus
2491 1506 2851 1574 cntruptihilis
2877 1509 3055 1565 carnis
3083 1511 3122 1561 ‘.
3153 1510 3264 1564 Non
3292 1512 3432 1564 enim
3468 1510 3571 1568 tale

1985 1590 2299 1647 beneficium
2327 1595 2465 1650 Deus
2486 1598 2752 1652 cinnfet'rct
2773 1600 2981 1667 corpori
3005 1600 3190 1653 mortis
3213 1600 3389 1670 hujus,
3413 1602 3571 1672 quale

1986 1698 2091 1739 non
2129 1684 2341 1741 haberet
2383 1688 2483 1743 nisi
2523 1704 2718 1761 corpus
2757 1691 2879 1745 vita:
2905 1692 3043 1746 illius
3078 1692 3129 1745 in
3168 1693 3410 1761 paradiso
3447 1705 3573 1752 ante

1986 1789 2290 1843 peccatum,
2325 1787 2381 1832 ut
2417 1789 2471 1834 et
2513 1790 2802 1848 conceptus
2846 1784 3149 1851 proveniret
3191 1786 3308 1837 sine
3348 1784 3577 1839 libidine

1986 1867 2276 1936 pruriente,
2300 1878 2354 1923 et
2384 1879 2568 1938 partus
2592 1871 2708 1925 sine
2731 1871 2912 1927 dolore
2941 1873 3233 1927 crucianle.
3259 1873 3368 1927 Cur
3391 1882 3568 1927 autent

1985 1975 2091 2015 non
2124 1961 2499 2031 intclliganms,
2523 1963 2950 2033 quandoquidem
2982 1964 3112 2018 dicit
3133 1964 3422 2032 Scriptura,
3450 1964 3569 2021 afov
3662 2030 3669 2035 ,

1984 2050 2059 2104 ris
2085 2067 2297 2105 omnem
2336 2050 2543 2106 vulvam
2583 2052 2748 2108 fuisse
2783 2056 3086 2108 conclusam
3112 2096 3128 2120 ,
3167 2057 3344 2125 aliquo
3384 2056 3570 2112 dolore

1985 2141 2180 2197 factum
2211 2160 2350 2210 esse,
2382 2157 2437 2199 ut
2469 2162 2570 2198 non
2600 2155 2817 2216 possent
2845 2144 3059 2201 feminae
3085 2150 3420 2203 concubitum
3452 2165 3573 2220 per-

1984 2236 2129 2305 peti,
2175 2237 2263 2306 qni
2309 2237 2465 2291 dolor
2503 2230 2609 2291 Deo
2646 2248 2995 2293 succenseate
3027 2240 3047 2270 ³
3082 2240 3268 2294 inissa
3306 2240 3570 2306 inuictus,

1984 2327 2272 2382 miserante
2308 2327 2617 2384 detractus?
2643 2328 2776 2383 Nam
2820 2329 2863 2383 si
2904 2331 2968 2383 ad
3011 2332 3449 2399 impedimentum
3489 2349 3576 2389 se-

1985 2421 2166 2477 renda:
2194 2422 2355 2493 prolis
2381 2431 2523 2477 esset
2565 2423 2727 2477 libido
2752 2423 3080 2479 detrahenda
3104 2465 3119 2487 ,
3151 2426 3281 2479 viris
3311 2438 3453 2481 esset
3478 2426 3577 2483 de-

1987 2516 2266 2583 trahenda,
2290 2532 2395 2571 non
2425 2516 2656 2570 feminis.
2684 2516 2901 2572 Femina
2927 2519 3065 2572 enim
3092 2528 3272 2588 posset
3302 2520 3577 2575 voluntate

1985 2611 2361 2673 concumbere,
2395 2610 2553 2664 etiam
2585 2610 2878 2666 desistente
2906 2611 3123 2665 libidine
3143 2628 3246 2681 qua
3270 2613 3575 2667 Stinmlare-

1987 2706 2104 2767 tur;
2138 2702 2184 2756 si
2219 2702 2334 2756 viro
2359 2716 2467 2757 non
2492 2701 2703 2758 deesset
2724 2742 2741 2770 ,
2769 2719 2869 2772 qua
2897 2704 3242 2758 excitaretur.
3275 2704 3383 2758 Nisi
3413 2705 3574 2770 Γοςιιι,

1985 2793 2108 2863 quia
2129 2794 2385 2864 scriptum
2403 2803 2504 2860 est,
2520 2806 2573 2850 et
2591 2796 2761 2863 ipsum
2785 2795 3093 2850 Abimelech
3117 2795 3281 2852 fuisse
3301 2808 3569 2864 sanatum,

1986 2886 2194 2942 virilem
2239 2887 2478 2942 dicturus
2521 2898 2604 2942 est
2650 2888 2699 2943 ei
2750 2887 3022 2943 libidinem
3072 2889 3352 2944 redditam.
3403 2891 3573 2958 Quam

1992 2982 2232 3053 profecto
2272 2981 2316 3035 si
2356 2982 2640 3046 amiserat,
2681 2980 2807 3052 quid
2845 2997 2978 3053 opus
3019 2980 3115 3035 fuit
3153 2997 3276 3036 cum
3318 2982 3575 3036 divinitus

1986 3074 2287 3140 admoneri,
2314 3082 2374 3128 ut
2399 3073 2626 3128 Abrahze
2651 3089 2757 3128 non
2788 3073 3101 3128 misceretur
3131 3072 3317 3129 tutori?
3344 3073 3451 3130 Sed
3480 3089 3570 3129 sa-

1989 3174 2172 3222 natum
2202 3165 2353 3233 dicit,
2377 3165 2499 3236 quia
2526 3165 2717 3220 domus
2740 3165 2857 3236 ejus
2881 3166 2948 3220 ah
2976 3166 3060 3220 illa
3087 3174 3235 3236 peste
3257 3177 3439 3220 sanata
3466 3174 3573 3221 est.

2058 3255 2285 3317 CAPUT
2325 3256 2464 3312 XVI.
2491 3257 2673 3313 -δι
2702 3255 2820 3312 Jam
2848 3272 2988 3311 nunc
3027 3257 3113 3311 illa
3144 3257 3240 3311 tria
3273 3257 3575 3325 videamus,

1989 3365 2213 3422 quorum
2240 3350 2397 3405 trium
2420 3349 2692 3421 quodlibet
2712 3349 3024 3418 dixerimus,
3044 3349 3172 3405 nihil
3194 3352 3269 3405 ait
3288 3351 3388 3407 dici
3414 3367 3577 3423 posse

1990 3440 2263 3513 profanius
2292 3458 2305 3495 :
2331 3440 2468 3511 quod
2511 3441 2761 3495 hominem
2799 3439 2937 3496 Deus
2973 3451 3060 3495 aut
3099 3460 3200 3497 non
3228 3448 3350 3511 fere:
3365 3443 3403 3497 it
3425 3488 3440 3510 ,
3487 3455 3577 3500 aut

1990 3534 2192 3590 diabolo
2217 3533 2409 3603 fecerit,
2431 3542 2519 3587 aut
2541 3543 2672 3587 certe
2695 3532 2927 3588 diabolus
2954 3532 3051 3587 Dei
3074 3533 3138 3588 sit
3158 3533 3458 3609 imaginem,
3481 3535 3579 3591 hoc

1990 3636 2082 3693 est,
2112 3626 2362 3681 liciniuem
2385 3627 2684 3699 fabricatus.
2718 3626 2916 3680 llorum
2945 3627 3103 3681 trium
3142 3627 3370 3697 primum
3399 3638 3452 3684 et
3476 3646 3577 3683 no-

1993 3721 2272 3778 vissimum
2298 3734 2402 3774 non
2431 3718 2534 3774 dici
2561 3735 2591 3773 a
2623 3717 2797 3787 nobis,
2827 3718 2988 3774 etiam
3017 3719 3150 3788 ipse,
3182 3719 3225 3773 si
3254 3735 3356 3773 non
3385 3721 3452 3775 sit
3479 3737 3577 3777 ex-

1992 3827 2115 3868 cors
2138 3821 2230 3867 aut
2260 3812 2478 3866 nimium
2503 3812 2775 3884 pervicax,
2804 3811 3106 3867 confitetur.
3133 3811 3210 3867 De
3238 3812 3326 3867 illo
3355 3815 3582 3884 qna-suo

1992 3916 2092 3970 est,
2122 3904 2265 3977 quod
2303 3904 2538 3960 secundo
2570 3904 2850 3975 medioque
2880 3904 2998 3959 loco
3026 3906 3219 3976 posuit,
3256 3904 3342 3959 ubi
3370 3904 3447 3962 sic
3478 3905 3582 3961 fat.

1993 4001 2137 4062 titur.
2169 4010 2225 4056 ut
2248 4016 2278 4055 a
2300 4000 2453 4054 nobis
2476 3999 2576 4055 hoc
2595 4000 2861 4055 existimet
2887 3998 3011 4065 dici,
3040 3998 3180 4070 quod
3203 3997 3416 4054 diabolo
3441 3998 3583 4056 Deus

1995 4092 2264 4168 hominem
2306 4090 2519 4157 fecerit,
2561 4100 2810 4160 tanquam
2840 4091 2891 4145 in
2931 4089 3238 4147 hominibus
3273 4108 3407 4162 quos
3443 4093 3587 4149 Deus

1995 4168 2061 4238 ex
2087 4181 2391 4236 hominibus
2417 4181 2727 4250 parentibus
2753 4188 2914 4247 creat,
2949 4180 3052 4237 hoc
3079 4181 3336 4248 intendat,
3367 4183 3467 4238 hoc
3488 4199 3586 4239 cu-

1994 4283 2108 4344 ret,
2133 4276 2234 4329 hoc
2257 4274 2337 4327 sui
2372 4272 2553 4343 operis
2579 4272 2786 4327 ratione
2825 4273 3129 4343 provideat,
3159 4282 3215 4327 ut
3242 4272 3435 4329 habeat
3458 4274 3579 4328 dia-

1995 4368 2150 4424 bolus
2177 4380 2360 4423 servos
2380 4407 2397 4434 ,
2428 4381 2564 4437 quos
2590 4364 2704 4433 ipse
2728 4364 2828 4419 sibi
2861 4363 3037 4420 facere
3059 4381 3165 4420 non
3202 4374 3399 4436 potest.
3428 4366 3583 4421 Absit

1997 4469 2053 4517 ut
2081 4460 2184 4522 hoc
2223 4460 2625 4530 qualiscumque
2664 4457 2746 4513 vel
2791 4457 3008 4525 puerilis
3047 4458 3217 4530 pietas
3258 4458 3578 4530 suspicetur.

1997 4553 2243 4611 Bonitate
2284 4568 2379 4609 sua
2427 4550 2567 4607 Dens
2610 4552 2733 4608 facit
2756 4550 2778 4582 ³
2803 4550 3048 4606 homines
3072 4592 3089 4617 ,
3132 4560 3187 4606 ct
3226 4553 3429 4621 primos
3467 4554 3583 4608 sine

1938 4716 1943 4721 ⁴
1998 4655 2239 4716 peccato,
2270 4652 2324 4699 et
2349 4652 2573 4698 caeteros
2592 4641 2691 4697 sub
2715 4650 2953 4710 peccato,
2977 4639 3028 4699 in
3050 4656 3180 4703 usus
3204 4641 3581 4708 profundat-nm

2000 4736 2380 4807 cogitationum
2425 4748 2664 4789 suarum.
2709 4732 2859 4787 Sicut
2892 4733 3035 4786 enim
3076 4730 3144 4785 de
3184 4732 3348 4801 ipsius
3385 4733 3581 4801 dialion

2001 4829 2199 4883 malitia
2227 4826 2372 4880 novit
2399 4826 2485 4879 ille
2505 4824 2631 4896 quid
2653 4832 2792 4895 agat,
2823 4832 2876 4878 et
2902 4822 3045 4894 quod
3068 4824 3175 4893 agit
3198 4823 3399 4893 jnstmn
3428 4836 3586 4889 estet

2003 4922 2201 4977 bonum
2226 4961 2240 4984 ,
2270 4918 2510 4990 quamvis
2551 4916 2621 4971 sit
2656 4918 2723 4970 de
2752 4930 2859 4986 quo
2894 4913 3003 4983 agit
3033 4915 3259 4983 injustas
3288 4927 3343 4973 et
3377 4920 3546 4972 malus
3573 4966 3588 4988 ,

2003 5030 2103 5071 nec
2123 5026 2242 5068 cum
2270 5020 2547 5081 prOpterea
2570 5021 2753 5063 creare
2775 5005 2962 5070 noluit,
2986 5006 3105 5077 quia
3132 5007 3325 5061 malum
3357 5007 3587 5075 futurum

2003 5122 2123 5163 esse
2172 5102 2440 5176 priest-ivit
2483 5118 2497 5154 :
2541 5099 2611 5154 ita
2655 5098 2722 5154 de
2772 5097 3026 5153 universo
3070 5112 3267 5169 genere
3311 5100 3543 5157 humano
3570 5145 3584 5168 ,

2003 5198 2245 5270 quamvis
2274 5196 2451 5251 nullus
2471 5192 2745 5247 hominum
2768 5190 2884 5253 sine
2910 5191 3109 5259 peccati
3132 5193 3292 5246 sorde
3316 5204 3587 5257 nascatur,

2005 5290 2201 5346 bonum
2230 5288 2318 5343 ille
2353 5286 2440 5356 qui
2471 5298 2677 5339 summe
2717 5281 2887 5337 bonus
2922 5291 3005 5336 est
3028 5293 3312 5350 operatur:
3346 5284 3476 5340 alios
3504 5283 3587 5346 fa-

2005 5384 2153 5438 ciens
2180 5388 2432 5449 tanquam
2460 5391 2581 5430 vasa
2610 5373 3007 5431 miserit-ordne.
3038 5388 3171 5443 quos
3194 5375 3360 5443 gratia
3389 5375 3588 5431 diseer-

1956 5521 1961 5526 .
2007 5484 2097 5531 nat
2123 5474 2190 5528 ab
2220 5472 2296 5526 eis
2326 5470 2414 5540 qui
2447 5483 2566 5522 vasa
2595 5477 2714 5519 sunt
2738 5465 2864 5527 inc;
2895 5464 3028 5517 alios
3052 5473 3299 5533 tanquam
3329 5480 3447 5522 vaso
3474 5467 3585 5535 irae,

2072 5652 2088 5684 ¹
2128 5647 2350 5709 Plerique
2375 5651 2757 5709 \tss.,_rorpo'ts.

2072 5715 2091 5744 ι
2129 5719 2147 5754 \
2163 5696 2332 5756 ηιμ-ἀοῖ
2359 5696 2763 5760 διεδ.,’ὶεοιι;εὶοίίιιρ.
2786 5698 2867 5746 Alii
2891 5696 3131 5760 plerique,
3156 5698 3429 5746 suscztante.

2075 5774 2095 5813 δ
2131 5783 2231 5823 Am.
2264 5778 2333 5827 tr.
2363 5776 2413 5828 et
2439 5758 2661 5835 ﬁerique
2688 5769 2812 5823 Mssa,
2835 5758 2961 5825 (iuit.
