4170 6546
494 424 598 481 855

493 552 551 592 ιιι
576 547 729 592 notas
757 533 914 589 faciat
938 531 1149 587 divitias
1177 530 1361 601 gloria:
1396 544 1506 583 sua:
1542 528 1595 581 in
1626 540 1746 578 vasa
1774 522 2077 577 misericor-

492 630 615 685 αἰαὶ.
643 627 741 681 Eat
768 627 869 681 iste
891 639 1051 685 nunc,
1075 632 1128 678 et
1157 621 1415 675 adversus
1437 617 1771 688 Apostolum,
1802 626 1956 682 cupis
1979 609 2077 662 i~ta

492 718 758 775 Sententia
803 724 922 779 est,
964 719 1401 784 argtnncutetur;
1454 711 1560 762 into
1604 706 1860 759 adversus
1904 702 2077 770 ipsum

493 809 732 879 figulum,
760 806 844 862 cui
873 803 1200 873 reSpoudere
1232 798 1473 871 prohibet
1504 794 1813 868 Apostolus,
1849 793 2021 845 dicens
2051 808 2067 846 :

495 902 541 956 0
570 903 739 967 Ιιοιιιο,
768 910 821 953 tu
844 898 954 967 quis
974 913 1026 951 es
1050 896 1135 967 qui
1161 893 1465 963 respondeas
1493 888 1646 944 Deo?
1673 881 1933 957 Numquid
1950 882 2074 934 dicit

491 995 785 1064 ﬁgmentum
805 989 850 1043 ei
870 989 955 1059 qui
982 1002 1035 1040 se
1070 987 1240 1056 ﬁnxit,
1269 983 1435 1048 Quare
1462 984 1532 1034 sic
1567 996 1643 1032 me
1675 974 1878 1050 fecisti?
1895 978 2079 1064 -tnnun

492 1063 638 1140 habet
655 1092 946 1154 potestatem
969 1079 1156 1150 ﬁgulus
1173 1078 1264 1131 luti
1285 1093 1345 1130 ex
1361 1075 1534 1130 eadem
1558 1088 1726 1125 massa
1750 1070 1917 1139 facere
1936 1063 2080 1154 aliud

490 1192 580 1231 uas
599 1153 933 1240 inuenerem,
956 1170 1099 1225 aliud
1121 1170 1169 1223 in
1193 1166 1546 1222 contumeliam
1560 1167 1585 1231 ,(
1599 1161 1745 1215 liam.
1769 1175 1845 1225 ις,
1871 1153 2079 1222 '20-‘25)?

492 1267 757 1339 Numquid
793 1280 921 1336 ergo
950 1279 1075 1318 vasa
1117 1262 1209 1316 ira:
1237 1267 1393 1329 negat
1429 1260 1529 1312 iste
1557 1271 1678 1311 esse
1704 1251 1804 1306 sub
1831 1243 2078 1303 dialmlo?

490 1371 583 1418 aut
607 1338 728 1430 quia
759 1358 860 1413 sub
896 1354 1109 1412 diabolo
1139 1360 1295 1417 sunt,
1324 1351 1458 1405 alius
1484 1363 1546 1403 ea
1577 1359 1735 1416 quam
1774 1344 1886 1412 ipse
1913 1338 2073 1405 facit,

490 1454 579 1524 qui
608 1466 732 1506 vasa
770 1446 1148 1504 misericordia:
1179 1442 1348 1499 facit?
1384 1451 1477 1495 aut
1510 1437 1724 1493 aliunde
1765 1448 1812 1490 et
1858 1447 1965 1487 non
2008 1444 2076 1485 ex

488 1543 677 1601 eadem
710 1557 882 1596 massa
911 1538 1073 1594 facit?
1095 1537 1193 1591 llic
1220 1536 1398 1604 itaque
1424 1530 1589 1597 dicat,
1621 1528 1761 1600 Ergo
1784 1527 1926 1580 Deus
1951 1535 2075 1577 vasa

489 1636 703 1694 diabolo
727 1635 852 1688 facit
883 1650 897 1687 :
926 1632 1077 1700 quasi
1110 1628 1314 1683 nesciat
1345 1625 1483 1681 Deus
1512 1623 1591 1677 sic
1621 1636 1700 1677 eis
1724 1620 1798 1673 uti
1821 1616 1885 1670 ad
1912 1625 2076 1684 opera

487 1744 585 1786 sua
608 1730 749 1799 justa
775 1738 829 1783 et
854 1727 991 1781 bona
1014 1767 1029 1791 ,
1058 1727 1196 1780 sicut
1228 1724 1343 1793 ipso
1371 1722 1535 1776 utitur
1557 1715 1790 1772 diabolo.

560 1798 784 1877 cArur
824 1819 987 1874 χιιι.
1025 1847 1098 1858 -
1140 1814 1229 1870 se.
1277 1817 1358 1869 An
1403 1827 1531 1867 vero
1580 1808 1718 1863 filios
1762 1798 2077 1875 perditionis

470 1888 670 1969 ἰιωιιοε
691 1911 922 1966 sinistra:
949 1909 1114 1979 partis
1135 1906 1346 1979 (Matth.
1371 1919 1496 1969 xxv,
1520 1903 1611 1970 εδ)
1637 1898 1849 1955 diabolo
1871 1896 2074 1966 pascit,

486 2014 543 2062 et
582 2003 794 2059 diabolo
830 2002 1027 2066 nutrit,
1071 2009 1126 2055 et
1163 1999 1356 2061 vestit,
1389 1998 1510 2067 quia
1549 1992 1673 2047 facit
1710 1990 1881 2045 solem
1918 1999 2073 2041 suum

484 2095 614 2150 oriri
641 2110 801 2164 super
827 2093 995 2147 beuos
1035 2098 1090 2145 ct
1129 2090 1298 2143 malus
1320 2128 1336 2155 ,
1377 2098 1430 2142 et
1471 2085 1605 2155 pluit
1631 2096 1793 2152 super
1815 2080 1994 2151 justos
2020 2083 2075 2132 et

485 2187 711 2257 iniustos
741 2182 850 2257 (Id.
880 2199 936 2248 v,
968 2181 1095 2253 45)?
1115 2179 1205 2236 Sic
1226 2182 1403 2248 itaque
1423 2184 1571 2231 creat
1592 2174 1780 2235 malos,
1804 2166 2075 2241 quomodo

486 2280 656 2352 pascit
680 2285 734 2333 et
765 2278 928 2330 nutrit
957 2274 1131 2328 malos
1154 2291 1166 2325 :
1192 2272 1313 2342 quia
1337 2266 1477 2339 quod
1502 2266 1583 2322 eis
1602 2262 1834 2319 creando
1855 2257 2068 2352 tribuit,

484 2349 555 2428 ad
582 2379 783 2427 natura:
826 2369 1058 2438 pertinet
1096 2364 1420 2427 bonitatem;
1450 2369 1504 2416 et
1528 2356 1671 2430 quod
1700 2356 1780 2410 eis
1808 2349 2076 2423 pascendo

484 2471 542 2520 et
583 2459 866 2517 nutriendo
903 2459 997 2513 dat
1034 2456 1422 2512 incrementum
1451 2491 1467 2517 ,
1509 2465 1615 2505 non
1649 2447 1830 2517 utique
1858 2440 2077 2497 malitias

484 2568 694 2620 eorum,
729 2550 823 2606 sed
848 2549 1020 2605 cidem
1048 2548 1202 2602 bona:
1231 2555 1434 2600 natura:
1461 2556 1620 2612 quam
1643 2537 1846 2593 creavit
1877 2533 2070 2597 bonus,

483 2647 684 2703 bonum
727 2643 910 2698 tribuit
945 2640 1331 2711 adjnmentom.
1364 2633 1420 2689 lu
1473 2640 1731 2705 quantum
1775 2628 1919 2683 enim
1970 2623 2073 2678 ho-

484 2739 659 2797 mines
703 2745 859 2799 sunt,
893 2736 1088 2790 bonum
1130 2741 1211 2786 est
1259 2739 1495 2795 natura),
1543 2726 1696 2797 cujus
1749 2731 1937 2778 auctor
1989 2726 2075 2775 est

486 2829 632 2886 Deus
661 2840 679 2884 :'
705 2827 757 2881 iu
803 2835 1060 2897 quantum
1099 2834 1276 2876 autem
1313 2833 1435 2875 cum
1482 2825 1700 2888 peccato
1740 2820 2067 2876 nascuntur,

483 2919 709 2999 perituri
747 2919 794 2973 si
838 2933 942 2972 non
982 2920 1336 2971 renascuntur
1382 2912 1421 2977 ‘,
1470 2910 1536 2963 ad
1574 2924 1757 2964 scmcn
1804 2904 2074 2976 pertinent

483 2993 826 3066 maledictum
867 3005 1126 3061 ab'initio
1165 3001 1320 3075 (Sap.
1360 3016 1433 3055 xu
1457 3041 1472 3064 ,
1503 2998 1591 3070 ll)
1615 3041 1629 3064 ,
1660 2996 1802 3052 illius
1839 2993 2072 3062 antiqua

483 3080 859 3157 inobcdieutia:
907 3096 1055 3152 vitio.
1100 3095 1215 3163 Quo
1265 3102 1441 3148 tamen
1493 3092 1630 3146 bene
1686 3088 1853 3143 utitur
1902 3086 2074 3142 factor

481 3192 645 3248 etiam
674 3205 920 3246 vasorum
947 3188 1063 3254 irze,
1088 3197 1144 3242 ιιι
1166 3195 1320 3241 notas
1342 3181 1501 3239 faciat
1520 3181 1731 3237 divitias
1750 3180 1934 3250 gloria:
1959 3192 2072 3251 sua:

482 3284 539 3341 in
567 3299 689 3339 vasa
720 3280 1139 3345 misericordiae;
1181 3293 1247 3334 ne
1291 3275 1495 3332 meritis
1523 3274 1634 3329 suis
1665 3273 1895 3338 tribuat,
1927 3271 1973 3326 si
2002 3267 2072 3324 ad

481 3375 726 3431 eamdem
754 3388 981 3428 massam
1008 3372 1234 3444 quisque
1265 3369 1536 3440 pertinens
1560 3367 1729 3438 gratia
1771 3365 2030 3420 liberetur
2050 3403 2067 3428 ,

481 3466 578 3525 sed
599 3468 688 3537 qui
710 3464 984 3537 gloriatur,
1012 3464 1062 3518 in
1095 3461 1319 3517 Domino
1340 3459 1599 3531 glorietur
1623 3457 1643 3530 (
1663 3455 1705 3511 ll
1723 3454 1843 3511 Cor.
1868 3469 1925 3520 ι,
1954 3451 2066 3523 1⁸1).

552 3556 780 3615 CAPUT
817 3555 1010 3613 XVIII.
1036 3585 1107 3630 τ·-
1131 3554 1221 3609 53.
1246 3553 1327 3607 Ab
1349 3551 1451 3607 bac
1474 3550 1578 3606 llde
1602 3547 1890 3621 apostolica
1912 3556 2071 3617 atque

480 3650 746 3708 catholica
770 3649 1109 3706 voracissima
1131 3655 1186 3703 et
1208 3644 1603 3708 laudatissima,
1629 3658 1750 3698 cum
1776 3638 2073 3711 Pelagianis

480 3744 584 3800 iste
609 3741 915 3806 discedens,
946 3757 1052 3795 non
1093 3739 1207 3794 vult
1246 3747 1525 3794 nascentes
1549 3750 1671 3791 esse
1699 3734 1801 3790 sub
1825 3732 2068 3799 diabolo,

480 3850 551 3890 ne
576 3832 783 3906 parvuli
819 3839 1095 3902 portentur
1121 3828 1189 3884 ad
1215 3827 1520 3894 Christum,
1550 3836 1610 3881 ut
1636 3831 1891 3880 eruantur
1917 3838 1948 3877 a
1975 3836 2070 3892 po-

483 3931 677 3980 testate
700 3922 1064 3988 tenebrarum,
1086 3919 1217 3975 etin
1245 3934 1467 3990 regnum
1492 3917 1660 3987 ipsius
1682 3913 2073 3971 transferantur

481 4013 703 4083 (Colon.
740 4029 789 4080 ι,
825 4010 931 4086 15).
964 4014 1043 4068 Ac
1082 4010 1162 4066 sic
1202 4019 1417 4065 accusat
1457 4009 1756 4066 Ecclesium
1796 4014 1907 4062 toto
1941 4006 2073 4062 orbe

480 4102 761 4168 ditiusam,
801 4103 852 4157 in
889 4118 993 4177 qua
1032 4102 1228 4177 ubique
1263 4116 1452 4156 omnes
1484 4099 1785 4171 baptizandi
1829 4096 2073 4154 iulantuli

480 4190 589 4250 non
627 4196 696 4250 ob
733 4193 878 4249 aliud
916 4175 1306 4259 exsufﬂautur,
1347 4194 1449 4248 nisi
1493 4201 1550 4248 ut
1590 4192 1659 4247 ab
1702 4193 1780 4248 eis
1820 4192 2073 4264 princeps

480 4286 665 4342 mundi
707 4289 948 4341 mittatur
977 4287 1118 4342 foras
1148 4285 1328 4359 (Joan.
1357 4303 1426 4341 xu
1448 4329 1462 4352 ,
1490 4284 1582 4359 3|)
1613 4304 1627 4340 :
1659 4302 1687 4339 a
1716 4303 1822 4356 quo
1850 4300 2073 4341 necesse

479 4388 566 4436 est
590 4395 712 4433 vasa
742 4380 833 4434 ira:
873 4379 1277 4451 possideantur,
1309 4394 1430 4435 cum
1457 4395 1521 4435 ex
1550 4378 1720 4434 Adam
1746 4387 2070 4445 nascuntur,
2156 4412 2167 4429 ι

481 4470 529 4524 si
555 4470 608 4525 in
638 4470 852 4525 Clu-No
874 4479 1243 4536 renascantur,
1266 4479 1320 4524 ct
1346 4471 1397 4525 in
1428 4471 1546 4540 ejus
1576 4486 1797 4539 regnum
1830 4485 1922 4540 per
1946 4485 2071 4541 gra-

482 4562 611 4615 tiam
656 4559 790 4615 facta
818 4577 956 4615 «asa
1002 4562 1384 4616 misericordia:
1428 4554 1836 4618 transferantur.
1874 4560 2072 4618 Contra

482 4654 638 4711 istam
662 4653 1090 4710 fundatissimam
1113 4657 1334 4711 veniens
1354 4661 1661 4722 veritatem,
1677 4673 1744 4712 ne
1767 4657 2071 4712 universam

481 4746 680 4801 Christi
702 4747 992 4802 Ecclesium
1012 4762 1320 4817 oppugnare
1335 4747 1597 4813 videatur,
1622 4749 1773 4817 quasi
1799 4763 1886 4803 me
1906 4763 2070 4801 unum

482 4839 570 4893 allt
591 4839 795 4910 quitur,
824 4850 877 4893 ct
904 4839 1049 4895 velut
1070 4839 1366 4910 corripiens
1393 4850 1553 4910 atque
1578 4840 1875 4894 admooens
1900 4840 2031 4895 dicit
2053 4857 2067 4894 :

485 4931 655 4985 Ellam
678 4942 722 4984 te
741 4930 876 4985 Deus
898 4933 1035 5001 fecit;
1056 4932 1164 4996 sed,
1188 4934 1322 5003 quod
1341 4943 1412 4986 est
1440 4934 1720 5005 fatendum,
1746 4933 1913 5005 gravis
1934 4949 2074 4987 error

483 5021 677 5092 infecit.
704 5022 842 5076 Sane
871 5022 1011 5092 quod
1037 5038 1123 5078 me
1147 5024 1287 5079 Deus
1315 5025 1494 5080 l'ceerit
1520 5040 1774 5094 agnosco,
1797 5035 1849 5079 et
1875 5024 2074 5094 gratias

486 5129 586 5183 ago
616 5132 629 5166 :
660 5114 747 5183 qui
779 5126 952 5167 tamen
983 5130 1102 5170 cum
1145 5115 1237 5170 ira:
1276 5118 1417 5170 vasis
1462 5122 1752 5185 perissem,
1790 5116 1834 5170 si
1870 5125 2072 5170 tantum

408 5237 412 5241 -
486 5220 552 5259 cx
584 5205 750 5258 Atlant
783 5222 868 5260 me
905 5205 1117 5261 fecisset
1140 5250 1153 5268 .
1187 5219 1241 5262 et
1278 5210 1328 5262 in
1376 5208 1588 5273 Christo
1630 5225 1734 5262 non
1779 5209 2071 5265 refecisset.

487 5296 639 5363 Quod
661 5313 780 5350 cmn
815 5312 1093 5367 possessus
1122 5299 1401 5369 Pelagiana
1432 5299 1704 5368 impietate
1737 5316 1839 5353 non
1868 5300 2073 5366 credit,

488 5391 532 5443 si
566 5390 616 5443 in
645 5396 791 5443 tanto
819 5391 956 5443 malo
988 5390 1038 5444 in
1068 5390 1225 5444 liuent
1266 5407 1434 5460 usque
1472 5392 1752 5461 perdurat,
1791 5408 1896 5448 non
1930 5393 2073 5463 ipse,

489 5482 584 5538 sed
611 5481 869 5537 Catholici
900 5483 1141 5547 videant,
1178 5483 1353 5552 qualis
1388 5494 1443 5540 et
1474 5497 1705 5554 quantus
1733 5503 1853 5542 eum
1885 5501 2037 5541 error
2057 5528 2074 5554 ,

491 5593 595 5629 non
626 5575 896 5642 infecerit,
925 5574 1018 5630 Sed
1051 5574 1207 5644 plane
1234 5573 1581 5630 interfecerit.

520 5710 569 5786 ..ι
612 5714 711 5786 ditt.
732 5693 819 5782 tiri"
835 5717 887 5786 et
910 5708 1136 5786 plerique
1150 5717 1284 5786 mssa,
1304 5710 1508 5786 perituri
1522 5714 1613 5786 qui
1628 5728 1719 5786 non
1744 5724 2074 5786 renascuntur.

488 5776 560 5842 sic
586 5776 732 5842 etiam
751 5776 903 5842 ingra,
940 5776 987 5820 ιι
1019 5776 1190 5833 ()peris
1213 5778 1482 5836 ιιιιιιυιιίιωιί
1522 5776 1645 5828 libro
1667 5780 1714 5834 5.
1736 5792 1840 5842 (at).
1872 5780 1988 5838 ΗΞ,
2028 5789 2078 5829 et

494 5830 613 5879 tum.
711 5846 815 5892 Cap.
840 5834 917 5881 ut.

1297 413 1385 469 DE
1419 407 1690 469 NUPTIIS
1733 407 1815 462 ii'l'
1854 399 2456 470 CONCUPlSCENTlA,
2496 403 2552 458 S.
2592 403 2954 461 AUGUSTI)"

3669 413 3774 469 15ft

2261 513 2482 571 CAPUT
2524 516 2661 572 XlX.
2702 548 2768 558 —
2803 519 2892 574 ει.
2924 520 3151 573 Attende
3195 523 3467 592 sequentia
3511 542 3524 578 :
3561 544 3578 575 ι
3620 524 3772 591 Quod

2186 616 2390 673 autem,
2423 626 2444 659 ι
2472 607 2657 676 ἰιιιιειίι,
2686 627 2704 658 ι
2735 608 2827 662 lilii
2851 626 2913 663 ex
2936 612 3183 681 coniugio
3203 617 3432 681 suscepti
3463 616 3776 672 natur..litcr

2185 696 2311 751 boui
2339 708 2481 760 sunt,
2520 701 2776 768 Apostolo
2804 700 3013 756 dicente
3043 703 3333 770 discamus,
3358 706 3445 774 qui
3470 708 3541 758 ait
3572 706 3638 761 de
3670 708 3739 761 im

2185 788 2369 857 probis
2402 807 2417 843 :
2449 788 2643 843 Relicto
2668 793 3005 847 naturalium
3034 796 3267 864 fantium.
3290 810 3584 852 exarserunt
3612 800 3662 851 in
3684 800 3785 854 de-

2182 878 2371 932 sideria
2402 896 2524 941 sua,
2555 880 2763 933 invicem
2802 883 3015 937 masculi
3047 886 3098 937 iu
3127 889 3378 941 masculos
3410 890 3772 957 turpitudinem

2192 980 2456 1037 operanles
2488 968 2658 1040 (llam.
2682 987 2719 1033 ι,
2738 971 2851 1044 27).
2875 972 3116 1029 Ostendit
3141 991 3289 1046 ergo,
3316 996 3336 1029 ι
3360 979 3540 1047 inquit.
3572 998 3591 1029 ι
3618 997 3770 1033 nsum

2184 1057 2399 1113 femiuze
2427 1069 2479 1114 et
2508 1063 2805 1116 naturalem
2837 1079 2981 1127 esse,
3011 1074 3060 1119 et
3092 1082 3188 1135 pro
3218 1083 3318 1122 suo
3344 1070 3503 1122 modo
3533 1071 3766 1124 laiutabi-

2182 1147 2287 1203 lem
2322 1167 2336 1204 :
2373 1150 2630 1220 flagitium
2671 1164 2847 1207 autem
2891 1171 2955 1209 ex
2989 1157 3259 1211 voluntate
3290 1158 3502 1230 propria
3531 1162 3769 1215 exerceri

2181 1248 2366 1293 contra
2392 1239 2738 1296 institutionis
2761 1243 3035 1313 pudorem.
3060 1246 3249 1301 Merito
3276 1249 3476 1318 itaque,
3518 1268 3537 1302 ι
3576 1252 3769 1328 inquit,

2191 1347 2211 1381 ι
2248 1339 2301 1384 et
2331 1330 2381 1384 in
2410 1331 2546 1387 bene
2576 1335 2844 1397 utentibus
2884 1348 3051 1404 genus
3074 1339 3521 1406 concupiscentia:
3556 1342 3775 1394 modus-

2188 1438 2291 1492 que
2320 1424 2590 1489 laudatur,
2630 1436 2682 1479 et
2722 1426 2773 1479 iu
2818 1428 3058 1497 turpibus
3092 1444 3346 1484 excessus
3385 1432 3501 1500 ejus
3532 1434 3768 1503 puuitur.

2191 1513 2428 1584 Denique
2456 1517 2648 1571 eodem
2687 1527 2927 1587 tempore
2955 1520 3094 1575 Deus
3124 1521 3348 1576 Abrahae
3372 1532 3425 1577 ct
3452 1524 3597 1578 Sane
3625 1540 3769 1578 mar-

2183 1606 2482 1660 centiamvo
2503 1608 2740 1662 membra
2762 1611 3023 1680 vegetavit
3047 1629 3066 1662 ι
3086 1609 3241 1680 (Gen.
3263 1629 3351 1668 tm
3372 1661 3386 1678 ,
3424 1615 3474 1684 l)
3494 1656 3509 1681 ,
3546 1635 3563 1667 ι
3584 1631 3688 1685 quo
3715 1616 3769 1671 in
3862 1610 3865 1611 ⁷

2186 1693 2435 1752 Sodomis
2461 1698 2571 1768 ipsa
2614 1700 2767 1769 igneo
2794 1701 2964 1757 imbre
2987 1705 3187 1772 punivit
3222 1722 3242 1758 ι
3275 1705 3387 1778 (Id.
3418 1708 3768 1783 nx,2l.25).

2191 1802 2211 1838 ι
2230 1785 2284 1840 Si
2312 1786 2472 1855 igitur
2495 1797 2669 1857 putas,
2700 1809 2720 1842 ι
2754 1790 2943 1863 inquit,
2979 1811 2998 1844 ι
3020 1794 3379 1849 accusandum
3407 1800 3769 1857 membrorum

2185 1877 2466 1948 vigorem,
2521 1882 2772 1951 quoniam
2840 1898 2937 1953 per
2989 1885 3160 1954 ipsum
3211 1887 3504 1944 Sodomita:
3556 1890 3771 1962 ﬂagitiis

2187 1968 2340 2024 obliti
2380 1970 2398 2003 ⁸
2436 1980 2593 2036 sunt;
2638 1974 2913 2029 accusabis
2955 1976 3117 2031 etiam
3164 1989 3463 2035 creaturam
3516 1984 3666 2051 panis
3710 1992 3772 2039 et

2184 2062 2329 2129 viui,
2370 2065 2619 2135 quoniam
2664 2066 2790 2123 hinc
2829 2084 3040 2139 quoque
3077 2085 3172 2126 eos
3200 2087 3455 2142 peccasse
3494 2073 3769 2143 Scriptura

2177 2150 2355 2209 divina
2394 2155 2729 2225 significavit.
2768 2158 2903 2213 Dicit
2931 2161 3073 2216 enim
3106 2161 3364 2217 Dominus
3395 2178 3488 2233 per
3513 2162 3773 2221 Ezechie-

2178 2245 2281 2301 lem
2311 2248 2622 2318 prophetam
2655 2269 2671 2306 :
2709 2249 3067 2307 Verumtamen
3099 2254 3180 2309 Ita:
3211 2256 3503 2324 iniquitates
3526 2257 3772 2313 Sodoma

2174 2340 2365 2394 sororis
2390 2349 2512 2406 tute,
2534 2341 2789 2408 sitperbia,
2813 2342 2864 2396 in
2886 2344 3154 2416 saturitate
3176 2362 3362 2415 panum
3389 2356 3436 2401 et
3455 2349 3771 2404 abundantia

2176 2430 2281 2484 vini
2306 2430 2529 2501 ﬂuebant
2552 2433 2667 2503 ipsa
2707 2441 2754 2488 et
2790 2434 2887 2503 ﬁlii
2923 2436 3034 2505 ejus
3057 2474 3074 2501 ,
3113 2445 3161 2490 et
3198 2452 3402 2491 manum
3444 2440 3684 2508 pauperis
3719 2445 3770 2494 et

2176 2525 2365 2594 egentis
2379 2540 2479 2578 non
2496 2524 2801 2595 adjuuabant
2826 2545 2846 2579 ι
2869 2524 3081 2599 (Ezech.
3104 2542 3216 2593 xw,
3238 2527 3350 2600 49).
3383 2548 3404 2582 ι
3418 2530 3565 2599 Elige
3585 2532 3719 2599 jam,
3738 2549 3762 2586 ι

2177 2613 2366 2683 inquit,
2402 2632 2422 2665 ι
2455 2626 2633 2669 utrum
2656 2618 2825 2671 mavis
2854 2634 2868 2671 :
2899 2627 2992 2672 aut
3018 2630 3203 2690 reputa
3229 2619 3414 2675 divino
3439 2622 3587 2691 operi
3618 2636 3771 2676 com-

2175 2705 2488 2760 mixtiouem
2524 2721 2812 2776 corporum
2839 2749 2855 2775 ,
2899 2717 2991 2763 aut
3030 2720 3331 2765 creaturam
3377 2713 3529 2781 panis
3564 2722 3619 2768 et
3654 2712 3768 2770 viui

2175 2794 2424 2851 similiter
2451 2796 2644 2851 malam
2672 2799 2693 2831 ³
2721 2812 2843 2853 esse
2866 2798 3053 2854 deflui.
3085 2801 3240 2869 Quod
3270 2802 3315 2857 si
3343 2804 3553 2871 feceris,
3579 2813 3770 2873 aperto

2174 2884 2502 2942 Manichacus
2540 2902 2662 2944 esse
2702 2889 3557 2963 convinceris.,Concupiscentite
3584 2906 3765 2951 autem

2174 2978 2434 3033 natantis
2474 2979 2563 3049 qui
2610 2979 2827 3034 modum
2872 2990 3047 3046 tenet,
3089 2982 3231 3037 bono
3264 2984 3405 3040 bene
3442 2989 3638 3046 utitur:
3672 2986 3769 3059 qui

2174 3066 2392 3124 modum
2434 3085 2540 3123 non
2581 3078 2759 3139 tenet,
2791 3071 2933 3128 bono
2962 3073 3102 3128 male
3130 3077 3318 3131 utitur.
3351 3074 3489 3144 Quid
3514 3076 3649 3134 dcis
3672 3092 3768 3133 ero

2173 3172 2264 3230 go,
2290 3176 2312 3212 ι
2342 3159 2514 3231 inquit
2542 3178 2556 3214 :
2588 3179 2609 3212 ι
2645 3161 2719 3217 Ita
2751 3163 3054 3233 nuptiarum
3093 3165 3292 3221 bonum
3322 3168 3465 3224 malo
3490 3168 3765 3239 originali,

2173 3250 2317 3322 quod
2353 3250 2478 3308 inde
2513 3252 2776 3322 trahitur,
2802 3270 2908 3310 non
2936 3266 3112 3326 potest
3136 3260 3418 3326 accusari;
3445 3261 3584 3316 sicut
3606 3259 3767 3317 adul-

2177 3340 2435 3397 teriorum
2465 3342 2662 3397 malum
2690 3342 2832 3399 bono
2870 3346 3127 3414 naturali,
3167 3348 3309 3418 quod
3344 3349 3471 3405 inde
3504 3351 3763 3417 nascitur,

2173 3450 2282 3513 non
2304 3446 2480 3507 potest
2497 3438 2773 3494 excusari»
2799 3437 2899 3509 (De
2912 3438 3077 3509 Νιιρι.
3091 3450 3139 3495 et
3154 3439 3404 3514 Coneup.,
3427 3443 3515 3497 lib.
3532 3444 3582 3510 l,
3603 3460 3658 3498 ιι.
3683 3440 3768 3515 l)?

2178 3544 2201 3579 ι
2223 3526 2317 3582 llis
2340 3528 2699 3596 sermonibus,
2726 3550 2749 3581 ι
2778 3530 2970 3601 inquit,
2994 3550 3013 3585 ι
3045 3533 3189 3603 quod
3225 3548 3517 3604 uegaveras
3543 3550 3768 3591 conces-

2173 3616 2323 3684 sisti,
2349 3618 2493 3687 quod
2519 3633 2866 3675 eoucesseras
2898 3622 3157 3678 sustulisti
3192 3640 3208 3679 :
3238 3633 3293 3678 et
3322 3623 3453 3679 nihil
3482 3626 3648 3697 magis
3672 3626 3760 3683 la-

2173 3707 2353 3774 boras,
2382 3724 2541 3779 quam
2567 3718 2627 3764 ut
2649 3724 2838 3779 parum
2861 3710 3194 3783 intelligaris.
3227 3713 3462 3771 Ostende
3479 3716 3596 3772 sine
3614 3729 3769 3771 eom-

2174 3800 2433 3856 mixtioue
2460 3801 2674 3873 nuptias
2697 3803 3008 3873 corporales
3032 3819 3049 3859 :
3075 3813 3170 3863 aut
3201 3821 3366 3861 unum
3401 3807 3613 3878 aliquod
3640 3807 3768 3865 huic

2175 3892 2323 3962 operi
2363 3907 2559 3948 nomen
2602 3893 2903 3964 imponito,
2952 3904 3009 3951 et
3042 3896 3127 3952 vel
3166 3896 3368 3953 bonum
3394 3938 3410 3963 ,
3448 3900 3534 3955 vel
3563 3899 3763 3955 malum

2173 3981 2477 4052 coniugium
2524 3992 2850 4054 nuncupata.
2894 3984 3244 4057 Spopoudisti
3298 3989 3481 4060 utique
3522 3990 3661 4045 bona
3707 3998 3766 4047 to

2173 4072 2401 4131 delinire
2426 4075 2674 4147 conjugia
2703 4094 2720 4132 :
2740 4078 2786 4132 si
2813 4079 3121 4149 coniugium
3144 4079 3370 4149 bonum,
3393 4083 3438 4137 si
3464 4082 3627 4138 homo
3653 4082 3767 4139 fru-

2172 4175 2291 4220 ctus
2324 4165 2558 4237 coniugii
2590 4166 2792 4233 bonus,
2828 4169 2874 4224 si
2915 4170 3002 4225 hic
3036 4169 3238 4226 fructus
3280 4187 3416 4243 opus
3457 4173 3549 4229 Dei
3588 4175 3764 4230 maluo

2173 4270 2294 4311 esse
2322 4272 2430 4311 non
2463 4267 2673 4327 potest,
2699 4259 2792 4329 qui
2833 4274 2929 4330 per
2960 4261 3162 4316 bonum
3197 4277 3262 4317 ex
3304 4263 3447 4317 bono
3481 4264 3757 4330 nascitur;

2174 4346 2265 4401 ubi
2292 4347 2452 4417 igitur
2478 4347 2737 4417 originale
2762 4351 2961 4406 malum
2986 4391 3002 4418 ,
3043 4352 3186 4423 quod
3223 4361 3302 4407 tot
3327 4352 3651 4424 prtrjudiciis
3676 4352 3765 4409 in-

2177 4446 2495 4506 teremptqu
2519 4440 2639 4494 est?
2671 4458 2694 4492 ι

2246 4529 2472 4586 CAPUT
2511 4529 2629 4585 XX.
2652 4560 2723 4572 —-
2741 4531 2830 4588 55.
2862 4533 2942 4591 Ad
2968 4532 3083 4589 hare
3109 4536 3432 4605 respondeo,
3456 4553 3561 4593 non
3587 4539 3764 4596 solum

2175 4620 2311 4675 ﬁlios
2340 4636 2404 4676 ex
2430 4621 2711 4691 conjugio.
2743 4639 2927 4678 verum
2967 4626 3129 4679 etiam
3172 4641 3235 4681 ex
3264 4626 3528 4682 adulterio
3567 4631 3767 4687 bonum

2174 4711 2388 4782 aliquod
2415 4727 2570 4777 eSse,
2613 4713 2911 4769 secundum
2950 4730 3087 4784 opus
3129 4717 3221 4772 Dei
3250 4736 3356 4788 quo
3393 4722 3557 4775 creati
3595 4733 3765 4777 sunt:

2175 4802 2467 4856 secundum
2494 4812 2672 4857 autem
2699 4804 2957 4874 originale
2978 4818 3278 4876 peceatum,
3306 4810 3355 4862 in
3384 4809 3726 4866 damnatione
3744 4811 3770 4844 ³

2181 4895 2328 4948 nasci
2357 4910 2425 4950 ex
2455 4895 2625 4949 Adam
2670 4897 2880 4965 primo,
2925 4915 3030 4952 non
3076 4900 3249 4954 solum
3278 4902 3322 4954 si
3368 4902 3437 4955 de
3461 4903 3767 4967 adulterio,

2182 5004 2368 5044 verum
2394 4989 2554 5043 etiam
2580 4991 2624 5044 si
2650 4990 2718 5044 de
2746 4990 2994 5060 conjugio
3023 5002 3366 5061 generentur,
3390 4994 3489 5048 nisi
3518 4996 3569 5048 itt
3598 4997 3768 5050 Adam

2177 5079 2435 5140 secundo,
2464 5081 2552 5150 qui
2581 5090 2665 5134 est
2692 5080 2957 5147 Christus,
2989 5096 3390 5151 regeneratum.
3413 5086 3562 5150 Quod
3589 5095 3768 5140 autem

2177 5172 2252 5225 ait
2275 5172 2564 5239 Apostolus
2599 5171 2668 5226 de
2705 5174 2996 5242 improbis,
3048 5175 3244 5230 Relicto
3286 5176 3510 5229 naturali
3551 5194 3645 5229 usu
3690 5182 3764 5247 [ιω

2178 5267 2329 5321 mima
2349 5306 2366 5332 ,
2393 5275 2687 5320 exarserunt
2713 5266 2765 5320 in
2791 5267 3041 5322 desideria
3066 5285 3161 5321 sua
3193 5269 3245 5321 in
3275 5269 3486 5323 inricem
3511 5309 3526 5331 ,
3558 5269 3770 5324 ntuscx't'l

2179 5357 2233 5410 in
2267 5355 2520 5411 masculos
2559 5357 2919 5426 turpitudinem
2957 5369 3223 5429 operante:
3249 5374 3269 5413 :
3297 5375 3401 5413 non
3442 5357 3580 5412 dixit
3613 5374 3770 5412 usum

2246 5530 2262 5596 ξ
2298 5540 2398 5596 am.
2415 5537 2493 5596 Er.
2508 5538 2560 5581 et
2581 5528 2765 5594 aliquot
2785 5537 2913 5596 Mss,
2935 5529 3156 5596 pbligati.
3184 5533 3553 5596 Cygiranuensis
3573 5539 3678 5591 ως»,
3697 5532 3775 5583 ob-

2181 5591 2343 5644 uoluti.
2370 5591 2677 5648 Casalensis._
2696 5593 2871 5644 obruti.
2898 5593 2982 5642 Alii
3009 5591 3115 5643 διὲξ.
3159 5591 3232 5643 ρι’
3249 5591 3359 5643 for.
3385 5595 3533 5645 obliti.
3573 5597 3775 5645 Dicendi

2182 5656 2355 5726 modu_s
2376 5655 2971 5726 Juliano_tamiharis.;.sic
3006 5656 3127 5726 liurn
3164 5667 3330 5705 eontra
3378 5659 3406 5719 ιι
3425 5670 3533 5706 sum
3566 5659 3770 5718 quinto,

2182 5730 2289 5778 cap.
2313 5718 2363 5778 7,
2394 5734 2417 5761 ι
2441 5720 2727 5783 tlagitiormn
2751 5717 2971 5766 sordibus
2994 5719 3252 5765 Ordinatur.
3280 5737 3300 5762 υ

2250 5781 2268 5811 ι
2303 5786 2393 5827 Lov
2420 5813 2435 5827 .
2462 5790 2657 5827 mutum.

2253 5841 2272 5873 ³
2305 5813 2370 5891 tt;
2404 5813 2569 5899 plures
2594 5849 2695 5891 Vss.
2724 5847 2776 5889 At
2804 5842 2937 5900 erliti,
2957 5836 3327 5890 (ignorationem.
