4144 6520
332 388 432 459 ιτςῑτῖ

328 530 678 598 cunningalem,
713 512 805 583 sed
831 516 1150 595 naturalem,
1176 518 1295 583 eum
1323 528 1505 582 volens
1530 525 1773 594 iatelligi,
1819 527 1905 596 qui

326 618 385 674 iit
415 619 668 674 membris
693 619 756 675 ad
790 621 887 675 hoc
915 620 1131 685 creatis,
1164 630 1219 674 ut
1247 636 1340 688 per
1367 634 1428 674 ea
1463 619 1628 690 possit
1655 618 1718 673 ad
1745 634 1911 689 gene-

327 710 551 765 randum
596 727 755 765 sexus
796 719 1017 781 uterque
1064 711 1299 766 misceri.
1346 711 1417 764 Ac
1462 727 1556 782 per
1599 709 1740 776 hoc,
1786 726 1905 764 cum

322 803 526 857 eisdem
570 802 823 857 membris
853 804 1010 858 etiam
1052 797 1313 857 meretrici
1355 803 1579 873 quisque
1620 802 1909 865 miscetur,

324 896 579 951 naturalis
606 908 686 951 est
714 912 859 962 usus,
889 912 987 951 nec
1015 905 1188 950 tamen
1221 893 1516 957 laudabilis,
1551 893 1641 948 sed
1674 892 1912 964 culpabi-

326 988 410 1041 lis.
442 988 524 1042 Ab
548 1004 611 1044 ea
640 1004 766 1043 vero
796 997 945 1059 parte
973 988 1237 1056 corporis,
1274 1003 1391 1056 qua:
1417 1002 1524 1041 non
1554 984 1619 1041 ad
1648 1001 1912 1055 generan-

326 1079 450 1132 dnm
478 1088 560 1135 est
592 1079 851 1143 instituta,
879 1079 923 1134 si
955 1088 1007 1134 et
1033 1078 1257 1149 conjuge
1281 1078 1504 1149 quisque
1544 1085 1742 1139 utatur,
1785 1092 1916 1131 con-

327 1181 405 1224 tn
436 1183 680 1227 naturam
707 1182 789 1227 est
812 1182 865 1228 et
906 1170 1250 1242 flagitiosum.
1302 1170 1537 1240 Denique
1581 1168 1726 1240 prius
1769 1168 1909 1223 idem

328 1262 600 1332 apostolus
637 1263 703 1317 de
732 1261 941 1317 feminis
970 1261 1141 1327 dixit,
1188 1260 1324 1314 Nam
1352 1262 1555 1333 femina:
1598 1276 1771 1313 eorum
1809 1259 1913 1315 im-

329 1361 641 1407 mutaverunt
669 1353 948 1408 naturalem
978 1370 1125 1407 usum
1150 1352 1202 1406 in
1225 1369 1338 1406 eum
1358 1369 1503 1406 usum
1528 1350 1611 1423 qui
1640 1360 1711 1406 est
1740 1361 1917 1406 contra

327 1451 560 1497 naturam
604 1442 776 1514 (Rom.
812 1460 861 1506 t,
894 1441 993 1507 27,
1030 1442 1120 1512 26)
1153 1462 1165 1496 :
1195 1443 1389 1498 deinde
1413 1484 1427 1507 ,
1466 1442 1533 1498 de
1574 1442 1825 1497 masculis
1864 1441 1917 1497 in

330 1535 593 1591 masculus
620 1536 995 1606 turpitudinem
1026 1535 1388 1605 operantibus,
1420 1536 1604 1591 relicto
1631 1548 1729 1589 usu
1760 1532 1914 1587 femi-

329 1640 432 1681 neo
462 1627 709 1681 naturali.
740 1627 853 1682 Non
880 1643 1005 1697 ergo
1032 1627 1135 1681 isto
1162 1627 1397 1692 nomine,
1432 1616 1621 1691 idest,
1652 1640 1748 1678 mu
1777 1634 1918 1679 nam.

329 1719 458 1782 rati,
492 1718 786 1789 conjngalis
825 1726 908 1773 est
942 1718 1151 1772 laudata
1179 1718 1519 1777 commixtio.
1564 1716 1657 1771 sed
1686 1716 1917 1769 immun—

329 1808 478 1863 diora
520 1818 575 1864 et
614 1808 951 1864 sceleratiora
985 1807 1181 1880 ﬂagitia
1218 1808 1466 1862 denotata
1496 1817 1652 1871 sunt,
1682 1822 1841 1877 quam
1872 1806 1915 1860 si

332 1900 511 1955 illicite
536 1909 591 1955 et
618 1900 858 1967 feminis,
884 1900 978 1955 sed
1008 1911 1182 1955 tamen
1210 1900 1525 1955 naturaliter
1553 1909 1855 1955 uterentur.

399 1991 628 2049 CAPUT
664 1992 806 2048 XXI.
833 2022 907 2035 —
935 1993 1025 2048 36.
1059 1993 1256 2047 Panem
1282 2007 1410 2046 vero
1430 1997 1487 2046 et
1507 1991 1684 2045 vinum
1713 1992 1789 2046 sic
1813 2004 1915 2043 non

328 2084 771 2155 reprehendimus
801 2094 1019 2155 propter
1046 2084 1348 2138 luxuriosos
1372 2092 1427 2137 et
1455 2083 1698 2139 ebriosos
1720 2125 1734 2147 ,
1779 2097 1917 2153 quo-

331 2177 490 2232 modo
520 2192 617 2233 nec
637 2192 825 2233 aurum
857 2187 1074 2247 propter
1094 2176 1319 2247 cupidos
1343 2184 1397 2231 et
1422 2188 1632 2230 avaros.
1657 2171 1919 2244 Quocirca

331 2267 761 2324 commixtionctn
806 2283 1016 2340 quoque
1051 2267 1329 2323 honestam
1371 2267 1654 2337 conjugum
1690 2281 1795 2321 non
1836 2280 1921 2319 re-

334 2359 713 2428 prehendimus
742 2370 960 2431 propter
989 2359 1288 2431 pudendam
1311 2347 1595 2430 corporum
1618 2358 1915 2413 libidinem.

330 2447 425 2506 iila
451 2451 590 2505 enim
622 2462 801 2521 posset
829 2466 949 2507 esse
977 2452 1119 2507 nulla
1146 2451 1485 2523 priecedente
1523 2451 1920 2521 perpetratione

336 2542 556 2610 peccati,
589 2541 655 2596 de
683 2556 785 2613 qua
814 2558 918 2596 non
947 2543 1323 2598 erubescerent
1347 2542 1613 2613 conjngati
1645 2559 1659 2595 :
1687 2540 1801 2595 haec
1826 2555 1923 2595 au-

332 2641 440 2686 tem
471 2642 654 2688 exorta
682 2642 765 2686 est
792 2641 909 2704 post
934 2642 1209 2705 peccatum
1232 2676 1248 2701 ,
1277 2649 1435 2705 quant
1475 2632 1645 2688 coacti
1675 2639 1800 2687 sunt
1825 2647 1921 2687 ve-

332 2724 446 2779 lare
470 2724 674 2780 confusi
706 2723 859 2798 (Gen.
888 2741 945 2781 nt
965 2768 980 2792 ,
1025 2726 1102 2795 7).
1129 2721 1287 2784 Unde
1318 2725 1574 2781 remansit
1604 2724 1921 2795 posteriori-

337 2816 435 2870 bus
458 2815 774 2885 conjugatis,
806 2817 1049 2885 quamvis
1076 2817 1177 2871 hoc
1204 2816 1345 2872 malo
1366 2816 1500 2872 bene
1521 2823 1576 2872 et
1597 2815 1741 2871 licite
1768 2825 1924 2870 uten-

336 2909 511 2974 tibus,
554 2908 605 2963 in
645 2907 907 2977 ejusmodi
946 2924 1110 2980 opere
1150 2909 1442 2964 humanum
1489 2910 1661 2967 vitare
1694 2925 1923 2982 conspe-

241 3031 250 3041 ο
331 3011 513 3067 ctum,
545 3011 701 3073 atque
744 3003 813 3057 ita
842 3003 1083 3059 confiteri
1121 3003 1262 3075 quod
1300 3003 1602 3073 pudendum
1641 3013 1758 3067 est,
1800 3020 1921 3059 cum

330 3089 527 3148 debeat
566 3094 829 3149 neminem
870 3093 1068 3164 pudere
1106 3095 1248 3165 quod
1285 3094 1480 3150 bonum
1521 3103 1623 3149 est.
1654 3093 1746 3150 Sic
1787 3095 1917 3151 iusi-

334 3193 567 3236 nuantur
592 3183 705 3236 lnec
729 3181 857 3251 dno,
887 3194 940 3239 et
965 3184 1159 3238 bonum
1191 3183 1467 3240 laudanda:
1491 3184 1920 3256 coniunctionis,

336 3271 475 3326 unde
503 3272 590 3326 lilii
631 3282 986 3343 generentur,
1018 3283 1073 3331 ct
1103 3276 1298 3330 malum
1336 3274 1600 3346 pudendae
1640 3276 1880 3331 libidinis
1902 3318 1919 3343 ,

334 3362 478 3419 unde
502 3362 589 3435 qui
626 3373 981 3435 generantur,
1011 3366 1361 3437 regenerandi
1400 3376 1523 3423 sunt
1558 3381 1629 3423 ne
1656 3366 1921 3423 damnen-

334 3464 441 3509 tur.
471 3456 700 3511 Proinde
730 3456 971 3527 pndenda
1004 3457 1229 3514 libidine
1260 3457 1350 3529 qui
1394 3458 1538 3513 licite
1575 3460 1881 3515 concnmbit
1903 3500 1919 3524 ,

336 3548 477 3603 malo
514 3548 652 3604 bene
681 3550 845 3603 utitur
874 3568 886 3602 :
916 3550 1004 3621 qui
1033 3558 1211 3605 autem
1242 3550 1444 3616 illicite,
1475 3540 1618 3606 man
1646 3551 1785 3605 male
1816 3552 1921 3606 nti-

335 3646 443 3695 tur.
474 3639 689 3697 Rectius
726 3640 868 3698 enim
898 3643 1091 3712 accipit
1118 3644 1135 3676 ⁸
1170 3659 1363 3699 nomen
1401 3642 1526 3699 mali
1555 3660 1713 3716 quam
1756 3644 1878 3699 boni
1900 3685 1916 3711 ,

334 3731 478 3787 unde
513 3732 831 3788 erubescunt
869 3741 923 3787 ct
961 3733 1084 3789 mali
1114 3742 1168 3789 et
1206 3734 1329 3789 boni
1362 3752 1375 3787 :
1404 3736 1701 3804 melinSque
1741 3736 1918 3791 credi-

332 3837 453 3877 mus
476 3823 524 3877 ei
550 3823 641 3894 qni
670 3823 827 3892 dicit,
859 3823 982 3879 Scio
1008 3826 1126 3895 quia
1155 3842 1255 3880 non
1284 3825 1476 3880 habitat
1505 3827 1557 3881 in
1585 3843 1691 3892 me,
1726 3827 1821 3881 hoc
1849 3835 1920 3882 est

314 3913 388 3973 J'n
409 3929 561 3969 carne
585 3930 695 3967 mea
716 3956 731 3981 ,
761 3917 945 3969 bonum
975 3915 1149 3985 (Rom.
1188 3932 1257 3970 vn
1276 3959 1291 3985 ,
1332 3916 1456 3988 l8);
1484 3933 1640 3987 quam
1670 3918 1792 3973 huic
1830 3918 1920 3988 qui

331 4002 463 4058 dicit
492 4003 593 4059 hoc
621 4005 839 4070 bonum,
873 4006 1011 4061 unde
1037 4007 1083 4061 si
1112 4007 1476 4070 confunditur,
1500 4008 1786 4064 confitetur
1809 4026 1921 4063 ma-

334 4095 478 4159 lum;
510 4097 555 4150 si
582 4106 758 4152 autem
787 4113 891 4154 non
918 4097 1284 4163 confunditur,
1315 4100 1462 4155 addit
1491 4100 1873 4171 impudentiam
1901 4144 1917 4167 ,

278 4212 285 4217 -
334 4188 485 4257 pejus
508 4190 730 4244 malum.
764 4189 929 4246 Recte
970 4192 1129 4261 igitur
1154 4191 1420 4257 diximus,
1455 4209 1476 4244 ‹
1512 4191 1585 4247 Ita
1617 4194 1920 4263 nuptiarum

332 4278 533 4334 borium
562 4281 704 4337 malo
728 4281 971 4352 originali
998 4325 1015 4349 ,
1055 4283 1196 4354 quod
1228 4283 1350 4339 inde
1379 4283 1608 4339 trahitur
1628 4325 1643 4348 ,
1678 4299 1784 4339 non
1823 4302 1920 4357 po-

336 4377 440 4425 test
466 4372 738 4437 accusari;
764 4372 903 4427 sicut
931 4373 1314 4429 adulteriorum
1352 4374 1548 4430 malum
1577 4374 1720 4431 bono
1759 4386 1918 4431 natu-

335 4462 454 4527 rali,
482 4462 623 4533 quod
650 4463 774 4518 inde
803 4465 1053 4530 nascitur,
1084 4480 1190 4521 non
1216 4474 1389 4535 potest
1413 4466 1654 4523 excusari
1686 4484 1699 4521 :
1737 4485 1757 4519 ι
1786 4483 1923 4538 quo-

336 4554 478 4609 niam
519 4565 706 4610 natura
736 4555 965 4611 humana
1002 4573 1121 4628 qua:
1152 4558 1388 4612 nascitur
1422 4558 1503 4613 vel
1544 4557 1610 4613 de
1638 4557 1915 4629 coniugio,

335 4648 419 4704 vel
441 4648 507 4706 de
533 4648 818 4715 adulterio,
853 4651 945 4705 Dei
976 4666 1113 4720 Opus
1140 4660 1242 4705 est.
1276 4650 1405 4718 Quze
1431 4651 1478 4706 si
1504 4650 1702 4705 malum
1731 4661 1916 4718 esset,

337 4754 441 4794 non
466 4749 607 4795 esset
631 4740 969 4811 generanda;
997 4742 1041 4796 si
1070 4742 1266 4796 malum
1290 4757 1394 4796 non
1424 4740 1665 4807 haberet,
1695 4757 1802 4797 non
1830 4756 1920 4798 es-

335 4839 419 4884 set
444 4831 807 4902 regeneranda
842 4851 856 4887 :
886 4842 1045 4903 atque
1081 4840 1139 4886 ut
1174 4830 1240 4887 ad
1273 4847 1434 4886 unum
1464 4832 1683 4887 verbum
1715 4843 1921 4888 utrum-

335 4937 438 4992 que
462 4924 798 4990 concludam,
826 4935 1013 4980 natura
1046 4925 1274 4979 humana
1301 4923 1344 4978 si
1377 4924 1572 4979 malum
1599 4934 1775 4992 esset,
1808 4926 1919 4981 sal-

334 5013 504 5069 vanda
532 5030 636 5069 non
668 5025 848 5080 esset;
894 5017 938 5069 si
969 5015 1018 5070 el
1062 5017 1183 5071 mali
1225 5014 1355 5070 nihil
1385 5015 1583 5072 inesset
1608 5058 1623 5081 ,
1668 5017 1918 5072 saltando

336 5118 439 5158 non
466 5114 631 5161 esset.
676 5105 775 5173 Qui
812 5122 939 5178 ergo
970 5107 1097 5161 dicit
1124 5122 1241 5162 eam
1272 5107 1467 5161 bonum
1507 5122 1611 5162 non
1639 5122 1758 5165 esse
1778 5148 1792 5171 ,
1827 5107 1914 5162 bo-
1946 5182 1963 5193 _

336 5211 460 5251 num
486 5207 641 5268 negat
670 5199 898 5254 conditre
926 5209 1222 5256 creatorem
1252 5199 1376 5270 :qui
1405 5215 1534 5255 vero
1559 5209 1715 5269 negat
1739 5200 1786 5255 ei
1809 5217 1922 5256 ma-

335 5284 442 5342 lum
472 5288 668 5358 inesse,
700 5288 1101 5345 misericordem
1124 5289 1319 5344 vitiata:
1346 5289 1548 5344 invidet
1571 5290 1916 5346 salvatorem.

334 5374 667 5452 Quapropter
702 5380 756 5436 in
796 5380 1103 5437 hominibus
1151 5381 1494 5437 nascentibus
1536 5397 1707 5453 neque
1752 5398 1919 5437 exeu-

333 5468 496 5525 sanda
538 5480 662 5527 sunt
700 5472 959 5529 adulteria
989 5488 1085 5543 per
1114 5473 1310 5528 bonmn
1339 5473 1481 5543 quod
1523 5474 1647 5530 inde
1671 5474 1916 5528 a'condi-

335 5573 451 5617 tore
474 5554 885 5619 bonocreatum
915 5572 1034 5629 est,
1078 5578 1178 5618 nec
1207 5563 1505 5618 accusanda
1537 5564 1783 5635 conjugia
1825 5580 1919 5634 per

333 5653 531 5707 malum
573 5651 714 5723 quod
757 5651 828 5706 ibi
868 5667 898 5705 ι
943 5653 1287 5708 misericordc
1321 5653 1583 5707 salvatore
1622 5656 1916 5711 sanandum

334 5753 432 5800 est.

398 5877 418 5909 ⁸
448 5879 799 5941 mutauerit.
826 5893 951 5932 ι’ςς..
984 5882 1175 5931 arrinit.

686 5950 959 6027 ι’ᾼτκοῐ..
992 5951 1046 6012 ’Χ
1063 5953 1214 6016 LIV.

1644 409 1847 471 LIBER
1888 406 2262 469 SECUNDUS.

3502 419 3604 476 ξξεί

2038 595 2045 605 ι
2093 523 2318 580 CAPUT
2359 523 2522 581 XXII.
2558 558 2627 567 —-
2654 529 2742 583 δῖ.
2783 550 2799 580 ι
2838 531 3103 596 Ostende,
3146 553 3162 585 ι
3201 534 3397 604 inquit,
3439 551 3456 587 t
3493 539 3607 588 sire

2019 614 2396 671 commixtioue
2424 619 2632 686 nuptias
2671 621 2999 689 corporales.
3042 643 3059 674 ι
3104 621 3220 677 Non
3262 625 3488 680 ostendo
3510 639 3610 695 ego

2018 706 2229 775 nuptias
2267 708 2574 776 corporales
2613 709 2731 767 sine
2765 715 3182 780 eommixtiune;
3224 716 3317 771 sed
3364 732 3464 774 nec
3497 720 3611 788 ipso

2019 796 2251 852 ostendit
2285 799 2525 855 eamdem
2552 802 2993 859 comn'iixtioucm
3021 806 3138 862 sine
3167 807 3501 865 confusione.
3547 811 3603 865 ln

2023 889 2266 958 paradiso
2293 900 2470 946 autem
2510 892 2554 946 si
2593 904 2869 964 peccatum
2908 912 3012 951 non
3052 901 3413 967 przeccssisset
3436 942 3451 967 ,
3499 919 3606 957 nou

2021 989 2164 1034 esset
2184 980 2397 1051 quidem
2425 982 2541 1037 sine
2566 982 2839 1055 utrinSqne
2860 1001 3018 1041 se.an
3042 991 3421 1045 commixtione
3446 1008 3614 1061 gene—

2020 1073 2194 1134 ratio,
2244 1071 2338 1127 sed
2375 1084 2521 1129 esset
2560 1075 2676 1130 sine
2718 1068 3030 1133 confusion‘
3069 1082 3401 1135 commixtio.
3452 1082 3613 1137 lisvet

2022 1162 2216 1232 quippe
2241 1161 2292 1216 in
2321 1164 2565 1219 coeundo
2584 1167 2869 1237 tranquilla
2894 1169 3253 1224 membrorum
3281 1172 3608 1236 oliedientia,

2024 1268 2131 1307 non
2177 1252 2420 1324 pudenda
2452 1257 2629 1313 carnis
2658 1261 3110 1330 concupiscentia.
3159 1262 3390 1320 Proinde
3419 1265 3609 1335 conju-

2025 1348 2167 1418 gium
2199 1348 2393 1404 bonum
2418 1359 2537 1418 est,
2576 1351 2719 1410 unde
2757 1355 3001 1409 ordinate
3039 1358 3331 1411 seminatus
3373 1360 3611 1414 nascitur

2024 1438 2219 1505 homo;
2247 1454 2299 1497 et
2324 1430 2536 1499 fruetus
2571 1446 2800 1517 coniugii
2831 1447 3002 1502 bonus
3027 1491 3043 1512 ,
3085 1449 3226 1519 quod
3255 1459 3337 1505 est
3379 1451 3491 1521 ipse
3520 1453 3611 1522 qui

2026 1530 2095 1586 ita
2141 1534 2374 1589 nascitur
2410 1536 2568 1590 homo
2601 1554 2615 1590 :
2645 1538 2739 1593 sed
2773 1552 3044 1607 peccatum
3089 1541 3284 1595 malum
3326 1551 3409 1597 est
3432 1586 3447 1607 ,
3489 1559 3612 1598 cum

2024 1637 2132 1692 quo
2168 1624 2405 1680 nascitur
2432 1627 2607 1680 omnis
2637 1627 2815 1682 homo.
2851 1629 2990 1683 Dens
3027 1632 3221 1701 quippe
3250 1631 3373 1686 fecit
3401 1641 3451 1687 et
3490 1631 3615 1688 facit

2028 1715 2295 1772 hominem
2330 1734 2345 1771 :
2376 1718 2471 1773 sed
2513 1736 2602 1789 per
2638 1737 2798 1774 unum
2827 1720 3079 1777 hominem
3116 1734 3377 1793 peccatum
3411 1727 3617 1781 intravit

2026 1807 2079 1861 in
2109 1809 2374 1873 mundum,
2400 1819 2449 1864 et
2474 1828 2561 1879 per
2586 1822 2843 1882 peccatum
2875 1831 3043 1881 mors;
3079 1826 3125 1873 et
3153 1816 3224 1870 ita
3250 1818 3300 1871 in
3331 1835 3503 1874 omnes
3524 1819 3615 1873 lio-

2024 1900 2187 1954 mines
2225 1903 2555 1970 pertransiit,
2602 1902 2655 1956 in
2689 1920 2790 1974 quo
2832 1922 3002 1960 omnes
3054 1919 3385 1976 peccaverunt
3435 1910 3614 1980 (Rom.

2024 2005 2093 2053 v,
2127 1990 2237 2057 12).

2097 2080 2323 2137 CAPUT
2362 2074 2550 2138 XXIII.
2583 2116 2655 2124 —
2682 2080 2771 2141 58.
2807 2104 2825 2138 ι
2859 2086 3029 2152 Novo,
3070 2109 3087 2141 ι
3125 2090 3332 2161 inquit,
3371 2113 3391 2146 ε
3422 2109 3617 2163 genere

2025 2171 2329 2227 disserendi
2356 2214 2369 2230 .
2415 2184 2469 2228 et
2500 2175 2816 2232 catholicum
2850 2180 3117 2248 profiteris
3148 2184 3196 2244 ',
3243 2196 3295 2239 et
3324 2185 3617 2241 lllaniclueo

2026 2262 2398 2330 patrocinaris,
2429 2263 2655 2319 dicendo
2687 2267 2896 2337 nuptias
2919 2280 2974 2324 et
3014 2287 3259 2341 magnum
3293 2274 3489 2330 bonum
3517 2318 3530 2338 ,
3563 2288 3619 2330 et

2029 2367 2279 2422 magnum
2326 2353 2545 2408 malum.
2583 2374 2602 2407 ι
2639 2355 2861 2412 Prorsus
2885 2359 3008 2428 quid
3040 2361 3287 2432 loquatur
3310 2407 3325 2429 ,
3371 2365 3575 2435 ignorat
3599 2410 3614 2425 .

2028 2446 2142 2500 sive
2169 2445 2416 2516 ignorare
2444 2463 2502 2502 se
2532 2448 2766 2503 simniat.
2796 2450 2902 2505 Aut
2924 2453 3066 2507 enim
3097 2469 3200 2509 non
3234 2455 3500 2529 intelligit,
3525 2466 3618 2513 ant

2028 2552 2135 2591 non
2168 2538 2280 2591 vult
2310 2538 2532 2608 intelligi
2553 2539 2575 2571 ¹
2602 2540 2728 2611 quid
2764 2539 3025 2597 dicamus.
3054 2543 3160 2600 Sed
3200 2545 3245 2600 si
3285 2563 3389 2601 non
3423 2548 3613 2602 intelli.

2027 2631 2124 2702 git,
2154 2636 2618 2701 prmoccupatione
2649 2634 2936 2705 impeditur
2960 2637 3159 2692 erroris
3191 2657 3205 2692 :
3235 2639 3278 2694 si
3309 2651 3485 2696 autem
3509 2658 3616 2699 non

2026 2724 2139 2778 vult
2178 2724 2303 2793 quid
2342 2724 2581 2780 dicamus
2618 2726 2873 2800 intelligi,
2918 2730 3229 2798 pervicacia:
3271 2733 3455 2787 vitimn
3494 2744 3571 2789 est
3595 2780 3609 2797 ,

2028 2828 2134 2884 quo
2169 2829 2323 2869 suum
2350 2814 2589 2871 defendit
2618 2833 2874 2874 errorem.
2907 2820 2974 2875 Et
2998 2820 3332 2890 Iovinianne,
3363 2825 3450 2896 qni
3484 2842 3609 2896 pan-

2028 2922 2121 2961 cos
2147 2915 2269 2962 ante
2298 2920 2467 2961 annos
2504 2908 2767 2964 novellam
2806 2921 3028 2966 conatus
3067 2925 3149 2967 est
3194 2913 3437 2971 bteresim
3482 2934 3612 2971 emt-

2028 2996 2177 3061 dere,
2201 2996 2506 3052 Manicharis
2531 2999 2851 3070 patrocinari
2879 3000 3089 3056 dicebat
3117 3002 3443 3087 Catliolieos,
3471 3024 3616 3079 quod

2027 3086 2287 3141 adversus
2316 3103 2439 3143 eum
2468 3100 2710 3145 sanctam
2739 3091 3095 3161 virginitatem
3124 3096 3324 3165 nuptiis
3360 3086 3616 3167 prtefcre-

2026 3181 2175 3238 bant.
2215 3182 2319 3237 Sed
2349 3197 2700 3252 responsurus
2729 3193 2811 3239 est
2841 3184 2962 3251 iste,
2996 3200 3101 3241 non
3132 3203 3191 3243 se
3216 3188 3356 3259 quod
3381 3189 3617 3246 Jovinia-

2028 3291 2130 3330 nus
2155 3275 2223 3330 de
2264 3275 2620 3332 indifferentia
2648 3277 2952 3345 nuptiarum
2992 3279 3359 3350 virginumque
3393 3282 3612 3339 sentire.

2025 3363 2137 3420 Nec
2172 3380 2271 3437 ego
2308 3366 2426 3419 dico
2468 3366 2608 3435 quod
2656 3366 2743 3420 isti
2786 3365 2889 3423 hoc
2924 3370 3157 3424 sentiant
3189 3389 3201 3425 :
3246 3382 3618 3430 verumtamen

2028 3471 2122 3526 per
2157 3456 2496 3513 Joviniannm
2534 3457 2825 3514 Catholicis
2871 3459 3191 3516 Manichze'os
3230 3463 3569 3534 objicientem
3595 3509 3611 3533 ,

2028 3564 2132 3601 non
2177 3562 2297 3603 esse
2340 3548 2440 3603 hoc
2485 3565 2678 3603 novum
2705 3591 2721 3615 ,
2762 3552 2883 3603 novi
2926 3550 3162 3608 haeretici
3208 3567 3613 3625 recognoscant.

2026 3639 2135 3694 Nos
2164 3640 2339 3710 itaque
2366 3641 2580 3710 nuptias
2608 3640 2805 3695 bonum
2834 3642 3058 3698 dicimus
3083 3660 3225 3713 eSse,
3256 3664 3361 3701 non
3392 3649 3614 3706 malum.

2025 3730 2133 3786 Sed
2171 3730 2328 3786 sicuti
2359 3733 2536 3786 Ariani
2568 3731 2899 3789 Sabellianos
2927 3752 3023 3789 nos
3068 3751 3189 3794 esse
3225 3739 3577 3796 criminantur
3599 3784 3614 3806 ,

2025 3821 2267 3891 quamvis
2296 3836 2402 3875 non
2431 3821 2671 3878 dicamus
2697 3840 2859 3878 unum
2883 3825 3236 3898 etnndemqne
3255 3844 3377 3885 esse
3403 3830 3614 3887 Patrem

2022 3923 2079 3970 et
2107 3912 2300 3970 Filium
2339 3925 2391 3971 et
2417 3915 2672 3987 Spiritum
2701 3926 2943 3972 sanctum
2969 3961 2982 3979 ,
3028 3920 3169 3989 quod
3212 3919 3503 3977 Sabelliani
3533 3925 3609 3979 di-

2025 4014 2187 4068 cunt;
2235 4006 2328 4061 sed
2373 4007 2613 4062 dicamus
2643 4023 2802 4062 unam
2830 4009 3182 4081 eamdemque
3208 4027 3329 4070 esse
3370 4026 3614 4070 naturam

2026 4096 2199 4152 Patris
2228 4107 2282 4151 et
2321 4097 2437 4153 Filii
2478 4110 2532 4153 et
2560 4099 2790 4169 Spiritus
2815 4102 3023 4167 sancti,
3070 4102 3211 4174 quod
3245 4105 3505 4163 Catholici
3535 4110 3616 4165 di-

2026 4199 2153 4244 cunt
2185 4208 2205 4246 :
2228 4191 2298 4244 ita
2325 4190 2589 4262 Pelagiani
2613 4193 2767 4249 nobis
2787 4193 3105 4251 Maniclwos
3125 4197 3401 4270 objiciunt,
3425 4218 3614 4272 quam-

2028 4281 2107 4334 vis
2150 4296 2256 4335 non
2284 4281 2525 4338 dicamus
2563 4297 2683 4340 esse
2726 4286 2923 4341 malum
2966 4288 3174 4358 nuptias
3198 4331 3215 4352 ,
3252 4292 3395 4362 quod
3433 4294 3618 4350 dicunt

2026 4372 2337 4440 Manichzei;
2370 4374 2463 4429 sed
2488 4374 2728 4431 dicamus
2756 4378 2952 4433 malum
2984 4381 3165 4448 primis
3198 4382 3522 4452 hominibus,
3563 4391 3613 4443 id

2025 4472 2130 4527 est,
2164 4463 2350 4534 primis
2385 4465 2699 4536 conjugibus
2724 4469 2981 4523 accidisse
3012 4470 3065 4537 ³,
3107 4481 3162 4525 et
3193 4474 3315 4530 inde
3344 4476 3394 4531 in
3426 4494 3615 4535 om'res

2029 4553 2274 4607 homines
2298 4556 2674 4623 pertransisse,
2696 4558 2834 4628 quod
2862 4559 3045 4615 dicunt
3075 4562 3355 4620 Catholici.
3379 4566 3483 4622 Sed
3507 4574 3612 4626 sic-

2028 4653 2085 4697 nt
2110 4644 2287 4698 Ariani
2314 4645 2440 4700 dum
2468 4646 2801 4706 Sahellianos
2840 4652 3040 4722 fugiunt
3065 4697 3079 4718 ,
3122 4657 3173 4709 in
3218 4660 3367 4727 pejus
3411 4661 3610 4730 aliquid

2027 4737 2364 4802 inciderunt;
2410 4740 2531 4809 quia
2562 4740 2839 4798 Trinitatis
2877 4746 2990 4798 ausi
3034 4756 3158 4800 sunt
3199 4764 3303 4802 non
3354 4738 3613 4820 personas

2026 4827 2351 4893 discernere,
2374 4829 2466 4883 sed
2491 4840 2707 4885 naturas
2732 4850 2745 4886 :
2771 4832 2842 4887 ita
2864 4833 3123 4903 Pelagiani
3146 4836 3269 4891 dum
3295 4838 3617 4897 Maniclnro-

2027 4936 2142 4973 rum
2172 4928 2374 4991 pestem
2398 4921 2449 4975 in
2478 4936 2789 4992 perversum
2812 4923 2980 4981 vitare
3001 4939 3280 4995 conantur,
3309 4932 3375 4987 de
3403 4938 3615 5003 nuptia-

2026 5026 2144 5066 rum
2194 5009 2366 5066 fructu
2412 5012 2542 5080 ipsis
2570 5011 2875 5069 Manichmis
2908 5017 3298 5074 convincuntur
3345 5022 3581 5091 pernicio

2026 5101 2167 5155 siora
2196 5101 2416 5169 sentire,
2449 5102 2717 5158 credendo
2748 5106 2998 5174 parvulos
3022 5106 3234 5165 Christo
3262 5113 3472 5169 medico
3500 5132 3609 5172 non

2026 5207 2201 5262 egere.

2097 5282 2324 5339 CAPUT
2362 5282 2553 5339 XXIV.
2581 5316 2654 5326 —
2678 5286 2769 5343 39.
2807 5307 2826 5339 ς
2861 5288 3095 5358 Definis,
3137 5312 3155 5343 ι
3201 5293 3403 5365 inquit,
3452 5317 3471 5352 ι
3512 5299 3614 5354 ho.

2028 5375 2248 5438 minem,
2276 5373 2319 5429 si
2350 5374 2416 5429 de
2444 5374 2790 5432 fornicatione
2821 5386 3072 5436 nascatur
3093 5423 3108 5447 ,
3138 5398 3287 5440 reum
3316 5400 3420 5441 non
3450 5402 3569 5445 esse
3594 5406 3609 5452 ;

2027 5464 2070 5518 si
2097 5464 2164 5519 de
2187 5464 2433 5536 conjugio
2456 5506 2472 5532 ,
2507 5465 2843 5525 innocentem
2871 5484 2976 5526 non
3013 5486 3151 5529 esse.
3184 5474 3295 5530 Iluc
3320 5477 3462 5532 enim
3491 5493 3612 5549 per-

2088 5639 2108 5708 ξ
2141 5638 2222 5687 llic
2247 5637 2293 5708 i_n
2314 5638 2459 5690 editis
2474 5639 2679 5708 additur,
2702 5649 2763 5708 te.
2794 5644 2938 5708 Abest
2952 5680 2968 5705 ,
2991 5651 3037 5697 te
3053 5683 3066 5705 ,
3087 5658 3116 5696 ι
3137 5649 3490 5708 manuscripus.

2088 5700 2109 5731 ι
2143 5700 2424 5771 spodium,
2448 5714 2541 5751 non
2571 5700 2673 5754 vult
2696 5700 2978 5771 magna.
3006 5700 3123 5756 Item
3155 5708 3295 5764 infra,
3334 5700 3452 5768 quid
3473 5706 3607 5757 dica-

2026 5771 2133 5822 mus
2153 5759 2435 5822 intelligere.

2092 5821 2113 5888 ξ
2147 5828 2249 5889 Am.
2376 5830 2427 5872 et
2448 5837 2621 5889 omnes
2644 5835 2768 5886 mss,
2791 5824 2972 5877 matrem
2995 5838 3204 5889 prmum
3224 5825 3463 5874 hminum
3502 5837 3603 5887 pn-

2028 5878 2118 5931 mt's
2142 5880 2421 5946 conjugibus
2442 5884 2693 5937 accidisse.

3034 5965 3368 6040 {Quinch
