4144 6516
491 498 646 552 wn“
671 493 811 566 ψηιά
835 490 1038 556 dixisti,
1066 489 1170 543 bo"
1195 499 1262 540 ,ιιι
1289 483 1523 537 naturale
1549 480 1612 533 de
1633 473 1911 532 adulteriis
1935 483 2090 562 posse

509 560 820 650 subsistere,
841 582 1040 638 malum
1062 575 1317 648 originale
1341 575 1500 629 etiam
1523 570 1588 624 de
1609 563 1856 637 conjugio
1879 560 2035 618 trahi.
2063 575 2082 610 ι

513 680 566 734 Ι“ι
583 687 726 733 ιιειη
753 675 970 730 omnino
990 679 1212 728 conatur
1239 665 1378 740 apud
1407 663 1789 732 intelligantur:
1813 657 2086 717 lectorem,

507 785 628 840 qua:
655 776 779 824 sunt
805 773 950 822 recta
981 769 1302 834 pervertere.
1345 755 1496 812 Absit
1533 753 1675 832 enim
1715 757 1774 803 ut
1813 746 2052 800 dicamus
2073 781 2088 807 ,

513 859 806 923 hominem,
829 856 874 912 si
901 855 967 910 de
989 850 1340 908 fornicatione
1358 851 1622 908 nascatur,
1651 854 1799 896 reum
1824 852 1930 891 non
1949 849 2090 890 esse.

506 945 612 1005 Sed
641 948 888 1012 dicimus,
915 945 1204 1007 hominem,
1227 941 1340 996 sive
1365 939 1432 994 de
1452 933 1720 1006 coniugio,
1751 931 1862 986 sive
1889 929 1958 984 de
1987 927 2090 980 ior-

511 1039 773 1095 nizatione
799 1045 1067 1100 nascatur,
1097 1033 1298 1088 bonum
1326 1026 1527 1099 aliquid
1557 1040 1676 1081 esse
1696 1065 1710 1088 ,
1753 1029 1972 1092 propter
2001 1031 2094 1070 au-

516 1141 714 1184 itorem
749 1137 951 1182 natura:
983 1127 1188 1190 Deum;
1219 1123 1417 1177 malum
1453 1115 1650 1188 aliquid
1679 1115 1922 1176 trahere,
1967 1123 2092 1179 pro-

512 1234 627 1292 pter
646 1220 902 1292 originale
923 1227 1218 1290 peccatum.
1244 1213 1398 1286 Quod
1421 1227 1547 1285 ergo
1570 1210 1818 1275 dicimus,
1847 1223 1865 1258 ε
1896 1205 2093 1260 bonum

513 1314 752 1368 naturale
777 1312 937 1368 etiam
967 1310 1034 1366 de
1062 1309 1338 1366 adulteriis
1367 1321 1525 1376 posse
1553 1304 1867 1364 subsistere,
1897 1297 2093 1353 malum

507 1415 686 1460 autem
714 1403 972 1474 originale
1001 1402 1160 1457 etiam
1191 1399 1260 1456 de
1297 1397 1542 1468 coniugio
1581 1393 1746 1457 trahi,
1781 1409 1801 1443 ι
1844 1404 1950 1444 non
1989 1389 2095 1442 huc

499 1488 772 1564 'pcrvenit,
805 1509 910 1564 quo
939 1493 1029 1547 ille
1059 1501 1282 1546 conatur
1309 1488 1596 1550 adducere,
1633 1499 1737 1538 non
1769 1479 1913 1537 nasci
1942 1492 2094 1533 reum

510 1585 580 1642 de
621 1583 899 1640 adulteriis
924 1623 939 1648 ,
982 1597 1082 1637 nec
1125 1582 1460 1636 innocentem
1500 1577 1568 1630 de
1619 1573 1858 1644 nuptiis:
1887 1567 1980 1625 sed
2028 1583 2096 1622 ex

515 1687 744 1747 utroque
772 1689 923 1730 reum
948 1671 1294 1744 generatione
1329 1669 1523 1724 factinn
1549 1708 1564 1731 ,
1594 1673 1812 1736 propter
1834 1659 2096 1732 originale

509 1766 804 1830 delictum;
832 1773 886 1818 et
907 1772 1189 1832 utrumque
1223 1757 1625 1831 regeneratione
1663 1751 2051 1810 absolvendum
2075 1783 2094 1818 ,

515 1865 728 1927 propter
757 1865 958 1909 naturae
986 1854 1204 1908 bonum.

581 1947 808 2004 CAPUT
847 1943 1012 2003 XXV.
1053 1977 1127 1987 —
1164 1945 1250 2000 10.
1289 1963 1307 1998 t
1348 1943 1521 2000 Unum
1567 1959 1629 1998 es
1671 1941 1792 2006 his,
1837 1959 1857 1992 ι
1891 1937 2098 2010 inquit,

518 2063 536 2093 ι
577 2059 756 2098 verum
787 2049 902 2108 est,
942 2041 1170 2096 alterum
1216 2037 1422 2093 falsum.
1463 2057 1482 2090 ι
1530 2036 1663 2090 lluic
1689 2033 1876 2090 eadem
1919 2032 2100 2088 brevi-

523 2147 628 2190 l:=lc
659 2133 957 2206 respondeo
985 2150 1000 2187 :
1033 2133 1143 2188 imo
1169 2139 1452 2200 utrumque
1481 2144 1664 2184 verum
1693 2135 1774 2182 est
1796 2166 1810 2190 ,
1856 2135 2100 2180 neutrum

521 2229 731 2283 falsum.
769 2245 788 2278 ι
825 2225 1018 2281 Verum
1045 2234 1162 2290 est,
1196 2241 1218 2275 ι
1251 2223 1462 2292 inquit,
1497 2240 1515 2273 ι
1553 2220 1692 2290 quod
1719 2219 2101 2276 adulteriorum

519 2321 728 2389 culpam
761 2316 922 2372 homo
958 2315 1046 2385 qui
1096 2314 1219 2369 inde
1259 2313 1530 2376 nascitur,
1572 2325 1678 2365 non
1719 2318 1894 2380 potest
1938 2321 2103 2364 excu-

521 2425 641 2464 sare
672 2427 688 2465 :
716 2408 839 2480 quia
865 2406 1006 2478 quod
1031 2405 1257 2460 adulteri
1289 2405 1546 2464 iecerunt,
1575 2400 1644 2456 ad
1666 2401 1848 2454 vitium
1876 2399 2106 2470 pertinet

524 2499 849 2564 voluntatis;
877 2495 1019 2568 quod
1059 2505 1234 2550 autem
1275 2499 1612 2564 genuerunt,
1643 2489 1709 2544 ad
1739 2487 1948 2544 laudem
1977 2503 2104 2560 spe-

520 2599 627 2644 ctat
656 2586 1034 2644 fecunditatis:
1064 2585 1184 2656 quia
1227 2585 1270 2639 si
1307 2583 1424 2654 quis
1467 2581 1715 2637 furtivum
1757 2579 1985 2635 triticum
2016 2593 2104 2634 se-

529 2691 632 2747 rat,
661 2693 769 2734 non
797 2676 1033 2733 nascitur
1057 2675 1248 2730 messis
1277 2672 1525 2728 obnoxia.
1558 2671 1813 2742 Vitupero
1841 2669 2015 2742 itaque
2037 2708 2058 2737 ,
2079 2683 2101 2723 ι

526 2772 716 2844 inquit,
744 2787 764 2823 ι
802 2769 992 2834 furem,
1020 2767 1114 2824 sed
1137 2767 1294 2822 laudo
1319 2775 1574 2837 segetem.
1610 2763 1950 2820 Innoceutem
1979 2779 2105 2834 pro-

527 2865 716 2918 nuntio
739 2863 829 2935 qui
861 2861 1094 2917 nascitur
1114 2877 1178 2915 ex
1207 2861 1561 2930 generositate
1587 2859 1876 2926 seminum,
1896 2857 2109 2912 dicente

529 2953 784 3026 Apostolo
805 2993 820 3018 ,
850 2951 987 3007 Deus
1014 2951 1092 3004 illi
1118 2951 1204 3004 dat
1233 2967 1418 3020 corpus
1447 2958 1592 3020 prout
1618 2949 1742 3012 vult,
1771 2959 1818 3003 et
1843 2948 2111 3018 unicuique

529 3047 775 3102 seminum
807 3045 1066 3118 praprium
1090 3059 1270 3114 corpus
1290 3060 1308 3094 ι
1333 3042 1376 3112 (1
1391 3041 1508 3096 Cor.
1524 3041 1722 3112 xv,38)
1739 3059 1753 3096 :
1773 3058 1792 3093 ι
1813 3039 2111 3096 condemno

531 3155 656 3196 ποι-ο
685 3139 1034 3209 ﬂagitiosum,
1067 3137 1157 3208 qui
1201 3151 1269 3191 es
1309 3134 1566 3206 propositi
1608 3133 1953 3204 perversitate
1982 3147 2112 3203 pec-

527 3233 684 3286 cavit.
725 3249 743 3282 s
769 3247 776 3256 ‘

600 3317 826 3376 CAPUT
865 3315 1055 3374 XXVI.
1085 3347 1156 3358 —
1181 3315 1271 3371 41.
1303 3315 1383 3370 Ad
1415 3315 1529 3370 hmo
1557 3315 1815 3385 atljungit,
1853 3323 1908 3371 et
1935 3313 2063 3370 dicit
2093 3331 2108 3368 :

545 3431 564 3460 ε
590 3411 824 3466 Prorsus
846 3417 1026 3464 autem
1061 3425 1104 3462 sn
1137 3422 1342 3464 malum
1368 3417 1437 3463 de
1459 3416 1668 3477 nuptiis
1712 3417 1975 3472 tramtur,
2015 3422 2080 3462 ac

541 3500 724 3555 rusari
755 3507 1011 3571 possunt,
1048 3497 1302 3554 excusari
1331 3511 1440 3552 non
1469 3505 1723 3568 possunt;
1750 3505 1804 3551 et
1828 3497 1880 3550 in
1909 3495 2108 3550 diaboli

536 3593 663 3661 jure
687 3607 830 3662 opus
852 3605 1040 3646 earum
1066 3589 1411 3660 fructumque
1429 3589 1724 3645 constituis
1748 3606 1761 3644 :
1786 3588 1914 3660 quia
1931 3587 2106 3642 omnis

541 3697 708 3736 causa
733 3681 884 3744 mali,
909 3695 1107 3752 expers
1129 3681 1256 3737 boni
1279 3688 1383 3734 est.
1409 3679 1580 3735 Homo
1625 3688 1832 3744 autem,
1863 3697 1882 3731 ι
1909 3676 2111 3748 inquit,

547 3791 568 3823 ι
597 3773 690 3840 qui
719 3773 784 3826 de
802 3771 1008 3840 nuptiis
1031 3771 1301 3834 nascitur,
1321 3785 1432 3824 non
1459 3770 1807 3832 criminibus,
1832 3767 1925 3823 sed
1950 3767 2116 3824 semi-

535 3867 687 3919 nibus
723 3873 1029 3936 imputatur.
1058 3863 1332 3918 Seminutn
1364 3878 1490 3918 vero
1525 3879 1688 3920 causa
1728 3863 1784 3919 in
1813 3865 2118 3922 conditione

533 3969 819 4026 corporum
866 3963 952 4009 est
979 3971 992 4006 :
1023 3953 1216 4023 quibus
1253 3953 1563 4021 corporibus
1602 3954 1689 4023 qtti
1739 3955 1876 4009 male
1917 3955 2113 4022 utitur,

536 4047 658 4102 boni
699 4045 945 4100 meritum
970 4086 984 4110 ,
1019 4059 1122 4098 non
1147 4059 1313 4114 genus
1339 4043 1558 4098 sauciat.
1606 4043 1830 4114 Liquido
1861 4045 2018 4116 igitur
2039 4088 2054 4108 ,
2095 4066 2114 4100 ι

539 4141 736 4211 inquit,
771 4157 790 4192 ι
827 4139 1026 4205 claret,
1057 4138 1255 4193 bonum
1287 4139 1302 4170 ¹
1333 4153 1439 4194 non
1483 4155 1602 4195 esse
1631 4156 1844 4196 causam
1873 4141 2018 4196 mali.
2061 4141 2120 4197 Si

536 4249 682 4304 ergo,
726 4251 742 4284 ι
778 4231 981 4300 inquit,
1019 4249 1037 4282 ι
1074 4231 1298 4285 trahitur
1325 4239 1378 4286 et
1405 4229 1474 4286 de
1503 4232 1701 4302 nuptiis
1726 4231 1983 4303 originale
2011 4248 2120 4288 ma-

539 4325 669 4386 lum,
697 4337 854 4378 causa
887 4319 1012 4375 mali
1038 4329 1121 4375 est
1149 4324 1429 4398 conventio
1454 4321 1754 4392 nuptiarum
1781 4339 1794 4376 :
1822 4333 1875 4378 et
1903 4337 2122 4379 necesse

537 4425 621 4472 est
645 4413 840 4470 malum
869 4427 1022 4476 esse,
1061 4428 1160 4484 per
1193 4410 1334 4482 quod
1373 4421 1427 4468 et
1459 4427 1522 4467 ex
1553 4429 1658 4484 quo
1697 4413 1871 4468 malus
1915 4413 2122 4468 fructus

539 4506 818 4578 apparuit,
849 4503 1056 4560 dicente
1083 4503 1310 4559 Domino
1337 4503 1388 4558 in
1415 4504 1734 4575 Evangelio,
1769 4504 1850 4560 Ea:
1877 4506 2122 4576 fructibus

540 4599 1132 4670 suisarboragnoscilun
1158 4595 1604 4670 (Hatth.vn,tG).
1628 4614 1647 4648 ι
1670 4595 1948 4664 Quomodo
1983 4617 2001 4650 ι
2037 4598 2122 4652 in-

541 4692 688 4762 quit,
729 4709 748 4742 c
785 4697 839 4745 tu
864 4688 1158 4744 audiendus
1185 4687 1388 4758 putaris
1413 4728 1429 4754 ,
1472 4689 1561 4757 qui
1601 4687 1733 4742 dicis
1763 4687 1960 4742 bonum
1997 4704 2123 4746 esse

541 4782 842 4852 coniugium
867 4823 880 4847 ,
912 4779 978 4833 de
1021 4793 1126 4848 quo
1165 4777 1294 4832 nihil
1331 4776 1470 4832 aliud
1499 4793 1656 4847 quam
1684 4777 1880 4834 malum
1909 4779 2122 4848 prodire

543 4871 780 4931 delinis‘i
808 4871 1028 4927 Cons-tat
1065 4871 1222 4941 igitur
1247 4884 1336 4924 rea
1367 4871 1387 4901 '
1415 4883 1534 4924 esse
1560 4869 1831 4940 coniugia,
1865 4871 1908 4924 si
1937 4885 2125 4941 pecca-

545 4977 658 5022 tum
688 4964 812 5019 inde
835 4963 1095 5034 originale
1119 4961 1430 5026 deducitur;
1459 4975 1556 5015 nec
1577 4976 1732 5032 posse
1756 4961 1991 5032 defendi,
2021 4963 2124 5019 nisi

547 5059 747 5114 fructus
775 5069 960 5110 eorum
991 5055 1245 5109 innocens
1270 5053 1612 5123 approbetur.
1643 5054 2006 5111 Defenduntur
2029 5073 2126 5113 au-

543 5159 650 5206 tem
672 5189 688 5216 ,
724 5155 778 5201 et
807 5147 941 5200 bona
971 5137 1382 5217 pronuntiantur
1413 5161 1426 5198 :
1461 5143 1660 5200 fructus
1689 5161 1816 5217 ergo
1857 5149 2122 5218 approba-

541 5251 630 5295 tur
657 5241 934 5294 innocuus.
970 5255 990 5289 ι

615 5327 706 5386 Ω.
738 5327 817 5383 Ad
846 5327 960 5383 lucc
987 5341 1358 5398 responsurus,
1381 5326 1525 5396 prius
1553 5327 1674 5382 Volo
1705 5341 1824 5384 esse
1863 5328 2122 5386 intentum

548 5423 800 5478 lectorem
823 5461 839 5486 ,
872 5419 1001 5474 nihil
1031 5435 1190 5490 agere
1230 5419 1389 5496 istos,
1421 5420 1519 5473 nisi
1566 5429 1624 5473 ut
1664 5421 1892 5476 salvator
1920 5437 2026 5476 non
2054 5424 2124 5478 sit

549 5512 780 5578 parvulis
811 5510 1139 5566 necessarius
1162 5550 1178 5574 ,
1209 5524 1343 5580 quos
1383 5519 1597 5578 peccata
1635 5525 1849 5580 prorsus
1875 5527 1904 5566 a
1933 5512 2125 5584 quibus

610 5669 628 5697 ι
660 5665 828 5716 Plures
851 5673 984 5720 Mss,
1013 5663 1198 5713 bonam.

609 5729 628 5761 ι
645 5730 731 5795 _sic
749 5726 1064 5795 mantuscrip'ti
1079 5758 1094 5782 ,
1133 5726 1208 5775 hic
1234 5731 1283 5774 ct
1321 5723 1370 5795 in
1395 5723 1522 5775 libro
1541 5727 1712 5789 quinto
1731 5730 1902 5790 Operis
1947 5737 2128 5795 imper.

545 5791 656 5840 lenti
674 5824 690 5850 ,
712 5801 815 5850 esp.
850 5789 926 5837 23.
951 5785 1068 5836 t-‘diti
1093 5799 1228 5847 vero,
1253 5785 1400 5836 mola.

1321 369 1405 424 DE
1443 358 1712 422 NUPTHS
1749 359 1837 414 ET
1875 351 2477 422 CUNCUPISCENT‘IA,
2517 353 2574 412 S.
2617 343 2976 412 AUGUSTINI

3677 339 3782 402 tuo

2201 464 2476 524 solventur
2519 479 2710 540 negant
2759 469 2975 524 habere.
3007 467 3131 524 Haec
3169 474 3312 522 tanta
3357 467 3678 538 perversitas
3719 477 3783 523 ἐι

2201 559 2360 615 tan'L'e
2397 560 2610 616 inimica
2651 561 2834 631 gratius
2867 561 2985 628 Dei,
3029 575 3152 634 quae
3193 560 3314 616 data
3357 569 3440 616 est
3480 573 3574 632 per
3601 561 3780 617 Iesum

2197 651 2466 706 Christum
2501 653 2784 710 Dominum
2813 663 3083 722 nostrum,
3131 655 3220 725 qui
3259 655 3404 709 venit
3445 657 3684 726 quazrere
3719 665 3788 711 et

2197 743 2403 800 salvare
2446 743 2586 814 quod
2631 744 2862 816 perierat
2887 744 3051 817 (Luc.
3085 762 3172 800 ius
3199 787 3214 812 ,
3249 743 3353 818 10)
3378 787 3394 812 ,
3427 746 3696 801 insinuare
3725 753 3786 802 se

2200 838 2384 892 nititur
2410 839 2661 894 cordibus
2697 854 2883 908 parum
2905 839 3306 910 intelligentiam
3327 881 3340 904 ,
3379 838 3534 894 laude
3559 847 3782 910 cperunt

2197 929 2496 985 divinarum
2521 973 2535 996 ,
2567 930 2670 986 hoc
2696 939 2813 996 est,
2855 923 3022 986 laude
3061 942 3264 986 natura:
3307 930 3584 996 humanas,
3629 931 3786 986 laude

2199 1019 2458 1088 seminis,
2503 1021 2664 1078 laude
2719 1022 3056 1094 nuptiarum,
3107 1022 3264 1077 laude
3307 1021 3582 1092 utriusque
3623 1037 3785 1076 sexus

2199 1113 2625 1182 commixtionis,
2669 1114 2825 1170 laude
2863 1113 3242 1170 fecdnditatis:
3286 1129 3402 1184 quae
3442 1113 3615 1168 omnia
3646 1114 3786 1168 bona

2199 1213 2344 1260 sunt.
2392 1199 2532 1262 Nolo
2577 1206 2720 1261 enim
2765 1205 2979 1272 dicere,
3012 1205 3165 1262 laude
3203 1205 3438 1262 libidinis
3476 1205 3640 1277 :quia
3665 1217 3784 1260 eam

2199 1305 2257 1354 et
2293 1297 2406 1368 ipse
2430 1298 2707 1354 nominare
2745 1297 3122 1364 confunditur,
3153 1305 3211 1352 ut
3233 1293 3374 1353 aliud
3400 1295 3631 1366 aliquid,
3675 1309 3786 1351 non

2203 1389 2370 1461 ipsam
2401 1432 2416 1456 ,
2449 1389 2664 1446 laudare
2695 1389 2958 1446 videatur.
2989 1392 3068 1446 Ac
3107 1406 3198 1460 per
3228 1389 3328 1445 hoc
3369 1391 3506 1444 mala
3537 1406 3660 1460 quae
3693 1405 3786 1444 ac-

2201 1481 2447 1538 ciderunt
2475 1489 2677 1540 natura:
2699 1525 2716 1552 ,
2747 1499 2853 1539 non
2883 1483 3238 1540 discernenda
3261 1483 3329 1538 ab
3358 1483 3521 1555 ipsius
3553 1483 3790 1537 bonitate

2203 1587 2406 1634 natura
2430 1619 2446 1644 ,
2479 1592 2584 1632 non
2609 1593 2726 1632 eam
2754 1576 2915 1648 (quia
2945 1576 3134 1631 falsum
3163 1573 3287 1648 est)
3319 1575 3553 1631 ostendit
3579 1589 3788 1638 sanam,

2203 1667 2296 1724 sed
2321 1667 2497 1722 sanari
2523 1682 2627 1722 non
2655 1667 2913 1738 permittit
2935 1675 3212 1738 aegrotam.
3243 1667 3308 1720 lit
3337 1663 3457 1722 ideo
3488 1663 3617 1719 illud
3644 1655 3788 1734 quoii

2203 1757 2470 1828 diximus,
2511 1761 2650 1831 quod
2686 1779 2706 1814 ι
2737 1760 3118 1824 adulteriorum
3147 1759 3380 1829 culpam,
3409 1758 3607 1814 bonum
3644 1755 3786 1828 quod

2204 1851 2330 1908 inde
2369 1852 2644 1921 nascitur,
2681 1871 2700 1905 ι
2745 1853 2796 1908 id
2839 1861 2952 1920 est,
2983 1871 3002 1906 ι
3037 1852 3198 1908 homo
3225 1831 3330 1906 non
3361 1861 3534 1922 potest
3561 1863 3790 1906 excusa-

2203 1959 2265 2000 re
2285 1983 2302 2012 ,
2339 1961 2360 1996 ι
2385 1958 2572 2000 verum
2597 1958 2716 2000 esse
2755 1943 3038 2000 concedit:
3065 1954 3114 1999 et
3148 1946 3249 1998 hoc
3269 1985 3286 2010 ,
3318 1943 3460 1998 unde
3483 1943 3626 1997 nulla
3653 1942 3792 1997 inter

2205 2051 2306 2091 nos
2347 2036 2572 2108 qumstio
2608 2044 2728 2102 est,
2779 2037 2938 2092 etiam
2981 2033 3328 2092 similitudine
3365 2033 3496 2088 furis
3537 2029 3790 2088 furtivum

2208 2127 2439 2182 triticum
2471 2128 2816 2190 seminantis,
2849 2127 2916 2182 de
2943 2143 3048 2198 quo
3074 2115 3211 2182 bo'na
3254 2126 3434 2196 utique
3463 2125 3653 2180 messis
3697 2139 3790 2177 na-

2207 2219 2391 2286 scitur,
2423 2220 2614 2274 astruit
2651 2229 2706 2274 ct
2733 2219 3014 2274 conlirmat
3040 2227 3094 2272 ut
3123 2228 3318 2290 potest.
3353 2215 3483 2272 Illud
3505 2225 3683 2270 autem
3713 2215 3792 2270 al—

2209 2319 2380 2365 terum
2406 2310 2546 2382 quod
2586 2310 2816 2365 diximus
2840 2351 2854 2374 ,
2891 2328 2909 2362 ι
2944 2309 3252 2380 Nuptiarum
3277 2309 3475 2365 bonum
3501 2305 3642 2362 malo
3679 2307 3791 2362 ori-

2205 2401 2366 2472 ginali
2391 2441 2408 2468 ,
2436 2400 2578 2472 quod
2625 2400 2745 2456 inde
2777 2399 3042 2466 trahitur,
3087 2415 3190 2456 non
3235 2393 3409 2470 potest
3449 2397 3726 2462 accusari,
3765 2415 3788 2448 ι

2213 2509 2316 2547 non
2347 2494 2461 2548 vult
2489 2495 2791 2549 consentire
2818 2492 2958 2564 quod
2989 2507 3173 2548 verum
3201 2491 3271 2546 sit
3302 2508 3316 2546 :
3346 2491 3468 2560 quia
3493 2490 3538 2544 si
3567 2503 3794 2544 censen.

2211 2584 2374 2648 serit,
2423 2599 2526 2638 non
2573 2583 2886 2656 Pclagiauus
2944 2583 3264 2648 hrereticus,
3319 2581 3414 2638 sed
3461 2577 3796 2636 Christianus

2209 2676 2502 2732 catholicus
2541 2676 2661 2731 erit.
2702 2697 2720 2729 ‹
2753 2677 3011 2742 Prorsus,
3049 2695 3070 2728 ι
3102 2675 3308 2746 inquit,
3358 2693 3378 2728 ι
3414 2675 3459 2728 si
3489 2673 3684 2728 malum
3727 2671 3796 2726 de

2213 2769 2410 2838 nuptiis
2440 2769 2684 2834 trahitur,
2717 2769 2952 2824 accusari
2982 2783 3078 2839 pos
3107 2777 3222 2834 unt,
3255 2767 3496 2823 excusari
3529 2781 3636 2821 non
3665 2779 3794 2836 pos-

2212 2872 2334 2917 sunt
2363 2879 2377 2926 ;
2410 2874 2463 2918 et
2491 2862 2542 2917 in
2573 2861 2768 2918 diaboli
2789 2861 2908 2932 jure
2930 2876 3064 2933 opus
3091 2876 3272 2916 carum
3305 2859 3640 2930 fructumque
3663 2874 3796 2912 cono

2213 2953 2388 3008 stitttis
2434 2969 2448 3005 ε
2481 2953 2600 3024 quia
2631 2954 2806 3007 omnis
2835 2969 2992 3007 cansa
3035 2951 3189 3018 mali,
3229 2966 3429 3022 expers
3471 2949 3592 3005 boni
3629 2958 3730 3004 est.
3771 2967 3792 3002 ο

2215 3044 2280 3098 Et
2309 3043 2374 3098 ad
2405 3045 2505 3098 hoc
2529 3053 2719 3098 cmtera
2748 3045 2931 3098 attmit
2953 3085 2966 3108 ,
3000 3053 3054 3097 ut
3084 3044 3271 3112 probet
3301 3058 3514 3098 causam
3547 3043 3666 3096 mali
3703 3043 3798 3096 bo-

2217 3150 2341 3188 num
2373 3149 2493 3190 esse
2524 3149 2628 3189 non
2663 3149 2818 3204 posse
2849 3135 2862 3166 '
2899 3151 2912 3200 ;
2943 3143 2994 3190 et
3027 3134 3146 3188 ideo
3172 3135 3408 3203 nuptias,
3440 3133 3560 3202 quia
3599 3133 3797 3187 bonum

2217 3236 2361 3292 sunt,
2393 3243 2607 3282 causam
2639 3227 2763 3281 mali
2789 3243 2891 3280 non
2920 3241 3039 3282 esse
3069 3241 3086 3291 ;
3115 3241 3174 3280 ac
3201 3241 3294 3296 per
3327 3226 3426 3280 hoc
3454 3225 3521 3280 de
3547 3225 3647 3280 illis
3673 3239 3801 3294 pec-

2217 3329 2450 3376 catorem
2471 3360 2486 3384 ,
2535 3319 2622 3390 qui
2675 3319 3032 3374 necessarium
3065 3317 3254 3373 habeat
3284 3317 3620 3378 salvatorem,
3655 3314 3800 3370 nasci

2219 3412 2437 3466 oniuino
2477 3427 2582 3465 non
2613 3426 2770 3482 posse
2798 3428 2811 3466 :
2845 3411 2994 3480 quasi
3043 3425 3140 3464 nos
3171 3408 3380 3479 nuptias
3407 3423 3620 3464 causam
3651 3408 3798 3462 dieuo

2219 3519 2338 3560 mus
2364 3517 2483 3559 esse
2527 3503 2726 3574 peccati
2756 3519 2770 3568 ;
2801 3502 3041 3573 quamvis
3073 3501 3232 3556 homo
3262 3501 3350 3571 qui
3379 3515 3442 3556 ex
3479 3500 3583 3556 illis
3623 3497 3799 3554 nasci-

2222 3605 2326 3660 tur,
2382 3609 2488 3650 non
2537 3599 2786 3650 nascatur
2833 3596 2950 3656 sine
3000 3603 3236 3664 peccato.
3293 3593 3499 3663 Nuptiae
3547 3593 3802 3648 instituta:

2219 3693 2344 3739 sunt
2385 3699 2544 3740 causa
2573 3685 2900 3756 generandi,
2944 3701 3047 3740 non
3077 3685 3369 3756 peccandi:
3398 3692 3618 3756 propter
3661 3684 3802 3754 quod

2224 3777 2310 3830 illa
2340 3785 2421 3832 est
2454 3792 2483 3830 a
2517 3778 2742 3833 Domino
2775 3777 3074 3832 benedictio
3101 3779 3438 3848 nuptiarum,
3471 3776 3716 3842 Crescite,
3757 3787 3805 3830 et

2223 3867 2645 3938 multiplicamini,
2675 3879 2722 3922 et
2755 3868 2944 3938 replete
2971 3879 3155 3922 terram
3186 3872 3204 3938 (
3227 3868 3354 3928 Gen.
3383 3884 3422 3934 I,
3449 3867 3519 3923 28
3537 3873 3582 3940 ).
3615 3869 3806 3923 Pecca-

2225 3967 2333 4010 tuin
2373 3968 2550 4014 autem
2581 3957 2721 4029 quod
2751 3959 2873 4013 inde
2903 3974 2934 4012 a
2963 3959 3300 4014 nascentibus
3331 3959 3578 4024 trahitur,
3607 3975 3714 4014 non
3739 3958 3803 4013 ad

2226 4050 2436 4120 nuptias
2458 4051 2722 4120 pertinet,
2751 4051 2844 4106 sed
2875 4051 2942 4104 ad
2971 4051 3166 4106 malum
3193 4051 3334 4123 quod
3360 4053 3552 4108 accidit
3579 4051 3808 4107 homini-

2203 4141 2343 4224 .bus,
2386 4157 2608 4212 quorum
2640 4143 3016 4213 conjunctione
3041 4153 3165 4198 sunt
3191 4147 3407 4215 nuptiae.
3435 4145 3568 4200 Nam
3609 4147 3808 4202 malum

2226 4229 2486 4302 pudende
2527 4233 2760 4288 libidinis
2789 4243 2842 4288 ct
2871 4243 3046 4303 potest
3071 4249 3189 4290 esse
3217 4235 3334 4292 sine
3375 4238 3594 4306 nuptiis,
3623 4247 3678 4294 et
3707 4254 3806 4309 po-

2227 4330 2441 4378 tuerunt
2466 4338 2586 4379 esse
2611 4325 2806 4394 nuptis:
2834 4326 2950 4381 sine
2983 4327 3072 4382 illo
3105 4345 3118 4382 :
3149 4326 3217 4381 ad
3244 4327 3602 4384 conditionem
3629 4340 3809 4386 autem

2227 4413 2460 4484 pertinet
2489 4416 2758 4484 corporis,
2793 4433 2895 4470 non
2923 4419 3044 4472 vine
3071 4417 3210 4473 illius
3229 4461 3246 4486 ,
3269 4419 3364 4474 sed
3393 4421 3582 4476 mortis
3619 4421 3808 4491 hujus,

2229 4513 2286 4558 ut
2307 4519 2446 4559 nunc
2467 4521 2572 4559 non
2600 4507 2803 4575 pOSsint
2827 4522 2948 4562 esse
2973 4507 3171 4578 nuptiae
3195 4511 3312 4565 sine
3331 4511 3443 4578 illo,
3467 4514 3710 4581 quamvis
3733 4513 3812 4583 ip-

2228 4609 2343 4650 sum
2387 4595 2553 4666 possit
2581 4611 2700 4652 esse
2719 4598 2838 4654 sine
2863 4599 2988 4654 illis.
3011 4599 3142 4654 Nam
3163 4599 3344 4671 utique
3363 4600 3479 4658 sine
3505 4603 3702 4672 nuptiis
3727 4615 3809 4658 est

2230 4685 2474 4756 pudenda
2513 4689 2688 4742 carnis
2716 4689 3144 4759 concupiscentia
3169 4731 3184 4756 ,
3224 4692 3437 4762 quando
3463 4693 3720 4750 adulteria
3758 4703 3812 4749 et

2229 4791 2452 4845 quaeque
2468 4785 2651 4848 stupra
2680 4787 2837 4849 atque
2864 4780 3134 4836 immunda
3163 4781 3470 4846 committit,
3497 4783 3653 4856 longe
3681 4800 3810 4842 con-

2233 4868 2390 4920 traria
2435 4868 2702 4938 pudicitia:
2745 4871 3090 4940 nuptiarum;
3133 4881 3226 4928 aut
3247 4873 3474 4946 quando
3521 4875 3668 4932 nulla
3713 4876 3810 4932 ista

2231 4959 2535 5021 committit,
2567 4960 2690 5030 quia
2717 4959 2878 5016 homo
2905 4963 3048 5017 nulla
3074 4966 3430 5021 consensione
3458 4967 3732 5036 permittit,
3759 4977 3813 5023 et

2234 5059 2408 5104 tamen
2439 5051 2608 5122 surgit
2650 5061 2703 5106 et
2733 5061 2982 5108 movetur
3006 5063 3060 5108 et
3085 5063 3308 5122 movet,
3335 5065 3390 5110 et
3420 5055 3728 5127 plerumque
3757 5059 3812 5113 iu

2233 5141 2436 5196 somnis
2461 5141 2526 5195 ad
2569 5141 2731 5210 ipsius
2757 5145 2934 5212 operis
2961 5144 3359 5201 similitudinem
3389 5155 3444 5202 et
3471 5163 3582 5202 sua:
3625 5149 3816 5204 motio—

2233 5231 2318 5287 nis
2343 5233 2580 5304 pervenit
2609 5233 2785 5288 linem.
2827 5233 2939 5290 Hoc
2965 5250 3095 5308 ergo
3128 5237 3324 5292 malum
3351 5253 3450 5293 nec
3475 5239 3528 5293 in
3568 5238 3696 5308 ipsis
3722 5253 3816 5292 nuo

2236 5325 2356 5392 ptiis
2381 5325 2576 5380 malum
2613 5335 2696 5379 est
2736 5328 3034 5396 nuptiarum
3067 5347 3082 5384 :
3112 5329 3208 5385 sed
3241 5329 3438 5386 habent
3463 5331 3594 5386 illud
3621 5331 3672 5386 in
3699 5345 3806 5386 cor.

2235 5431 2363 5486 pore
2387 5419 2574 5472 mortis
2600 5415 2756 5488 hujus
2784 5431 3024 5488 paratum
3041 5463 3058 5487 ,
3089 5423 3296 5480 etiamsi
3327 5424 3512 5480 nolunt
3533 5465 3552 5491 ,
3575 5426 3690 5480 sine
3713 5440 3814 5494 quo

2237 5525 2340 5562 non
2364 5519 2584 5578 possunt
2609 5511 2828 5584 implere
2847 5513 2986 5582 quod
3009 5514 3213 5570 volunt.
3237 5515 3350 5571 Non
3370 5516 3529 5586 igitur
3547 5516 3614 5571 ab
3635 5532 3814 5572 earum

2237 5599 2584 5667 institutione,
2608 5619 2727 5675 quin
2745 5604 3021 5660 benedicta
3049 5617 3126 5662 est
3149 5651 3166 5674 ,
3197 5607 3264 5662 ad
3289 5623 3382 5664 cas
3405 5610 3552 5664 venit
3585 5627 3598 5662 :
3631 5627 3724 5665 seu
3751 5611 3816 5664 ab

2237 5735 2453 5856 pausat.
2478 5741 2552 5783 Er.
2581 5743 2627 5784 et
2649 5734 2871 5798 plerique
2897 5743 3028 5798 Mss,
3044 5749 3242 5788 causam
3263 5735 3380 5791 mali
3409 5735 3584 5798 bonum
3607 5753 3709 5792 esse
3731 5752 3816 5792 non
