4144 6518
368 340 462 427 isi

360 495 424 536 eo
447 478 586 550 quod
612 463 675 535 cx
708 464 813 536 uno
839 463 1052 535 homine
1081 468 1339 553 peccatum
1367 481 1569 556 intravit
1587 483 1638 538 in
1663 488 1933 544 mundum.

360 583 402 626 et
424 589 513 640 per
538 582 797 645 peccatum
825 587 977 636 mors,
1002 584 1047 627 et
1071 574 1140 628 ita
1161 574 1213 628 in
1232 589 1406 631 omnes
1430 574 1656 631 homines
1676 584 1943 646 pertranb‘

358 665 433 729 iit,
461 663 511 718 in
544 680 643 732 quo
672 680 843 719 omnes
865 654 1213 735 peccaverunt.
1792 728 1795 731 _

368 820 375 840 ι
428 754 518 811 43.
558 754 698 822 Quid
722 763 806 811 est
828 771 956 828 ergo
983 756 1123 826 quod
1152 756 1246 839 ait,
1275 775 1295 809 ε
1330 754 1683 840 Emit-actibus
1718 760 1824 815 suis
1849 777 1940 815 στος

358 834 447 903 δον
470 847 783 919 agnoscitur,
813 865 834 900 ι
861 847 982 919 quia
1005 847 1107 904 hoc
1141 849 1193 903 in
1222 834 1511 921 Evangelia
1539 851 1738 908 dixisse
1761 852 1939 908 Domi-

358 943 480 995 itum
511 939 769 1010 legimus?
819 938 1084 1011 Numquid
1128 940 1250 996 inde
1294 941 1552 997 Dominus
1601 929 1938 1014 loquebatur,

360 1043 409 1087 et
436 1046 542 1087 non
570 1031 747 1101 potius
768 1030 836 1086 de
860 1030 1065 1087 duabus
1087 1032 1450 1108 voluntatibus
1477 1033 1775 1102 hominum,
1799 1034 1938 1091 bona

364 1123 558 1195 scilicet
580 1134 634 1179 et
663 1124 824 1189 mala,
854 1125 1010 1180 istam
1050 1120 1269 1189 bonam,
1298 1126 1443 1181 illam
1469 1127 1664 1183 malam
1690 1129 1938 1185 arborem

363 1215 573 1281 dicens;
596 1215 717 1287 quia
763 1215 831 1271 de
871 1216 1009 1293 bona
1054 1198 1329 1275 veluntate
1350 1233 1514 1292 Opera
1542 1219 1680 1275 bona
1709 1234 1941 1293 nascun:

363 1311 467 1368 tur,
492 1311 549 1360 et
582 1303 718 1358 mala
746 1302 814 1379 de
832 1304 967 1358 mala
992 1343 1009 1370 ,
1045 1318 1144 1359 nec
1169 1311 1390 1373 possunt
1416 1303 1553 1359 bona
1593 1303 1659 1359 de
1686 1304 1822 1359 mala
1845 1346 1861 1368 ,
1890 1310 1947 1359 et

366 1392 499 1449 inala
520 1392 589 1451 de
606 1382 743 1450 bona
772 1384 968 1462 YQuod
992 1386 1035 1450 si
1066 1381 1277 1465 nuptias
1297 1404 1546 1466 tanquam
1577 1384 1822 1451 arborem
1846 1382 1943 1451 bo-

365 1487 485 1541 nam
503 1526 521 1551 ,
551 1482 844 1541 secundum
874 1477 1028 1541 istam
1054 1474 1216 1557 quam
1242 1482 1681 1542 commemoravit
1709 1483 1941 1557 evange-

365 1578 515 1636 licum
536 1579 936 1637 similitudinem
963 1574 1298 1651 posuerimus
1319 1597 1336 1646 ;
1364 1566 1601 1652 p'roiecto
1621 1582 1652 1638 ε
1674 1571 1943 1637 contrario

365 1670 760 1727 fornicationem
784 1661 1002 1742 posituri
1028 1676 1214 1727 sumus
1239 1671 1486 1727 arborem
1507 1670 1721 1727 malam.
1741 1670 1941 1738 Quam;

363 1763 543 1817 nhrem
588 1763 631 1818 si
663 1758 824 1817 homo
856 1761 925 1817 ita
971 1761 1165 1818 dicitur
1204 1758 1409 1835 fruetus
1455 1762 1790 1833 nuptiarum,
1820 1756 1939 1816 tan-

361 1870 518 1925 quam
541 1854 713 1910 bonus
738 1871 800 1910 ex
825 1850 1017 1910 arbore
1037 1851 1197 1920 bona,
1221 1854 1404 1923 procul
1429 1848 1591 1909 dubio
1615 1846 1759 1909 nasci
1782 1854 1944 1909 homo

360 1946 428 2002 de
454 1944 802 2002 fornicatione
829 1950 935 2001 non
966 1944 1166 2000 debuit.
1197 1938 1333 2001 Mala
1363 1942 1556 2015 quippe
1583 1944 1748 1999 arbor
1772 1942 1940 1999 bonos

361 2041 560 2095 fructus
596 2054 702 2097 non
734 2038 856 2094 facit
898 2028 1119 2112 (Matth.
1145 2038 1239 2104 vn,
1283 2036 1405 2107 18).
1444 2031 1611 2092 Porro
1637 2034 1683 2092 si
1711 2034 1937 2099 dixerit.

360 2149 463 2188 non
490 2134 596 2189 illic
627 2132 834 2187 arboris
865 2130 983 2187 loco
1018 2122 1317 2200 ponendum
1338 2144 1459 2186 esse
1478 2128 1818 2193 adulterium,
1843 2121 1938 2183 sed

360 2232 598 2278 naturam
631 2220 804 2291 potius
846 2220 1164 2285 humanam,
1208 2208 1277 2274 de
1319 2222 1422 2290 qua
1468 2218 1702 2275 nascitur
1731 2206 1936 2272 homo:

360 2314 427 2368 ita
454 2313 614 2370 etiam
644 2312 731 2368 hic
760 2328 866 2368 non
894 2312 996 2369 erit
1021 2312 1181 2368 arbor
1206 2306 1533 2366 connubium
1555 2351 1571 2377 ,
1609 2307 1704 2365 sed
1746 2308 1936 2364 natura

360 2408 583 2462 humana
602 2449 617 2472 ,
648 2406 715 2462 de
743 2422 845 2477 qua
876 2403 1110 2460 nascitur
1136 2404 1319 2459 homo.
1366 2390 1508 2457 Nihil
1552 2400 1772 2472 proinde
1799 2400 1939 2455 valet

356 2498 421 2554 ad
453 2500 605 2555 istam
632 2498 974 2569 quaestionem
1005 2492 1289 2552 similitudo
1316 2492 1403 2549 illa
1427 2493 1730 2565 evangelica
1766 2510 1780 2548 :
1814 2493 1935 2563 quia

357 2608 463 2648 non
492 2600 617 2649 sunt
656 2592 850 2661 nuptiae
882 2605 1040 2647 causa
1072 2588 1272 2660 peccati
1297 2629 1313 2654 ,
1342 2587 1487 2658 quod
1529 2585 1756 2642 trahitur
1788 2601 1816 2639 a
1845 2600 1939 2640 nai-

353 2692 569 2750 sccnte,
597 2693 648 2740 et
680 2682 932 2754 expiatur
974 2681 1026 2736 in
1073 2687 1386 2735 renascentc
1418 2694 1434 2744 ;
1463 2677 1557 2733 sed
1577 2675 1935 2741 volitntarinm

354 2787 627 2845 peceatum
652 2772 882 2829 hominis
902 2769 1087 2842 primi,
1116 2771 1389 2841 originalis
1413 2778 1494 2824 est
1518 2783 1678 2824 causa
1710 2765 1932 2837 peccati.

355 2883 380 2916 1
428 2864 568 2920 Dicis
596 2864 810 2929 iterum,
848 2881 867 2916 ι
900 2862 1091 2933 inquit,
1129 2880 1150 2914 σ
1185 2861 1314 2916 Nam
1340 2859 1477 2915 sicut
1501 2866 1794 2928 peccatum,
1822 2856 1938 2914 sive

352 2955 507 3021 hinc,
535 2956 647 3012 sive
672 2955 793 3010 inde
817 2969 848 3009 a
878 2954 1111 3025 parvulis
1133 2952 1391 3016 trahatur,
1422 2966 1555 3021 opus
1584 2959 1666 3006 est
1695 2950 1889 3006 diaboli
1914 2964 1933 3005 :

352 3048 432 3102 sic
478 3047 637 3101 homo
662 3088 679 3112 ,
708 3046 823 3102 sive
847 3045 972 3127 hinc
996 3088 1011 3112 ,
1040 3045 1151 3100 sive
1198 3043 1321 3100 inde
1364 3051 1611 3099 nascatur
1629 3085 1645 3110 ,
1674 3057 1811 3113 opus
1851 3049 1936 3099 est

353 3135 468 3195 Dei.
505 3158 524 3191 ι
553 3139 618 3194 Et
637 3138 748 3193 dixi
778 3137 907 3204 hoc,
934 3145 988 3192 et
1015 3136 1289 3192 verissime
1318 3135 1425 3190 divi
1452 3152 1465 3188 :
1488 3142 1541 3189 et
1569 3136 1613 3190 si
1642 3150 1747 3189 non
1771 3133 1934 3190 Pela-

350 3232 581 3296 gianos,
627 3230 720 3286 sed
759 3228 1061 3286 Catholicus
1099 3237 1280 3295 esset,
1322 3227 1453 3284 nihil
1482 3227 1620 3283 aliud
1660 3236 1713 3285 et
1744 3227 1930 3299 ipsein

349 3323 622 3379 Catholica
651 3322 853 3377 diceret
884 3322 924 3375 ⁸.

423 3412 653 3470 CAPUT
691 3411 905 3468 XXVII.
924 3442 994 3453 —
1017 3411 1105 3467 μ.
1147 3411 1281 3481 Quid
1310 3422 1388 3467 cst
1418 3427 1546 3482 ergo
1573 3410 1712 3481 quod
1742 3408 1933 3482 qumrit

359 3520 386 3557 a
415 3504 567 3559 nobis
589 3546 605 3570 ,
640 3522 658 3556 ι
694 3498 796 3559 Per
823 3502 946 3574 quid
978 3512 1249 3574 peccatum
1278 3503 1574 3558 inveniatur
1595 3504 1645 3557 in
1666 3502 1885 3575 parvulo
1911 3518 1929 3570 ;

356 3596 528 3650 utrum
559 3596 655 3665 per
686 3597 1005 3651 voluntatem
1032 3636 1047 3659 ,
1094 3610 1161 3648 an
1200 3610 1293 3664 per
1322 3593 1565 3664 nuptias,
1605 3608 1672 3649 an
1710 3609 1808 3665 per
1832 3609 1930 3667 pa-

350 3686 578 3741 rentes?
631 3706 650 3739 ι
693 3685 783 3741 Sic
808 3686 949 3741 enim
978 3685 1238 3755 loquitur,
1284 3692 1340 3739 et
1379 3692 1624 3755 tanquam
1649 3682 1931 3757 adqomnia

354 3778 452 3832 ista
478 3776 794 3846 respondet,
842 3776 896 3831 et
922 3791 950 3829 a
979 3784 1196 3845 peccato
1239 3770 1389 3845 quasi
1426 3785 1616 3829 cuncta
1656 3774 1757 3828 ista
1795 3788 1931 3844 pur-

350 3867 545 3938 gando,
574 3867 702 3921 nihil
734 3865 847 3922 vult
872 3872 1150 3921 remanere
1172 3861 1312 3920 unde
1336 3872 1607 3934 peccatum
1634 3862 1933 3918 inveniatur

348 3965 406 4015 tu
454 3957 691 4026 parvulo.
742 3957 915 4011 Verba
963 3955 1190 4026 denique
1234 3955 1343 4025 jam
1389 3954 1498 4023 ipsa
1543 3952 1657 4025 ejus
1694 3947 1931 4014 attende.

358 4060 377 4098 ι
427 4049 527 4103 Per
554 4047 677 4118 quid
707 4046 882 4118 igitur,
919 4063 938 4098 ›
970 4046 1177 4115 inquit,
1206 4062 1226 4096 ι
1264 4052 1537 4115 peccatum
1569 4045 1837 4099 invenitur
1875 4044 1930 4099 in

354 4129 571 4205 parvulo
595 4137 619 4191 1
642 4136 745 4192 Per
771 4137 1092 4191 voluntatem
1121 4134 1146 4188 1
1173 4133 1323 4190 Nulla
1356 4135 1408 4188 in
1434 4146 1499 4189 eo
1528 4132 1646 4189 fuit.
1684 4133 1787 4190 Per
1830 4144 1929 4189 nu-

352 4228 491 4300 ptias
516 4229 540 4282 1
566 4226 671 4284 Sed
698 4227 779 4281 ba:
808 4227 1073 4297 pertinent
1097 4224 1163 4280 ad
1193 4236 1328 4295 opus
1355 4235 1633 4296 parentum
1656 4266 1671 4290 ,
1711 4239 1846 4296 quos
1876 4224 1933 4282 in

353 4320 456 4376 hoc
487 4327 605 4374 actu
626 4334 731 4373 non
762 4332 1012 4388 peccasse
1039 4314 1376 4386 prmmiseras
1406 4332 1422 4383 ;
1452 4315 1547 4371 sed
1583 4324 1838 4385 quantum
1865 4330 1931 4370 ex

351 4407 798 4479 ennseqttentibus
840 4416 1093 4477 apparet,
1127 4420 1231 4461 non
1253 4405 1375 4463 hoc
1412 4420 1539 4462 vere
1566 4419 1929 4462 concesseras.

355 4501 488 4572 Ipsa:
514 4510 639 4557 sunt
679 4501 837 4573 igitur
875 4498 1248 4564 exsecramini.
1284 4518 1304 4551 ι
1353 4498 1566 4570 inquit,
1600 4516 1620 4550 σ
1657 4515 1773 4569 qua:
1802 4512 1930 4553 cau-

355 4608 466 4647 sam
494 4592 731 4648 iecerunt
757 4590 878 4646 mali
903 4609 916 4645 :
940 4590 1035 4646 sed
1062 4590 1202 4645 illre‘
1231 4589 1361 4645 solae
1392 4603 1528 4659 Opus
1553 4588 1787 4644 indicant
1814 4602 1933 4658 per.

354 4699 623 4739 sonarum.
665 4685 920 4740 Parentes
966 4683 1129 4753 igitur
1167 4682 1257 4752 qui
1288 4690 1554 4739 conventu
1592 4695 1691 4736 suo
1714 4683 1931 4737 causam

356 4775 529 4832 fecere
555 4787 797 4847 peccato,
822 4774 944 4845 jure
972 4772 1301 4829 damnabiles
1321 4782 1463 4828 sunt.
1489 4768 1695 4844 Ambigi
1724 4774 1870 4843 ergo,
1906 4774 1927 4825 δ

356 4868 558 4939 inquit,
590 4878 610 4919 ι
639 4866 747 4935 jam
774 4874 881 4921 n‘on
902 4872 1075 4937 potest
1100 4906 1117 4931 ,
1145 4864 1188 4918 si
1216 4872 1361 4918 tuam
1389 4866 1677 4933 sequamur
1711 4858 1932 4918 senten-

356 4960 480 5012 tiam
499 4999 517 5026 ,
543 4957 796 5028 coniuges
822 4966 1025 5012 aeterno
1050 4952 1311 5024 supplicio
1339 4952 1630 5022 mancipari
1654 4993 1671 5018 ,
1702 4954 1930 5024 quorum

358 5053 537 5106 labore
582 5058 757 5105 actum
796 5056 879 5104 cst
904 5056 963 5102 ut
1007 5045 1073 5101 ad
1116 5044 1447 5101 dominatum
1488 5042 1846 5100 exercendum
1878 5042 1932 5096 ih

358 5140 602 5196 homines
640 5138 888 5194 diabolus
925 5136 1244 5207 perveniret.
1286 5134 1354 5191 Et
1383 5130 1471 5191 ubi
1500 5143 1583 5190 est
1606 5126 1748 5206 quod
1774 5133 1935 5204 paulo

355 5243 479 5286 mne
505 5230 773 5285 hominem
814 5244 949 5298 opus
979 5228 1071 5284 Dei
1110 5227 1323 5284 dixeras
1357 5226 1385 5282 1
1408 5226 1531 5297 quia
1560 5226 1605 5282 si
1637 5240 1731 5297 per
1767 5224 1931 5295 origi-

357 5338 477 5376 nem
506 5321 703 5376 malum
742 5320 794 5375 in
834 5318 1166 5384 hominibus,
1199 5334 1294 5387 per
1327 5317 1523 5372 malum
1545 5316 1631 5387 jus
1657 5315 1848 5370 diaboli
1880 5318 1932 5370 in

359 5411 637 5473 homines;
666 5411 934 5465 diabolum
964 5424 1084 5465 esse
1117 5410 1251 5464 dicis
1277 5416 1547 5463 auctorem
1577 5404 1871 5471 hominum,
1901 5423 1933 5463 a

354 5517 459 5574 quo
484 5508 567 5558 est
588 5503 737 5571 origo
775 5501 1129 5556 nascentium.
1159 5499 1216 5553 Si
1244 5507 1419 5554 autem
1448 5498 1622 5554 credis
1645 5513 1676 5551 a
1702 5498 1809 5553 Deo
1838 5497 1935 5552 ho-

356 5593 550 5648 minem
580 5591 714 5655 iieri,
737 5599 798 5646 et
819 5605 938 5646 esse
964 5590 1213 5661 conjuges
1240 5590 1551 5645 innocentes
1582 5604 1597 5653 ;
1627 5588 1746 5644 vide
1773 5603 1931 5658 quam

419 5704 435 5733 θ
472 5708 602 5751 Unus
618 5714 648 5751 e
665 5703 902 5750 \‘atimnls
924 5709 1047 5764 Mss,
1075 5707 1120 5751 et
1156 5702 1259 5764 ipse
1289 5700 1553 5752 catholicus
1577 5699 1773 5752 diceret.
1796 5699 1934 5764 ﬁgl-

356 5765 633 5823 tannensis,
656 5769 702 5813 et
723 5777 826 5824 nise
843 5762 1072 5812 catholico
1099 5762 1294 5813 diceret.

424 5830 441 5857 '
473 5833 524 5874 tn
548 5834 673 5882 διεδ..
699 5835 736 5873 ο
759 5828 842 5874 sed
862 5825 970 5875 ulte.

1669 357 1866 425 [abso
1908 356 2279 431 δεδυκυυε.

3533 387 3637 445 ιιη

2055 494 2197 553 stare
2225 502 2330 561 non
2363 481 2531 558 possit
2561 474 2695 544 trahi
2726 488 2789 546 ei
2808 477 2900 565 his
2928 494 3187 566 originale
3213 510 3504 567 peccatum.
3538 522 3561 558 ο

2121 578 2209 633 45.
2251 578 2331 634 Ad
2368 581 2545 636 omnia
2586 582 2682 638 ista
2725 582 2849 640 huic
2877 571 3164 663 respondet
3194 591 3510 662 Apostolus,
3537 597 3631 666 qui

2051 683 2222 738 neque
2250 670 2576 727 voluntatem
2604 675 2778 745 arguit
2804 677 3006 746 parvuli
3032 718 3046 743 ,
3079 694 3198 750 qua:
3225 667 3433 753 prepria
3462 686 3514 742 in
3540 685 3635 743 illo

2049 760 2282 845 nondum
2314 764 2487 847 estad
2524 764 2849 836 peccandum
2878 786 2893 834 ;
2925 784 3097 842 neque
3123 770 3334 843 nuptias
3362 760 3415 832 in
3454 781 3631 849 quan-

2050 859 2161 906 tum
2206 854 2406 924 nuptiae
2430 865 2589 922 sunt,
2618 873 2735 927 qua:
2765 857 2963 915 habent
2997 876 3028 916 a
3059 863 3168 920 Deo
3201 881 3306 920 non
3348 868 3517 924 solum
3550 871 3633 926 in-

2047 943 2373 1001 stitutionem
2397 988 2413 1014 ,
2448 938 2631 1021 verum
2658 950 2816 1006 etiam
2844 951 3298 1022 benedictionem;
3325 975 3497 1033 neque
3537 980 3633 1035 pa-

2048 1044 2266 1103 rentes,
2313 1037 2366 1115 in
2418 1048 2675 1117 quantum
2720 1052 2967 1112 parentes
3007 1055 3160 1111 sunt,
3208 1046 3434 1109 invlccin
3484 1054 3630 1112 licite

2046 1135 2205 1197 atque
2228 1128 2459 1198 legitime
2485 1131 2550 1187 ad
2578 1135 2934 1202 procreandos
2963 1135 3102 1195 ﬁlio’s
3124 1121 3392 1214 coniugati
3421 1128 3437 1178 ί
3469 1148 3626 1214 :sed.

2052 1215 2153 1273 Per
2179 1236 2335 1276 unum
2353 1265 2369 1287 ,
2396 1214 2603 1293 inquit,
2633 1226 2881 1283 hominem
2918 1228 3174 1302 peccatum
3212 1237 3263 1291 in
3289 1238 3425 1294 hunc
3470 1258 3623 1298 mun-

2046 1309 2170 1364 dunt
2193 1312 2428 1382 intravit,
2466 1326 2514 1372 et
2558 1336 2649 1389 per
2683 1316 2938 1389 peccatum
2980 1341 3161 1393 mors;
3194 1326 3241 1382 et
3276 1329 3346 1383 ita
3371 1330 3423 1387 in
3454 1350 3628 1391 omnes

2046 1401 2273 1494 homines
2314 1410 2641 1484 pertransiit,
2685 1412 2737 1467 in
2762 1430 2862 1485 quo
2899 1431 3070 1470 onmes
3099 1419 3444 1486 peccaverunt.
3473 1425 3629 1494 Quod

2045 1492 2133 1549 isti
2174 1496 2218 1550 si
2268 1497 2546 1585 catholicis
2587 1492 2804 1559 auribus
2844 1506 3215 1582 mentibusque
3254 1492 3623 1585 perciperent,

2043 1586 2301 1667 adversus
2344 1583 2503 1647 fidem
2548 1588 2877 1666 gratiamque
2925 1598 3118 1675 Christi
3165 1582 3626 1665 rebellesvanimos

2046 1693 2150 1768 non
2192 1674 2453 1738 haberent
2473 1717 2491 1749 ,
2523 1699 2696 1756 neque
2718 1684 3040 1759 conarentur
3065 1674 3331 1759 inaniter,
3371 1692 3438 1753 ad
3466 1712 3623 1756 suum

2046 1772 2315 1841 proprium
2345 1782 2399 1828 et
2428 1768 2734 1832 lnrretlcnm
2761 1774 2976 1835 sensum
3006 1779 3119 1837 haec
3144 1772 3430 1854 apostolica
3462 1790 3624 1846 verba

2044 1868 2150 1937 tam
2178 1861 2407 1918 dilucida
2451 1874 2503 1919 et
2534 1874 2638 1920 tam
2682 1869 2957 1923 manifesta
2996 1865 3343 1941 convertere,
3373 1880 3624 1935 asseren-

2044 1953 2127 2006 tes
2148 1949 2253 2008 hoc
2275 1951 2392 2008 ideo
2413 1953 2626 2035 dictum
2640 1971 2760 2012 esse
2777 1998 2793 2020 ,
2819 1958 2960 2027 quod
2989 1960 3155 2016 Adam
3190 1957 3492 2035 peet‘avcrit
3517 1970 3625 2039 pri-

2044 2054 2189 2130 mum
2208 2082 2225 2102 ,
2320 2058 2424 2114 quo
2450 2042 2518 2098 dc
2540 2053 2737 2100 cetero
2762 2042 3003 2117 quisquis
3030 2050 3252 2119 peccare
3272 2042 3468 2121 voluit,
3494 2072 3622 2130 pec-

2042 2129 2196 2184 candi
2241 2124 2447 2209 invenit
2491 2133 2789 2204 exemplum
2825 2153 2840 2201 ;
2891 2146 2948 2192 ut
2976 2134 3248 2208 peccatum
3278 2124 3620 2203 scilicet'non

2039 2222 2381 2289 generatione
2406 2223 2474 2279 ab
2508 2225 2602 2279 illo
2630 2242 2735 2281 uno
2763 2227 2814 2282 in
2842 2244 3027 2284 oumes
3050 2212 3294 2291 homines
3312 2276 3328 2299 ,
3358 2229 3453 2292 sed
3482 2238 3625 2296 illius

2042 2312 2198 2386 unius
2226 2313 2529 2391 imitatione
2551 2317 2821 2397 transiret.
2852 2319 2985 2375 Cum
3017 2308 3286 2392 profecto,
3315 2327 3360 2383 si
3388 2329 3621 2400 Aposto-

2041 2402 2124 2477 lus
2148 2402 2492 2483 imitationem
2523 2405 2856 2486 hicintelligi
2884 2411 3138 2469 voluisset
3159 2418 3306 2489 .non
3333 2425 3424 2489 per
3460 2436 3620 2476 unum

2040 2493 2331 2579 hominem,
2480 2502 2575 2568 per
2601 2498 2868 2555 diabolum
2901 2504 3084 2583 potius
3102 2504 3152 2559 in
3185 2488 3341 2562 hunc,
3363 2509 3619 2568 mundum

2040 2578 2315 2655 peccatum
2345 2578 2601 2668 intrasse,
2641 2600 2715 2671 et‘
2735 2604 2832 2663 per
2868 2589 3056 2652 omnes
3078 2578 3321 2656 homines
3344 2610 3617 2672 pertranso

2043 2675 2147 2732 isse
2174 2676 2413 2735 dixisset.
2448 2676 2521 2735 De
2549 2676 2763 2737 diabolo
2796 2684 2992 2754 quippe
3036 2681 3290 2755 scriptum
3331 2693 3415 2746 est
3436 2732 3452 2758 ,
3484 2682 3618 2748 lmi-

2041 2778 2399 2857 t‘auturiautem
2426 2788 2537 2826 eum
2557 2813 2572 2837 ,
2598 2774 2684 2843 qui
2727 2761 2843 2828 sunt
2866 2766 2933 2829 ea:
2959 2769 3102 2857 porte
3127 2777 3285 2849 ipsius
3314 2781 3331 2850 (
3358 2771 3488 2852 Sap.
3539 2799 3576 2839 tt
3596 2825 3615 2849 ,

2037 2856 2110 2914 25
2138 2859 2177 2930 ).
2207 2856 2313 2916 Sed
2341 2860 2460 2943 ideo
2480 2879 2577 2947 per
2592 2879 2748 2917 unum
2775 2859 3022 2920 hominem
3048 2866 3178 2923 dixit
3204 2894 3220 2936 -,
3257 2880 3287 2925 a
3324 2886 3431 2943 quo
3450 2888 3615 2945 gene-

2037 2949 2174 3033 ratio
2221 2952 2402 3022 utique
2444 2951 2716 3009 hominum
2749 2949 3043 3030 co‘pit,gut
3087 2958 3184 3030 per
3219 2963 3616 3032 generationem

2036 3037 2256 3096 doceret
2295 3039 2401 3097 isse
2427 3048 2522 3112 per
2540 3057 2727 3099 omnes
2757 3046 3012 3116 originale
3041 3051 3334 3118 peccatum.

2107 3132 2198 3188 ιβ.
2238 3122 2373 3201 Quid
2422 3143 2599 3217 autem
2649 3124 3079 3217 aliudqin‘dicant
3130 3142 3291 3198 etiam
3340 3147 3615 3217 sequentia

2037 3220 2201 3276 verba
2221 3224 2509 3291 apostolica
2541 3224 2563 3280 ?
2590 3214 2723 3282 Cum
2749 3211 2890 3283 enim
2919 3216 3019 3284 hoc
3047 3213 3267 3288 dixis<et
3289 3275 3305 3299 ,
3338 3211 3610 3305 adjunxit,

2039 3309 2210 3383 Usque
2226 3314 2356 3368 enim
2383 3315 2451 3368 ad
2476 3305 2633 3387 legem
2662 3308 2921 3398 peccatum
2952 3322 3007 3375 in
3036 3316 3225 3377 mundo
3247 3324 3345 3395 fuit
3376 3342 3393 3382 :
3416 3325 3466 3382 id
3493 3336 3611 3397 est,

2035 3402 2154 3473 quia
2193 3419 2290 3461 nec
2320 3404 2405 3461 lex
2436 3408 2605 3475 potuit
2644 3406 2854 3487 auferre
2883 3408 3176 3479 peccatum.
3213 3402 3483 3471 Peccatum
3523 3435 3619 3472 au-

2037 3505 2171 3559 tem,
2220 3496 2418 3568 inquit,
2477 3514 2577 3552 non
2617 3490 2984 3573 deputabatur,
3036 3519 3150 3557 cum
3190 3504 3275 3559 lea:
3314 3521 3415 3561 non
3453 3518 3613 3562 esset.

2036 3586 2163 3641 Erat
2187 3602 2334 3658 ergo,
2366 3586 2459 3644 sed
2490 3604 2593 3643 non
2622 3582 3016 3660 deputabatur;
3060 3594 3179 3664 quia
3220 3610 3323 3650 non
3365 3597 3616 3655 ostende-

2036 3678 2191 3734 batur
2209 3723 2223 3743 ,
2246 3680 2386 3751 quod
2411 3680 2776 3753 deputaretur.
2819 3670 2970 3740 Sicut
2994 3686 3133 3740 enim
3162 3680 3284 3742 alibi
3321 3684 3480 3753 dicit,
3510 3688 3615 3745 Per

2036 3771 2194 3843 legem
2215 3773 2432 3844 cognitio
2456 3774 2647 3843 peccati
2670 3772 2859 3847 (Rom.
2881 3791 2958 3839 tu,
2984 3760 3110 3847 ‘20).
3142 3776 3249 3832 Sed
3267 3780 3508 3850 regnarit,
3535 3779 3618 3836 in-

2034 3865 2179 3934 quit,
2212 3882 2346 3919 mors
2384 3864 2447 3919 ab
2471 3864 2636 3919 Adam
2664 3883 2819 3944 usque
2851 3854 2919 3920 ad
2954 3867 3162 3938 Moysen
3191 3884 3209 3934 ;
3236 3867 3337 3925 hoc
3365 3879 3448 3926 est
3471 3872 3613 3941 quod

1998 3984 2003 3988 ι
2035 3969 2195 4024 supra
2221 3953 2455 4020 dixerat,
2486 3972 2641 4025 usque
2663 3955 2733 4009 ad
2762 3955 2917 4027 legem
2946 3973 2965 4021 ;
2990 3966 3095 4011 non
3122 3967 3230 4012 uta
3257 3958 3437 4032 Moyse
3464 3960 3617 4016 dein-

2035 4062 2162 4118 ceps
2194 4063 2298 4102 non
2333 4058 2477 4103 esset
2509 4058 2780 4118 peccatum
2805 4085 2821 4106 .
2861 4045 2956 4105 sed
2984 4049 3106 4118 quia
3136 4064 3233 4105 nec
3269 4066 3363 4121 per
3398 4051 3616 4125 Moysen

2037 4137 2121 4194 lex
2146 4138 2269 4195 data
2297 4153 2520 4213 regnum
2561 4129 2730 4209 potuit
2755 4129 2940 4194 mortis
2963 4139 3201 4206 auferre,
3234 4156 3354 4213 qua:
3382 4157 3488 4197 non
3527 4158 3620 4200 re-

2036 4240 2163 4301 gnat
2190 4230 2370 4303 utique
2405 4230 2506 4285 nisi
2548 4244 2643 4301 per
2669 4240 2964 4301 peccatum.
3015 4232 3254 4303 Regnum
3298 4248 3461 4303 porro
3497 4233 3619 4304 ejus

2037 4332 2121 4381 est
2142 4366 2158 4389 ,
2190 4332 2247 4379 ut
2277 4321 2544 4378 hominem
2576 4317 2853 4378 m'ortalem
2876 4323 2928 4378 in
2950 4324 3237 4380 secundam
3259 4324 3419 4381 etiam
3441 4366 3460 4395 ,
3489 4342 3610 4398 quas

2036 4412 2359 4485 sempiterna
2390 4404 2502 4481 est,
2531 4414 2825 4484 pnecipitet
2852 4424 3100 4469 mortem.
3131 4415 3375 4486 Regnavit
3395 4426 3562 4472 autem
3594 4433 3613 4472 :

2038 4492 2089 4559 in
2111 4503 2301 4576 quibus
2330 4488 2354 4558 Ψ
2385 4502 2450 4558 Et
2488 4504 2541 4557 in
2567 4504 2676 4563 his.
2703 4504 2908 4574 inquit,
2939 4504 3028 4574 qui
3060 4522 3162 4559 non
3191 4516 3517 4575 peccaverunt
3559 4509 3616 4561 in

2035 4578 2413 4652 similitudinem
2455 4596 2880 4666 pramaricationis
2910 4595 3068 4659 Adet,
3097 4597 3186 4666 qui
3217 4604 3295 4652 est
3328 4599 3493 4669 forma
3531 4599 3617 4669 fu-

2038 4685 2156 4745 turi.
2184 4670 2348 4760 Cujus
2376 4686 2571 4754 futuri,
2603 4687 2703 4742 nisi
2729 4685 2927 4743 Christi
2955 4686 2980 4740 1
3007 4686 3072 4741 Et
3101 4686 3274 4757 qualis
3292 4685 3482 4751 forma,
3512 4688 3611 4761 nisi

2037 4796 2068 4836 a
2113 4779 2431 4837 contrario?
2457 4778 2609 4848 Quod
2651 4777 2776 4834 alibi
2817 4778 2975 4832 etiam
3006 4776 3241 4832 breviter
3265 4776 3394 4831 dicit
3426 4794 3440 4829 ε
3474 4773 3618 4832 Sicut

2038 4862 2090 4925 in
2118 4871 2278 4926 Adam
2302 4885 2472 4924 omnes
2496 4868 2806 4934 moriuntur,
2829 4866 2901 4920 ita
2924 4875 2972 4920 et
2996 4867 3048 4919 in
3070 4863 3271 4921 Christo
3298 4882 3472 4921 omnes
3495 4867 3619 4920 nivi-

2040 4962 2324 5033 ﬁcabuntur
2347 4961 2399 5034 (l
2421 4959 2538 5016 Cor.
2569 4975 2662 5025 xv,
2686 4958 2813 5025 ες).
2853 4956 3001 5013 Sient
3027 4956 3080 5013 in
3108 4956 3200 5011 illo
3240 4956 3367 5013 illud
3390 4999 3407 5024 ,
3460 4957 3530 5012 ita
3558 4958 3610 5012 in

2039 5054 2142 5108 isto
2168 5050 2304 5108 ismd
2331 5069 2347 5107 :
2382 5051 2495 5119 ipsa
2522 5058 2602 5104 est
2643 5047 2833 5102 forma.
2860 5044 2964 5103 Sed
2994 5047 3108 5102 huc
3133 5045 3303 5103 forma
3333 5062 3438 5103 non
3468 5050 3614 5104 omni

2038 5159 2101 5199 ex
2131 5154 2280 5212 parte
2302 5139 2591 5197 conformis
2616 5147 2694 5193 est
2720 5155 2734 5191 :
2766 5135 2909 5192 unde
2937 5136 3060 5191 hinc
3090 5136 3372 5206 Apostolus
3400 5150 3613 5193 secutus

2039 5232 2318 5302 adjnnxit,
2365 5232 2468 5287 Sed
2508 5247 2607 5285 non
2647 5230 2776 5283 sicut
2814 5228 3051 5285 delictum
3074 5270 3088 5291 ,
3133 5228 3205 5283 ita
3230 5238 3276 5283 et
3301 5229 3525 5285 donatio.
3556 5231 3616 5285 Si

2040 5330 2172 5379 enim
2196 5325 2258 5377 ob
2293 5321 2442 5377 unius
2471 5320 2707 5373 delictum
2729 5318 2875 5373 multi
2898 5317 3083 5372 mortui
3104 5326 3242 5384 sunt,
3272 5319 3432 5373 multo
3458 5306 3619 5389 magis

2036 5414 2202 5479 gratia
2252 5410 2346 5465 Dei
2390 5420 2437 5464 et
2480 5410 2668 5463 donum
2708 5409 2763 5463 in
2806 5407 2972 5479 gratia
3015 5408 3165 5462 unius
3222 5409 3438 5483 nominis
3485 5408 3616 5463 Jun

2038 5504 2225 5560 Christi
2265 5505 2318 5557 in
2361 5502 2545 5556 multos
2579 5499 2870 5565 abundavit.
2918 5500 3053 5568 Quid
3104 5510 3214 5568 est,
3262 5501 3421 5554 multo
3458 5500 3618 5569 magis

2039 5595 2343 5657 abundavit,
2369 5593 2468 5647 nisi
2490 5591 2610 5662 quia
2635 5607 2823 5647 omnes
2846 5591 2935 5661 qui
2967 5606 3062 5661 per
3088 5590 3356 5647 Christum
3383 5588 3617 5643 liberan-

2042 5696 2145 5749 tur,
2189 5684 2551 5752 teiupomliter
2575 5691 2791 5754 propter
2820 5681 2987 5736 Adam
3019 5680 3319 5736 moriuntur
3347 5717 3362 5744 ,
3391 5685 3613 5745 propter

2108 5818 2127 5852 ί
2161 5821 2287 5876 Apud
2315 5821 2653 5875 Levanieusos,
2679 5816 2970 5876 coniunctos.
