4170 6518
536 452 641 509 Ml?
1335 454 1424 511 DE
1460 451 1729 511 NUPTIIS
1767 452 1856 509 ΕΤ
1894 449 2498 515 CQNCUPISCENTIA,
2541 450 2598 505 S.
2638 450 3009 510 AUGUSTINI
3727 458 3835 515 ωδ

538 569 715 624 etesia:
747 569 1083 627 traditionem
1101 571 1203 639 isto
1223 569 1428 629 nefario
1456 572 1679 642 crimine
1704 578 1987 639 aspergat.
2018 582 2120 636 qua

546 662 956 731 i-xorcizatitur,
990 673 1045 719 ut
1069 663 1213 731 dixi,
1238 674 1294 720 et
1325 664 1674 723 exsufﬂantur
1700 661 1938 733 parvuli,
1986 673 2040 715 ut
2074 660 2125 715 in

542 769 763 821 regnum
795 755 989 813 Christi
1013 771 1042 808 a
1071 764 1333 827 potestate
1360 755 1699 811 tenebrarum
1720 794 1736 820 ,
1777 753 1882 811 hoc
1905 762 1989 807 est
2016 753 2129 808 dia-
2160 822 2167 831 ι

538 844 645 899 Ιιυιὶ
675 856 730 902 et
755 848 1067 918 angelorum
1096 848 1244 918 ejus,
1276 848 1412 905 eruti
1455 846 1860 902 transferantur.
1898 845 2004 902 Nos
2029 861 2125 900 au-

534 943 644 988 tem
670 937 960 1005 paratiores
982 952 1166 997 sumus
1189 953 1307 1000 cum
1336 938 1452 994 istis
1483 938 1608 993 viris
1628 978 1644 1003 ,
1668 947 1722 992 et
1746 952 1866 992 cum
1890 936 2126 992 Ecclesia

543 1025 736 1080 libristi
784 1027 835 1081 in
872 1026 1027 1096 hujus
1077 1028 1197 1083 ﬁdei
1246 1030 1560 1098 antiquitate
1605 1027 1844 1094 ﬁrmata,
1876 1028 2128 1097 quzrlibet

539 1117 821 1172 maledicta
847 1129 902 1174 et
942 1120 1295 1174 contumelias
1321 1120 1559 1190 perpeti,
1596 1133 1753 1189 quam
1805 1134 1926 1173 cum
1971 1119 2126 1173 Pela-

534 1208 709 1276 gianis
734 1208 1018 1278 cujuslibet
1045 1211 1060 1242 ¹
1093 1211 1290 1281 eloquii
1323 1212 1697 1282 prmdicatione
1724 1210 1949 1265 laudari.

609 1300 837 1359 CAPUT
871 1303 1037 1360 XXX.
1064 1305 1248 1361 -—52.
1287 1323 1305 1357 ι
1343 1306 1434 1360 Ais
1461 1307 1651 1360 iterum
1674 1347 1687 1367 ,
1728 1326 1750 1359 ι
1781 1306 1986 1375 inquit,
2017 1324 2034 1357 ‹
2073 1315 2128 1360 et

539 1393 719 1450 dicis:
755 1394 907 1450 Nulla
954 1406 1100 1452 esset
1148 1397 1614 1467 concupiscentia,
1665 1397 1764 1451 nisi
1816 1397 1976 1451 homo
2004 1408 2126 1452 ante

541 1494 849 1554 peccasset;
882 1488 1079 1557 nuptiae
1108 1503 1237 1548 vero
1282 1498 1465 1545 eSsent
1491 1529 1508 1552 ,
1552 1488 1763 1543 etiamsi
1794 1503 1951 1543 nemo
1998 1503 2126 1559 pec-

536 1586 729 1631 casset.
768 1594 787 1628 l
822 1576 935 1631 Non
962 1577 1110 1642 dixi,
1154 1596 1173 1633 ι
1216 1578 1372 1633 Nulla
1399 1588 1536 1634 esset
1566 1580 1993 1648 concupiscentia
2028 1595 2043 1647 ;
2101 1598 2120 1632 ι

541 1667 664 1736 quia
690 1677 773 1722 est
800 1678 854 1723 et
877 1668 1151 1739 glorianda
1178 1671 1611 1742 concupiscentia
1667 1672 1960 1741 spiritualis
1979 1714 1995 1738 ,
2024 1689 2125 1743 qua

536 1759 934 1828 concupiscitur
979 1761 1239 1830 Sapientia
1287 1762 1443 1834 (Sap.
1498 1779 1583 1829 vr,
1630 1764 1774 1833 2t):
1818 1764 1912 1819 sed
1956 1764 2063 1820 dixi
2108 1809 2123 1831 ,

542 1868 562 1900 ι
598 1848 752 1907 Nulla
778 1860 921 1911 esset
946 1853 1190 1923 pudenda
1220 1855 1651 1925 concupiscentia
1673 1875 1692 1909 ›
1715 1856 1931 1928 (Supra,
1956 1857 2043 1912 lib.
2076 1859 2123 1922 I,

536 1957 590 1994 η.
618 1941 695 2013 1).
747 1941 1071 2014 Relegantur
1120 1946 1279 2000 verba
1328 1924 1632 2017 mea,qu:e
1678 1924 1838 2003 etiam
1884 1948 1997 2018 ipse
2028 1965 2125 2019 po-

534 2032 674 2098 suit,
704 2041 761 2088 ut
783 2044 977 2104 quanta
1008 2035 1188 2091 abillo
1214 2035 1399 2093 fraude
1444 2047 1935 2094 couimemorcntur
1961 2056 2125 2111 appa-

537 2133 674 2179 reat.
708 2123 815 2185 Sed
841 2141 946 2195 quo
969 2126 1196 2185 voluerit
1220 2143 1339 2183 eam
1369 2129 1586 2184 nomine
1610 2132 1862 2201 appellet.
1897 2131 1986 2186 Illa
2017 2132 2125 2188 dixi

530 2213 678 2283 quod
706 2230 812 2277 non
839 2226 1019 2283 esset,
1058 2216 1159 2273 nisi
1209 2216 1372 2272 homo
1408 2226 1534 2273 ante
1576 2230 1888 2289 peccasset,
1929 2222 1997 2276 de
2023 2239 2125 2292 qua

534 2305 866 2366 erubucrunt
890 2308 942 2362 in
966 2307 1212 2377 paradiso
1234 2350 1247 2375 ,
1269 2310 1357 2380 qui
1385 2310 1627 2380 pudenda
1658 2321 1903 2367 texerunt
1927 2355 1941 2378 ,
1965 2329 2123 2384 quam

539 2410 701 2451 nemo
734 2407 922 2468 negat,
956 2401 1206 2469 quoniam
1254 2412 1529 2471 peccatum
1582 2403 1955 2459 inobedieutim
1988 2422 2123 2475 pra:-

537 2498 806 2556 cesscrat,
836 2490 958 2557 ideo
982 2492 1347 2553 subsecutam.
1376 2495 1475 2564 Qui
1497 2504 1673 2553 autem
1700 2498 1810 2552 vult
1831 2498 2126 2569 intelligere

537 2583 665 2649 quid
694 2588 998 2657 senserint,
1029 2588 1190 2647 debet
1215 2592 1558 2649 considerare
1574 2594 1698 2664 quid
1718 2597 1964 2651 texerint.
1988 2596 2125 2653 Sue-

538 2676 794 2743 cinctoria
823 2679 1019 2751 quippe
1046 2681 1151 2737 sibi
1195 2682 1265 2739 de
1294 2682 1434 2740 l‘oliis
1481 2684 1756 2755 ﬁculneis,
1805 2704 1911 2743 non
1961 2690 2124 2744 vcsti-

537 2778 717 2825 menta
744 2768 983 2831 fecerunt
1010 2770 1163 2841 (Gen.
1186 2789 1243 2830 nt
1267 2814 1284 2841 ,
1308 2775 1400 2847 7);
1431 2792 1552 2847 qua:
1576 2779 1931 2835 succinctoria
1952 2796 2127 2853 gmce

537 2870 852 2944 περιζώματςξ
876 2877 1264 2938 nuncupantur.
1295 2867 1432 2938 Quid
1459 2879 1638 2929 autem
1690 2874 2002 2944 cooperiant
2029 2891 2122 2945 pe-

536 2954 791 3019 rizomata
813 2996 830 3021 ,
861 2958 1110 3014 omnibus
1150 2970 1336 3017 notum
1361 2969 1446 3017 est
1476 2980 1489 3016 :
1517 2978 1635 3033 qua:
1680 2966 1917 3021 nonnulli
1947 2967 2124 3023 Latini

537 3049 857 3119 campestria
886 3058 1012 3107 sunt
1035 3052 1387 3123 interpretati.
1414 3050 1550 3123 Quis
1568 3065 1746 3112 autem
1800 3058 2007 3129 ignorat
2032 3062 2123 3129 qui

535 3149 966 3208 arinpcstrantur
987 3183 1002 3205 ,
1025 3158 1161 3213 quas
1186 3153 1365 3215 partes
1395 3147 1633 3217 corporis
1654 3150 1981 3222 contegaut?
2021 3153 2126 3208 llas

535 3229 681 3285 enim
709 3231 956 3303 tegebant
978 3233 1201 3289 Romani
1225 3236 1483 3305 juvenes,
1515 3239 1728 3307 quando
1754 3236 1879 3297 nudi
1906 3257 2125 3308 exerce-

536 3320 735 3397 bantur
759 3321 810 3376 in
831 3336 1051 3394 campo,
1081 3324 1221 3380 unde
1249 3325 1349 3381 hoc
1376 3342 1545 3398 genus
1596 3334 1843 3415 tegmiqis
1896 3337 2001 3411 tale
2030 3353 2126 3397 no-

534 3425 660 3473 men
689 3412 895 3482 accepit
919 3412 1017 3486 (α).

606 3502 832 3560 CAPUT
856 3504 1047 3562 XXXI.
1075 3539 1148 3550 —
1181 3511 1270 3566 55.
1328 3536 1345 3564 ι
1370 3511 1477 3569 Illa:
1515 3529 1642 3587 ergo
1685 3519 1917 3588 nuptias,
1987 3541 2006 3575 ι
2041 3523 2125 3578 in-

534 3595 687 3664 quit,
717 3614 737 3667 ς
765 3612 887 3668 qua:
926 3600 1043 3659 sine
1083 3604 1549 3673 concupiscentia,
1581 3608 1697 3663 sine
1744 3621 1891 3666 motu
1932 3627 2124 3683 corpo—

533 3699 689 3751 rum,
717 3686 835 3742 sine
863 3692 1181 3746 necessitate
1204 3692 1428 3749 sexuum
1451 3737 1466 3759 ,
1497 3706 1555 3750 ut
1582 3696 1716 3753 dicis
1740 3739 1756 3765 ,
1788 3715 1909 3757 esse
1933 3713 2121 3771 potue-

535 3785 659 3836 runt
678 3818 694 3842 ,
717 3786 816 3833 ate
832 3783 1244 3847 pronuntiantur
1259 3773 1552 3842 laudabiles
1577 3806 1590 3841 :
1617 3789 1715 3845 ista
1735 3807 1861 3846 vero
1878 3796 2124 3867 conjugia

533 3884 656 3937 qua:
700 3887 839 3927 nunc
879 3885 1147 3943 aguntur.
1197 3891 1227 3930 a
1278 3878 1493 3934 diabolo
1540 3881 1753 3937 iuventa
1779 3885 1990 3942 delinis.
2031 3888 2123 3946 Illa

536 3961 715 4030 itaque
738 4002 751 4025 ,
792 3981 811 4014 ι
847 3963 1049 4034 inquit,
1085 3984 1106 4021 ι
1157 3983 1275 4037 qua:
1304 3968 1504 4025 institui
1561 3971 1795 4040 potuisse
1842 3980 2081 4036 somnias
2106 4023 2122 4048 ,

536 4053 677 4109 bona
698 4052 962 4111 deliberas
993 4075 1007 4112 :
1038 4058 1135 4112 ista
1161 4074 1288 4114 vero
1326 4059 1395 4116 de
1445 4061 1641 4132 quibus
1678 4065 1802 4129 dicit
1848 4068 2122 4141 Scriptura

533 4142 739 4209 divina,
773 4143 1041 4217 Relinque:
1066 4148 1216 4204 hoino
1240 4162 1432 4217 patrem
1453 4163 1499 4206 et
1516 4164 1755 4223 matrem,
1787 4159 2123 4217 etadliwrcbit

440 4246 445 4253 ‘
534 4235 684 4289 uxori
715 4251 863 4300 ante;
888 4247 936 4292 et
964 4250 1107 4292 erunt
1128 4240 1231 4294 duo
1277 4232 1327 4295 in
1356 4259 1510 4299 carne
1536 4262 1635 4306 una
1675 4245 1829 4318 (Gen.
1884 4267 1952 4315 ll,
1984 4252 2076 4325 2i)
2105 4270 2121 4320 ;

534 4325 805 4395 proﬁteris
823 4329 962 4383 mala
990 4330 1249 4386 diabolica
1270 4374 1284 4397 ,
1310 4334 1556 4390 morbum
1578 4348 1852 4406 postremo
1883 4341 2081 4400 debere
2107 4386 2122 4411 ,

538 4432 645 4472 non
667 4418 972 4489 conjugiutn
1001 4423 1315 4491 nuncupari.
1346 4443 1367 4476 ι
1400 4425 1513 4480 Non
1542 4436 1623 4483 est
1667 4430 1859 4486 mirum
1888 4435 1932 4489 si
1974 4435 2123 4492 Pela-

537 4509 680 4579 giani
705 4509 847 4565 dicta
876 4522 1057 4577 neStra
1097 4514 1149 4568 in
1179 4530 1372 4585 sensus
1414 4534 1549 4589 quos
1572 4521 1759 4577 volunt
1803 4524 2124 4599 detorquere

535 4609 829 4668 conantur;
857 4604 1070 4674 quando
1096 4605 1243 4665 etde
1278 4607 1572 4681 Scripturis
1614 4615 1813 4670 sanctis
1835 4656 1849 4680 ,
1897 4633 2002 4673 non
2034 4621 2122 4675 ubi

534 4689 762 4752 obscure
787 4691 987 4764 aliquid
1013 4693 1214 4751 dictum
1240 4705 1323 4751 est
1347 4735 1364 4765 ,
1406 4697 1507 4754 "sed
1541 4700 1629 4755 ubi
1659 4702 1803 4758 clara
1853 4715 1909 4761 et
1937 4719 2122 4777 aperta

531 4791 658 4854 sunt
679 4785 979 4849 testimonia
1004 4827 1020 4854 ,
1050 4785 1101 4841 id
1128 4785 1305 4844 facere
1330 4803 1759 4862 consueverunt,
1806 4813 1954 4855 more
2001 4802 2120 4870 qui-

531 4875 656 4948 dem
684 4875 1055 4936 luereticorutn
1082 4880 1241 4936 etiam
1266 4891 1605 4947 czeterorum.
1633 4888 1765 4955 Quis
1788 4891 1930 4945 enim
1971 4893 2119 4949 dice-

484 4978 491 4981 ‘
532 4977 648 5032 ret,
673 4985 692 5035 ς
720 4969 837 5026 sine
864 4979 1012 5028 motu
1058 4987 1343 5043 corporum
1362 5018 1379 5043 ,
1410 4964 1870 5038 sinenecessitate
1895 4999 2119 5040 sexuum

532 5061 750 5131 nuptias
775 5077 895 5118 esse
923 5064 1196 5133 potuisse?
1225 5085 1246 5120 ι
1279 5068 1422 5124 Deus
1441 5071 1583 5125 enim
1631 5072 1751 5128 fecit
1778 5088 1969 5139 sexus.
1999 5078 2118 5146 quia

531 5149 814 5205 masculum
862 5161 911 5205 et
960 5152 1201 5221 {animm
1249 5159 1367 5227 fecit
1409 5174 1495 5213 eos
1542 5158 1655 5229 (Id.
1704 5177 1755 5226 ι,
1803 5163 1928 5235 27),
1984 5167 2123 5223 sicut

531 5245 789 5312 scriptum
816 5254 920 5319 est.
951 5245 1103 5302 Unde
1129 5257 1307 5305 autem
1339 5250 1453 5306 ﬁeri
1494 5264 1673 5322 posset
1699 5264 1755 5313 ut
1778 5240 1867 5326 qui
1911 5257 2123 5314 fuerant

532 5334 926 5405 conjungendi,
974 5344 1027 5391 et
1057 5337 1169 5407 ipsa
1209 5340 1587 5410 conjunctione
1628 5350 1930 5417 generaturi
1956 5390 1971 5415 ,
2022 5367 2119 5407 sua

532 5442 759 5497 corpora
785 5443 891 5482 non
922 5440 1229 5495 iuoverent;
1258 5434 1688 5505 quandoquidem
1732 5441 1908 5495 nullus
1937 5442 1994 5498 ﬁt
2023 5442 2122 5498 ho-

531 5520 694 5574 minis
721 5518 787 5572 ad
815 5518 1088 5576 hominem
1115 5524 1408 5591 corporalis
1433 5541 1680 5584 accessus
1699 5573 1714 5597 ,
1758 5532 1801 5589 si
1829 5532 1969 5588 desit
1992 5519 2117 5589 cor-

533 5612 680 5689 poris
706 5610 920 5666 motus?
943 5608 1060 5666 Non
1089 5627 1219 5683 ergo
1242 5613 1328 5668 hic
1351 5619 1575 5685 quaestio
1600 5630 1683 5677 est
1709 5623 1777 5678 de
1804 5634 1949 5679 motu
1992 5641 2114 5681 cor-

534 5716 755 5789 porum,
783 5702 901 5767 sine
929 5718 1037 5773 quo
1066 5718 1172 5759 non
1198 5715 1419 5785 possent
1465 5711 1685 5781 omnino
1729 5715 1974 5781 misceri;
2021 5719 2115 5801 sed

601 5836 833 5923 Lee}!
848 5838 1387 5923 β¹ζηέζ¹¹ε¹ι⁸1¹1ῗεέὶ²έίίέιηὲ
1403 5842 1866 5923 ςυάιιειευςεειοηηίες

604 5893 673 5956 τι)
710 5898 821 5955 \ide
847 5893 1004 5955 lib.”
1037 5901 1100 5950 dc
1120 5893 1321 5965 civitate
1354 5893 1683 5970 Dci,'cap.ili7.

2239 561 2306 617 de
2330 560 2575 631 pudendo
2601 575 2747 625 motu
2772 565 3078 635 genitalium
3102 607 3117 633 ,
3144 568 3235 639 qui
3263 569 3501 640 profecto
3522 584 3630 627 non
3657 584 3828 631 esset.

2232 664 2286 709 et
2317 663 2492 710 uiiin-n
2518 655 2829 711 seminatrix
2859 658 3169 713 commixtio
3198 676 3303 714 non
3325 660 3571 726 deesset,
3609 662 3656 717 si
3678 665 3831 732 geni-

2241 747 2365 801 talia
2387 764 2493 802 non
2521 748 2762 815 libidini,
2789 749 2882 805 sed
2914 749 3173 806 voluntati
3198 752 3332 806 sicut
3361 762 3556 809 cetera
3587 754 3827 810 membra

2238 842 2523 896 servirent.
2552 844 2746 898 Annon
2776 843 2938 897 etiam
2955 860 3096 901 nunc
3119 845 3170 898 in
3200 860 3428 916 corpore
3453 847 3642 902 mortis
3670 846 3831 917 hujus

2241 934 2534 1004 imperatur
2564 936 2723 1006 pedi,
2767 935 3021 1002 brachio,
3043 936 3240 1007 digito,
3279 938 3463 1002 labro,
3512 939 3740 1008 linguze,
3771 950 3830 994 et

2228 1025 2295 1080 ad
2348 1037 2532 1081 nutum
2582 1037 2823 1083 nostrum
2881 1029 3136 1083 continuo
3188 1030 3565 1100 porriguntur?
3604 1030 3824 1085 [inmori

2231 1119 2493 1189 denique,
2524 1119 2665 1190 quod
2693 1130 2774 1175 est
2796 1120 3123 1192 mirabilius,
3158 1121 3209 1174 in
3243 1126 3418 1176 vesica
3449 1121 3591 1176 intus
3615 1122 3788 1189 posito
3820 1164 3833 1184 ,

2228 1226 2350 1265 cum
2376 1211 2543 1277 libet,
2570 1222 2623 1266 et
2650 1211 2868 1282 quando
2900 1212 3057 1281 'ejus
3086 1215 3236 1282 copia
3268 1228 3373 1267 non
3401 1228 3688 1281 urgemur,
3730 1213 3832 1267 im-

2232 1312 2451 1371 paratur
2478 1312 2532 1357 ut
2563 1302 2821 1373 proﬂuat,
2851 1313 2906 1358 et
2932 1304 3265 1372 obtemperat
3294 1322 3306 1357 :
3340 1304 3446 1358 imo
3477 1304 3607 1373 ipsis
3635 1303 3831 1360 abditis

2229 1395 2525 1450 visceribus
2546 1406 2601 1449 et
2632 1396 2835 1460 nervis,
2868 1396 3063 1465 ‘luihus
3090 1395 3230 1450 idem
3262 1395 3455 1450 humor
3477 1396 3781 1451 continetur
3813 1440 3831 1459 ,

2230 1486 2523 1553 imperatur
2553 1497 2611 1542 ut
2648 1502 2771 1542 cum
2816 1488 3111 1557 propellant
3133 1529 3150 1552 ,
3181 1489 3517 1557 exprimant,
3571 1488 3787 1554 ejiciant
3815 1529 3830 1547 ,

2228 1586 2282 1631 et
2302 1576 2346 1630 si
2366 1576 2560 1631 sanitas
2581 1577 2769 1643 adest,
2802 1579 2919 1633 sine
2945 1577 3255 1632 difﬁcultate
3275 1579 3514 1632 serviunt
3546 1580 3832 1632 voluntati.

2227 1668 2436 1735 Quanto
2464 1685 2591 1740 ergo
2618 1669 2821 1724 facilius
2858 1679 3019 1740 atque
3047 1670 3416 1741 tranquillius,
3458 1671 3837 1726 obedientibns

2226 1762 2549 1832 genitalibus
2594 1763 2835 1831 corporis
2885 1764 3157 1833 partibus,
3207 1773 3263 1818 et
3306 1763 3479 1835 ipsum
3532 1766 3834 1819 membrum

2231 1854 2593 1923 porrigeretur
2615 1896 2629 1918 ,
2657 1864 2711 1910 et
2759 1854 2922 1909 homo
2964 1854 3353 1918 seminaretur,
3387 1856 3485 1909 nisi
3518 1855 3833 1915 hominibus

2229 1943 2336 1997 illis
2358 1943 2787 1999 inobedientibus
2821 1944 3182 2000 membrorum
3211 1946 3434 2001 istorum
3466 1947 3831 2003 inobedicntia

2222 2035 2367 2106 justo
2409 2036 2672 2107 supplicio
2724 2036 3070 2093 redderetur?
3111 2037 3263 2105 Quod
3316 2038 3635 2108 supplicium
3693 2042 3835 2095 casti

2227 2130 2502 2194 sentiunt,
2536 2128 2624 2197 qui
2657 2129 2840 2198 procul
2887 2128 3051 2185 dubio
3073 2130 3335 2197 mallent,
3365 2131 3409 2185 si
3452 2141 3699 2200 possent,
3742 2131 3836 2200 jug

2227 2217 2386 2273 bente
2408 2218 2674 2273 voluntate
2701 2234 2860 2289 quam
2895 2220 3165 2288 pruriente
3186 2219 3455 2290 voluptate
3483 2221 3623 2276 IiIius
3667 2223 3836 2285 semis

2227 2324 2379 2364 nare.
2423 2307 2684 2363 linmundi
2713 2318 2887 2364 autem
2918 2309 3011 2380 qui
3063 2318 3282 2379 propter
3326 2311 3485 2365 istum
3530 2311 3828 2379 morbum,

2227 2415 2333 2454 non
2359 2400 2531 2454 solum
2562 2400 2905 2462 meretrices.
2937 2417 3121 2455 verum
3147 2401 3309 2456 etiam
3336 2404 3591 2474 coniuges
3610 2417 3785 2458 amant
3814 2448 3828 2465 ,

2226 2489 2294 2544 de
2341 2489 2445 2546 hoc
2489 2492 2750 2563 supplicio
2800 2492 2979 2548 carnis
3028 2493 3273 2564 graviore
3317 2495 3579 2566 supplicio
3628 2506 3829 2556 mentis
3885 2542 3893 2548 .

2226 2582 2517 2640 exsultant.

2296 2673 2523 2731 CAPUT
2549 2674 2767 2731 XXXII.
2788 2706 2858 2717 —
2885 2677 2976 2733 54.
3006 2676 3299 2750 Absitergo
3316 2690 3371 2734 ut
3392 2679 3652 2747 dicamus,
3683 2684 3833 2753 quod

2226 2779 2326 2820 nos
2354 2764 2535 2843 dicere
2582 2767 2683 2821 iste
2711 2767 3002 2838 contingit,
3038 2786 3058 2820 ι
3096 2769 3197 2823 ista
3227 2770 3473 2840 conjugia
3516 2788 3638 2843 quze
3685 2789 3834 2829 nunc

2225 2838 2489 2925 aguntur,
2518 2870 2550 2910 a
2575 2855 3041 2913 diaboloinveuta.
3076 2877 3097 2912 ι
3123 2838 3351 2918 Prorsus
3389 2838 3690 2931 ipsas-sunt
3726 2880 3835 2919 uu-

2227 2945 2375 3017 ptite,
2403 2960 2536 3016 quas
2562 2947 2630 3004 ab
2669 2947 2819 3004 initio
2842 2949 2980 3005 Deus
3010 2949 3259 3006 instituit.
3291 2951 3405 3008 IIoe
3434 2955 3579 3009 enim
3625 2955 3831 3023 bonum

2225 3052 2382 3093 suum
2424 3038 2493 3094 ad
2544 3039 2818 3095 hominum
2865 3042 3266 3112 generationem
3316 3042 3612 3100 institutum
3661 3047 3832 3106 etiam

2226 3129 2493 3185 damnatis
2521 3128 2826 3187 hominibus
2852 3146 2959 3187 non
2987 3132 3240 3199 detraxit,
3259 3134 3452 3205 quibus
3469 3151 3574 3191 non
3594 3136 3833 3194 detraxit

2226 3220 2387 3277 etiam
2414 3235 2605 3278 sensus
2632 3223 2807 3278 carnis
2834 3232 2890 3279 et
2915 3224 3183 3291 membra,
3213 3226 3579 3297 proculdubio
3605 3245 3830 3285 munera

2226 3327 2321 3369 sua
2339 3354 2355 3378 ,
2383 3314 2626 3384 quamvis
2646 3314 2756 3385 jam
2779 3315 2952 3372 debita
2980 3315 3321 3374 damnatione
3347 3319 3623 3375 moritura.
3654 3321 3775 3379 Ista:
3810 3364 3827 3386 ,

2227 3406 2442 3478 inquam
2465 3448 2483 3474 ,
2514 3417 2638 3462 sunt
2665 3408 2894 3478 nuptiae,
2923 3408 2992 3473 de
3018 3409 3210 3480 quibus
3223 3409 3423 3466 dictum
3444 3410 3830 3484 est.(excepto.

2226 3497 2368 3567 quod
2393 3497 2520 3554 hic‘
2551 3498 2834 3570 ﬁguratum
2858 3509 2940 3555 est
2955 3542 2973 3568 ,
2995 3516 3188 3572 magno
3211 3502 3303 3558 illo
3327 3500 3522 3569 Christi
3543 3513 3600 3559 et
3643 3490 3832 3560 Ecch-Q

2226 3589 2320 3644 sia:
2344 3590 2703 3657 sacramento)
2729 3633 2745 3657 ,
2774 3588 3056 3661 Pmplerea
3077 3593 3324 3663 relinquet
3360 3594 3512 3649 homo
3543 3605 3739 3666 patrem
3781 3610 3830 3651 ιιι

2226 3690 2468 3746 matrem,
2497 3690 2544 3734 et
2568 3680 2841 3735 adliwrcbit
2873 3683 3021 3736 uxori
3042 3698 3151 3739 sure
3165 3699 3187 3749 ;
3206 3695 3252 3740 et
3278 3696 3427 3740 erunt
3455 3686 3557 3741 duo
3582 3688 3636 3741 in
3669 3704 3832 3743 carne

2226 3785 2349 3824 una.
2384 3769 2497 3826 Iloc
2525 3771 2668 3826 enim
2695 3782 2821 3827 ante
2840 3783 3112 3842 peccatum
3133 3774 3332 3831 dictum
3359 3787 3441 3832 est
3471 3795 3484 3831 :
3517 3787 3573 3834 et
3596 3782 3639 3833 si
3665 3796 3833 3836 nemo

2228 3870 2537 3931 peccasset,
2582 3862 2700 3917 sine
2741 3862 2986 3932 pudenda
3035 3865 3257 3921 libidine
3303 3875 3482 3937 posset
3524 3870 3638 3926 ﬁeri
3680 3870 3724 3925 ³.
3756 3871 3831 3928 Et

2227 3966 2370 4006 nunc
2388 3952 2630 4023 quamvis
2656 3953 2773 4009 sine
2801 3954 2889 4008 illa
2921 3970 3028 4010 non
3055 3958 3143 4012 liat
3170 3957 3222 4012 in
3254 3972 3478 4029 corpore
3505 3962 3693 4016 mortis
3722 3962 3830 4017 hu-

2224 4040 2336 4111 jus,
2372 4043 2543 4113 ipsum
2570 4055 2653 4099 est
2682 4054 2857 4100 tamen
2883 4047 3027 4117 quod
3054 4062 3160 4102 non
3190 4060 3368 4105 cessat
3396 4050 3541 4117 ﬁeri,
3571 4053 3828 4109 utadlnr-

2228 4144 2343 4198 real
2374 4134 2536 4191 homo
2565 4136 2713 4192 uxori
2739 4152 2871 4205 suae,
2891 4149 2944 4195 et
2968 4140 3075 4196 sint
3090 4141 3197 4198 duo
3225 4143 3275 4197 in
3294 4159 3455 4199 carne
3479 4161 3601 4207 una.
3623 4147 3828 4215 Quam-

2226 4226 2409 4285 obrem
2451 4226 2553 4282 etsi
2594 4227 2824 4295 dicitur,
2866 4246 3006 4287 nunc
3043 4231 3176 4287 alias
3221 4236 3342 4290 esse
3384 4235 3633 4306 nuptias,
3690 4240 3830 4295 alios

2226 4333 2355 4375 Vero
2382 4318 2428 4373 si
2456 4334 2614 4385 nemo
2641 4332 2912 4390 peccasset
2939 4337 3062 4380 esse
3081 4326 3316 4394 potuisse
3332 4369 3350 4392 ,
3391 4345 3501 4384 non
3526 4333 3827 4389 secundum

2225 4402 2410 4465 earum
2434 4419 2711 4478 naturam,
2741 4412 2835 4471 sed
2856 4413 3149 4471 secundum
3169 4417 3454 4487 quamdam
3485 4421 3538 4477 in
3583 4421 3828 4482 deterius

2225 4508 2484 4556 mutatam
2500 4500 2696 4557 dicitur
2710 4503 3038 4574 qualitatem.
3058 4508 3206 4564 Sicut
3226 4510 3363 4567 alius
3387 4511 3612 4581 dicitur,
3634 4532 3830 4588 quam-

2225 4589 2308 4644 vis
2334 4590 2474 4646 idem
2496 4591 2612 4660 ipse
2635 4593 2702 4648 sit
2743 4593 2940 4663 homo,
2971 4598 3062 4669 qui
3090 4603 3375 4658 mutaverit
3417 4605 3579 4661 vitam
3624 4607 3740 4665 sive
3772 4612 3827 4666 in

2228 4681 2423 4735 melius
2445 4725 2459 4745 ,
2489 4683 2603 4738 sive
2632 4685 2684 4739 in
2714 4684 2991 4744 deterius:
3020 4691 3165 4749 aliud
3186 4704 3270 4750 est
3290 4697 3434 4752 enim
3460 4699 3657 4769 justus,
3679 4704 3827 4759 aliud

2227 4782 2501 4841 peccator;
2526 4776 2765 4843 quamvis
2787 4770 2927 4833 idem
2947 4780 3062 4851 ipse
3081 4783 3150 4837 sit
3171 4784 3352 4840 homo.
3380 4787 3468 4843 Sic
3484 4789 3603 4845 ali-'e
3623 4795 3830 4863 nuptias

2225 4863 2343 4917 sine
2369 4864 2610 4932 pudenda
2655 4866 2908 4936 libidine,
2937 4871 3057 4927 aliae
3100 4888 3221 4929 cum
3266 4877 3509 4946 pudenda
3555 4880 3825 4941 libidine:

2224 4970 2346 5010 cum
2376 4966 2549 5013 tamen
2577 4962 2869 5017 secundum
2894 4967 3328 5027 constitutionem
3376 4990 3526 5029 suam
3549 5017 3564 5042 ,
3595 4993 3700 5047 qua
3742 4979 3825 5034 le-

2223 5046 2410 5117 gitime
2430 5049 2769 5121 conjungitur
2799 5057 2988 5112 mulier
3008 5060 3121 5114 viro
3144 5104 3159 5129 ,
3192 5073 3247 5118 et
3287 5064 3420 5121 ﬁdes
3465 5046 3695 5125 carnalis
3728 5072 3829 5129 de-

2224 5135 2319 5201 biti
2347 5137 2415 5205 ab
2440 5138 2823 5229 adulteriorum
2857 5158 3074 5214 peccato
3107 5149 3131 5181 ‘
3162 5165 3409 5211 servatur
3434 5159 3721 5229 immunis,
3772 5176 3830 5221 et

2226 5226 2329 5293 hoc
2355 5244 2506 5293 more
2526 5230 2761 5302 legitimo
2788 5224 2879 5291 lilii
2902 5240 3269 5308 seminantur,
3288 5247 3490 5303 eaedem
3535 5250 3666 5319 ips:c
3697 5224 3829 5309 sunt

2225 5323 2609 5391 nuptizn,quas
2657 5325 2797 5380 Deus
2825 5327 3089 5399 instituit,
3131 5337 3378 5404 quamvis
3415 5339 3661 5397 diabolus
3713 5359 3826 5399 non

2287 5430 2487 5524 ἒξῖἱίιξῖς
2512 5430 2655 5524 ίέἔὲξξ.
2677 5436 3243 5524 ξοξὲεείιξιξεε
3271 5450 3363 5524 δἐι
3402 5456 3822 5524 βκρυηεθιξάιιςη.

2221 5493 2326 5598 fni;
2349 5493 2491 5541 abest
2527 5496 2657 5545 enim
2678 5493 2718 5546 'a
2739 5493 2898 5551 tribus
2918 5493 3700 5575 Vaticanisimaniiserﬁiti'sj-Ov‘elu

2241 5566 2329 5598 nco
2369 5551 2669 5598 legendum;
2737 5573 2847 5598 ηιηι
2883 5562 2994 5598 Isim
3066 5576 3113 5598 ..ο
3160 5573 3470 5598 nmmum...“
3514 5585 3583 5598 ,....
3627 5581 3820 5598 --.μηνί

2241 5551 2849 5644 ,Mcum
2882 5551 3150 5627 ιὶῡὲέξῖἀῖ⁷
3159 5551 3609 5626 éEéiiaZiiiliiYa'

2222 5626 2368 5679 manu
2393 5621 2455 5679 in
2472 5621 2766 5679 Benigniano
2786 5623 2927 5675 libro.

2285 5675 2306 5740 ξ
2338 5675 2537 5740 Quidam
2562 5675 2666 5729 M'ss.
2686 5716 2701 5740 ,
2727 5683 2860 5734 hinc.

2462 5747 2592 5820 post,
2610 5734 2747 5820 fieri,
2772 5747 2868 5820 duo
2890 5755 3200 5820 manuscripti
3227 5765 3277 5807 et
3313 5758 3556 5810 nonnullae
3579 5762 3783 5814 editioni
3804 5781 3829 5815 s

2223 5794 2436 5853 addunt,
2462 5794 2513 5848 in
2537 5794 2867 5863 cdrbwdwué
3119 5794 3200 5817 ..-..
3228 5794 3277 5807 υ.
3314 5794 3439 5835 ..υιητ

2491 5870 2541 5913 et
2587 5871 2690 5926 Fr,
2734 5869 2795 5928 ut:
2838 5871 3167 5926 adulterorum
3200 5889 3387 5943 peram
3441 5889 3693 5937 “emensis
3716 5895 3823 5952 tis,

2126 5934 2129 5937 ·
2229 5918 2450 5985 υΓιΥξιίξε.
