4144 6514
321 458 418 519 ιω

317 581 457 648 ipsa!
479 621 491 643 ,
522 577 612 632 sed
639 574 879 630 homines
906 591 968 628 ex
1010 574 1201 642 quibus
1248 572 1443 643 nuptiae
1472 572 1638 636 ﬁunt,
1689 574 1904 642 antiqua

318 669 518 740 peccati
551 666 893 736 persuasione
923 663 1098 718 saucia
1111 666 1259 725 verit,
1285 663 1657 717 inobt-dientim
1685 677 1907 733 persna-

316 760 490 814 dendo
523 769 830 830 peccaturo,
881 757 964 810 cui
1020 772 1112 824 per
1153 755 1389 810 divinum
1428 754 1683 826 judicium
1727 754 1908 808 inobe-

256 871 264 879 ·
316 853 510 908 dientia
537 851 895 906 mctnhrorum
917 849 1186 918 reciproca
1204 848 1547 913 redderetur;
1578 848 1748 916 inqua
1774 862 1906 901 con-

314 947 476 1015 jugali
501 986 516 1010 ,
551 944 793 1015 quamvis
819 943 1126 998 erubuerint
1153 942 1442 996 nuditatem
1466 957 1648 1007 suam,
1694 940 1905 1008 nuptia-

317 1056 430 1094 rum
457 1048 632 1092 tamen
662 1053 689 1090 a
714 1036 822 1091 Deo
850 1035 1139 1090 institutam
1164 1049 1268 1090 non
1296 1031 1603 1087 omnimodo
1620 1031 1908 1101 potuerunt

317 1129 557 1182 audttere
588 1126 896 1181 bonitatem.

383 1219 607 1278 CAPUT
639 1217 878 1274 XXXIII.
902 1246 973 1257 —
1003 1216 1089 1272 55.
1125 1216 1255 1270 Ilinc
1283 1215 1383 1270 Isle
1407 1213 1575 1286 pergit
1601 1215 1668 1269 ab
1702 1215 1780 1270 eis
1815 1214 1904 1284 qui

297 1312 739 1384 _conjungnntur,
779 1308 844 1363 ad
888 1323 981 1363 cos
1027 1309 1114 1378 qui
1155 1307 1472 1378 gignuntur,
1518 1317 1732 1376 propter
1770 1321 1904 1377 quos

315 1404 367 1456 In
431 1403 528 1457 hac
574 1401 866 1471 qumstione
911 1401 1071 1456 tantis
1109 1398 1364 1454 adversus
1412 1413 1578 1454 novos
1626 1399 1904 1455 hzerczicos

315 1493 759 1564 disputationibus
792 1493 1094 1547 laboramus
1123 1510 1136 1545 :
1167 1500 1218 1546 et
1240 1491 1450 1546 occulto
1484 1491 1573 1547 Dei
1595 1492 1904 1562 compulsus

312 1585 570 1640 instinctu
593 1583 717 1640 dicit
751 1583 988 1656 aliquid,
1020 1582 1112 1638 ubi
1143 1592 1309 1638 totum
1359 1581 1516 1638 istum
1565 1581 1760 1637 nodum
1808 1599 1903 1638 sua

312 1675 648 1730 confessione
673 1673 938 1730 dissolvit.
977 1673 1171 1729 Volens
1198 1674 1339 1730 enim
1366 1675 1518 1730 nobis
1543 1675 1802 1744 majorem
1818 1675 1901 1728 in-

313 1767 506 1822 vidiam
531 1783 871 1824 commovere
891 1809 903 1830 ,
929 1767 1047 1838 quia
1093 1766 1319 1821 dicimus
1359 1768 1517 1822 etiam
1559 1767 1626 1823 de
1656 1769 1903 1839 legitimis

314 1858 510 1928 nuptiis
538 1857 638 1912 sub
666 1869 883 1927 peccato
920 1858 1165 1927 parvulos
1215 1858 1360 1913 nasci
1391 1877 1403 1913 :
1433 1877 1457 1910 ι
1500 1858 1620 1913 Illos
1667 1875 1795 1930 ergo
1827 1901 1840 1922 ,
1877 1880 1897 1914 ι

314 1947 512 2019 Inquit,
543 1967 565 2000 s
599 1949 686 2020 qui
715 1964 983 2020 nunquam
1011 1949 1116 2004 nati
1139 1960 1296 2015 sunt,
1325 1951 1495 2006 bonos
1520 1951 1754 2022 potuisse
1782 1968 1902 2008 esse

311 2037 444 2095 dicis
475 2058 488 2094 :
521 2039 650 2095 istos
682 2055 812 2095 vero
838 2039 926 2110 qui
958 2039 1210 2094 mundum
1237 2041 1586 2110 impleverunt
1613 2084 1628 2107 ,
1655 2057 1752 2112 pro
1779 2044 1900 2113 qui-

315 2131 410 2186 bus
429 2129 677 2186 Christus
698 2139 936 2186 mortuus
961 2139 1042 2185 est
1060 2171 1076 2198 ,
1105 2130 1302 2185 diaboli
1330 2147 1464 2202 opus
1507 2142 1560 2188 et
1598 2133 1665 2187 de
1714 2133 1901 2187 morbo

314 2233 500 2286 natos,
526 2231 580 2278 et
607 2222 674 2276 ab
696 2221 916 2276 exordio
953 2236 1072 2275 reos
1093 2221 1304 2276 dellnis.
1348 2221 1575 2276 Probavi
1624 2223 1799 2294 itaque
1820 2265 1834 2289 ,
1876 2242 1894 2276 ι

315 2314 512 2384 inquit,
545 2332 564 2366 ι
604 2314 731 2369 nihil
766 2325 816 2369 te
837 2313 980 2368 aliud
1021 2329 1214 2383 agere,
1237 2329 1396 2384 quam
1422 2323 1477 2367 ut
1526 2313 1691 2370 Deum
1741 2330 1901 2385 neges

314 2405 502 2461 laurum
526 2448 540 2471 ,
571 2406 662 2477 qui
704 2415 862 2466 sunt.
893 2404 1168 2460 hominum
1199 2406 1551 2461 cenditorem.
1589 2424 1607 2458 ι
1646 2406 1759 2476 Ego
1785 2407 1901 2478 qui-

311 2496 432 2551 dem
462 2496 790 2553 conditorem
825 2495 1099 2551 hominum
1129 2496 1364 2551 omnium
1384 2538 1399 2564 ,
1437 2497 1679 2567 quamvis
1714 2513 1901 2554 omnes

312 2589 410 2643 sub
436 2598 657 2660 peccato
679 2598 966 2643 nascantur
987 2629 1000 2652 ,
1029 2597 1083 2643 et
1111 2597 1328 2658 pereant
1367 2589 1466 2642 nisi
1511 2597 1860 2644 renascantur
1882 2630 1897 2654 ,

314 2694 418 2734 non
445 2679 564 2734 dico
585 2680 683 2734 nisi
709 2679 898 2734 Deum.
925 2678 1121 2734 Vitium
1160 2678 1356 2748 quippe
1397 2677 1772 2733 inseminatum
1820 2687 1902 2734 est

313 2771 659 2840 persuasione
687 2771 917 2833 diaboli,
941 2764 1037 2840 per
1064 2769 1204 2840 quod
1231 2770 1329 2824 sub
1353 2781 1570 2840 peccato
1600 2772 1707 2828 nati
1730 2781 1855 2830 sunt
1881 2814 1896 2839 ,

313 2876 418 2917 non
443 2870 634 2916 natura
658 2862 871 2917 condita
892 2876 994 2932 qua
1043 2861 1288 2920 homines
1323 2871 1466 2920 sunt.
1510 2861 1696 2917 Libido
1721 2871 1900 2917 autem

313 2951 557 3024 pudenda
583 2969 687 3007 non
709 2960 920 3008 moveat
946 2951 1182 3008 membra
1203 2993 1218 3016 ,
1252 2951 1353 3010 nisi
1375 2950 1586 3021 quando
1610 2953 1855 3008 volmnus
1883 2995 1898 3021 ,

311 3052 366 3099 et
393 3058 498 3097 non
522 3052 601 3098 est
622 3043 860 3100 morbus.
887 3042 1002 3099 Non
1024 3043 1091 3098 de
1120 3043 1206 3103 illa
1235 3041 1514 3098 erubescat
1539 3042 1698 3103 etiam
1729 3043 1902 3100 licitus

310 3143 367 3189 et
404 3133 659 3188 honestus
698 3133 1101 3204 coniugator-um
1142 3132 1454 3191 concubitus
1477 3133 1738 3200 ,,.vitando
1773 3149 1902 3190 con-

312 3237 551 3295 spectum
573 3235 626 3279 et
658 3224 956 3296 appetendo
991 3235 1278 3290 secretum,
1308 3235 1361 3280 et
1403 3240 1505 3280 non
1551 3235 1634 3280 est
1659 3225 1897 3280 morbus.

313 3316 425 3371 Non
454 3317 732 3387 prohibeat
753 3317 1038 3388 Apostolus
1069 3317 1120 3371 in
1147 3316 1249 3372 hoc
1275 3317 1460 3370 morbo
1478 3317 1901 3392 pOSsidcriuxo-

314 3422 399 3461 res
422 3450 437 3469 ,
479 3417 534 3461 et
558 3422 674 3462 non
710 3419 791 3461 est
830 3405 1064 3461 morbus.
1091 3406 1242 3483 Quod
1283 3407 1425 3468 enim
1467 3423 1670 3477 gra-cus
1700 3407 1856 3462 habet
1882 3451 1897 3476 ,

311 3502 358 3551 iw
387 3504 524 3551 πάθει
568 3501 852 3565 dissaepta“,
907 3496 995 3551 alii
1036 3497 1196 3552 latine
1244 3498 1576 3566 interpretati
1635 3508 1796 3565 Sunt,
1845 3502 1900 3559 in

313 3587 483 3643 morbo
512 3588 782 3655 desiderii,
807 3590 885 3644 vel
915 3589 1371 3658 concupiscentia;
1401 3589 1490 3644 alii
1519 3605 1645 3645 vero
1667 3630 1682 3654 ,
1714 3591 1766 3644 in
1784 3607 1903 3660 pas-

312 3679 451 3733 sione
477 3679 897 3748 concupiscentia:
925 3679 965 3753 (l
1001 3677 1176 3734 Thess.
1208 3695 1259 3734 tv
1282 3721 1298 3746 ,
1331 3679 1416 3750 5),
1445 3680 1527 3734 vel
1569 3679 1616 3735 si
1643 3695 1748 3750 quo
1792 3681 1900 3738 alio

313 3770 576 3825 modoin
621 3771 741 3826 aliis
788 3779 948 3842 atque
999 3770 1118 3826 aliis
1164 3771 1434 3826 codicibus
1463 3773 1730 3827 invenitur
1759 3790 1775 3829 :
1805 3772 1900 3828 sed

313 3869 492 3938 passio
519 3870 570 3923 in
593 3869 766 3939 lingua
796 3868 956 3924 latina
980 3909 996 3935 ,
1026 3868 1255 3924 maxime
1282 3883 1380 3922 usu
1418 3867 1668 3939 loquendi
1721 3868 1900 3923 eccle-

311 3959 530 4015 siastico
552 4000 568 4026 ,
605 3974 710 4016 non
737 3960 837 4019 nisi
869 3960 884 3992 ³
911 3960 978 4015 ad
1027 3960 1464 4031 vituperationem
1494 3959 1773 4021 consuevit
1817 3959 1898 4019 in:

311 4052 399 4108 tell
407 4052 494 4124 igi.

383 4144 474 4200 56.
515 4142 802 4211 Quodlibet
851 4152 1029 4206 autem
1065 4142 1136 4200 de
1184 4143 1428 4215 pudenda
1466 4143 1899 4215 concupiscentia

311 4237 488 4293 carnis
517 4239 618 4293 iste
659 4238 872 4304 sentiat,
899 4237 966 4293 de
1017 4237 1271 4306 parvulis,
1319 4253 1415 4307 pro
1444 4237 1635 4307 quibus
1687 4236 1900 4292 labora-

312 4343 451 4395 mus,
486 4338 544 4384 ιιι
572 4329 836 4385 salvatore
877 4328 1115 4399 indigere
1144 4328 1450 4392 credantur,
1481 4343 1546 4383 ne
1574 4328 1690 4383 sine
1730 4327 1902 4382 salute

310 4423 626 4485 moriantur,
653 4421 868 4479 attende
909 4421 1036 4492 quid
1078 4421 1313 4478 dixerit:
1350 4420 1508 4476 verba
1538 4421 1655 4490 ejus
1692 4428 1897 4490 repeto.

316 4514 443 4575 ιιιοε
469 4532 610 4587 ergo,
642 4514 842 4585 inquit,
871 4514 958 4586 qui
1002 4530 1272 4586 nunquam.
1305 4513 1410 4566 nati
1450 4521 1588 4579 sunt,
1622 4512 1776 4566 bonos
1805 4527 1900 4582 po-

314 4608 466 4662 tuisse
507 4622 613 4660 esse
653 4606 782 4660 dicis
803 4621 822 4660 :
849 4607 972 4660 istos
1007 4621 1120 4659 vero
1161 4605 1247 4676 qui
1275 4605 1519 4658 mundum
1543 4602 1896 4674 impleverunt,

316 4715 407 4767 pro
439 4699 616 4769 quibus
655 4697 886 4754 Christus
930 4705 1155 4751 mortuus
1200 4707 1293 4762 est,
1342 4695 1531 4749 diaboli
1571 4713 1718 4766 Opus,
1749 4705 1796 4748 et
1838 4695 1902 4749 de

317 4790 487 4845 utorbo
529 4801 706 4858 natos,»
742 4799 786 4844 et
829 4789 891 4844 ab
915 4789 1123 4844 exordio
1153 4805 1264 4842 reos
1303 4787 1502 4856 deﬁnis.
1530 4785 1575 4842 Ο
1604 4787 1666 4843 εἰ,
1699 4786 1896 4843 nodum

316 4881 518 4937 solvat’
566 4881 725 4935 etiam
771 4879 1150 4943 contentionis,
1191 4878 1460 4948 quomodo
1503 4875 1700 4931 nodum
1745 4877 1903 4931 Solvit

317 4971 468 5026 istius
492 4971 840 5043 qumstionist
873 4969 1142 5041 Numquid
1171 4969 1314 5025 enim
1344 4983 1402 5024 se
1440 4967 1598 5023 modo
1637 4968 1704 5024 de
1728 4967 1900 5038 majo-

316 5063 464 5119 ribus
510 5064 607 5118 ista
657 5061 892 5117 locutum
939 5076 1060 5116 esse
1101 5061 1340 5118 dicturus
1369 5060 1488 5113 cst?
1535 5059 1610 5114 De
1663 5059 1902 5130 parvulis

314 5155 506 5224 agitur,
539 5154 605 5209 de
632 5153 973 5210 nascentibus
998 5153 1189 5222 agitur,
1228 5151 1295 5207 de
1332 5151 1415 5207 ltis
1442 5150 1595 5206 nobis
1607 5150 1664 5218 ⁸,,
1681 5151 1801 5220 quia
1823 5150 1902 5207 rei

313 5247 384 5300 sb
412 5246 631 5302 exordio
659 5246 985 5303 deﬁniuntur
1026 5259 1056 5300 a
1085 5245 1258 5310 nobis,
1301 5244 1369 5299 ab
1398 5244 1490 5299 illo
1525 5243 1720 5299 invidia
1749 5247 1900 5300 co'm-

313 5349 578 5404 movetur,
609 5339 730 5409 quia
758 5353 851 5394 eos
880 5337 1106 5396 dicimus
1145 5351 1285 5403 reos,
1317 5351 1411 5407 pro
1440 5335 1633 5406 quibus
1657 5335 1902 5393 Christus

313 5438 556 5485 niortuus
577 5437 678 5483 est.
713 5425 820 5480 Cur
847 5441 975 5496 ergo
1007 5442 1100 5497 pro
1130 5427 1233 5482 illis
1260 5426 1504 5482 Christus
1534 5437 1773 5481 mortuus
1796 5437 1915 5494 est,

312 5521 360 5576 si
408 5536 513 5575 non
561 5529 686 5575 sunt
732 5518 854 5575 rei?
898 5518 1024 5574 Inde
1073 5534 1326 5588 prorsus,
1371 5519 1494 5573 inde
1543 5519 1900 5574 obtinebimus

312 5629 553 5681 causam,
577 5612 718 5668 unde
758 5612 1090 5667 excitandam
1121 5611 1322 5681 putavit
1351 5610 1627 5666 invidiam.
1670 5610 1785 5681 Ipse
1820 5610 1897 5665 di-

379 5754 405 5815 |_
433 5757 532 5798 Am.
559 5755 629 5815 _e_t
672 5760 846 5815 omnes
878 5749 1223 5815 manuscripti,
1259 5760 1352 5798 non
1383 5747 1448 5798 ad
1484 5749 1895 5815 uituperationem,

313 5809 646 5879 (summisi;
667 5810 794 5874 quod
813 5809 1136 5879 levanienses
1155 5809 1216 5879 a_h
1239 5816 1429 5879 erasnm
1451 5809 1688 5875 adjectum
1711 5809 1898 5876 putant.

379 5875 400 5904 '
434 5872 601 5921 Plures
618 5870 749 5928 Mss,
768 5879 806 5919 0
823 5870 892 5920 sic
915 5871 1096 5920 nodum
1117 5870 1281 5919 solvat.

379 5934 404 5965 ⁸
432 5943 532 5983 Am.
560 5942 632 5983 Er.
662 5940 712 5983 et
732 5932 944 5981 nonnulli
971 5939 1105 5991 Mss,
1124 5930 1270 5982 noris.

1619 456 1820 512 LlBl-Jlt
1860 439 2232 512 suemus.

3505 464 3613 520 θεΐο

2017 571 2107 638 cit,
2155 571 2417 638 Quomodo
2463 573 2532 626 rei
2575 585 2688 627 sunt
2741 576 2955 646 paruuli,
3006 593 3100 650 pro
3151 578 3327 649 quibus
3374 579 3606 637 Christus

2014 672 2240 718 mortuus
2279 664 2390 718 est?
2434 663 2540 719 Nos
2582 664 3008 735 respondemus:
3058 667 3168 724 lmo
3220 671 3424 740 parvuli
3468 687 3608 742 quc-

2011 753 2173 810 modo
2202 757 2278 810 rei
2310 772 2414 810 non
2442 766 2586 824 sunt,
2619 774 2712 828 pro
2738 758 2926 829 quibus
2947 759 3190 818 Christus
3220 772 3462 820 mortuus
3484 775 3567 819 est
3592 765 3609 819 ἰ

2011 843 2115 900 Ista
2174 848 2542 902 controversia
2599 848 2831 919 judicem
2895 853 3142 922 quzerit‘.
3205 853 3420 910 ludicet
3470 871 3600 927 erg!

2010 933 2272 1001 Christus,
2301 948 2354 993 et
2380 939 2464 993 cui
2504 938 2580 994 rei
2617 955 2765 996 mors
2785 941 2902 1010 ejus
2946 943 3261 1013 profecerit,
3282 946 3396 1016 ipse
3433 947 3600 1002 dicat.

2012 1025 2113 1081 Hic
2141 1038 2234 1095 est,
2267 1030 2457 1100 inquit,
2491 1033 2700 1103 sanguis
2730 1049 2891 1101 meus,
2927 1036 3013 1103 qui
3052 1053 3143 1107 pro
3169 1039 3341 1094 multis
3369 1038 3600 1106 effunde-

2011 1127 2094 1171 tur
2123 1118 2174 1172 in
2205 1121 2550 1175 remissionem
2588 1134 2904 1192 peccatorum
2930 1124 3139 1195 (Matth.
3172 1144 3324 1196 xxvi,
3359 1130 3477 1202 28).
3505 1130 3602 1186 Ju-

2009 1207 2150 1264 dicct
2174 1226 2293 1265 cum
2324 1211 2415 1266 illo
2443 1222 2496 1266 et
2533 1213 2842 1282 Apostolus,
2873 1216 2994 1286 quia
3034 1218 3166 1272 etin
3198 1221 3454 1289 Apostolo
3485 1222 3599 1292 ipse

2006 1300 2241 1372 loquitur
2265 1302 2530 1358 Christus.
2559 1304 2764 1360 Clamat
2793 1316 2846 1361 et
2873 1307 3004 1362 dicit
3035 1307 3102 1364 de
3139 1309 3247 1365 Deo
3286 1310 3462 1377 Patre,
3497 1312 3599 1380 Qui

2009 1389 2216 1460 praprio
2247 1389 2388 1446 Filio
2419 1409 2518 1448 non
2555 1396 2797 1466 pepercit,
2825 1396 2913 1450 sed
2939 1414 3031 1466 pro
3059 1398 3202 1452 nobis
3231 1399 3461 1455 omnibus
3494 1411 3599 1454 tra-

2009 1480 2137 1534 didi:
2172 1497 2284 1536 ezun
2312 1480 2486 1556 (Rom.
2522 1501 2631 1552 vnt,
2664 1484 2775 1559 52).
2815 1487 2950 1543 Puto
2989 1489 3130 1559 quod
3169 1491 3240 1545 ita
3272 1492 3410 1546 dieat
3437 1493 3598 1549 Chri-

2007 1581 2146 1626 stum
2180 1572 2430 1628 traditum
2480 1591 2577 1646 pro
2603 1577 2850 1634 euntibus
2895 1579 3068 1645 nobis,
3099 1591 3155 1636 ut
3198 1583 3249 1637 in
3297 1583 3396 1638 hac
3437 1600 3596 1640 causa

2007 1667 2212 1736 parvuli
2255 1683 2360 1724 non
2406 1679 2720 1740 separentur
2747 1686 2776 1725 a
2809 1673 2980 1727 nobis.
3031 1673 3135 1729 Sed
3175 1675 3299 1746 quid
3340 1692 3474 1748 opus
3516 1689 3600 1740 est

2008 1758 2132 1815 hinc
2161 1769 2421 1831 satagere,
2458 1761 2597 1818 unde
2619 1762 2729 1832 jam
2761 1779 2860 1819 nec
2887 1765 2986 1819 iste
3011 1767 3318 1824 contendit:
3353 1768 3598 1841 quando-

2007 1851 2222 1921 quidem
2270 1867 2377 1907 non
2419 1855 2590 1910 solum
2632 1855 2913 1912 conﬁtetur
2951 1867 3218 1913 mortuum
3250 1859 3410 1916 fuisse
3437 1862 3598 1916 etiam

2007 1957 2104 2012 pro
2130 1942 2363 2014 Parvulis
2392 1942 2688 2014 Christum,
2716 1961 2900 2002 verum
2930 1947 3089 2002 etiam
3120 1948 3245 2004 inde
3276 1964 3373 2004 nos
3399 1952 3594 2022 arguit,

2007 2033 2147 2105 quod
2174 2034 2390 2090 eosdem
2419 2037 2668 2106 parvulos
2695 2051 2816 2092 reos
2836 2037 3082 2104 dicimus,
3113 2054 3209 2110 pro
3237 2039 3430 2111 quibus
3454 2057 3592 2096 mor-

2007 2136 2128 2182 tuus
2156 2135 2236 2182 est
2261 2125 2540 2183 Christus?
2582 2127 2699 2183 .Iam
2749 2129 2930 2200 itaque
2975 2131 3264 2200 Apestolns
3305 2131 3396 2201 qui
3435 2131 3589 2199 dixit,

2005 2231 2104 2287 pro
2146 2217 2303 2272 nobis
2339 2218 2588 2273 omnibus
2632 2217 2888 2275 traditum
2919 2219 3387 2288 Christum,dicat
3432 2223 3594 2278 etiam

2006 2323 2171 2379 quare
2213 2309 2283 2364 sit
2325 2323 2423 2378 pro
2466 2309 2622 2364 nobis
2667 2309 2892 2366 traditus
2916 2309 3184 2368 Christus.
3235 2312 3477 2368 Traditus
3505 2325 3593 2382 est,

2006 2398 2210 2469 inquit,
2254 2408 2458 2470 prapter
2503 2399 2689 2454 delicta
2734 2409 2948 2469 nostra,
2983 2411 3030 2456 et
3078 2404 3350 2458 resurrexit
3392 2414 3600 2476 prapter

1996 2489 2414 2560 justiﬁcationem
2453 2501 2678 2546 nostram
2720 2490 2833 2563 (Id.
2867 2509 2938 2562 tv,
3135 2494 3192 2551 Si
3235 2495 3416 2566 igitur,
3463 2497 3602 2552 sicut

2007 2579 2107 2636 iste
2132 2589 2186 2636 et
2209 2580 2512 2648 conﬁtetur,
2543 2583 2955 2654 ctprotitetur’,
2985 2595 3041 2642 et
3065 2585 3215 2655 dicit,
3237 2597 3290 2643 et
3312 2587 3514 2658 objicit,
3546 2591 3598 2646 in

2006 2670 2086 2726 eis
2114 2679 2246 2727 sunt,
2279 2680 2334 2727 et
2377 2672 2582 2742 parvuli
2614 2689 2711 2746 pro
2737 2675 2930 2746 quibus
2961 2675 3185 2732 traditus
3213 2687 3295 2733 est
3329 2676 3597 2745 Christus,

2005 2773 2064 2818 et
2107 2773 2327 2836 propter
2355 2763 2546 2820 delicta
2599 2775 2779 2822 nostra
2829 2767 3053 2824 traditus
3085 2777 3169 2824 est
3192 2769 3470 2835 Christus;
3501 2770 3600 2825 ha-

2005 2852 2132 2909 bent
2158 2854 2397 2924 prol‘ccto
2427 2865 2482 2912 et
2509 2858 2712 2928 parvuli
2737 2857 2929 2915 delicta
2955 2860 3253 2932 originalia,
3287 2877 3383 2932 pro
3408 2863 3599 2934 quibus

2006 2946 2232 3005 traditus
2275 2956 2356 3004 est
2382 2947 2673 3008 Christus:
2709 2949 2870 3006 habet
2897 2951 3038 3023 quod
3076 2952 3129 3008 in
3159 2953 3239 3010 eis
3281 2963 3454 3022 sanet,
3480 2956 3595 3026 qui,

2007 3038 2146 3092 sicut
2188 3037 2302 3108 ipse
2342 3038 2435 3105 ait,
2470 3056 2574 3095 non
2611 3049 2684 3096 est
2725 3057 2853 3114 opus
2894 3042 3038 3098 sanis
3074 3043 3317 3112 medicus,
3343 3043 3432 3100 sed
3469 3045 3603 3100 male

2007 3127 2304 3186 habentibus
2335 3129 2546 3202 (Matth.
2577 3146 2656 3198 Ix,
2689 3131 2780 3203 l2)
2809 3150 2823 3188 :
2857 3131 3019 3189 habet
3053 3148 3151 3189 cur
3187 3149 3284 3191 eos
3308 3135 3482 3191 salvos
3519 3135 3600 3191 fa-

2005 3220 2130 3288 ciat,
2152 3223 2240 3297 qui
2265 3224 2393 3278 venit
2416 3223 2469 3278 in
2491 3223 2754 3290 mundum,
2777 3225 2914 3281 sicut
2934 3225 3061 3282 dicit
3080 3228 3349 3298 apostolus
3378 3227 3596 3296 Paulus,

2006 3323 2290 3384 peccatores
2320 3313 2485 3368 salvos
2513 3320 2679 3387 facere
2708 3317 2763 3389 (Ι
2798 3317 2926 3372 Tim.
2959 3335 2994 3384 t,
3031 3319 3117 3392 l5)
3143 3340 3154 3370 :
3190 3320 3347 3375 habet
3372 3321 3512 3392 quod
3540 3322 3596 3379 in

2006 3405 2084 3458 eis
2121 3403 2378 3473 remittat,
2405 3406 2494 3476 qui
2526 3407 2836 3478 sanguinem
2861 3423 2919 3464 se
2947 3408 3143 3465 fudisse
3171 3420 3395 3466 testatur
3421 3413 3475 3466 in
3511 3428 3598 3466 re-

2007 3495 2298 3552 missionem
2322 3506 2640 3568 peccatorum
2667 3515 2686 3554 :
2733 3500 2893 3557 habet
2920 3513 3134 3572 propter
3159 3504 3304 3573 quod
3327 3519 3422 3562 eos
3449 3519 3597 3574 qua:-

2006 3597 2110 3655 rat,
2140 3588 2233 3659 qui
2262 3590 2416 3657 venit,
2447 3600 2504 3645 ut
2541 3589 2690 3658 dicit,
2720 3608 2944 3663 quwrere
2967 3602 3013 3648 et
3037 3594 3232 3648 saluum
3259 3600 3426 3666 facere
3462 3596 3596 3667 quod

2007 3679 2220 3751 perierat
2247 3677 2396 3752 (Luc.
2428 3696 2540 3746 rus,
2573 3680 2664 3752 10)
2691 3699 2704 3736 :
2739 3682 2900 3738 habet
2932 3684 3074 3754 quod
3104 3685 3157 3738 in
3197 3684 3276 3740 eis
3301 3684 3471 3741 solvat
3502 3685 3595 3740 Fi-

2007 3770 2110 3826 lius
2154 3769 2268 3837 Dei,
2307 3772 2396 3842 qui
2441 3779 2717 3843 pr0pterea
2761 3774 2936 3838 venit,
2965 3774 3102 3832 sicut
3147 3775 3276 3835 dicit
3320 3777 3594 3850 apostolus

2006 3860 2259 3930 Joannes,
2293 3873 2347 3917 ut
2375 3864 2537 3918 solvat
2560 3882 2718 3936 opera
2747 3865 2936 3926 diaboli
2976 3867 3028 3939 (I
3057 3866 3215 3924 Joan.
3247 3885 3324 3937 ιιι,
3353 3867 3430 3943 8).
3460 3869 3594 3928 Huic

2005 3968 2133 4026 ergo
2163 3953 2501 4025 parvulorum
2529 3957 2684 4012 saluti
2729 3957 2974 4016 inimicus
3016 3968 3119 4026 est,
3155 3959 3245 4030 qui
3284 3975 3468 4015 eorum
3517 3961 3597 4016 sic

2005 4051 2198 4104 asserit
2239 4047 2630 4118 innocentiam,
2660 4058 2718 4109 ut
2747 4051 2998 4106 sanciatis
3037 4060 3092 4108 et
3118 4052 3412 4109 vulneratis
3439 4063 3598 4126 neget

2007 4139 2368 4194 necessariam
2396 4140 2735 4199 medicinam.

2078 4229 2302 4287 CAPUT
2339 4231 2666 4292 XXXIXL—
2693 4233 2781 4291 57.
2821 4233 2939 4290 Jam
2976 4235 3117 4306 quod
3147 4237 3469 4308 sequitur.et
3497 4238 3596 4295 ad»

2001 4325 2194 4396 jungit,
2223 4325 2462 4388 attende.
2491 4326 2567 4384 Si.
2590 4326 2738 4382 aute‘
2777 4339 3056 4401 peccatum.
3095 4329 3286 4401 inquit,
3317 4347 3406 4400 per
3430 4329 3612 4391 Deum,

2005 4426 2228 4472 creatum
2275 4427 2344 4473 est
2383 4418 2517 4473 unde
2543 4419 2770 4474 homines
2817 4431 3158 4490 nascerentur,
3208 4440 3296 4494 per
3337 4422 3596 4480 diabolum

2005 4517 2171 4562 autem
2209 4507 2348 4564 unde
2385 4519 2616 4580 parentes
2655 4522 3103 4577 commoverentur,
3132 4512 3444 4568 adscribetur
3489 4516 3598 4568 sine

2005 4597 2156 4651 dubio
2183 4599 2422 4654 sanctitas
2452 4599 2770 4659 nascentibus
2794 4611 2840 4653 et
2866 4601 3017 4672 culpa
3045 4603 3416 4673 generantibus.
3445 4603 3592 4668 Quod

2005 4689 2121 4760 quia
2160 4689 2562 4760 manifestissime
2587 4691 2787 4760 nuptias
2809 4691 3041 4760 damnat,
3069 4701 3291 4749 amuveto
3317 4693 3449 4746 hunc
3477 4710 3598 4748 sen-

2005 4793 2138 4842 sum,
2170 4793 2365 4850 precor,
2390 4785 2454 4833 ds
2480 4777 3031 4845 Ecclesiarummedio,
3065 4797 3109 4835 ct
3138 4797 3248 4836 vere
3272 4782 3460 4838 credita
3480 4785 3599 4854 quia

2008 4885 2086 4939 per
2117 4867 2295 4922 Iesum
2331 4867 2589 4924 Christum
2632 4873 2767 4942 facta
2806 4883 2924 4929 sunt
2947 4887 3137 4937 omnia,
3169 4882 3215 4925 et
3239 4873 3345 4927 sine
3370 4879 3480 4945 ipso
3519 4877 3601 4945 [a-

2004 4971 2141 5015 ctum
2183 4971 2254 5015 est
2298 4961 2424 5016 nihil
2454 4962 2630 5032 (Joan.
2665 4978 2703 5030 ι,
2736 4963 2812 5034 5),
2856 4962 2926 5018 Ita
2976 4964 3076 5019 hoc
3116 4965 3265 5032 dicit,
3305 4969 3456 5038 quasi
3499 4984 3599 5023 nos

2007 5051 2270 5118 dicamus,
2301 5067 2398 5125 per
2452 5051 2722 5110 diabolum
2761 5054 2959 5123 aliquid
3003 5056 3314 5112 substantiae
3359 5073 3598 5115 creatum

2007 5145 2060 5201 in
2113 5145 2456 5201 hominibus.
2489 5145 2761 5203 Persuasit
2810 5146 3008 5202 malum
3057 5148 3299 5204 diabolus
3347 5159 3599 5223 tat'tquaat

2009 5247 2304 5309 peccatum,
2338 5251 2441 5292 non
2471 5239 2674 5293 creavit
2715 5246 2968 5308 tanquam
2998 5249 3262 5295 naturam.
3293 5242 3397 5298 Sed
3443 5245 3602 5314 plane

2009 5328 2246 5386 natura?
2275 5328 2557 5400 persuasit,
2575 5330 2698 5398 quia
2728 5329 2889 5385 homo
2916 5339 3101 5386 natura
3129 5343 3235 5400 est,
3255 5342 3310 5389 et
3336 5333 3456 5391 ideo
3479 5351 3600 5392 eam

2010 5419 2379 5492 persuadendo
2409 5421 2630 5474 vitiavit.
2675 5419 2777 5490 Qui
2816 5423 2957 5476 enim
3004 5425 3266 5492 vulnerat,
3310 5440 3416 5480 non
3453 5437 3605 5482 creat

2009 5511 2268 5576 membra,
2298 5510 2392 5566 sed
2421 5512 2628 5567 vexat'.
2661 5511 2764 5568 Sed
2789 5512 3004 5567 vulnera
3025 5531 3143 5584 qum
3171 5515 3484 5586 corporibus
3519 5517 3604 5577 ina

2074 5694 2091 5723 ⁸
2126 5695 2307 5738 Omnes
2327 5696 2457 5748 .\tss.,
2480 5695 2685 5751 quaeras.

2073 5754 2094 5816 ξ
2127 5753 2326 5814 Benigu.
2345 5759 2427 5801 Ms.
2444 5747 2692 5816 μέτριοι-ιι,
2715 5760 2760 5803 et
2785 5747 3056 5816 proﬁtetur.

2074 5815 2096 5875 ἓ
2129 5822 2226 5875 Atti.
2257 5821 2328 5861 ur.
2355 5820 2408 5862 et
2430 5815 2597 5875 plures
2619 5821 2746 5875 Μδδη
2766 5815 2804 5864 si
2831 5820 3009 5863 autem.

2073 5874 2096 5934 ξ
2130 5873 2296 5925 Plures
2317 5873 2444 5934 Mss,
2471 5881 2712 5925 naturam.

2079 5931 2100 5963 ⁵
2132 5938 2325 5991 Quidam
2351 5931 2453 5994 διὲξ,
2480 5938 2561 5986 scd
2591 5936 2720 5988 t'itt'at
