4170 6544
518 422 615 477 Hi

524 533 826 605 lliguntur‘,
855 532 1092 588 membra
1130 528 1325 582 faciunt
1351 523 1669 588 claudicare,
1700 522 1781 574 vel
1823 535 1963 590 aegre
1993 534 2110 572 mo-

519 630 653 695 veri,
690 643 794 682 non
826 640 942 681 eam
976 626 1223 677 virtutem
1264 633 1366 689 qua
1394 617 1601 687 justo..'
1644 624 1726 668 est
1756 613 1954 667 homo:
1988 613 2110 664 vul-

521 735 620 775 nus
646 727 844 781 autem,
870 716 1005 786 quod
1038 719 1312 784 peceatum
1336 717 1575 770 vocatur,
1610 706 1777 777 ipsam
1810 705 1969 758 vitam
2000 701 2113 754 κ-ιιι-

519 820 692 876 uerat,
732 825 836 879 qua
876 817 1020 863 recte
1061 803 1353 857 vivebatur.
1386 799 1498 854 lloc
1541 806 1717 851 autem
1761 794 1946 849 valdc'
1989 805 2112 849 tunc

522 901 691 970 majus
734 910 893 969 atque
937 898 1095 951 altius
1138 894 1381 949 diabolus
1422 889 1629 950 inﬂixit,
1656 902 1813 957 quam
1846 895 1967 939 sunt
2011 884 2111 939 ista

524 991 832 1047 hominibus
873 1000 994 1043 nota
1041 995 1276 1057 peccata.
1307 982 1457 1039 Unde
1484 982 1573 1035 illo
1608 995 1800 1049 magno
1831 977 1983 1047 primi
2018 979 2113 1030 l.o-

525 1084 683 1137 minis
711 1091 949 1151 peccato,
984 1091 1167 1133 natura
1208 1077 1276 1131 ibi
1320 1083 1495 1129 nostra
1527 1073 1577 1125 in
1608 1071 1841 1125 dett-rius
1870 1084 2110 1121 rontmst-

524 1184 660 1238 lata,
709 1188 814 1227 non
865 1172 1036 1226 solum
1083 1170 1216 1223 facta
1263 1176 1343 1220 est
1391 1163 1675 1233 peccatrix,
1726 1175 1908 1212 verum
1953 1162 2111 1210 etiam

523 1262 776 1336 generat‘
805 1272 1142 1333 peccatores;
1182 1268 1236 1312 et
1263 1269 1435 1312 tamen
1460 1256 1571 1324 ipse
1600 1253 1821 1320 languor
1848 1266 1950 1318 quo
1977 1249 2113 1301 bene

522 1352 735 1409 vivendi
768 1354 933 1407 virtus
967 1352 1142 1421 periit,
1172 1366 1275 1403 non
1318 1357 1398 1399 est
1438 1347 1615 1413 utique
1659 1352 1865 1405 natura,
1903 1341 1993 1393 sed
2039 1340 2110 1391 vi-

524 1446 653 1498 littttt
689 1462 702 1498 :
745 1445 881 1498 sicut
922 1454 1069 1497 certe
1099 1440 1235 1494 mala
1268 1439 1318 1492 in
1348 1453 1571 1508 cetpztt‘c
1600 1434 1866 1497 valetudo,
1904 1450 2006 1485 non
2035 1441 2115 1486 est

524 1536 630 1590 ulla
673 1536 967 1591 substantia
996 1532 1077 1587 vel
1108 1543 1314 1595 natura,
1343 1528 1436 1583 sed
1487 1528 1707 1591 vitium;
1754 1535 1807 1580 et
1851 1525 1969 1578 licet
2006 1540 2113 1576 non

521 1641 754 1696 semper,
800 1635 977 1680 tamen
1012 1624 1320 1694 plerumque
1352 1620 1502 1673 malge
1545 1616 1776 1671 valctndt
1806 1631 1878 1669 .es
1921 1630 2109 1683 paren-

526 1731 634 1773 tnm
677 1720 1056 1789 ingenerantur
1086 1711 1502 1785 quodammodo,
1531 1719 1585 1766 et
1611 1718 1870 1781 apparent
1910 1707 1962 1760 in
1991 1722 2112 1760 cor-

524 1810 741 1865 uorilms
772 1809 1019 1862 ﬁliorum.
2010 1802 2015 1807 ’

595 1902 683 1956 ιί8.
726 1900 836 1954 Iloc
869 1908 1045 1954 autem
1090 1905 1384 1967 peccatum,
1416 1892 1572 1964 ‘quod
1620 1889 1795 1967 ipsum
1844 1890 2113 1945 hominem

523 1994 576 2063 in
604 1992 849 2061 paradiso
879 1990 932 2045 in
962 1990 1110 2062 pejus
1140 1986 1383 2053 ιιιιιιίιιὶι,
1408 1986 1530 2056 quia
1564 1985 1729 2038 multo
1759 1993 1837 2037 est
1861 1982 2116 2054 grandius

519 2094 678 2155 quam
727 2083 969 2155 judicare
1024 2098 1122 2138 nos
1182 2094 1483 2151 pessumus,
1537 2078 1604 2133 ab
1663 2077 1809 2131 onmi
1862 2086 2115 2130 nascente

522 2177 770 2241 trahitur,
809 2190 909 2230 nec
958 2174 1054 2225 nisi
1105 2173 1156 2227 in
1210 2180 1522 2225 rcnascente
1571 2168 1892 2231 remittitur;
1946 2167 2014 2221 ita
2059 2177 2117 2221 ut

522 2271 681 2323 etiam
708 2267 776 2322 de
806 2266 1115 2337 parentibus
1136 2264 1245 2333 jam
1279 2263 1497 2325 renatis,
1528 2262 1579 2315 in
1606 2261 1795 2332 quibus
1834 2260 2114 2314 remissum

523 2369 684 2429 atque
729 2368 924 2413 tectum
974 2368 1083 2420 cst,
1130 2353 1370 2409 trahatur
1422 2352 1475 2408 in
1524 2361 1728 2407 reatum
1784 2350 2115 2405 nascentium

528 2452 780 2515 ﬁliorum,
809 2449 907 2503 nisi
948 2458 1003 2503 et
1046 2448 1210 2519 ipsos,
1244 2461 1379 2517 quos
1407 2445 1573 2516 prima
1610 2443 1839 2497 carnalis
1869 2442 2117 2496 nativilas

524 2540 798 2611 obligavit,
832 2538 1063 2595 secunda
1095 2534 1383 2607 SpiriIUalis
1422 2534 1686 2588 absolvat.
1720 2530 1883 2601 Cujus
1914 2532 1987 2586 rei
2016 2530 2119 2586 mi-

527 2633 727 2696 rabilis,
769 2632 1012 2686 mirabile
1056 2627 1279 2684 Crcator
1319 2627 1371 2683 in
1428 2626 1567 2682 oliva
1614 2634 1668 2680 ct
1710 2624 1941 2679 oleastro
1991 2640 2116 2693 pro-

514 2722 675 2775 ‘dnxit
705 2722 1026 2789 exemplum,
1058 2720 1144 2774 ubi
1188 2735 1292 2772 non
1338 2716 1510 2772 solum
1560 2731 1623 2770 ex
1651 2714 1889 2781 oleastri,
1932 2730 2115 2769 vermn

527 2813 687 2864 ιιιῑειιιι
728 2827 791 2866 ex
843 2812 997 2864 oliva:
1046 2811 1250 2864 semine
1303 2804 1514 2862 nonnisi
1577 2805 1809 2861 oleaster
1858 2807 2114 2860 exoritur.

526 2909 861 2975 Quapropter
885 2903 1126 2974 quamvis
1158 2911 1210 2956 et
1259 2901 1310 2955 in
1358 2898 1665 2954 hominibus
1713 2908 1900 2952 natura
1950 2914 2117 2968 gene—

528 2997 677 3059 ratis,
726 2996 893 3066 gratia
940 2993 1298 3065 regeneratis,
1342 2992 1411 3046 sit
1460 2992 1557 3045 ista
1601 2990 1830 3045 carnalis
1858 2992 2116 3059 concupi-

528 3085 729 3142 scentia
756 3101 1058 3156 repugnans
1100 3083 1200 3154 legi
1239 3083 1470 3138 mentis:
1503 3090 1679 3135 tamen
1725 3081 1849 3150 quia
1896 3080 2118 3135 remi~sa

527 3186 610 3232 est
636 3177 689 3231 in
718 3176 1033 3233 retnbsionc
1061 3183 1420 3246 peccatorum,
1456 3187 1558 3225 non
1585 3172 1696 3242 jam
1744 3171 1846 3225 illis
1884 3155 1942 3225 in
1988 3186 2117 3242 pec-

527 3279 705 3324 catum
737 3277 1032 3340 reputatur,
1054 3281 1151 3321 nec
1182 3275 1337 3320 nocet
1366 3262 1584 3335 aiiquid,
1614 3264 1714 3318 nisi
1741 3262 1857 3333 ejus
1887 3264 2119 3319 motibus

527 3359 593 3414 ad
622 3360 798 3414 illicita
835 3358 1220 3415 COllSCllllttllll‘.
1256 3355 1443 3411 Proles
1470 3369 1596 3409 vero
1621 3370 1829 3419 eorum,
1859 3354 1981 3423 quia
2010 3369 2117 3408 non

531 3466 625 3519 per
666 3451 1021 3522 spiritualem,
1051 3447 1146 3503 sed
1197 3463 1291 3517 per
1331 3445 1598 3501 carnalem
1631 3444 2116 3513 concupiscentiam

525 3543 837 3605 seminatur,
867 3541 1011 3596 velut
1037 3556 1100 3594 ex
1132 3540 1217 3594 iila
1263 3537 1399 3593 oliva
1430 3535 1644 3609 quidam
1690 3537 1857 3591 nostri
1905 3536 2119 3606 generis

526 3634 776 3693 oleaster,
806 3632 881 3687 sic
908 3632 1030 3686 inde
1071 3641 1274 3685 reatum
1305 3628 1575 3683 nascendo
1599 3627 1779 3692 trahit,
1814 3636 1871 3681 ut
1904 3628 2002 3681 nisi
2034 3643 2118 3682 re-

528 3725 797 3781 nascendo
823 3724 1039 3779 liberari
1079 3722 1147 3777 ab
1172 3723 1261 3777 illa
1290 3731 1440 3792 peste
1477 3735 1583 3775 non
1616 3721 1801 3791 possit.
1840 3721 2119 3790 Quomodo

526 3831 655 3886 ergo
677 3814 909 3869 afﬁrmat
939 3814 1039 3867 iste
1068 3827 1163 3867 nos
1198 3811 1506 3866 adscribere
1535 3811 1865 3865 sanctitatem
1896 3826 2120 3867 nascen-

531 3907 686 3970 tibus,
724 3916 778 3960 ct
823 3905 1030 3975 culpam
1083 3901 1488 3979 generantibus;
1532 3917 1651 3956 cum
1704 3901 1877 3971 potius
1925 3903 2120 3957 veritas

529 4005 806 4059 monstret,
846 3995 942 4050 etsi
976 3992 1164 4047 luerit'
1198 3992 1453 4047 sanctitas
1495 3992 1545 4044 in
1589 3992 1985 4061 generantibus,
2014 3994 2122 4048 ori-

529 4088 757 4157 ginalem
791 4084 998 4154 culpam
1028 4084 1203 4139 inesse
1234 4082 1596 4148 nascentibus,
1626 4097 1744 4152 qute
1774 4098 1876 4137 non
1905 4084 2119 4139 abolea-

532 4189 616 4230 tur
642 4176 741 4230 nisi
774 4176 825 4229 itt
856 4173 1301 4229 renascentibus?

598 4264 825 4321 CAPUT
848 4256 1139 4319 XXXV.—
1156 4262 1246 4318 59.
1268 4262 1398 4331 Qum
1419 4278 1539 4318 cum
1559 4264 1627 4317 ita
1650 4264 1777 4325 sint,
1797 4263 1863 4319 de
1886 4263 1983 4318 ista
2012 4280 2122 4318 car-

529 4359 611 4412 nis
632 4354 1060 4426 concupiscentia
1083 4363 1136 4408 et
1161 4352 1229 4408 de
1254 4353 1471 4408 libidine
1499 4353 1780 4423 imperiosa
1814 4355 2116 4425 impudicis,

528 4446 790 4503 domanda
821 4445 1042 4516 pudicis,
1084 4444 1325 4515 pudenda
1356 4453 1533 4499 tamen
1564 4455 1618 4500 et
1648 4445 1849 4515 pudicis
1872 4455 1925 4501 et
1950 4447 2120 4518 impu-

526 4540 684 4608 dicis,
703 4538 900 4596 sentiat
921 4537 1020 4592 iste
1036 4537 1174 4606 quod
1199 4536 1360 4602 libet;
1389 4537 1512 4607 quia
1530 4536 1597 4599 ei,
1624 4537 1762 4592 sicut
1787 4538 1961 4601 video,
1983 4539 2121 4592 ntul-

527 4642 638 4686 tum
682 4630 857 4703 placet
890 4645 903 4682 :
938 4643 1043 4682 non
1084 4642 1202 4682 eam
1246 4626 1461 4682 laudare
1501 4638 1802 4690 cunctetur,
1833 4645 1990 4698 quam
2024 4646 2119 4683 no-

525 4724 731 4780 minare
773 4720 1152 4787 confunditur;
1195 4719 1428 4791 appellet
1452 4734 1594 4788 eam,
1632 4722 1770 4775 sicut
1807 4721 2112 4792 appellavit,

525 4814 888 4873 membrorum
910 4813 1169 4884 vigorem,
1200 4827 1299 4867 nec
1330 4822 1598 4867 castarum
1624 4814 1831 4867 aurium
1872 4829 2119 4869 reterea-

526 4920 612 4964 tur
639 4906 952 4971 horrorem;
984 4891 1218 4976 appellet
1257 4903 1623 4960 membrorum
1666 4906 1978 4975 potentiam,
2019 4920 2117 4960 nec

523 5013 711 5060 caveat
734 5003 1139 5074 impudentiam.
1186 5002 1356 5065 Dicat,
1393 5000 1436 5055 si
1481 5015 1584 5054 non
1618 4998 1904 5063 erubescit,
1932 4999 1982 5051 in
2028 5014 2120 5067 pa-

528 5093 705 5148 radiso
745 5092 790 5147 si
833 5108 991 5147 nemo
1039 5101 1331 5161 peccasset,
1379 5092 1519 5145 hunc
1569 5089 1638 5143 ibi
1688 5090 1923 5159 vigorem
1974 5089 2117 5143 velut

526 5187 716 5241 ﬁerem
762 5184 969 5239 virere“
1013 5186 1280 5253 potuisse;
1314 5199 1411 5238 nec
1441 5199 1575 5253 opus
1604 5180 1769 5237 fuisse
1813 5191 1868 5235 ttt
1912 5191 2118 5252 tegere-

591 5302 610 5361 ξ
646 5298 864 5361 nonnulli
885 5305 1014 5361 Mss,
1031 5295 1295 5361 inﬁguntur
1308 5309 1335 5361 7:
1353 5304 1404 5346 et
1427 5295 1568 5361 paulo
1593 5303 1717 5359 post,
1733 5293 1884 5361 altius
1899 5294 2117 5348 diabolus

732 5362 964 5434 "tinetur,
993 5357 1174 5423 mare,
1194 5359 1243 5407 ln
1269 5359 1392 5406 libro
1411 5357 1553 5406 etiam
1577 5357 1722 5407 sexto
1743 5358 1915 5420 Operis
1938 5364 2117 5419 tmper-

525 5423 661 5481 t‘e'eti,
686 5436 794 5485 cap.
816 5423 866 5471 7.
2040 5443 2049 5452 .

590 5489 612 5518 ⁸
639 5492 769 5533 Unus
792 5497 823 5532 e
838 5482 1075 5532 Vaticanis
1091 5489 1220 5538 Mss,
1245 5485 1419 5530 rertus.

589 5547 614 5579 ⁸
643 5548 727 5595 nio
748 5545 955 5604 additur,
990 5541 1152 5604 valde,
1175 5554 1237 5591 ex
1264 5542 1629 5604 manuscriptis;
1666 5542 1805 5603 cujus
1844 5539 1947 5589 loco
1990 5541 2114 5603 apud

532 5619 640 5679 Mn."
653 5614 705 5657 et
719 5613 825 5679 βα,
846 5602 1049 5667 legitur,
1077 5602 1264 5653 vulnus.
1290 5603 1403 5650 vide
1430 5602 1603 5650 librum
1618 5602 1814 5653 sextum
1837 5605 2007 5664 Operis
2024 5602 2115 5651 ttu-

529 5671 749 5732 perfecti.

590 5732 612 5761 δ
645 5737 695 5778 In
719 5727 864 5777 editis
880 5761 895 5785 ,
918 5725 1097 5789 gemit.

590 5793 612 5823 ⁸
648 5785 952 5852 Antiquior-Gs
977 5794 1103 5852 at_ss.,
1128 5785 1305 5848 fuerat.

592 5853 614 5882 ⁸
647 5843 813 5900 vlure's
836 5857 963 5911 κει,
983 5843 1157 5911 rigere.
1184 5843 1418 5906 Nonnulli,
1442 5857 1613 5897 ruere.

979 415 1065 469 Dii
1103 409 1373 468 NUl’TllS
1412 407 1499 462 ET
1536 400 2138 468 CONCUPISCENTIA,
2179 400 2238 459 S.
2278 398 2646 457 AUGUSTINI
2686 398 2887 455 UBER
2928 399 3303 458 SECUNDUS.

3702 405 3810 461 672

2223 526 2328 585 tur,
2356 516 2497 588 quod
2542 518 2612 573 ita
2661 533 2982 587 moveretur,
3016 531 3074 573 ut
3119 520 3241 576 inde
3267 535 3424 576 nemo
3452 522 3810 580 confundere-

2220 618 2336 676 tur;
2388 609 2483 665 sed
2533 620 2713 680 parata
2755 612 2979 681 conjuge
3023 628 3234 681 semper
3277 624 3637 678 exerceretur,
3673 630 3810 667 nun-

2218 715 2376 771 quam
2425 702 2826 771 reprimeretur,
2878 719 2944 757 ne
2994 702 3279 770 aliquando
3337 705 3609 774 voluptas‘
3663 716 3810 759 tanta

2220 803 2378 848 tanta:
2424 792 2657 847 felicitati
2704 806 3005 864 negaretur.
3048 795 3195 849 Absit
3238 795 3378 849 enim
3420 806 3479 849 ut
3506 797 3590 849 illa
3639 797 3809 850 beati-

2221 884 2348 938 tudo
2381 895 2557 955 posset
2586 894 2677 938 aut
2709 885 2758 938 itt
2792 887 2908 938 loco
2951 884 3042 937 illo
3069 901 3172 938 non
3206 884 3405 941 habere
3438 887 3578 956 quod
3624 887 3805 949 vellet,

2219 986 2310 1029 aut
2340 975 2390 1029 in
2421 993 2515 1029 suo
2543 991 2768 1045 corpore
2792 976 2873 1030 vel
2898 977 3075 1029 animo
3118 976 3316 1030 sentire
3344 977 3482 1045 quttd
3516 978 3681 1031 nollet
3706 993 3718 1028 :
3748 993 3811 1030 ac

2222 1083 2313 1137 per
2341 1066 2441 1123 hoc
2467 1068 2508 1119 si
2542 1077 2717 1121 motus
2747 1066 2982 1120 libidinis
3006 1068 3329 1121 voluntatem
3368 1066 3641 1120 hominum
3672 1082 3807 1137 pra:-

2221 1162 2456 1221 veuiret,
2505 1159 2750 1213 voluntas
2793 1159 3046 1214 continuo
3093 1171 3440 1229 sequeretur;
3490 1176 3642 1225 uxor,
3688 1175 3812 1230 quae

2222 1264 2437 1322 propter
2466 1252 2565 1306 hoc
2596 1267 2862 1322 nunquam
2891 1252 3086 1305 absens
3110 1267 3230 1307 esse
3254 1251 3502 1316 debebat,
3534 1252 3647 1306 sive
3676 1267 3812 1305 con-

2219 1344 2494 1413 eeptura’,
2528 1343 2639 1395 site
2683 1342 2792 1413 jam
2823 1340 3060 1412 gravida,
3112 1343 3253 1397 illico
3300 1342 3705 1408 admoveretur;
3756 1354 3814 1397 et

2219 1446 2309 1490 aut
2353 1435 2531 1507 proles
2584 1436 2963 1500 seminaretnr,
3008 1443 3099 1488 aut
3148 1435 3391 1508 voluptas
3448 1435 3708 1490 naturalis
3756 1446 3813 1491 et

2219 1527 2498 1582 laudabilis
2543 1527 2879 1595 expleretur;
2910 1536 2962 1580 et
3005 1530 3200 1596 periret
3228 1542 3411 1582 semen
3459 1527 3710 1593 hominis,
3745 1543 3813 1582 ne

2219 1619 2484 1689 appetitus
2508 1627 2612 1672 tant
2640 1618 2793 1673 bona:
2814 1618 3257 1687 concupiscentize
3291 1619 3664 1674 fraudaretur:
3696 1630 3815 1673 tan-

2222 1719 2330 1763 tum
2359 1725 2460 1763 non
2502 1723 2560 1763 se
2598 1716 2977 1762 converterent
3004 1708 3255 1778 conjttges
3283 1708 3334 1763 in
3358 1724 3479 1763 eum
3507 1725 3683 1776 usum,
3720 1708 3814 1779 qui

2221 1808 2305 1856 est
2330 1810 2516 1854 contra
2548 1807 2812 1864 naturam,
2846 1799 2938 1854 sed
2977 1800 3185 1870 quoties
3211 1798 3520 1865 delectaret,
3553 1799 3813 1855 membris

2220 1892 2284 1944 ad
2314 1892 2412 1944 hoc
2443 1891 2636 1946 creatis
2665 1900 2712 1946 cl
2746 1891 3065 1961 genitalibus
3097 1902 3395 1947 uterentur.
3427 1892 3810 1947 Verumtamen

2222 1984 2344 2054 quid
2378 1984 2420 2038 si
2450 1994 2503 2038 et
2542 1984 2630 2038 ille
2662 1998 2788 2037 usus
2813 1992 2998 2037 contra
3040 1994 3282 2038 naturam
3322 1983 3539 2039 forsitan
3572 1984 3811 2043 delecta-v

2223 2086 2321 2137 rel,
2346 2074 2469 2145 qttid
2493 2074 2536 2128 si
2559 2085 2613 2130 et
2643 2074 2693 2127 itt
2722 2072 2860 2128 hanc
2887 2073 3212 2143 voluptatem
3240 2074 3516 2129 laudabilis
3539 2076 3622 2129 illa
3645 2076 3814 2131 libido

2220 2165 2562 2220 adhinniret?
2601 2174 2774 2218 utrum
2806 2175 3154 2235 sequerentur
3184 2181 3321 2230 eam,
3354 2166 3601 2235 quoniam
3634 2168 3816 2221 suavis

2220 2270 2401 2325 esset;
2450 2276 2515 2313 an
2564 2268 2955 2329 repugnarent,
3010 2259 3261 2330 quoniam
3316 2259 3483 2329 turpis
3532 2259 3710 2313 eSset?
3755 2259 3817 2315 Si

2222 2365 2592 2421 sequerentur,
2622 2352 2708 2405 ttbi
2761 2361 2843 2406 cst
2894 2351 3145 2421 cngitatio
3195 2352 3599 2422 qualiscumque
3641 2353 3817 2405 bone-

2221 2444 2413 2498 statis?
2452 2443 2507 2496 Si
2540 2450 2915 2511 repugnarent,
2942 2442 3032 2496 ttbi
3060 2453 3144 2496 est
3187 2459 3285 2512 pax
3316 2453 3479 2498 tante
3510 2444 3818 2499 felicitatis?

2224 2533 2321 2589 llic
2351 2533 2395 2587 si
2428 2525 2569 2588 Torte
2595 2533 2887 2598 erubuerit,
2920 2543 2973 2587 et
3001 2533 3196 2589 dixerit
3224 2543 3424 2589 tantam
3465 2552 3646 2605 pacem
3694 2536 3819 2591 feli-

2223 2626 2400 2680 citatis
2445 2625 2609 2689 illius,
2643 2636 2952 2695 tantumque
2998 2625 3241 2680 ordinem
3278 2626 3329 2681 itt
3369 2625 3453 2681 bis
3498 2627 3656 2681 rebus
3693 2643 3818 2682 esse

2225 2717 2485 2786 potuisse,
2517 2724 2573 2770 ut
2616 2733 2887 2787 nunquam
2930 2716 3108 2771 carnis
3149 2717 3579 2787 concupiscentia
3624 2718 3821 2772 volun-

2224 2819 2387 2863 tatem
2437 2809 2647 2863 illorum
2699 2809 2973 2864 hominunt
3024 2809 3375 2879 praeveniret;
3424 2808 3518 2864 sed
3544 2826 3664 2864 cum
3713 2809 3819 2880 ipsi

2224 2900 2441 2965 vellent,
2482 2910 2606 2955 tunc
2646 2899 2734 2955 illa
2778 2909 3168 2970 consurgeret;
3202 2909 3327 2955 tunc
3371 2908 3547 2954 autem
3592 2900 3817 2965 vellent,

2225 2991 2443 3062 quando
2483 2991 2550 3047 ad
2577 2990 2922 3047 seminandus
2950 2991 3087 3045 lilios
3123 3006 3258 3063 opus
3297 3000 3473 3056 esset;
3506 2990 3573 3045 ita
3607 3000 3663 3044 ut
3688 2992 3818 3047 nul-

2226 3085 2305 3138 lus
2326 3082 2541 3141 seminis
2567 3093 2707 3139 esset
2743 3084 2923 3138 irritus
2941 3082 3137 3153 jactus,
3161 3082 3339 3138 nullus
3366 3082 3517 3137 ﬁeret
3545 3082 3812 3137 concubi-

2227 3185 2311 3231 tus
2336 3191 2495 3247 quem
2523 3190 2629 3229 non
2656 3183 2973 3246 sequeretur
2996 3182 3287 3244 conceptus
3313 3182 3367 3227 et
3393 3183 3596 3243 partus,
3620 3172 3684 3227 ad
3716 3190 3818 3227 nuo

2224 3276 2336 3324 tum
2353 3268 2619 3322 serviente
2644 3282 2825 3332 carne,
2846 3265 2910 3321 ad
2936 3276 3116 3321 nutum
3143 3264 3409 3321 serviente
3430 3265 3679 3320 libidine:
3709 3267 3811 3321 hoc

2224 3362 2269 3417 si
2300 3361 2449 3427 dicit,
2494 3362 2682 3416 saltem
2714 3358 3018 3415 consideret
3066 3373 3207 3414 nunc
3251 3358 3306 3414 itt
3355 3357 3657 3412 hominibus
3709 3374 3822 3419 non

2224 3467 2343 3506 esse
2364 3451 2506 3523 quod
2534 3450 2681 3506 dicit.
2715 3450 2779 3505 Et
2808 3450 2853 3503 si
2886 3465 2992 3504 non
3015 3450 3124 3504 vult
3150 3448 3444 3504 concedere
3472 3449 3656 3503 vitium
3695 3464 3821 3504 esse

2225 3542 2500 3597 libidinem
2524 3558 2537 3595 :
2566 3540 2708 3596 dicat
2733 3540 2923 3597 Saltem
2954 3555 3050 3610 per
3079 3540 3290 3595 illorum
3318 3539 3591 3595 hominum
3630 3540 3821 3594 inobe.

2224 3633 2477 3688 dientiam
2514 3633 2673 3689 etiam
2707 3633 2874 3701 ipsam
2905 3630 3141 3686 vitiatam
3181 3645 3301 3685 esse
3340 3630 3517 3685 carnis
3557 3630 3819 3701 concupi-

2224 3726 2513 3791 scentiam;
2561 3734 2619 3780 ut
2660 3724 2744 3779 illa
2771 3740 2889 3795 qua:
2932 3722 3241 3779 obedienter
3270 3735 3322 3778 et
3351 3722 3595 3778 ordinate
3633 3738 3822 3778 move-

2226 3829 2393 3885 retur,
2435 3833 2577 3873 nunc
2619 3817 2987 3873 inobedicntcr
3039 3816 3448 3887 inordinateque
3495 3826 3817 3871 moveatur:

2227 3912 2297 3967 ita
2337 3921 2393 3967 ut
2421 3912 2548 3981 ipsis
2578 3925 2791 3981 quoque
2831 3909 3038 3982 pudicis
3078 3909 3145 3964 ad
3177 3918 3362 3964 nutum
3394 3925 3498 3963 non
3540 3910 3821 3979 obtempeo

2224 4013 2308 4058 ret
2355 4002 2675 4072 conjugatis,
2718 4000 2813 4056 sed
2863 4009 2918 4056 et
2959 4000 3174 4071 quando
3226 4016 3331 4055 non
3376 4010 3459 4055 est
3514 4003 3821 4057 necessaria

2226 4104 2523 4157 moveatur,
2556 4103 2610 4149 et
2655 4092 2869 4163 quando
2917 4093 3218 4147 neceSsaria
3262 4102 3365 4160 est,
3409 4092 3697 4163 aliquando
3740 4095 3821 4147 cio

2227 4188 2350 4252 tius,
2383 4183 2667 4254 aliquando
2697 4184 2919 4246 tardius,
2956 4182 3097 4237 non'
3137 4199 3322 4238 eorum
3351 4196 3603 4254 sequatur
3629 4192 3819 4252 nutus,

2225 4278 2319 4331 sed
2386 4291 2512 4331 suos
2575 4285 2787 4330 exscrat
2841 4284 3035 4329 motus.
3087 4274 3235 4331 lianc
3282 4290 3409 4344 ergo
3458 4274 3574 4344 ejus
3632 4274 3822 4330 inobe-

2223 4368 2478 4423 dientiam
2518 4366 2883 4422 inobedicntcs
2918 4366 2989 4420 illi
3020 4375 3144 4420 tunc
3187 4365 3431 4419 homines
3476 4373 3819 4434 receperunt,

2224 4469 2276 4514 et
2319 4459 2371 4511 in
2417 4473 2515 4511 nos
2551 4456 2839 4527 propagine
2882 4455 3300 4510 transhulerttnt.
3342 4455 3524 4526 Ncq‘te
3567 4456 3709 4510 enim
3750 4459 3821 4511 ad

2224 4564 2409 4604 eorum
2473 4557 2690 4612 nuttun,
2740 4548 2834 4603 sed
2893 4547 3074 4617 utique
3126 4540 3427 4602 inordinate
3478 4546 3821 4619 movebatur,

2225 4639 2437 4712 quando
2483 4639 2723 4696 membra
2759 4639 2903 4709 prius
2933 4637 3229 4710 glorianda,
3259 4647 3382 4693 tunc
3414 4638 3523 4709 jam
3570 4638 3820 4709 pudenda

2226 4740 2495 4787 texerunt.

2295 4824 2383 4881 60.
2426 4823 2551 4890 Sed,
2584 4822 2795 4888 utdixi,
2824 4822 3020 4877 sentiat
3057 4821 3126 4876 de
3156 4820 3257 4877 ista
3300 4820 3518 4876 libidine
3546 4821 3644 4875 iste
3675 4821 3820 4889 quod

2225 4917 2376 4983 libet,
2410 4914 2661 4986 prtedicet
2690 4922 2748 4969 ut
2789 4912 2937 4978 libet,
2966 4911 3150 4967 laudet
3183 4923 3439 4982 quantum
3479 4911 3610 4966 libet
3650 4911 3818 4982 (sicut

2220 5008 2365 5064 enim
2407 5006 2593 5061 multis
2627 5005 2757 5061 locis
2788 5003 3069 5075 signiﬁcat,
3100 5004 3323 5058 multum
3373 5001 3556 5076 libet),
3601 5014 3657 5057 ut
3702 5003 3821 5073 ejus

2222 5098 2267 5154 si
2317 5114 2421 5152 non
2464 5096 2670 5162 usibus,
2710 5095 2899 5150 saltem
2934 5093 3180 5150 laudibus
3223 5094 3494 5165 Pelagiani
3538 5094 3820 5156 oblecten-

2224 5198 2327 5253 tur,
2356 5188 2679 5259 quicumque
2703 5200 2889 5241 eorum
2934 5186 3214 5258 proposito
3239 5186 3583 5241 continentia:
3614 5188 3819 5240 Carltttii

2220 5280 2469 5352 conjugio
2499 5296 2603 5334 non
2632 5277 2909 5334 lruuntur‘
2944 5297 2956 5332 :
3001 5288 3206 5334 tantum
3251 5279 3485 5348 parvulis
3525 5292 3731 5349 pareat,
3765 5292 3821 5336 ut

2220 5390 2327 5429 non
2375 5387 2470 5428 eos
2514 5373 2692 5427 laudet
2752 5372 3033 5439 inutiliter,
3081 5371 3438 5442 delendatque
3488 5372 3817 5440 crudeliter;

2221 5466 2399 5520 salvos
2425 5480 2543 5521 esse
2571 5480 2675 5518 non
2698 5464 2873 5530 dicat,
2904 5479 3009 5519 non
3037 5463 3104 5517 ad
3145 5464 3475 5519 laudatorem
3520 5463 3815 5534 Pelagium,

2287 5602 2300 5634 ⁸
2337 5601 2408 5648 sic
2426 5598 2609 5661 aliquot
2632 5605 2739 5646 Mss.
2767 5606 2821 5647 At
2844 5599 2980 5657 (aliti,
3008 5598 3238 5648 militum.

2286 5664 2306 5694 ⁸
2340 5662 2453 5709 Editi
2469 5694 2485 5718 ,
2510 5657 2725 5719 uxorque
2752 5669 2946 5721 promer
2974 5660 3061 5708 hoc
3082 5672 3326 5718 metatum
3346 5658 3518 5709 absens
3534 5671 3637 5707 esse
3662 5657 3808 5710 deos.

2224 5722 2319 5781 bal,
2338 5722 2421 5772 sed
2438 5721 2536 5772 sive
2555 5729 2862 5778 conceptum.
2881 5723 3182 5782 castigantur
3204 5721 3264 5769 ad
3287 5721 3673 5781 ntanttscriptosi

2286 5786 2306 5819 ³
2337 5795 2513 5831 unmes
2530 5796 2677 5843 prorae
2703 5784 3007 5843 manuscripti
3034 5784 3111 5831 hic
3139 5784 3382 5841 omittunt,
3405 5794 3514 5832 non.

2286 5847 2306 5876 ⁵
2341 5852 2388 5897 ιιι
2416 5852 2538 5905 ausu,
2566 5856 2708 5896 came
2731 5856 2983 5904 resumam
3003 5856 3095 5893 non
3115 5843 3360 5905 fruimur.
