  <div class='ocr_page' id='page_1' title='image "/cluster/home/n/w/nwhite01/storage/ocr_20150623/44-45/uc1.31175026792435/245.png"; bbox 0 0 4170 6562; ppageno 0'>
   <div class='ocr_carea' id='block_1_1' title="bbox 537 452 3800 525">
    <p class='ocr_par' dir='ltr' id='par_1_1' title="bbox 556 453 3187 521">
     <span class='ocr_line' id='line_1_1' title="bbox 556 453 3187 486; baseline -0.011 0"><span class='ocrx_word' id='word_1_1' title='bbox 556 476 619 486; x_wconf 56' lang='grc' dir='ltr'><strong>ἠρ</strong></span> <span class='ocrx_word' id='word_1_2' title='bbox 1066 471 1231 482; x_wconf 51' lang='grc' dir='ltr'><strong>..ιο-...α</strong></span> <span class='ocrx_word' id='word_1_3' title='bbox 1448 460 1453 465; x_wconf 74' lang='grc'><em>’</em></span> <span class='ocrx_word' id='word_1_4' title='bbox 1760 459 2303 473; x_wconf 53' lang='grc' dir='ltr'><strong>ν--σ--α--σ-η-ψ-αο-,ι-υ</strong></span> <span class='ocrx_word' id='word_1_5' title='bbox 2348 458 2571 469; x_wconf 54' lang='grc' dir='ltr'><strong>...σου-...ο</strong></span> <span class='ocrx_word' id='word_1_6' title='bbox 3009 453 3187 464; x_wconf 65' lang='lat'><strong>_—__..</strong></span> 
     </span>
     <span class='ocr_line' id='line_1_2' title="bbox 693 497 2308 521; baseline -0.01 1"><span class='ocrx_word' id='word_1_7' title='bbox 693 515 709 521; x_wconf 68' lang='grc' dir='ltr'><strong>ο</strong></span> <span class='ocrx_word' id='word_1_8' title='bbox 740 514 814 521; x_wconf 73' lang='grc' dir='ltr'><strong>-σ</strong></span> <span class='ocrx_word' id='word_1_9' title='bbox 902 515 909 519; x_wconf 90' lang='grc'><em>.</em></span> <span class='ocrx_word' id='word_1_10' title='bbox 983 509 1109 520; x_wconf 51' lang='lat' dir='ltr'><strong>cun—ur-</strong></span> <span class='ocrx_word' id='word_1_11' title='bbox 1162 510 1171 516; x_wconf 88' lang='lat'><strong><em>-</em></strong></span> <span class='ocrx_word' id='word_1_12' title='bbox 1257 513 1263 518; x_wconf 95' lang='lat'><strong>.</strong></span> <span class='ocrx_word' id='word_1_13' title='bbox 1460 499 2040 516; x_wconf 46' lang='grc' dir='ltr'><strong>*φρ-’Μ</strong></span> <span class='ocrx_word' id='word_1_14' title='bbox 2258 497 2308 506; x_wconf 71' lang='lat'><strong>.-</strong></span> 
     </span>
    </p>
   </div>
   <div class='ocr_carea' id='block_1_2' title="bbox 902 509 3269 739">
    <p class='ocr_par' dir='ltr' id='par_1_2' title="bbox 902 509 3269 739">
     <span class='ocr_line' id='line_1_3' title="bbox 902 509 3269 739; baseline -0.006 -48"><span class='ocrx_word' id='word_1_15' title='bbox 902 515 909 519; x_wconf 61' lang='grc'><strong>’</strong></span> <span class='ocrx_word' id='word_1_16' title='bbox 983 509 2094 701; x_wconf 35' lang='lat' dir='ltr'><strong>“siin—iisut</strong></span> <span class='ocrx_word' id='word_1_17' title='bbox 2175 522 3269 739; x_wconf 59' lang='lat' dir='ltr'><strong>Auens-um.</strong></span> 
     </span>
    </p>
   </div>
   <div class='ocr_carea' id='block_1_3' title="bbox 1676 735 2579 805">
    <p class='ocr_par' dir='ltr' id='par_1_3' title="bbox 1676 735 2579 805">
     <span class='ocr_line' id='line_1_4' title="bbox 1676 735 2579 805; baseline -0.009 0"><span class='ocrx_word' id='word_1_18' title='bbox 1676 738 2184 805; x_wconf 72' lang='lat' dir='ltr'><strong>HIPPGNENSIS</strong></span> <span class='ocrx_word' id='word_1_19' title='bbox 2226 735 2579 799; x_wconf 79' lang='lat' dir='ltr'><strong>EPISCOPI</strong></span> 
     </span>
    </p>
   </div>
   <div class='ocr_carea' id='block_1_4' title="bbox 534 877 3810 1057">
    <p class='ocr_par' dir='ltr' id='par_1_4' title="bbox 534 877 3810 1057">
     <span class='ocr_line' id='line_1_5' title="bbox 534 877 3810 1057; baseline -0.005 -6"><span class='ocrx_word' id='word_1_20' title='bbox 534 895 857 1051; x_wconf 82' lang='lat' dir='ltr'><strong>DE</strong></span> <span class='ocrx_word' id='word_1_21' title='bbox 953 887 1713 1057; x_wconf 76' lang='lat' dir='ltr'><strong>ANIMA</strong></span> <span class='ocrx_word' id='word_1_22' title='bbox 1770 883 2095 1055; x_wconf 87' lang='grc' dir='ltr'><strong>ΕΤ</strong></span> <span class='ocrx_word' id='word_1_23' title='bbox 2154 880 2738 1043; x_wconf 84' lang='lat' dir='ltr'><strong>EJUS</strong></span> <span class='ocrx_word' id='word_1_24' title='bbox 2803 877 3810 1042; x_wconf 78' lang='lat' dir='ltr'><strong>ORIGINE</strong></span> 
     </span>
    </p>
   </div>
   <div class='ocr_carea' id='block_1_5' title="bbox 1609 1128 2722 1253">
    <p class='ocr_par' dir='ltr' id='par_1_5' title="bbox 1609 1128 2722 1253">
     <span class='ocr_line' id='line_1_6' title="bbox 1609 1128 2722 1253; baseline -0.004 -23"><span class='ocrx_word' id='word_1_25' title='bbox 1609 1145 1920 1231; x_wconf 75' lang='lat' dir='ltr'><strong>LIBRI</strong></span> <span class='ocrx_word' id='word_1_26' title='bbox 1994 1142 2583 1253; x_wconf 78' lang='lat' dir='ltr'><strong>QUATUOR</strong></span> <span class='ocrx_word' id='word_1_27' title='bbox 2615 1128 2722 1203; x_wconf 63' lang='grc' dir='ltr'><strong>(α).</strong></span> 
     </span>
    </p>
   </div>
   <div class='ocr_carea' id='block_1_6' title="bbox 1857 1282 2494 1337">
    <p class='ocr_par' dir='ltr' id='par_1_6' title="bbox 1857 1282 2494 1337">
     <span class='ocr_line' id='line_1_7' title="bbox 1857 1282 2494 1337; baseline -0.002 -2"><span class='ocrx_word' id='word_1_28' title='bbox 1857 1282 2494 1337; x_wconf 41' lang='grc' dir='ltr'><strong>-ο-ἒθιιίῑφσῷθΕ-ο-</strong></span> 
     </span>
    </p>
   </div>
   <div class='ocr_carea' id='block_1_7' title="bbox 1578 1345 2731 1487">
    <p class='ocr_par' dir='ltr' id='par_1_7' title="bbox 1578 1345 2731 1487">
     <span class='ocr_line' id='line_1_8' title="bbox 1578 1345 2731 1487; baseline 0 -1"><span class='ocrx_word' id='word_1_29' title='bbox 1578 1377 2049 1487; x_wconf 83' lang='lat' dir='ltr'><strong>LIBER</strong></span> <span class='ocrx_word' id='word_1_30' title='bbox 2081 1345 2731 1486; x_wconf 79' lang='lat' dir='ltr'><strong>PRIMUS.</strong></span> 
     </span>
    </p>
   </div>
   <div class='ocr_carea' id='block_1_8' title="bbox 1721 1559 2631 1619">
    <p class='ocr_par' dir='ltr' id='par_1_8' title="bbox 1721 1559 2631 1619">
     <span class='ocr_line' id='line_1_9' title="bbox 1721 1559 2631 1619; baseline -0.001 0"><span class='ocrx_word' id='word_1_31' title='bbox 1721 1563 1817 1619; x_wconf 82' lang='lat' dir='ltr'><strong>AD</strong></span> <span class='ocrx_word' id='word_1_32' title='bbox 1851 1559 2186 1619; x_wconf 70' lang='lat' dir='ltr'><strong>liENA&#39;lUM</strong></span> <span class='ocrx_word' id='word_1_33' title='bbox 2227 1561 2631 1619; x_wconf 74' lang='lat' dir='ltr'><strong>MONACHUM.</strong></span> 
     </span>
    </p>
   </div>
   <div class='ocr_carea' id='block_1_9' title="bbox 581 1674 3617 1749">
    <p class='ocr_par' dir='ltr' id='par_1_9' title="bbox 581 1674 3617 1749">
     <span class='ocr_line' id='line_1_10' title="bbox 581 1674 3617 1749; baseline -0.002 -14"><span class='ocrx_word' id='word_1_34' title='bbox 581 1688 799 1749; x_wconf 75' lang='lat' dir='ltr'><strong>Acceptis</strong></span> <span class='ocrx_word' id='word_1_35' title='bbox 813 1698 841 1734; x_wconf 89' lang='lat' dir='ltr'><strong>a</strong></span> <span class='ocrx_word' id='word_1_36' title='bbox 865 1690 1042 1749; x_wconf 68' lang='lat' dir='ltr'><strong>senato</strong></span> <span class='ocrx_word' id='word_1_37' title='bbox 1055 1683 1246 1749; x_wconf 83' lang='lat' dir='ltr'><strong>duobus</strong></span> <span class='ocrx_word' id='word_1_38' title='bbox 1259 1679 1397 1731; x_wconf 86' lang='lat' dir='ltr'><strong>libris</strong></span> <span class='ocrx_word' id='word_1_39' title='bbox 1417 1679 1649 1749; x_wconf 82' lang='lat' dir='ltr'><strong>\_-&#39;_incentii</strong></span> <span class='ocrx_word' id='word_1_40' title='bbox 1667 1678 1884 1749; x_wconf 75' lang='lat' dir='ltr'><strong>victoris,</strong></span> <span class='ocrx_word' id='word_1_41' title='bbox 1902 1677 1985 1740; x_wconf 98' lang='lat' dir='ltr'><strong>qui</strong></span> <span class='ocrx_word' id='word_1_42' title='bbox 2007 1674 2254 1739; x_wconf 77' lang='lat' dir='ltr'><strong>Augustini</strong></span> <span class='ocrx_word' id='word_1_43' title='bbox 2278 1675 2573 1749; x_wconf 74' lang='lat' dir='ltr'><strong>sententiam</strong></span> <span class='ocrx_word' id='word_1_44' title='bbox 2586 1675 2651 1749; x_wconf 78' lang='lat' dir='ltr'><strong>de</strong></span> <span class='ocrx_word' id='word_1_45' title='bbox 2665 1677 2838 1729; x_wconf 68' lang='lat' dir='ltr'><strong>animae</strong></span> <span class='ocrx_word' id='word_1_46' title='bbox 2857 1685 3044 1749; x_wconf 75' lang='lat' dir='ltr'><strong>natura,</strong></span> <span class='ocrx_word' id='word_1_47' title='bbox 3065 1688 3117 1730; x_wconf 89' lang='lat' dir='ltr'><strong>et</strong></span> <span class='ocrx_word' id='word_1_48' title='bbox 3140 1679 3363 1749; x_wconf 80' lang='lat' dir='ltr'><strong>ejusdem</strong></span> <span class='ocrx_word' id='word_1_49' title='bbox 3377 1680 3443 1732; x_wconf 90' lang='lat' dir='ltr'><strong>de</strong></span> <span class='ocrx_word' id='word_1_50' title='bbox 3465 1682 3617 1749; x_wconf 53' lang='lat' dir='ltr'><strong>ipsius</strong></span> 
     </span>
    </p>
   </div>
   <div class='ocr_carea' id='block_1_10' title="bbox 526 1745 1222 1807">
    <p class='ocr_par' dir='ltr' id='par_1_10' title="bbox 526 1745 1222 1807">
     <span class='ocr_line' id='line_1_11' title="bbox 526 1745 1222 1807; baseline -0.01 -9"><span class='ocrx_word' id='word_1_51' title='bbox 526 1745 883 1799; x_wconf 79' lang='lat' dir='ltr'><strong>cunctationem</strong></span> <span class='ocrx_word' id='word_1_52' title='bbox 907 1745 1222 1807; x_wconf 83' lang='lat' dir='ltr'><strong>improbabat,</strong></span> 
     </span>
    </p>
   </div>
   <div class='ocr_carea' id='block_1_11' title="bbox 1263 1684 3834 1802">
    <p class='ocr_par' dir='ltr' id='par_1_11' title="bbox 1263 1684 3834 1802">
     <span class='ocr_line' id='line_1_12' title="bbox 1263 1684 3834 1795; baseline 0.001 -65"><span class='ocrx_word' id='word_1_53' title='bbox 1263 1684 1397 1731; x_wconf 87' lang='lat' dir='ltr'><strong>libris</strong></span> <span class='ocrx_word' id='word_1_54' title='bbox 1417 1684 1649 1730; x_wconf 73' lang='lat' dir='ltr'><strong>Vincentii</strong></span> <span class='ocrx_word' id='word_1_55' title='bbox 1667 1684 1884 1735; x_wconf 73' lang='lat' dir='ltr'><strong>Victoris,</strong></span> <span class='ocrx_word' id='word_1_56' title='bbox 1902 1684 1985 1740; x_wconf 92' lang='lat' dir='ltr'><strong>qui</strong></span> <span class='ocrx_word' id='word_1_57' title='bbox 2007 1684 2254 1739; x_wconf 80' lang='lat' dir='ltr'><strong>Augustini</strong></span> <span class='ocrx_word' id='word_1_58' title='bbox 2278 1684 2573 1725; x_wconf 87' lang='lat' dir='ltr'><strong>sententiam</strong></span> <span class='ocrx_word' id='word_1_59' title='bbox 2586 1684 2651 1725; x_wconf 81' lang='lat' dir='ltr'><strong>de</strong></span> <span class='ocrx_word' id='word_1_60' title='bbox 2665 1684 2838 1729; x_wconf 75' lang='lat' dir='ltr'><strong>antmze</strong></span> <span class='ocrx_word' id='word_1_61' title='bbox 2857 1685 3044 1739; x_wconf 85' lang='lat' dir='ltr'><strong>natura,</strong></span> <span class='ocrx_word' id='word_1_62' title='bbox 3065 1688 3117 1730; x_wconf 90' lang='lat' dir='ltr'><strong>et</strong></span> <span class='ocrx_word' id='word_1_63' title='bbox 3140 1684 3363 1743; x_wconf 84' lang='lat' dir='ltr'><strong>ejusdem</strong></span> <span class='ocrx_word' id='word_1_64' title='bbox 3377 1684 3443 1732; x_wconf 90' lang='lat' dir='ltr'><strong>de</strong></span> <span class='ocrx_word' id='word_1_65' title='bbox 3465 1684 3617 1745; x_wconf 57' lang='lat' dir='ltr'><strong>ipsius</strong></span> <span class='ocrx_word' id='word_1_66' title='bbox 3631 1684 3834 1795; x_wconf 55' lang='lat' dir='ltr'><strong>oriftne</strong></span> 
     </span>
     <span class='ocr_line' id='line_1_13' title="bbox 1263 1736 3833 1802; baseline 0.001 -10"><span class='ocrx_word' id='word_1_67' title='bbox 1263 1741 1480 1792; x_wconf 91' lang='lat' dir='ltr'><strong>ostendit</strong></span> <span class='ocrx_word' id='word_1_68' title='bbox 1507 1741 1829 1802; x_wconf 69' lang='lat' dir='ltr'><strong>augustinus,</strong></span> <span class='ocrx_word' id='word_1_69' title='bbox 1850 1740 2091 1802; x_wconf 82' lang='lat' dir='ltr'><strong>juvenem</strong></span> <span class='ocrx_word' id='word_1_70' title='bbox 2134 1744 2420 1800; x_wconf 75' lang='lat' dir='ltr'><strong>arroganter</strong></span> <span class='ocrx_word' id='word_1_71' title='bbox 2465 1736 2529 1786; x_wconf 92' lang='lat' dir='ltr'><strong>de</strong></span> <span class='ocrx_word' id='word_1_72' title='bbox 2545 1752 2607 1802; x_wconf 86' lang='lat' dir='ltr'><strong>se.</strong></span> <span class='ocrx_word' id='word_1_73' title='bbox 2641 1741 2745 1800; x_wconf 81' lang='lat' dir='ltr'><strong>ipso</strong></span> <span class='ocrx_word' id='word_1_74' title='bbox 2764 1741 3080 1801; x_wconf 75' lang='lat' dir='ltr'><strong>sentientem,</strong></span> <span class='ocrx_word' id='word_1_75' title='bbox 3107 1749 3162 1793; x_wconf 88' lang='lat' dir='ltr'><strong>ut</strong></span> <span class='ocrx_word' id='word_1_76' title='bbox 3189 1742 3254 1791; x_wconf 91' lang='lat' dir='ltr'><strong>de</strong></span> <span class='ocrx_word' id='word_1_77' title='bbox 3283 1755 3341 1792; x_wconf 91' lang='lat' dir='ltr'><strong>re</strong></span> <span class='ocrx_word' id='word_1_78' title='bbox 3375 1749 3472 1792; x_wconf 90' lang='lat' dir='ltr'><strong>tam</strong></span> <span class='ocrx_word' id='word_1_79' title='bbox 3504 1743 3666 1794; x_wconf 89' lang='lat' dir='ltr'><strong>abdita</strong></span> <span class='ocrx_word' id='word_1_80' title='bbox 3724 1748 3833 1795; x_wconf 86' lang='lat' dir='ltr'><strong>eci-</strong></span> 
     </span>
    </p>
   </div>
   <div class='ocr_carea' id='block_1_12' title="bbox 526 1800 3833 1864">
    <p class='ocr_par' dir='ltr' id='par_1_12' title="bbox 526 1800 3833 1864">
     <span class='ocr_line' id='line_1_14' title="bbox 526 1800 3833 1864; baseline -0.001 -6"><span class='ocrx_word' id='word_1_81' title='bbox 526 1810 692 1864; x_wconf 84' lang='lat' dir='ltr'><strong>deret.</strong></span> <span class='ocrx_word' id='word_1_82' title='bbox 715 1810 769 1864; x_wconf 82' lang='lat' dir='ltr'><strong>in</strong></span> <span class='ocrx_word' id='word_1_83' title='bbox 804 1800 1000 1858; x_wconf 77' lang='lat' dir='ltr'><strong>errores</strong></span> <span class='ocrx_word' id='word_1_84' title='bbox 1039 1800 1368 1856; x_wconf 79' lang='lat' dir='ltr'><strong>intolerandus</strong></span> <span class='ocrx_word' id='word_1_85' title='bbox 1411 1800 1691 1864; x_wconf 78' lang='lat' dir='ltr'><strong>incurrisse.</strong></span> <span class='ocrx_word' id='word_1_86' title='bbox 1726 1800 2420 1864; x_wconf 51' lang='lat' dir='ltr'><strong>&#39;t‘um&#39;deindeScrimuiarum</strong></span> <span class='ocrx_word' id='word_1_87' title='bbox 2442 1800 2739 1864; x_wconf 72' lang='lat' dir='ltr'><strong>testimonia,</strong></span> <span class='ocrx_word' id='word_1_88' title='bbox 2757 1803 2937 1864; x_wconf 85' lang='lat' dir='ltr'><strong>quibus</strong></span> <span class='ocrx_word' id='word_1_89' title='bbox 2966 1800 3175 1864; x_wconf 79' lang='lat' dir='ltr'><strong>probare</strong></span> <span class='ocrx_word' id='word_1_90' title='bbox 3204 1816 3263 1853; x_wconf 88' lang='lat' dir='ltr'><strong>se</strong></span> <span class='ocrx_word' id='word_1_91' title='bbox 3298 1804 3455 1854; x_wconf 78' lang='lat' dir='ltr'><strong>victor</strong></span> <span class='ocrx_word' id='word_1_92' title='bbox 3496 1805 3833 1863; x_wconf 60' lang='lat' dir='ltr'><strong>exanimabat,</strong></span> 
     </span>
    </p>
   </div>
   <div class='ocr_carea' id='block_1_13' title="bbox 527 1860 3834 1930">
    <p class='ocr_par' dir='ltr' id='par_1_13' title="bbox 527 1860 3834 1930">
     <span class='ocr_line' id='line_1_15' title="bbox 527 1860 3834 1930; baseline -0.001 -11"><span class='ocrx_word' id='word_1_93' title='bbox 527 1860 713 1919; x_wconf 79' lang='lat' dir='ltr'><strong>animas</strong></span> <span class='ocrx_word' id='word_1_94' title='bbox 743 1860 772 1918; x_wconf 82' lang='lat' dir='ltr'><strong>a</strong></span> <span class='ocrx_word' id='word_1_95' title='bbox 812 1876 928 1927; x_wconf 85' lang='lat' dir='ltr'><strong>Deo,</strong></span> <span class='ocrx_word' id='word_1_96' title='bbox 966 1881 1062 1917; x_wconf 91' lang='lat' dir='ltr'><strong>non</strong></span> <span class='ocrx_word' id='word_1_97' title='bbox 1079 1880 1143 1930; x_wconf 75' lang='lat' dir='ltr'><strong>ex</strong></span> <span class='ocrx_word' id='word_1_98' title='bbox 1169 1866 1434 1930; x_wconf 78' lang='lat' dir='ltr'><strong>prepagine</strong></span> <span class='ocrx_word' id='word_1_99' title='bbox 1449 1862 1573 1930; x_wconf 68' lang='lat' dir='ltr'><strong>ﬁeri,</strong></span> <span class='ocrx_word' id='word_1_100' title='bbox 1606 1864 1694 1930; x_wconf 81' lang='lat' dir='ltr'><strong>sed</strong></span> <span class='ocrx_word' id='word_1_101' title='bbox 1715 1874 1864 1911; x_wconf 88' lang='lat' dir='ltr'><strong>novas</strong></span> <span class='ocrx_word' id='word_1_102' title='bbox 1883 1860 2090 1925; x_wconf 78' lang='lat' dir='ltr'><strong>singulis</strong></span> <span class='ocrx_word' id='word_1_103' title='bbox 2109 1860 2419 1914; x_wconf 77' lang='lat' dir='ltr'><strong>nascentibus</strong></span> <span class='ocrx_word' id='word_1_104' title='bbox 2441 1860 2687 1922; x_wconf 81' lang='lat' dir='ltr'><strong>insuillari,</strong></span> <span class='ocrx_word' id='word_1_105' title='bbox 2712 1860 3011 1914; x_wconf 77' lang='lat' dir='ltr'><strong>demonstrat</strong></span> <span class='ocrx_word' id='word_1_106' title='bbox 3027 1864 3252 1928; x_wconf 80' lang='lat' dir='ltr'><strong>ambigua</strong></span> <span class='ocrx_word' id='word_1_107' title='bbox 3275 1876 3410 1925; x_wconf 86' lang='lat' dir='ltr'><strong>esse,</strong></span> <span class='ocrx_word' id='word_1_108' title='bbox 3432 1874 3583 1930; x_wconf 87' lang='lat' dir='ltr'><strong>atque</strong></span> <span class='ocrx_word' id='word_1_109' title='bbox 3606 1868 3668 1917; x_wconf 86' lang='lat' dir='ltr'><strong>ad</strong></span> <span class='ocrx_word' id='word_1_110' title='bbox 3701 1860 3834 1918; x_wconf 80' lang='lat' dir='ltr'><strong>hanc</strong></span> 
     </span>
    </p>
   </div>
   <div class='ocr_carea' id='block_1_14' title="bbox 530 1926 1811 1994">
    <p class='ocr_par' dir='ltr' id='par_1_14' title="bbox 530 1926 1811 1994">
     <span class='ocr_line' id='line_1_16' title="bbox 530 1926 1811 1994; baseline -0.005 -14"><span class='ocrx_word' id='word_1_111' title='bbox 530 1932 681 1994; x_wconf 85' lang='lat' dir='ltr'><strong>ipsius</strong></span> <span class='ocrx_word' id='word_1_112' title='bbox 711 1931 987 1994; x_wconf 76' lang='lat' dir='ltr'><strong>opinionem</strong></span> <span class='ocrx_word' id='word_1_113' title='bbox 1004 1926 1377 1979; x_wconf 80' lang='lat' dir='ltr'><strong>confirmandam</strong></span> <span class='ocrx_word' id='word_1_114' title='bbox 1397 1926 1597 1975; x_wconf 90' lang='lat' dir='ltr'><strong>minime</strong></span> <span class='ocrx_word' id='word_1_115' title='bbox 1620 1926 1811 1974; x_wconf 83' lang='lat' dir='ltr'><strong>idonea.</strong></span> 
     </span>
    </p>
   </div>
   <div class='ocr_carea' id='block_1_15' title="bbox 601 2090 2127 2156">
    <p class='ocr_par' dir='ltr' id='par_1_15' title="bbox 601 2090 2127 2156">
     <span class='ocr_line' id='line_1_17' title="bbox 601 2090 2127 2156; baseline -0.009 -5"><span class='ocrx_word' id='word_1_116' title='bbox 601 2095 829 2151; x_wconf 76' lang='lat' dir='ltr'><strong>CAPUT</strong></span> <span class='ocrx_word' id='word_1_117' title='bbox 869 2093 1153 2151; x_wconf 77' lang='lat' dir='ltr'><strong>PRIMUM.</strong></span> <span class='ocrx_word' id='word_1_118' title='bbox 1185 2121 1258 2134; x_wconf 86' lang='lat'><strong>--</strong></span> <span class='ocrx_word' id='word_1_119' title='bbox 1287 2094 1338 2148; x_wconf 80' lang='lat' dir='ltr'><strong>i.</strong></span> <span class='ocrx_word' id='word_1_120' title='bbox 1379 2090 1753 2148; x_wconf 86' lang='lat' dir='ltr'><strong>Sinceritatcm</strong></span> <span class='ocrx_word' id='word_1_121' title='bbox 1801 2097 1947 2144; x_wconf 85' lang='lat' dir='ltr'><strong>tuam</strong></span> <span class='ocrx_word' id='word_1_122' title='bbox 1999 2101 2127 2156; x_wconf 84' lang='lat' dir='ltr'><strong>erga</strong></span> 
     </span>
    </p>
   </div>
   <div class='ocr_carea' id='block_1_16' title="bbox 533 2181 2127 2253">
    <p class='ocr_par' dir='ltr' id='par_1_16' title="bbox 533 2181 2127 2253">
     <span class='ocr_line' id='line_1_18' title="bbox 533 2181 2127 2253; baseline -0.006 -12"><span class='ocrx_word' id='word_1_123' title='bbox 533 2202 654 2253; x_wconf 88' lang='lat' dir='ltr'><strong>uos,</strong></span> <span class='ocrx_word' id='word_1_124' title='bbox 681 2187 886 2242; x_wconf 78' lang='lat' dir='ltr'><strong>Renate</strong></span> <span class='ocrx_word' id='word_1_125' title='bbox 927 2186 1091 2241; x_wconf 80' lang='lat' dir='ltr'><strong>frater</strong></span> <span class='ocrx_word' id='word_1_126' title='bbox 1117 2185 1453 2251; x_wconf 73' lang='lat' dir='ltr'><strong>charissima,</strong></span> <span class='ocrx_word' id='word_1_127' title='bbox 1485 2194 1537 2239; x_wconf 90' lang='lat' dir='ltr'><strong>et</strong></span> <span class='ocrx_word' id='word_1_128' title='bbox 1568 2183 1855 2238; x_wconf 81' lang='lat' dir='ltr'><strong>fraternam</strong></span> <span class='ocrx_word' id='word_1_129' title='bbox 1891 2181 2127 2236; x_wconf 81' lang='lat' dir='ltr'><strong>benevo-</strong></span> 
     </span>
    </p>
   </div>
   <div class='ocr_carea' id='block_1_17' title="bbox 533 2270 2130 2344">
    <p class='ocr_par' dir='ltr' id='par_1_17' title="bbox 533 2270 2130 2344">
     <span class='ocr_line' id='line_1_19' title="bbox 533 2270 2130 2344; baseline -0.008 -10"><span class='ocrx_word' id='word_1_130' title='bbox 533 2279 782 2344; x_wconf 89' lang='lat' dir='ltr'><strong>lentiam,</strong></span> <span class='ocrx_word' id='word_1_131' title='bbox 805 2293 870 2332; x_wconf 90' lang='lat' dir='ltr'><strong>ac</strong></span> <span class='ocrx_word' id='word_1_132' title='bbox 889 2286 1087 2333; x_wconf 70' lang='lat' dir='ltr'><strong>mutum</strong></span> <span class='ocrx_word' id='word_1_133' title='bbox 1107 2277 1411 2332; x_wconf 81' lang='lat' dir='ltr'><strong>dilectionis</strong></span> <span class='ocrx_word' id='word_1_134' title='bbox 1434 2275 1681 2330; x_wconf 65' lang='lat' dir='ltr'><strong>allectum</strong></span> <span class='ocrx_word' id='word_1_135' title='bbox 1712 2273 1987 2343; x_wconf 87' lang='lat' dir='ltr'><strong>probatmn</strong></span> <span class='ocrx_word' id='word_1_136' title='bbox 2009 2270 2130 2340; x_wconf 89' lang='lat' dir='ltr'><strong>qui-</strong></span> 
     </span>
    </p>
   </div>
   <div class='ocr_carea' id='block_1_18' title="bbox 533 2364 2127 2437">
    <p class='ocr_par' dir='ltr' id='par_1_18' title="bbox 533 2364 2127 2437">
     <span class='ocr_line' id='line_1_20' title="bbox 533 2364 2127 2437; baseline -0.006 -11"><span class='ocrx_word' id='word_1_137' title='bbox 533 2370 659 2435; x_wconf 84' lang='lat' dir='ltr'><strong>dem</strong></span> <span class='ocrx_word' id='word_1_138' title='bbox 700 2380 754 2427; x_wconf 89' lang='lat' dir='ltr'><strong>et</strong></span> <span class='ocrx_word' id='word_1_139' title='bbox 799 2380 956 2426; x_wconf 80' lang='lat' dir='ltr'><strong>antea</strong></span> <span class='ocrx_word' id='word_1_140' title='bbox 1000 2369 1354 2426; x_wconf 89' lang='lat' dir='ltr'><strong>tenebamus:</strong></span> <span class='ocrx_word' id='word_1_141' title='bbox 1384 2383 1568 2423; x_wconf 89' lang='lat' dir='ltr'><strong>verum</strong></span> <span class='ocrx_word' id='word_1_142' title='bbox 1601 2382 1739 2420; x_wconf 89' lang='lat' dir='ltr'><strong>nunc</strong></span> <span class='ocrx_word' id='word_1_143' title='bbox 1764 2364 2127 2437; x_wconf 82' lang='lat' dir='ltr'><strong>probatiorem</strong></span> 
     </span>
    </p>
   </div>
   <div class='ocr_carea' id='block_1_19' title="bbox 539 2453 2129 2529">
    <p class='ocr_par' dir='ltr' id='par_1_19' title="bbox 539 2453 2129 2529">
     <span class='ocr_line' id='line_1_21' title="bbox 539 2453 2129 2529; baseline -0.003 -16"><span class='ocrx_word' id='word_1_144' title='bbox 539 2460 694 2514; x_wconf 89' lang='lat' dir='ltr'><strong>nobis</strong></span> <span class='ocrx_word' id='word_1_145' title='bbox 719 2460 890 2514; x_wconf 91' lang='lat' dir='ltr'><strong>amica</strong></span> <span class='ocrx_word' id='word_1_146' title='bbox 921 2459 1191 2529; x_wconf 79' lang='lat' dir='ltr'><strong>diligentia</strong></span> <span class='ocrx_word' id='word_1_147' title='bbox 1218 2458 1631 2522; x_wconf 89' lang='lat' dir='ltr'><strong>demonstrasti,</strong></span> <span class='ocrx_word' id='word_1_148' title='bbox 1661 2456 1803 2526; x_wconf 90' lang='lat' dir='ltr'><strong>quod</strong></span> <span class='ocrx_word' id='word_1_149' title='bbox 1836 2453 1964 2509; x_wconf 90' lang='lat' dir='ltr'><strong>mihi</strong></span> <span class='ocrx_word' id='word_1_150' title='bbox 1995 2454 2129 2509; x_wconf 89' lang='lat' dir='ltr'><strong>duos</strong></span> 
     </span>
    </p>
   </div>
   <div class='ocr_carea' id='block_1_20' title="bbox 538 2547 2126 2622">
    <p class='ocr_par' dir='ltr' id='par_1_20' title="bbox 538 2547 2126 2622">
     <span class='ocr_line' id='line_1_22' title="bbox 538 2547 2126 2622; baseline -0.003 -16"><span class='ocrx_word' id='word_1_151' title='bbox 538 2552 725 2616; x_wconf 88' lang='lat' dir='ltr'><strong>libros,</strong></span> <span class='ocrx_word' id='word_1_152' title='bbox 747 2553 865 2621; x_wconf 91' lang='lat' dir='ltr'><strong>ejus</strong></span> <span class='ocrx_word' id='word_1_153' title='bbox 888 2552 1103 2622; x_wconf 84' lang='lat' dir='ltr'><strong>quidem</strong></span> <span class='ocrx_word' id='word_1_154' title='bbox 1127 2551 1359 2605; x_wconf 88' lang='lat' dir='ltr'><strong>hominis</strong></span> <span class='ocrx_word' id='word_1_155' title='bbox 1375 2566 1534 2622; x_wconf 87' lang='lat' dir='ltr'><strong>quem</strong></span> <span class='ocrx_word' id='word_1_156' title='bbox 1559 2551 1770 2620; x_wconf 82' lang='lat' dir='ltr'><strong>penitus</strong></span> <span class='ocrx_word' id='word_1_157' title='bbox 1795 2547 2126 2620; x_wconf 77' lang='lat' dir='ltr'><strong>ignorabam,</strong></span> 
     </span>
    </p>
   </div>
   <div class='ocr_carea' id='block_1_21' title="bbox 536 2639 2130 2713">
    <p class='ocr_par' dir='ltr' id='par_1_21' title="bbox 536 2639 2130 2713">
     <span class='ocr_line' id='line_1_23' title="bbox 536 2639 2130 2713; baseline -0.003 -13"><span class='ocrx_word' id='word_1_158' title='bbox 536 2659 637 2700; x_wconf 88' lang='lat' dir='ltr'><strong>nec</strong></span> <span class='ocrx_word' id='word_1_159' title='bbox 666 2654 841 2700; x_wconf 87' lang='lat' dir='ltr'><strong>tamen</strong></span> <span class='ocrx_word' id='word_1_160' title='bbox 873 2644 992 2699; x_wconf 90' lang='lat' dir='ltr'><strong>ideo</strong></span> <span class='ocrx_word' id='word_1_161' title='bbox 1019 2643 1419 2712; x_wconf 89' lang='lat' dir='ltr'><strong>contemnendi,</strong></span> <span class='ocrx_word' id='word_1_162' title='bbox 1449 2642 1711 2698; x_wconf 82' lang='lat' dir='ltr'><strong>Vmeentii</strong></span> <span class='ocrx_word' id='word_1_163' title='bbox 1744 2640 1969 2696; x_wconf 83' lang='lat' dir='ltr'><strong>Victoris</strong></span> <span class='ocrx_word' id='word_1_164' title='bbox 2003 2639 2022 2713; x_wconf 97' lang='lat'>(</span> <span class='ocrx_word' id='word_1_165' title='bbox 2051 2640 2130 2695; x_wconf 89' lang='lat' dir='ltr'><strong>sic</strong></span> 
     </span>
    </p>
   </div>
   <div class='ocr_carea' id='block_1_22' title="bbox 536 2730 2130 2805">
    <p class='ocr_par' dir='ltr' id='par_1_22' title="bbox 536 2730 2130 2805">
     <span class='ocr_line' id='line_1_24' title="bbox 536 2730 2130 2805; baseline 0.001 -20"><span class='ocrx_word' id='word_1_166' title='bbox 536 2736 678 2788; x_wconf 73' lang='lat' dir='ltr'><strong>enim</strong></span> <span class='ocrx_word' id='word_1_167' title='bbox 709 2743 1057 2804; x_wconf 73' lang='lat' dir='ltr'><strong>prmnotatum</strong></span> <span class='ocrx_word' id='word_1_168' title='bbox 1100 2734 1169 2789; x_wconf 91' lang='lat' dir='ltr'><strong>ibi</strong></span> <span class='ocrx_word' id='word_1_169' title='bbox 1214 2749 1408 2789; x_wconf 87' lang='lat' dir='ltr'><strong>nomen</strong></span> <span class='ocrx_word' id='word_1_170' title='bbox 1454 2734 1572 2803; x_wconf 79' lang='lat' dir='ltr'><strong>ejus</strong></span> <span class='ocrx_word' id='word_1_171' title='bbox 1619 2730 1859 2805; x_wconf 81' lang='lat' dir='ltr'><strong>inveni),</strong></span> <span class='ocrx_word' id='word_1_172' title='bbox 1887 2731 2130 2802; x_wconf 79' lang='lat' dir='ltr'><strong>proxime</strong></span> 
     </span>
    </p>
   </div>
   <div class='ocr_carea' id='block_1_23' title="bbox 540 2823 2130 2895">
    <p class='ocr_par' dir='ltr' id='par_1_23' title="bbox 540 2823 2130 2895">
     <span class='ocr_line' id='line_1_25' title="bbox 540 2823 2130 2895; baseline 0.001 -20"><span class='ocrx_word' id='word_1_173' title='bbox 540 2826 809 2894; x_wconf 84' lang='lat' dir='ltr'><strong>pra-terita</strong></span> <span class='ocrx_word' id='word_1_174' title='bbox 864 2834 1051 2880; x_wconf 71' lang='lat' dir='ltr'><strong>testate</strong></span> <span class='ocrx_word' id='word_1_175' title='bbox 1100 2825 1334 2891; x_wconf 86' lang='lat' dir='ltr'><strong>misisti;</strong></span> <span class='ocrx_word' id='word_1_176' title='bbox 1385 2827 1625 2895; x_wconf 78' lang='lat' dir='ltr'><strong>quamvis</strong></span> <span class='ocrx_word' id='word_1_177' title='bbox 1669 2823 1837 2885; x_wconf 87' lang='lat' dir='ltr'><strong>mihi,</strong></span> <span class='ocrx_word' id='word_1_178' title='bbox 1878 2837 1945 2878; x_wconf 92' lang='lat' dir='ltr'><strong>co</strong></span> <span class='ocrx_word' id='word_1_179' title='bbox 1985 2823 2130 2892; x_wconf 86' lang='lat' dir='ltr'><strong>quod</strong></span> 
     </span>
    </p>
   </div>
   <div class='ocr_carea' id='block_1_24' title="bbox 538 2913 2129 2984">
    <p class='ocr_par' dir='ltr' id='par_1_24' title="bbox 538 2913 2129 2984">
     <span class='ocr_line' id='line_1_26' title="bbox 538 2913 2129 2984; baseline -0.002 -15"><span class='ocrx_word' id='word_1_180' title='bbox 538 2916 735 2971; x_wconf 82' lang='lat' dir='ltr'><strong>absens</strong></span> <span class='ocrx_word' id='word_1_181' title='bbox 779 2915 1024 2984; x_wconf 82' lang='lat' dir='ltr'><strong>fuissem,</strong></span> <span class='ocrx_word' id='word_1_182' title='bbox 1056 2916 1108 2971; x_wconf 87' lang='lat' dir='ltr'><strong>in</strong></span> <span class='ocrx_word' id='word_1_183' title='bbox 1139 2918 1380 2971; x_wconf 87' lang='lat' dir='ltr'><strong>autumni</strong></span> <span class='ocrx_word' id='word_1_184' title='bbox 1430 2916 1537 2971; x_wconf 75' lang='lat' dir='ltr'><strong>[inc</strong></span> <span class='ocrx_word' id='word_1_185' title='bbox 1584 2915 1692 2970; x_wconf 90' lang='lat' dir='ltr'><strong>sint</strong></span> <span class='ocrx_word' id='word_1_186' title='bbox 1737 2913 1950 2969; x_wconf 84' lang='lat' dir='ltr'><strong>redditi.</strong></span> <span class='ocrx_word' id='word_1_187' title='bbox 1982 2913 2129 2982; x_wconf 86' lang='lat' dir='ltr'><strong>Quo-</strong></span> 
     </span>
    </p>
   </div>
   <div class='ocr_carea' id='block_1_25' title="bbox 474 3005 2130 3078">
    <p class='ocr_par' dir='ltr' id='par_1_25' title="bbox 474 3005 2130 3078">
     <span class='ocr_line' id='line_1_27' title="bbox 474 3005 2130 3078; baseline -0.001 -17"><span class='ocrx_word' id='word_1_188' title='bbox 474 3016 477 3019; x_wconf 87' lang='lat'>&#39;</span> <span class='ocrx_word' id='word_1_189' title='bbox 539 3007 700 3062; x_wconf 83' lang='lat' dir='ltr'><strong>modo</strong></span> <span class='ocrx_word' id='word_1_190' title='bbox 719 3007 862 3063; x_wconf 89' lang='lat' dir='ltr'><strong>enim</strong></span> <span class='ocrx_word' id='word_1_191' title='bbox 887 3016 941 3063; x_wconf 91' lang='lat' dir='ltr'><strong>tu</strong></span> <span class='ocrx_word' id='word_1_192' title='bbox 968 3008 1315 3064; x_wconf 88' lang='lat' dir='ltr'><strong>charissimus</strong></span> <span class='ocrx_word' id='word_1_193' title='bbox 1336 3023 1488 3064; x_wconf 89' lang='lat' dir='ltr'><strong>meus</strong></span> <span class='ocrx_word' id='word_1_194' title='bbox 1514 3022 1700 3078; x_wconf 88' lang='lat' dir='ltr'><strong>posses</strong></span> <span class='ocrx_word' id='word_1_195' title='bbox 1720 3008 1803 3063; x_wconf 85' lang='lat' dir='ltr'><strong>vel</strong></span> <span class='ocrx_word' id='word_1_196' title='bbox 1825 3006 2055 3063; x_wconf 84' lang='lat' dir='ltr'><strong>deberes</strong></span> <span class='ocrx_word' id='word_1_197' title='bbox 2077 3005 2130 3060; x_wconf 92' lang='lat' dir='ltr'><strong>in</strong></span> 
     </span>
    </p>
   </div>
   <div class='ocr_carea' id='block_1_26' title="bbox 538 3098 2132 3169">
    <p class='ocr_par' dir='ltr' id='par_1_26' title="bbox 538 3098 2132 3169">
     <span class='ocr_line' id='line_1_28' title="bbox 538 3098 2132 3169; baseline -0.001 -16"><span class='ocrx_word' id='word_1_198' title='bbox 538 3114 712 3153; x_wconf 83' lang='lat' dir='ltr'><strong>meam</strong></span> <span class='ocrx_word' id='word_1_199' title='bbox 741 3115 845 3152; x_wconf 92' lang='lat' dir='ltr'><strong>non</strong></span> <span class='ocrx_word' id='word_1_200' title='bbox 873 3098 1109 3169; x_wconf 88' lang='lat' dir='ltr'><strong>perferre</strong></span> <span class='ocrx_word' id='word_1_201' title='bbox 1133 3101 1394 3163; x_wconf 87' lang='lat' dir='ltr'><strong>notitiam.</strong></span> <span class='ocrx_word' id='word_1_202' title='bbox 1424 3115 1548 3155; x_wconf 90' lang='lat' dir='ltr'><strong>cum</strong></span> <span class='ocrx_word' id='word_1_203' title='bbox 1585 3100 1640 3154; x_wconf 92' lang='lat' dir='ltr'><strong>in</strong></span> <span class='ocrx_word' id='word_1_204' title='bbox 1675 3113 1866 3153; x_wconf 89' lang='lat' dir='ltr'><strong>manus</strong></span> <span class='ocrx_word' id='word_1_205' title='bbox 1898 3106 2015 3152; x_wconf 90' lang='lat' dir='ltr'><strong>tuas</strong></span> <span class='ocrx_word' id='word_1_206' title='bbox 2039 3112 2132 3152; x_wconf 83' lang='lat' dir='ltr'><strong>ve-</strong></span> 
     </span>
    </p>
   </div>
   <div class='ocr_carea' id='block_1_27' title="bbox 540 3186 2134 3260">
    <p class='ocr_par' dir='ltr' id='par_1_27' title="bbox 540 3186 2134 3260">
     <span class='ocr_line' id='line_1_29' title="bbox 540 3186 2134 3260; baseline -0.003 -16"><span class='ocrx_word' id='word_1_207' title='bbox 540 3191 748 3244; x_wconf 82' lang='lat' dir='ltr'><strong>nissent</strong></span> <span class='ocrx_word' id='word_1_208' title='bbox 772 3189 1055 3258; x_wconf 89' lang='lat' dir='ltr'><strong>cujuslibet</strong></span> <span class='ocrx_word' id='word_1_209' title='bbox 1080 3189 1314 3245; x_wconf 89' lang='lat' dir='ltr'><strong>hominis</strong></span> <span class='ocrx_word' id='word_1_210' title='bbox 1332 3189 1750 3260; x_wconf 81' lang='lat' dir='ltr'><strong>qualescumque</strong></span> <span class='ocrx_word' id='word_1_211' title='bbox 1772 3187 1982 3251; x_wconf 60' lang='lat' dir='ltr'><strong>littera,</strong></span> <span class='ocrx_word' id='word_1_212' title='bbox 2005 3186 2134 3242; x_wconf 83' lang='lat' dir='ltr'><strong>licet</strong></span> 
     </span>
    </p>
   </div>
   <div class='ocr_carea' id='block_1_28' title="bbox 539 3280 2133 3349">
    <p class='ocr_par' dir='ltr' id='par_1_28' title="bbox 539 3280 2133 3349">
     <span class='ocr_line' id='line_1_30' title="bbox 539 3280 2133 3349; baseline -0.002 -16"><span class='ocrx_word' id='word_1_213' title='bbox 539 3281 608 3334; x_wconf 90' lang='lat' dir='ltr'><strong>ad</strong></span> <span class='ocrx_word' id='word_1_214' title='bbox 638 3280 800 3335; x_wconf 87' lang='lat' dir='ltr'><strong>alium</strong></span> <span class='ocrx_word' id='word_1_215' title='bbox 829 3281 1141 3349; x_wconf 86' lang='lat' dir='ltr'><strong>scribentis,</strong></span> <span class='ocrx_word' id='word_1_216' title='bbox 1175 3282 1263 3337; x_wconf 88' lang='lat' dir='ltr'><strong>ubi</strong></span> <span class='ocrx_word' id='word_1_217' title='bbox 1295 3294 1471 3336; x_wconf 87' lang='lat' dir='ltr'><strong>tamen</strong></span> <span class='ocrx_word' id='word_1_218' title='bbox 1510 3296 1707 3335; x_wconf 89' lang='lat' dir='ltr'><strong>nomen</strong></span> <span class='ocrx_word' id='word_1_219' title='bbox 1736 3292 2133 3334; x_wconf 87' lang='lat' dir='ltr'><strong>commemora-</strong></span> 
     </span>
    </p>
   </div>
   <div class='ocr_carea' id='block_1_29' title="bbox 538 3367 2134 3442">
    <p class='ocr_par' dir='ltr' id='par_1_29' title="bbox 538 3367 2134 3442">
     <span class='ocr_line' id='line_1_31' title="bbox 538 3367 2134 3442; baseline -0.001 -17"><span class='ocrx_word' id='word_1_220' title='bbox 538 3382 686 3426; x_wconf 86' lang='lat' dir='ltr'><strong>retur</strong></span> <span class='ocrx_word' id='word_1_221' title='bbox 705 3381 760 3427; x_wconf 91' lang='lat' dir='ltr'><strong>et</strong></span> <span class='ocrx_word' id='word_1_222' title='bbox 789 3373 1052 3442; x_wconf 76' lang='lat' dir='ltr'><strong>legeretur</strong></span> <span class='ocrx_word' id='word_1_223' title='bbox 1072 3388 1273 3439; x_wconf 89' lang='lat' dir='ltr'><strong>meum,</strong></span> <span class='ocrx_word' id='word_1_224' title='bbox 1298 3373 1370 3426; x_wconf 90' lang='lat' dir='ltr'><strong>ita</strong></span> <span class='ocrx_word' id='word_1_225' title='bbox 1390 3380 1453 3427; x_wconf 89' lang='lat' dir='ltr'><strong>ut</strong></span> <span class='ocrx_word' id='word_1_226' title='bbox 1471 3370 1930 3427; x_wconf 89' lang='lat' dir='ltr'><strong>eontradiccrctur</strong></span> <span class='ocrx_word' id='word_1_227' title='bbox 1952 3367 2134 3423; x_wconf 83' lang='lat' dir='ltr'><strong>verbis</strong></span> 
     </span>
    </p>
   </div>
   <div class='ocr_carea' id='block_1_30' title="bbox 538 3458 2135 3534">
    <p class='ocr_par' dir='ltr' id='par_1_30' title="bbox 538 3458 2135 3534">
     <span class='ocr_line' id='line_1_32' title="bbox 538 3458 2135 3534; baseline -0.002 -17"><span class='ocrx_word' id='word_1_228' title='bbox 538 3465 695 3530; x_wconf 84' lang='lat' dir='ltr'><strong>meis,</strong></span> <span class='ocrx_word' id='word_1_229' title='bbox 739 3479 858 3533; x_wconf 72' lang='lat' dir='ltr'><strong>qua:</strong></span> <span class='ocrx_word' id='word_1_230' title='bbox 900 3464 950 3518; x_wconf 93' lang='lat' dir='ltr'><strong>in</strong></span> <span class='ocrx_word' id='word_1_231' title='bbox 994 3463 1311 3534; x_wconf 89' lang='lat' dir='ltr'><strong>quibusdam</strong></span> <span class='ocrx_word' id='word_1_232' title='bbox 1355 3463 1625 3533; x_wconf 84' lang='lat' dir='ltr'><strong>Opusculis</strong></span> <span class='ocrx_word' id='word_1_233' title='bbox 1664 3459 1995 3516; x_wconf 78' lang='lat' dir='ltr'><strong>edidissem?</strong></span> <span class='ocrx_word' id='word_1_234' title='bbox 2022 3458 2135 3515; x_wconf 77' lang='lat' dir='ltr'><strong>Hoc</strong></span> 
     </span>
    </p>
   </div>
   <div class='ocr_carea' id='block_1_31' title="bbox 540 3551 2137 3626">
    <p class='ocr_par' dir='ltr' id='par_1_31' title="bbox 540 3551 2137 3626">
     <span class='ocr_line' id='line_1_33' title="bbox 540 3551 2137 3626; baseline -0.001 -18"><span class='ocrx_word' id='word_1_235' title='bbox 540 3555 720 3625; x_wconf 86' lang='lat' dir='ltr'><strong>itaque</strong></span> <span class='ocrx_word' id='word_1_236' title='bbox 742 3554 934 3621; x_wconf 84' lang='lat' dir='ltr'><strong>fecisti,</strong></span> <span class='ocrx_word' id='word_1_237' title='bbox 953 3554 1094 3626; x_wconf 89' lang='lat' dir='ltr'><strong>quod</strong></span> <span class='ocrx_word' id='word_1_238' title='bbox 1125 3555 1519 3610; x_wconf 87' lang='lat' dir='ltr'><strong>sincerissimus</strong></span> <span class='ocrx_word' id='word_1_239' title='bbox 1535 3562 1586 3610; x_wconf 90' lang='lat' dir='ltr'><strong>et</strong></span> <span class='ocrx_word' id='word_1_240' title='bbox 1602 3552 1980 3609; x_wconf 88' lang='lat' dir='ltr'><strong>dilectissimus</strong></span> <span class='ocrx_word' id='word_1_241' title='bbox 2000 3551 2137 3607; x_wconf 87' lang='lat' dir='ltr'><strong>ami-</strong></span> 
     </span>
    </p>
   </div>
   <div class='ocr_carea' id='block_1_32' title="bbox 536 3644 1299 3700">
    <p class='ocr_par' dir='ltr' id='par_1_32' title="bbox 536 3644 1299 3700">
     <span class='ocr_line' id='line_1_34' title="bbox 536 3644 1299 3700; baseline -0.003 0"><span class='ocrx_word' id='word_1_242' title='bbox 536 3659 633 3700; x_wconf 84' lang='lat' dir='ltr'><strong>cus</strong></span> <span class='ocrx_word' id='word_1_243' title='bbox 663 3660 816 3700; x_wconf 80' lang='lat' dir='ltr'><strong>meus</strong></span> <span class='ocrx_word' id='word_1_244' title='bbox 845 3644 1020 3700; x_wconf 87' lang='lat' dir='ltr'><strong>facere</strong></span> <span class='ocrx_word' id='word_1_245' title='bbox 1046 3644 1299 3700; x_wconf 88' lang='lat' dir='ltr'><strong>debuisti.</strong></span> 
     </span>
    </p>
   </div>
   <div class='ocr_carea' id='block_1_33' title="bbox 614 3734 2135 3807">
    <p class='ocr_par' dir='ltr' id='par_1_33' title="bbox 614 3734 2135 3807">
     <span class='ocr_line' id='line_1_35' title="bbox 614 3734 2135 3807; baseline 0 -17"><span class='ocrx_word' id='word_1_246' title='bbox 614 3734 843 3792; x_wconf 80' lang='lat' dir='ltr'><strong>CAPUT</strong></span> <span class='ocrx_word' id='word_1_247' title='bbox 882 3736 947 3793; x_wconf 87' lang='lat' dir='ltr'><strong>ll.</strong></span> <span class='ocrx_word' id='word_1_248' title='bbox 985 3767 1058 3778; x_wconf 93' lang='lat'><strong><em>—</em></strong></span> <span class='ocrx_word' id='word_1_249' title='bbox 1094 3737 1150 3790; x_wconf 74' lang='lat'><strong>2.</strong></span> <span class='ocrx_word' id='word_1_250' title='bbox 1191 3736 1297 3793; x_wconf 84' lang='lat' dir='ltr'><strong>Sed</strong></span> <span class='ocrx_word' id='word_1_251' title='bbox 1327 3735 1451 3791; x_wconf 90' lang='lat' dir='ltr'><strong>hinc</strong></span> <span class='ocrx_word' id='word_1_252' title='bbox 1478 3751 1646 3807; x_wconf 90' lang='lat' dir='ltr'><strong>angor</strong></span> <span class='ocrx_word' id='word_1_253' title='bbox 1675 3736 1963 3805; x_wconf 88' lang='lat' dir='ltr'><strong>paululum,</strong></span> <span class='ocrx_word' id='word_1_254' title='bbox 1991 3734 2135 3806; x_wconf 91' lang='lat' dir='ltr'><strong>quod</strong></span> 
     </span>
    </p>
   </div>
   <div class='ocr_carea' id='block_1_34' title="bbox 539 3825 2136 3896">
    <p class='ocr_par' dir='ltr' id='par_1_34' title="bbox 539 3825 2136 3896">
     <span class='ocr_line' id='line_1_36' title="bbox 539 3825 2136 3896; baseline -0.001 -15"><span class='ocrx_word' id='word_1_255' title='bbox 539 3827 718 3883; x_wconf 87' lang='lat' dir='ltr'><strong>adhuc</strong></span> <span class='ocrx_word' id='word_1_256' title='bbox 763 3837 866 3882; x_wconf 67' lang='lat' dir='ltr'><strong>tum</strong></span> <span class='ocrx_word' id='word_1_257' title='bbox 903 3827 1182 3883; x_wconf 88' lang='lat' dir='ltr'><strong>Sanctitati</strong></span> <span class='ocrx_word' id='word_1_258' title='bbox 1228 3827 1406 3882; x_wconf 87' lang='lat' dir='ltr'><strong>minus</strong></span> <span class='ocrx_word' id='word_1_259' title='bbox 1452 3842 1610 3883; x_wconf 79' lang='lat' dir='ltr'><strong>Ullam</strong></span> <span class='ocrx_word' id='word_1_260' title='bbox 1657 3826 1845 3881; x_wconf 86' lang='lat' dir='ltr'><strong>vellem</strong></span> <span class='ocrx_word' id='word_1_261' title='bbox 1890 3825 2136 3896; x_wconf 84' lang='lat' dir='ltr'><strong>cognitus</strong></span> 
     </span>
    </p>
   </div>
   <div class='ocr_carea' id='block_1_35' title="bbox 543 3915 2133 3987">
    <p class='ocr_par' dir='ltr' id='par_1_35' title="bbox 543 3915 2133 3987">
     <span class='ocr_line' id='line_1_37' title="bbox 543 3915 2133 3987; baseline -0.001 -16"><span class='ocrx_word' id='word_1_262' title='bbox 543 3932 661 3971; x_wconf 80' lang='lat' dir='ltr'><strong>smn</strong></span> <span class='ocrx_word' id='word_1_263' title='bbox 683 3934 695 3967; x_wconf 89' lang='lat'>:</span> <span class='ocrx_word' id='word_1_264' title='bbox 715 3916 1145 3987; x_wconf 90' lang='lat' dir='ltr'><strong>quandoquidem</strong></span> <span class='ocrx_word' id='word_1_265' title='bbox 1169 3917 1364 3987; x_wconf 88' lang='lat' dir='ltr'><strong>putasti</strong></span> <span class='ocrx_word' id='word_1_266' title='bbox 1388 3933 1476 3972; x_wconf 90' lang='lat' dir='ltr'><strong>me</strong></span> <span class='ocrx_word' id='word_1_267' title='bbox 1500 3915 1578 3972; x_wconf 67' lang='lat' dir='ltr'><strong>sic</strong></span> <span class='ocrx_word' id='word_1_268' title='bbox 1600 3926 1964 3985; x_wconf 81' lang='lat' dir='ltr'><strong>accepturum,</strong></span> <span class='ocrx_word' id='word_1_269' title='bbox 1983 3916 2133 3986; x_wconf 88' lang='lat' dir='ltr'><strong>quasi</strong></span> 
     </span>
    </p>
   </div>
   <div class='ocr_carea' id='block_1_36' title="bbox 544 4007 2136 4079">
    <p class='ocr_par' dir='ltr' id='par_1_36' title="bbox 544 4007 2136 4079">
     <span class='ocr_line' id='line_1_38' title="bbox 544 4007 2136 4079; baseline 0.002 -18"><span class='ocrx_word' id='word_1_270' title='bbox 544 4018 601 4061; x_wconf 90' lang='lat' dir='ltr'><strong>tu</strong></span> <span class='ocrx_word' id='word_1_271' title='bbox 631 4008 759 4061; x_wconf 90' lang='lat' dir='ltr'><strong>mihi</strong></span> <span class='ocrx_word' id='word_1_272' title='bbox 793 4007 1040 4077; x_wconf 90' lang='lat' dir='ltr'><strong>injuriam</strong></span> <span class='ocrx_word' id='word_1_273' title='bbox 1081 4007 1295 4074; x_wconf 86' lang='lat' dir='ltr'><strong>feceris,</strong></span> <span class='ocrx_word' id='word_1_274' title='bbox 1336 4019 1518 4062; x_wconf 85' lang='lat' dir='ltr'><strong>notum</strong></span> <span class='ocrx_word' id='word_1_275' title='bbox 1561 4009 1801 4063; x_wconf 84' lang='lat' dir='ltr'><strong>faciendo</strong></span> <span class='ocrx_word' id='word_1_276' title='bbox 1826 4008 1969 4079; x_wconf 88' lang='lat' dir='ltr'><strong>quod</strong></span> <span class='ocrx_word' id='word_1_277' title='bbox 1998 4009 2136 4064; x_wconf 87' lang='lat' dir='ltr'><strong>alius</strong></span> 
     </span>
    </p>
   </div>
   <div class='ocr_carea' id='block_1_37' title="bbox 543 4097 2133 4166">
    <p class='ocr_par' dir='ltr' id='par_1_37' title="bbox 543 4097 2133 4166">
     <span class='ocr_line' id='line_1_39' title="bbox 543 4097 2133 4166; baseline 0.002 -15"><span class='ocrx_word' id='word_1_278' title='bbox 543 4097 689 4153; x_wconf 80' lang='lat' dir='ltr'><strong>fecit.</strong></span> <span class='ocrx_word' id='word_1_279' title='bbox 720 4098 987 4166; x_wconf 85' lang='lat' dir='ltr'><strong>Quantum</strong></span> <span class='ocrx_word' id='word_1_280' title='bbox 1018 4109 1196 4154; x_wconf 87' lang='lat' dir='ltr'><strong>autem</strong></span> <span class='ocrx_word' id='word_1_281' title='bbox 1226 4098 1328 4154; x_wconf 92' lang='lat' dir='ltr'><strong>hoc</strong></span> <span class='ocrx_word' id='word_1_282' title='bbox 1351 4098 1491 4154; x_wconf 91' lang='lat' dir='ltr'><strong>absit</strong></span> <span class='ocrx_word' id='word_1_283' title='bbox 1518 4099 1586 4153; x_wconf 88' lang='lat' dir='ltr'><strong>ab</strong></span> <span class='ocrx_word' id='word_1_284' title='bbox 1614 4100 1793 4155; x_wconf 91' lang='lat' dir='ltr'><strong>animo</strong></span> <span class='ocrx_word' id='word_1_285' title='bbox 1815 4114 1956 4165; x_wconf 88' lang='lat' dir='ltr'><strong>meo,</strong></span> <span class='ocrx_word' id='word_1_286' title='bbox 1988 4097 2133 4164; x_wconf 89' lang='lat' dir='ltr'><strong>vide,</strong></span> 
     </span>
    </p>
   </div>
   <div class='ocr_carea' id='block_1_38' title="bbox 539 4187 2132 4260">
    <p class='ocr_par' dir='ltr' id='par_1_38' title="bbox 539 4187 2132 4260">
     <span class='ocr_line' id='line_1_40' title="bbox 539 4187 2132 4260; baseline 0.002 -19"><span class='ocrx_word' id='word_1_287' title='bbox 539 4198 601 4242; x_wconf 79' lang='lat' dir='ltr'><strong>ut</strong></span> <span class='ocrx_word' id='word_1_288' title='bbox 629 4203 696 4242; x_wconf 91' lang='lat' dir='ltr'><strong>ue</strong></span> <span class='ocrx_word' id='word_1_289' title='bbox 724 4187 791 4242; x_wconf 87' lang='lat' dir='ltr'><strong>ab</strong></span> <span class='ocrx_word' id='word_1_290' title='bbox 820 4188 911 4243; x_wconf 89' lang='lat' dir='ltr'><strong>illo</strong></span> <span class='ocrx_word' id='word_1_291' title='bbox 935 4189 1151 4259; x_wconf 88' lang='lat' dir='ltr'><strong>quidem</strong></span> <span class='ocrx_word' id='word_1_292' title='bbox 1179 4205 1264 4244; x_wconf 91' lang='lat' dir='ltr'><strong>me</strong></span> <span class='ocrx_word' id='word_1_293' title='bbox 1288 4204 1501 4259; x_wconf 88' lang='lat' dir='ltr'><strong>passum</strong></span> <span class='ocrx_word' id='word_1_294' title='bbox 1534 4189 1781 4259; x_wconf 88' lang='lat' dir='ltr'><strong>injuriam</strong></span> <span class='ocrx_word' id='word_1_295' title='bbox 1811 4204 2132 4260; x_wconf 89' lang='lat' dir='ltr'><strong>conquerar.</strong></span> 
     </span>
    </p>
   </div>
   <div class='ocr_carea' id='block_1_39' title="bbox 544 4279 2137 4351">
    <p class='ocr_par' dir='ltr' id='par_1_39' title="bbox 544 4279 2137 4351">
     <span class='ocr_line' id='line_1_41' title="bbox 544 4279 2137 4351; baseline 0.001 -19"><span class='ocrx_word' id='word_1_296' title='bbox 544 4281 678 4333; x_wconf 83' lang='lat' dir='ltr'><strong>Cum</strong></span> <span class='ocrx_word' id='word_1_297' title='bbox 724 4279 867 4334; x_wconf 91' lang='lat' dir='ltr'><strong>enim</strong></span> <span class='ocrx_word' id='word_1_298' title='bbox 911 4280 1065 4334; x_wconf 90' lang='lat' dir='ltr'><strong>aliter</strong></span> <span class='ocrx_word' id='word_1_299' title='bbox 1102 4280 1345 4350; x_wconf 78' lang='lat' dir='ltr'><strong>quaedam</strong></span> <span class='ocrx_word' id='word_1_300' title='bbox 1376 4296 1534 4350; x_wconf 90' lang='lat' dir='ltr'><strong>quam</strong></span> <span class='ocrx_word' id='word_1_301' title='bbox 1579 4295 1678 4350; x_wconf 86' lang='lat' dir='ltr'><strong>ego</strong></span> <span class='ocrx_word' id='word_1_302' title='bbox 1719 4288 1950 4351; x_wconf 81' lang='lat' dir='ltr'><strong>saperet,</strong></span> <span class='ocrx_word' id='word_1_303' title='bbox 1980 4295 2137 4334; x_wconf 88' lang='lat' dir='ltr'><strong>num-</strong></span> 
     </span>
    </p>
   </div>
   <div class='ocr_carea' id='block_1_40' title="bbox 547 4370 2134 4442">
    <p class='ocr_par' dir='ltr' id='par_1_40' title="bbox 547 4370 2134 4442">
     <span class='ocr_line' id='line_1_42' title="bbox 547 4370 2134 4442; baseline 0.002 -19"><span class='ocrx_word' id='word_1_304' title='bbox 547 4371 800 4441; x_wconf 85' lang='lat' dir='ltr'><strong>quidnam</strong></span> <span class='ocrx_word' id='word_1_305' title='bbox 829 4370 1014 4426; x_wconf 88' lang='lat' dir='ltr'><strong>debuit</strong></span> <span class='ocrx_word' id='word_1_306' title='bbox 1044 4372 1300 4427; x_wconf 87' lang='lat' dir='ltr'><strong>reticcre?</strong></span> <span class='ocrx_word' id='word_1_307' title='bbox 1326 4371 1477 4426; x_wconf 85' lang='lat' dir='ltr'><strong>Unde</strong></span> <span class='ocrx_word' id='word_1_308' title='bbox 1504 4371 1630 4425; x_wconf 90' lang='lat' dir='ltr'><strong>mihi</strong></span> <span class='ocrx_word' id='word_1_309' title='bbox 1660 4381 1867 4442; x_wconf 86' lang='lat' dir='ltr'><strong>graium</strong></span> <span class='ocrx_word' id='word_1_310' title='bbox 1893 4386 2013 4426; x_wconf 87' lang='lat' dir='ltr'><strong>esse</strong></span> <span class='ocrx_word' id='word_1_311' title='bbox 2039 4371 2134 4426; x_wconf 88' lang='lat' dir='ltr'><strong>de-</strong></span> 
     </span>
    </p>
   </div>
   <div class='ocr_carea' id='block_1_41' title="bbox 545 4461 2132 4534">
    <p class='ocr_par' dir='ltr' id='par_1_41' title="bbox 545 4461 2132 4534">
     <span class='ocr_line' id='line_1_43' title="bbox 545 4461 2132 4534; baseline 0.002 -19"><span class='ocrx_word' id='word_1_312' title='bbox 545 4462 656 4529; x_wconf 88' lang='lat' dir='ltr'><strong>bet,</strong></span> <span class='ocrx_word' id='word_1_313' title='bbox 684 4461 824 4531; x_wconf 90' lang='lat' dir='ltr'><strong>quod</strong></span> <span class='ocrx_word' id='word_1_314' title='bbox 856 4463 925 4516; x_wconf 92' lang='lat' dir='ltr'><strong>ita</strong></span> <span class='ocrx_word' id='word_1_315' title='bbox 948 4478 1053 4518; x_wconf 92' lang='lat' dir='ltr'><strong>non</strong></span> <span class='ocrx_word' id='word_1_316' title='bbox 1085 4464 1267 4530; x_wconf 75' lang='lat' dir='ltr'><strong>tacuit,</strong></span> <span class='ocrx_word' id='word_1_317' title='bbox 1293 4471 1350 4518; x_wconf 92' lang='lat' dir='ltr'><strong>ut</strong></span> <span class='ocrx_word' id='word_1_318' title='bbox 1378 4463 1431 4517; x_wconf 88' lang='lat' dir='ltr'><strong>id</strong></span> <span class='ocrx_word' id='word_1_319' title='bbox 1453 4462 1612 4518; x_wconf 89' lang='lat' dir='ltr'><strong>etiam</strong></span> <span class='ocrx_word' id='word_1_320' title='bbox 1639 4463 1818 4530; x_wconf 81' lang='lat' dir='ltr'><strong>legere</strong></span> <span class='ocrx_word' id='word_1_321' title='bbox 1845 4464 2132 4534; x_wconf 88' lang='lat' dir='ltr'><strong>possimus.</strong></span> 
     </span>
    </p>
   </div>
   <div class='ocr_carea' id='block_1_42' title="bbox 548 4555 2133 4628">
    <p class='ocr_par' dir='ltr' id='par_1_42' title="bbox 548 4555 2133 4628">
     <span class='ocr_line' id='line_1_44' title="bbox 548 4555 2133 4628; baseline 0.001 -18"><span class='ocrx_word' id='word_1_322' title='bbox 548 4555 777 4612; x_wconf 86' lang='lat' dir='ltr'><strong>Deberet</strong></span> <span class='ocrx_word' id='word_1_323' title='bbox 796 4556 1011 4626; x_wconf 91' lang='lat' dir='ltr'><strong>quidem</strong></span> <span class='ocrx_word' id='word_1_324' title='bbox 1036 4558 1053 4589; x_wconf 75' lang='grc'><strong>⁸</strong></span> <span class='ocrx_word' id='word_1_325' title='bbox 1079 4565 1281 4612; x_wconf 90' lang='lat' dir='ltr'><strong>tantum</strong></span> <span class='ocrx_word' id='word_1_326' title='bbox 1305 4556 1541 4612; x_wconf 87' lang='lat' dir='ltr'><strong>scribere</strong></span> <span class='ocrx_word' id='word_1_327' title='bbox 1560 4556 1738 4627; x_wconf 86' lang='lat' dir='ltr'><strong>potius</strong></span> <span class='ocrx_word' id='word_1_328' title='bbox 1757 4555 1824 4612; x_wconf 91' lang='lat' dir='ltr'><strong>ad</strong></span> <span class='ocrx_word' id='word_1_329' title='bbox 1847 4571 1952 4622; x_wconf 90' lang='lat' dir='ltr'><strong>me,</strong></span> <span class='ocrx_word' id='word_1_330' title='bbox 1974 4572 2133 4628; x_wconf 89' lang='lat' dir='ltr'><strong>quam</strong></span> 
     </span>
    </p>
   </div>
   <div class='ocr_carea' id='block_1_43' title="bbox 541 4648 2131 4722">
    <p class='ocr_par' dir='ltr' id='par_1_43' title="bbox 541 4648 2131 4722">
     <span class='ocr_line' id='line_1_45' title="bbox 541 4648 2131 4722; baseline 0.001 -18"><span class='ocrx_word' id='word_1_331' title='bbox 541 4648 609 4704; x_wconf 81' lang='lat' dir='ltr'><strong>ad</strong></span> <span class='ocrx_word' id='word_1_332' title='bbox 639 4648 863 4705; x_wconf 87' lang='lat' dir='ltr'><strong>alterum</strong></span> <span class='ocrx_word' id='word_1_333' title='bbox 889 4650 956 4704; x_wconf 87' lang='lat' dir='ltr'><strong>de</strong></span> <span class='ocrx_word' id='word_1_334' title='bbox 980 4665 1069 4706; x_wconf 89' lang='lat' dir='ltr'><strong>me</strong></span> <span class='ocrx_word' id='word_1_335' title='bbox 1098 4668 1111 4704; x_wconf 91' lang='lat'><strong>:</strong></span> <span class='ocrx_word' id='word_1_336' title='bbox 1143 4650 1238 4706; x_wconf 89' lang='lat' dir='ltr'><strong>sed</strong></span> <span class='ocrx_word' id='word_1_337' title='bbox 1264 4649 1405 4721; x_wconf 91' lang='lat' dir='ltr'><strong>quod</strong></span> <span class='ocrx_word' id='word_1_338' title='bbox 1434 4650 1563 4705; x_wconf 90' lang='lat' dir='ltr'><strong>mihi</strong></span> <span class='ocrx_word' id='word_1_339' title='bbox 1594 4659 1738 4706; x_wconf 88' lang='lat' dir='ltr'><strong>esset</strong></span> <span class='ocrx_word' id='word_1_340' title='bbox 1765 4651 1996 4722; x_wconf 88' lang='lat' dir='ltr'><strong>ignotus,</strong></span> <span class='ocrx_word' id='word_1_341' title='bbox 2026 4666 2131 4706; x_wconf 89' lang='lat' dir='ltr'><strong>non</strong></span> 
     </span>
    </p>
   </div>
   <div class='ocr_carea' id='block_1_44' title="bbox 540 4742 2135 4812">
    <p class='ocr_par' dir='ltr' id='par_1_44' title="bbox 540 4742 2135 4812">
     <span class='ocr_line' id='line_1_46' title="bbox 540 4742 2135 4812; baseline 0.002 -16"><span class='ocrx_word' id='word_1_342' title='bbox 540 4752 627 4796; x_wconf 86' lang='lat' dir='ltr'><strong>est</strong></span> <span class='ocrx_word' id='word_1_343' title='bbox 648 4755 812 4796; x_wconf 87' lang='lat' dir='ltr'><strong>ausus</strong></span> <span class='ocrx_word' id='word_1_344' title='bbox 839 4757 897 4797; x_wconf 83' lang='lat' dir='ltr'><strong>se</strong></span> <span class='ocrx_word' id='word_1_345' title='bbox 922 4742 1050 4796; x_wconf 84' lang='lat' dir='ltr'><strong>mihi</strong></span> <span class='ocrx_word' id='word_1_346' title='bbox 1079 4742 1322 4812; x_wconf 82' lang='lat' dir='ltr'><strong>ingerere</strong></span> <span class='ocrx_word' id='word_1_347' title='bbox 1352 4743 1402 4797; x_wconf 92' lang='lat' dir='ltr'><strong>in</strong></span> <span class='ocrx_word' id='word_1_348' title='bbox 1439 4758 1677 4797; x_wconf 91' lang='lat' dir='ltr'><strong>meorum</strong></span> <span class='ocrx_word' id='word_1_349' title='bbox 1707 4742 2026 4800; x_wconf 88' lang='lat' dir='ltr'><strong>refutatione</strong></span> <span class='ocrx_word' id='word_1_350' title='bbox 2050 4745 2135 4799; x_wconf 84' lang='lat' dir='ltr'><strong>di-</strong></span> 
     </span>
    </p>
   </div>
   <div class='ocr_carea' id='block_1_45' title="bbox 541 4832 2134 4904">
    <p class='ocr_par' dir='ltr' id='par_1_45' title="bbox 541 4832 2134 4904">
     <span class='ocr_line' id='line_1_47' title="bbox 541 4832 2134 4904; baseline 0.003 -17"><span class='ocrx_word' id='word_1_351' title='bbox 541 4842 773 4888; x_wconf 89' lang='lat' dir='ltr'><strong>ctorum.</strong></span> <span class='ocrx_word' id='word_1_352' title='bbox 794 4832 903 4890; x_wconf 88' lang='lat' dir='ltr'><strong>Nec</strong></span> <span class='ocrx_word' id='word_1_353' title='bbox 921 4834 1308 4889; x_wconf 87' lang='lat' dir='ltr'><strong>consulendum</strong></span> <span class='ocrx_word' id='word_1_354' title='bbox 1337 4850 1422 4890; x_wconf 91' lang='lat' dir='ltr'><strong>me</strong></span> <span class='ocrx_word' id='word_1_355' title='bbox 1445 4836 1665 4904; x_wconf 81' lang='lat' dir='ltr'><strong>putavit,</strong></span> <span class='ocrx_word' id='word_1_356' title='bbox 1690 4835 1777 4890; x_wconf 90' lang='lat' dir='ltr'><strong>ubi</strong></span> <span class='ocrx_word' id='word_1_357' title='bbox 1802 4835 1903 4891; x_wconf 92' lang='lat' dir='ltr'><strong>sibi</strong></span> <span class='ocrx_word' id='word_1_358' title='bbox 1926 4836 2134 4892; x_wconf 87' lang='lat' dir='ltr'><strong>videtur</strong></span> 
     </span>
    </p>
   </div>
   <div class='ocr_carea' id='block_1_46' title="bbox 544 4923 2131 4997">
    <p class='ocr_par' dir='ltr' id='par_1_46' title="bbox 544 4923 2131 4997">
     <span class='ocr_line' id='line_1_48' title="bbox 544 4923 2131 4997; baseline 0.004 -21"><span class='ocrx_word' id='word_1_359' title='bbox 544 4923 764 4979; x_wconf 90' lang='lat' dir='ltr'><strong>minime</strong></span> <span class='ocrx_word' id='word_1_360' title='bbox 800 4924 1173 4987; x_wconf 85' lang='lat' dir='ltr'><strong>dubitandum,</strong></span> <span class='ocrx_word' id='word_1_361' title='bbox 1215 4925 1310 4981; x_wconf 90' lang='lat' dir='ltr'><strong>sed</strong></span> <span class='ocrx_word' id='word_1_362' title='bbox 1351 4926 1509 4997; x_wconf 86' lang='lat' dir='ltr'><strong>plane</strong></span> <span class='ocrx_word' id='word_1_363' title='bbox 1538 4926 1803 4997; x_wconf 89' lang='lat' dir='ltr'><strong>cognitam</strong></span> <span class='ocrx_word' id='word_1_364' title='bbox 1842 4936 1898 4982; x_wconf 91' lang='lat' dir='ltr'><strong>et</strong></span> <span class='ocrx_word' id='word_1_365' title='bbox 1930 4937 2131 4982; x_wconf 89' lang='lat' dir='ltr'><strong>certam</strong></span> 
     </span>
    </p>
   </div>
   <div class='ocr_carea' id='block_1_47' title="bbox 544 5002 2134 5089">
    <p class='ocr_par' dir='ltr' id='par_1_47' title="bbox 544 5002 2134 5089">
     <span class='ocr_line' id='line_1_49' title="bbox 544 5002 2134 5089; baseline 0.007 -23"><span class='ocrx_word' id='word_1_366' title='bbox 544 5024 729 5070; x_wconf 90' lang='lat' dir='ltr'><strong>tenere</strong></span> <span class='ocrx_word' id='word_1_367' title='bbox 756 5018 1097 5072; x_wconf 88' lang='lat' dir='ltr'><strong>sententiam.</strong></span> <span class='ocrx_word' id='word_1_368' title='bbox 1119 5002 1520 5089; x_wconf 77' lang='lat' dir='ltr'><strong>Obtemperavit</strong></span> <span class='ocrx_word' id='word_1_369' title='bbox 1548 5029 1724 5075; x_wconf 90' lang='lat' dir='ltr'><strong>autem</strong></span> <span class='ocrx_word' id='word_1_370' title='bbox 1756 5020 1929 5075; x_wconf 90' lang='lat' dir='ltr'><strong>amico</strong></span> <span class='ocrx_word' id='word_1_371' title='bbox 1953 5035 2071 5085; x_wconf 88' lang='lat' dir='ltr'><strong>suo,</strong></span> <span class='ocrx_word' id='word_1_372' title='bbox 2102 5037 2134 5076; x_wconf 93' lang='lat' dir='ltr'><strong>a</strong></span> 
     </span>
    </p>
   </div>
   <div class='ocr_carea' id='block_1_48' title="bbox 543 5110 2135 5183">
    <p class='ocr_par' dir='ltr' id='par_1_48' title="bbox 543 5110 2135 5183">
     <span class='ocr_line' id='line_1_50' title="bbox 543 5110 2135 5183; baseline 0.006 -24"><span class='ocrx_word' id='word_1_373' title='bbox 543 5121 649 5174; x_wconf 86' lang='lat' dir='ltr'><strong>quo</strong></span> <span class='ocrx_word' id='word_1_374' title='bbox 675 5121 756 5173; x_wconf 90' lang='lat' dir='ltr'><strong>se,</strong></span> <span class='ocrx_word' id='word_1_375' title='bbox 780 5117 840 5161; x_wconf 93' lang='lat' dir='ltr'><strong>ut</strong></span> <span class='ocrx_word' id='word_1_376' title='bbox 866 5110 1144 5178; x_wconf 88' lang='lat' dir='ltr'><strong>scriberet,</strong></span> <span class='ocrx_word' id='word_1_377' title='bbox 1172 5111 1301 5166; x_wconf 90' lang='lat' dir='ltr'><strong>dicit</strong></span> <span class='ocrx_word' id='word_1_378' title='bbox 1326 5126 1447 5167; x_wconf 90' lang='lat' dir='ltr'><strong>esse</strong></span> <span class='ocrx_word' id='word_1_379' title='bbox 1475 5112 1831 5182; x_wconf 87' lang='lat' dir='ltr'><strong>compulsum.</strong></span> <span class='ocrx_word' id='word_1_380' title='bbox 1859 5113 1923 5167; x_wconf 89' lang='lat' dir='ltr'><strong>Et</strong></span> <span class='ocrx_word' id='word_1_381' title='bbox 1943 5113 1987 5167; x_wconf 73' lang='lat' dir='ltr'><strong>si</strong></span> <span class='ocrx_word' id='word_1_382' title='bbox 2009 5115 2135 5183; x_wconf 89' lang='lat' dir='ltr'><strong>quid</strong></span> 
     </span>
    </p>
   </div>
   <div class='ocr_carea' id='block_1_49' title="bbox 544 5198 2134 5273">
    <p class='ocr_par' dir='ltr' id='par_1_49' title="bbox 544 5198 2134 5273">
     <span class='ocr_line' id='line_1_51' title="bbox 544 5198 2134 5273; baseline 0.004 -19"><span class='ocrx_word' id='word_1_383' title='bbox 544 5199 685 5254; x_wconf 88' lang='lat' dir='ltr'><strong>inter</strong></span> <span class='ocrx_word' id='word_1_384' title='bbox 720 5198 1129 5269; x_wconf 78' lang='lat' dir='ltr'><strong>diSputandum,</strong></span> <span class='ocrx_word' id='word_1_385' title='bbox 1161 5202 1301 5273; x_wconf 92' lang='lat' dir='ltr'><strong>quod</strong></span> <span class='ocrx_word' id='word_1_386' title='bbox 1342 5204 1394 5259; x_wconf 92' lang='lat' dir='ltr'><strong>in</strong></span> <span class='ocrx_word' id='word_1_387' title='bbox 1435 5219 1609 5261; x_wconf 90' lang='lat' dir='ltr'><strong>meam</strong></span> <span class='ocrx_word' id='word_1_388' title='bbox 1636 5204 2013 5262; x_wconf 89' lang='lat' dir='ltr'><strong>contumeliam</strong></span> <span class='ocrx_word' id='word_1_389' title='bbox 2042 5220 2134 5260; x_wconf 90' lang='lat' dir='ltr'><strong>re-</strong></span> 
     </span>
    </p>
   </div>
   <div class='ocr_carea' id='block_1_50' title="bbox 2002 1988 2375 2043">
    <p class='ocr_par' dir='ltr' id='par_1_50' title="bbox 2002 1988 2375 2043">
     <span class='ocr_line' id='line_1_52' title="bbox 2002 1988 2375 2043; baseline 0 0"><span class='ocrx_word' id='word_1_390' title='bbox 2002 1988 2375 2043; x_wconf 63' lang='lat' dir='ltr'><strong>W30</strong></span> 
     </span>
    </p>
   </div>
   <div class='ocr_carea' id='block_1_51' title="bbox 2232 2085 3834 2159">
    <p class='ocr_par' dir='ltr' id='par_1_51' title="bbox 2232 2085 3834 2159">
     <span class='ocr_line' id='line_1_53' title="bbox 2232 2085 3834 2159; baseline 0.006 -19"><span class='ocrx_word' id='word_1_391' title='bbox 2232 2085 2514 2154; x_wconf 89' lang='lat' dir='ltr'><strong>dundaret,</strong></span> <span class='ocrx_word' id='word_1_392' title='bbox 2539 2085 2842 2159; x_wconf 77' lang='lat' dir='ltr'><strong>expressit;</strong></span> <span class='ocrx_word' id='word_1_393' title='bbox 2873 2105 2977 2145; x_wconf 93' lang='lat' dir='ltr'><strong>non</strong></span> <span class='ocrx_word' id='word_1_394' title='bbox 3008 2105 3130 2146; x_wconf 90' lang='lat' dir='ltr'><strong>eum</strong></span> <span class='ocrx_word' id='word_1_395' title='bbox 3170 2091 3520 2147; x_wconf 87' lang='lat' dir='ltr'><strong>conviciantis</strong></span> <span class='ocrx_word' id='word_1_396' title='bbox 3556 2091 3834 2150; x_wconf 84' lang='lat' dir='ltr'><strong>voluntate</strong></span> 
     </span>
    </p>
   </div>
   <div class='ocr_carea' id='block_1_52' title="bbox 2233 2178 3830 2246">
    <p class='ocr_par' dir='ltr' id='par_1_52' title="bbox 2233 2178 3830 2246">
     <span class='ocr_line' id='line_1_54' title="bbox 2233 2178 3830 2246; baseline 0.003 -14"><span class='ocrx_word' id='word_1_397' title='bbox 2233 2178 2576 2246; x_wconf 85' lang='lat' dir='ltr'><strong>crediderim,</strong></span> <span class='ocrx_word' id='word_1_398' title='bbox 2603 2181 2695 2235; x_wconf 88' lang='lat' dir='ltr'><strong>sed</strong></span> <span class='ocrx_word' id='word_1_399' title='bbox 2726 2181 2934 2237; x_wconf 87' lang='lat' dir='ltr'><strong>diversa</strong></span> <span class='ocrx_word' id='word_1_400' title='bbox 2962 2183 3245 2237; x_wconf 90' lang='lat' dir='ltr'><strong>sentientis</strong></span> <span class='ocrx_word' id='word_1_401' title='bbox 3266 2183 3587 2245; x_wconf 82' lang='lat' dir='ltr'><strong>necessitate</strong></span> <span class='ocrx_word' id='word_1_402' title='bbox 3613 2182 3830 2239; x_wconf 89' lang='lat' dir='ltr'><strong>fecisse.</strong></span> 
     </span>
    </p>
   </div>
   <div class='ocr_carea' id='block_1_53' title="bbox 2234 2266 3835 2346">
    <p class='ocr_par' dir='ltr' id='par_1_53' title="bbox 2234 2266 3835 2346">
     <span class='ocr_line' id='line_1_55' title="bbox 2234 2266 3835 2346; baseline 0.006 -24"><span class='ocrx_word' id='word_1_403' title='bbox 2234 2266 2335 2323; x_wconf 90' lang='lat' dir='ltr'><strong>Ubi</strong></span> <span class='ocrx_word' id='word_1_404' title='bbox 2357 2270 2502 2325; x_wconf 91' lang='lat' dir='ltr'><strong>enim</strong></span> <span class='ocrx_word' id='word_1_405' title='bbox 2530 2271 2657 2325; x_wconf 88' lang='lat' dir='ltr'><strong>mihi</strong></span> <span class='ocrx_word' id='word_1_406' title='bbox 2687 2272 2898 2327; x_wconf 89' lang='lat' dir='ltr'><strong>animus</strong></span> <span class='ocrx_word' id='word_1_407' title='bbox 2917 2287 3040 2343; x_wconf 89' lang='lat' dir='ltr'><strong>erga</strong></span> <span class='ocrx_word' id='word_1_408' title='bbox 3068 2288 3155 2327; x_wconf 88' lang='lat' dir='ltr'><strong>me</strong></span> <span class='ocrx_word' id='word_1_409' title='bbox 3178 2273 3411 2329; x_wconf 87' lang='lat' dir='ltr'><strong>hominis</strong></span> <span class='ocrx_word' id='word_1_410' title='bbox 3433 2273 3646 2346; x_wconf 85' lang='lat' dir='ltr'><strong>ignotus</strong></span> <span class='ocrx_word' id='word_1_411' title='bbox 3667 2286 3751 2330; x_wconf 90' lang='lat' dir='ltr'><strong>est</strong></span> <span class='ocrx_word' id='word_1_412' title='bbox 3776 2286 3835 2332; x_wconf 86' lang='lat' dir='ltr'><strong>ct</strong></span> 
     </span>
    </p>
   </div>
   <div class='ocr_carea' id='block_1_54' title="bbox 2235 2359 3836 2436">
    <p class='ocr_par' dir='ltr' id='par_1_54' title="bbox 2235 2359 3836 2436">
     <span class='ocr_line' id='line_1_56' title="bbox 2235 2359 3836 2436; baseline 0.007 -25"><span class='ocrx_word' id='word_1_413' title='bbox 2235 2359 2489 2425; x_wconf 87' lang='lat' dir='ltr'><strong>incertus,</strong></span> <span class='ocrx_word' id='word_1_414' title='bbox 2513 2362 2707 2416; x_wconf 92' lang='lat' dir='ltr'><strong>melius</strong></span> <span class='ocrx_word' id='word_1_415' title='bbox 2733 2364 2964 2418; x_wconf 88' lang='lat' dir='ltr'><strong>arbitror</strong></span> <span class='ocrx_word' id='word_1_416' title='bbox 2989 2362 3212 2419; x_wconf 88' lang='lat' dir='ltr'><strong>meliora</strong></span> <span class='ocrx_word' id='word_1_417' title='bbox 3241 2365 3465 2432; x_wconf 89' lang='lat' dir='ltr'><strong>sentire,</strong></span> <span class='ocrx_word' id='word_1_418' title='bbox 3493 2382 3651 2436; x_wconf 92' lang='lat' dir='ltr'><strong>quam</strong></span> <span class='ocrx_word' id='word_1_419' title='bbox 3679 2366 3836 2423; x_wconf 83' lang='lat' dir='ltr'><strong>inex-</strong></span> 
     </span>
    </p>
   </div>
   <div class='ocr_carea' id='block_1_55' title="bbox 2237 2450 3831 2524">
    <p class='ocr_par' dir='ltr' id='par_1_55' title="bbox 2237 2450 3831 2524">
     <span class='ocr_line' id='line_1_57' title="bbox 2237 2450 3831 2524; baseline 0.003 -18"><span class='ocrx_word' id='word_1_420' title='bbox 2237 2450 2440 2521; x_wconf 90' lang='lat' dir='ltr'><strong>plorata</strong></span> <span class='ocrx_word' id='word_1_421' title='bbox 2484 2451 2723 2524; x_wconf 85' lang='lat' dir='ltr'><strong>culpare.</strong></span> <span class='ocrx_word' id='word_1_422' title='bbox 2770 2452 3036 2510; x_wconf 79' lang='lat' dir='ltr'><strong>Fortassis</strong></span> <span class='ocrx_word' id='word_1_423' title='bbox 3083 2454 3227 2510; x_wconf 90' lang='lat' dir='ltr'><strong>enim</strong></span> <span class='ocrx_word' id='word_1_424' title='bbox 3277 2470 3463 2511; x_wconf 89' lang='lat' dir='ltr'><strong>amore</strong></span> <span class='ocrx_word' id='word_1_425' title='bbox 3507 2456 3614 2511; x_wconf 88' lang='lat' dir='ltr'><strong>mei</strong></span> <span class='ocrx_word' id='word_1_426' title='bbox 3665 2456 3789 2512; x_wconf 87' lang='lat' dir='ltr'><strong>fecit</strong></span> <span class='ocrx_word' id='word_1_427' title='bbox 3816 2500 3831 2520; x_wconf 91' lang='lat'><strong>,</strong></span> 
     </span>
    </p>
   </div>
   <div class='ocr_carea' id='block_1_56' title="bbox 2233 2544 3835 2618">
    <p class='ocr_par' dir='ltr' id='par_1_56' title="bbox 2233 2544 3835 2618">
     <span class='ocr_line' id='line_1_58' title="bbox 2233 2544 3835 2618; baseline 0.003 -19"><span class='ocrx_word' id='word_1_428' title='bbox 2233 2544 2411 2599; x_wconf 85' lang='lat' dir='ltr'><strong>sciens</strong></span> <span class='ocrx_word' id='word_1_429' title='bbox 2436 2544 2503 2599; x_wconf 88' lang='lat' dir='ltr'><strong>ad</strong></span> <span class='ocrx_word' id='word_1_430' title='bbox 2531 2560 2617 2600; x_wconf 82' lang='lat' dir='ltr'><strong>ine</strong></span> <span class='ocrx_word' id='word_1_431' title='bbox 2648 2546 2925 2614; x_wconf 85' lang='lat' dir='ltr'><strong>pervenire</strong></span> <span class='ocrx_word' id='word_1_432' title='bbox 2953 2561 3112 2618; x_wconf 89' lang='lat' dir='ltr'><strong>posse</strong></span> <span class='ocrx_word' id='word_1_433' title='bbox 3139 2545 3282 2618; x_wconf 90' lang='lat' dir='ltr'><strong>quod</strong></span> <span class='ocrx_word' id='word_1_434' title='bbox 3313 2548 3563 2618; x_wconf 81' lang='lat' dir='ltr'><strong>scripsit;</strong></span> <span class='ocrx_word' id='word_1_435' title='bbox 3603 2548 3732 2604; x_wconf 92' lang='lat' dir='ltr'><strong>dum</strong></span> <span class='ocrx_word' id='word_1_436' title='bbox 3774 2551 3835 2605; x_wconf 88' lang='lat' dir='ltr'><strong>in</strong></span> 
     </span>
    </p>
   </div>
   <div class='ocr_carea' id='block_1_57' title="bbox 2234 2636 3835 2710">
    <p class='ocr_par' dir='ltr' id='par_1_57' title="bbox 2234 2636 3835 2710">
     <span class='ocr_line' id='line_1_59' title="bbox 2234 2636 3835 2710; baseline 0.003 -19"><span class='ocrx_word' id='word_1_437' title='bbox 2234 2636 2315 2691; x_wconf 82' lang='lat' dir='ltr'><strong>eis</strong></span> <span class='ocrx_word' id='word_1_438' title='bbox 2337 2636 2497 2691; x_wconf 87' lang='lat' dir='ltr'><strong>rebus</strong></span> <span class='ocrx_word' id='word_1_439' title='bbox 2520 2652 2704 2692; x_wconf 90' lang='lat' dir='ltr'><strong>errare</strong></span> <span class='ocrx_word' id='word_1_440' title='bbox 2730 2653 2817 2694; x_wconf 91' lang='lat' dir='ltr'><strong>me</strong></span> <span class='ocrx_word' id='word_1_441' title='bbox 2846 2652 2951 2693; x_wconf 92' lang='lat' dir='ltr'><strong>non</strong></span> <span class='ocrx_word' id='word_1_442' title='bbox 2975 2639 3105 2704; x_wconf 90' lang='lat' dir='ltr'><strong>vult,</strong></span> <span class='ocrx_word' id='word_1_443' title='bbox 3136 2639 3189 2692; x_wconf 92' lang='lat' dir='ltr'><strong>in</strong></span> <span class='ocrx_word' id='word_1_444' title='bbox 3220 2639 3414 2709; x_wconf 88' lang='lat' dir='ltr'><strong>quibus</strong></span> <span class='ocrx_word' id='word_1_445' title='bbox 3440 2654 3499 2695; x_wconf 91' lang='lat' dir='ltr'><strong>se</strong></span> <span class='ocrx_word' id='word_1_446' title='bbox 3530 2641 3706 2710; x_wconf 89' lang='lat' dir='ltr'><strong>potius</strong></span> <span class='ocrx_word' id='word_1_447' title='bbox 3745 2657 3835 2696; x_wconf 64' lang='lat' dir='ltr'><strong>ero</strong></span> 
     </span>
    </p>
   </div>
   <div class='ocr_carea' id='block_1_58' title="bbox 2237 2728 3835 2801">
    <p class='ocr_par' dir='ltr' id='par_1_58' title="bbox 2237 2728 3835 2801">
     <span class='ocr_line' id='line_1_60' title="bbox 2237 2728 3835 2801; baseline 0.002 -20"><span class='ocrx_word' id='word_1_448' title='bbox 2237 2742 2361 2783; x_wconf 88' lang='lat' dir='ltr'><strong>rare</strong></span> <span class='ocrx_word' id='word_1_449' title='bbox 2383 2743 2487 2782; x_wconf 91' lang='lat' dir='ltr'><strong>non</strong></span> <span class='ocrx_word' id='word_1_450' title='bbox 2516 2738 2681 2798; x_wconf 85' lang='lat' dir='ltr'><strong>putat.</strong></span> <span class='ocrx_word' id='word_1_451' title='bbox 2708 2728 2772 2783; x_wconf 85' lang='lat' dir='ltr'><strong>Et</strong></span> <span class='ocrx_word' id='word_1_452' title='bbox 2798 2728 2918 2784; x_wconf 91' lang='lat' dir='ltr'><strong>ideo</strong></span> <span class='ocrx_word' id='word_1_453' title='bbox 2943 2728 3121 2785; x_wconf 88' lang='lat' dir='ltr'><strong>debeo</strong></span> <span class='ocrx_word' id='word_1_454' title='bbox 3144 2729 3305 2783; x_wconf 74' lang='lat' dir='ltr'><strong>etiam</strong></span> <span class='ocrx_word' id='word_1_455' title='bbox 3336 2730 3453 2799; x_wconf 86' lang='lat' dir='ltr'><strong>ejus</strong></span> <span class='ocrx_word' id='word_1_456' title='bbox 3479 2729 3677 2785; x_wconf 87' lang='lat' dir='ltr'><strong>habere</strong></span> <span class='ocrx_word' id='word_1_457' title='bbox 3706 2746 3835 2801; x_wconf 84' lang='lat' dir='ltr'><strong>gra-</strong></span> 
     </span>
    </p>
   </div>
   <div class='ocr_carea' id='block_1_59' title="bbox 2236 2820 3841 2892">
    <p class='ocr_par' dir='ltr' id='par_1_59' title="bbox 2236 2820 3841 2892">
     <span class='ocr_line' id='line_1_61' title="bbox 2236 2820 3841 2892; baseline 0.002 -18"><span class='ocrx_word' id='word_1_458' title='bbox 2236 2828 2344 2874; x_wconf 85' lang='lat' dir='ltr'><strong>tam</strong></span> <span class='ocrx_word' id='word_1_459' title='bbox 2371 2820 2820 2884; x_wconf 89' lang='lat' dir='ltr'><strong>benevolentiam,</strong></span> <span class='ocrx_word' id='word_1_460' title='bbox 2844 2820 2997 2892; x_wconf 88' lang='lat' dir='ltr'><strong>cujus</strong></span> <span class='ocrx_word' id='word_1_461' title='bbox 3026 2835 3112 2875; x_wconf 91' lang='lat' dir='ltr'><strong>me</strong></span> <span class='ocrx_word' id='word_1_462' title='bbox 3145 2834 3367 2876; x_wconf 83' lang='lat' dir='ltr'><strong>necesse</strong></span> <span class='ocrx_word' id='word_1_463' title='bbox 3405 2830 3487 2876; x_wconf 90' lang='lat' dir='ltr'><strong>est</strong></span> <span class='ocrx_word' id='word_1_464' title='bbox 3527 2821 3841 2891; x_wconf 82' lang='lat' dir='ltr'><strong>improbare</strong></span> 
     </span>
    </p>
   </div>
   <div class='ocr_carea' id='block_1_60' title="bbox 2235 2909 3834 2982">
    <p class='ocr_par' dir='ltr' id='par_1_60' title="bbox 2235 2909 3834 2982">
     <span class='ocr_line' id='line_1_62' title="bbox 2235 2909 3834 2982; baseline 0.001 -17"><span class='ocrx_word' id='word_1_465' title='bbox 2235 2911 2554 2965; x_wconf 87' lang='lat' dir='ltr'><strong>sententiam</strong></span> <span class='ocrx_word' id='word_1_466' title='bbox 2580 2926 2594 2965; x_wconf 91' lang='lat'><strong>:</strong></span> <span class='ocrx_word' id='word_1_467' title='bbox 2616 2925 2681 2965; x_wconf 91' lang='lat' dir='ltr'><strong>ac</strong></span> <span class='ocrx_word' id='word_1_468' title='bbox 2711 2925 2808 2980; x_wconf 87' lang='lat' dir='ltr'><strong>per</strong></span> <span class='ocrx_word' id='word_1_469' title='bbox 2844 2910 2947 2965; x_wconf 91' lang='lat' dir='ltr'><strong>hoc</strong></span> <span class='ocrx_word' id='word_1_470' title='bbox 2984 2910 3038 2965; x_wconf 88' lang='lat' dir='ltr'><strong>in</strong></span> <span class='ocrx_word' id='word_1_471' title='bbox 3076 2909 3157 2966; x_wconf 87' lang='lat' dir='ltr'><strong>eis</strong></span> <span class='ocrx_word' id='word_1_472' title='bbox 3196 2926 3316 2981; x_wconf 72' lang='lat' dir='ltr'><strong>qua:</strong></span> <span class='ocrx_word' id='word_1_473' title='bbox 3354 2926 3459 2965; x_wconf 91' lang='lat' dir='ltr'><strong>non</strong></span> <span class='ocrx_word' id='word_1_474' title='bbox 3491 2921 3634 2967; x_wconf 88' lang='lat' dir='ltr'><strong>recte</strong></span> <span class='ocrx_word' id='word_1_475' title='bbox 3668 2912 3834 2982; x_wconf 89' lang='lat' dir='ltr'><strong>sapit,</strong></span> 
     </span>
    </p>
   </div>
   <div class='ocr_carea' id='block_1_61' title="bbox 2235 3002 3841 3075">
    <p class='ocr_par' dir='ltr' id='par_1_61' title="bbox 2235 3002 3841 3075">
     <span class='ocr_line' id='line_1_63' title="bbox 2235 3002 3841 3075; baseline 0.002 -20"><span class='ocrx_word' id='word_1_476' title='bbox 2235 3002 2414 3058; x_wconf 87' lang='lat' dir='ltr'><strong>adhuc</strong></span> <span class='ocrx_word' id='word_1_477' title='bbox 2443 3003 2635 3059; x_wconf 86' lang='lat' dir='ltr'><strong>leuiter</strong></span> <span class='ocrx_word' id='word_1_478' title='bbox 2671 3003 3020 3075; x_wconf 83' lang='lat' dir='ltr'><strong>corrigendos</strong></span> <span class='ocrx_word' id='word_1_479' title='bbox 3048 3002 3175 3057; x_wconf 84' lang='lat' dir='ltr'><strong>mihi</strong></span> <span class='ocrx_word' id='word_1_480' title='bbox 3220 3002 3450 3068; x_wconf 87' lang='lat' dir='ltr'><strong>videtur,</strong></span> <span class='ocrx_word' id='word_1_481' title='bbox 3492 3017 3597 3057; x_wconf 91' lang='lat' dir='ltr'><strong>non</strong></span> <span class='ocrx_word' id='word_1_482' title='bbox 3640 3017 3841 3073; x_wconf 85' lang='lat' dir='ltr'><strong>aspere</strong></span> 
     </span>
    </p>
   </div>
   <div class='ocr_carea' id='block_1_62' title="bbox 2235 3092 3837 3166">
    <p class='ocr_par' dir='ltr' id='par_1_62' title="bbox 2235 3092 3837 3166">
     <span class='ocr_line' id='line_1_64' title="bbox 2235 3092 3837 3166; baseline 0.002 -18"><span class='ocrx_word' id='word_1_483' title='bbox 2235 3092 2618 3162; x_wconf 77' lang='lat' dir='ltr'><strong>detestandae;</strong></span> <span class='ocrx_word' id='word_1_484' title='bbox 2649 3097 2945 3165; x_wconf 69' lang='lat' dir='ltr'><strong>praesertim</strong></span> <span class='ocrx_word' id='word_1_485' title='bbox 2973 3096 3122 3166; x_wconf 84' lang='lat' dir='ltr'><strong>quia,</strong></span> <span class='ocrx_word' id='word_1_486' title='bbox 3159 3095 3294 3151; x_wconf 86' lang='lat' dir='ltr'><strong>sicut</strong></span> <span class='ocrx_word' id='word_1_487' title='bbox 3332 3094 3511 3160; x_wconf 86' lang='lat' dir='ltr'><strong>audio,</strong></span> <span class='ocrx_word' id='word_1_488' title='bbox 3541 3109 3711 3165; x_wconf 86' lang='lat' dir='ltr'><strong>nuper</strong></span> <span class='ocrx_word' id='word_1_489' title='bbox 3738 3110 3837 3151; x_wconf 88' lang='lat' dir='ltr'><strong>ca-</strong></span> 
     </span>
    </p>
   </div>
   <div class='ocr_carea' id='block_1_63' title="bbox 2239 3185 3842 3258">
    <p class='ocr_par' dir='ltr' id='par_1_63' title="bbox 2239 3185 3842 3258">
     <span class='ocr_line' id='line_1_65' title="bbox 2239 3185 3842 3258; baseline 0.002 -19"><span class='ocrx_word' id='word_1_490' title='bbox 2239 3185 2469 3241; x_wconf 88' lang='lat' dir='ltr'><strong>tholicus</strong></span> <span class='ocrx_word' id='word_1_491' title='bbox 2512 3185 2680 3242; x_wconf 88' lang='lat' dir='ltr'><strong>factus</strong></span> <span class='ocrx_word' id='word_1_492' title='bbox 2718 3195 2820 3254; x_wconf 87' lang='lat' dir='ltr'><strong>est,</strong></span> <span class='ocrx_word' id='word_1_493' title='bbox 2856 3187 2998 3258; x_wconf 89' lang='lat' dir='ltr'><strong>quod</strong></span> <span class='ocrx_word' id='word_1_494' title='bbox 3028 3187 3077 3243; x_wconf 88' lang='lat' dir='ltr'><strong>ei</strong></span> <span class='ocrx_word' id='word_1_495' title='bbox 3117 3186 3490 3257; x_wconf 78' lang='lat' dir='ltr'><strong>gratulandum</strong></span> <span class='ocrx_word' id='word_1_496' title='bbox 3522 3196 3622 3242; x_wconf 89' lang='lat' dir='ltr'><strong>est.</strong></span> <span class='ocrx_word' id='word_1_497' title='bbox 3652 3186 3842 3243; x_wconf 83' lang='lat' dir='ltr'><strong>Caruit</strong></span> 
     </span>
    </p>
   </div>
   <div class='ocr_carea' id='block_1_64' title="bbox 2240 3278 3843 3352">
    <p class='ocr_par' dir='ltr' id='par_1_64' title="bbox 2240 3278 3843 3352">
     <span class='ocr_line' id='line_1_66' title="bbox 2240 3278 3843 3352; baseline 0.001 -16"><span class='ocrx_word' id='word_1_498' title='bbox 2240 3281 2383 3336; x_wconf 89' lang='lat' dir='ltr'><strong>enim</strong></span> <span class='ocrx_word' id='word_1_499' title='bbox 2412 3282 2806 3338; x_wconf 88' lang='lat' dir='ltr'><strong>Donatistarum</strong></span> <span class='ocrx_word' id='word_1_500' title='bbox 2835 3282 2916 3337; x_wconf 90' lang='lat' dir='ltr'><strong>vel</strong></span> <span class='ocrx_word' id='word_1_501' title='bbox 2942 3281 3123 3352; x_wconf 89' lang='lat' dir='ltr'><strong>potius</strong></span> <span class='ocrx_word' id='word_1_502' title='bbox 3150 3280 3543 3351; x_wconf 79' lang='lat' dir='ltr'><strong>Rogatistarum</strong></span> <span class='ocrx_word' id='word_1_503' title='bbox 3571 3278 3843 3337; x_wconf 79' lang='lat' dir='ltr'><strong>divisione</strong></span> 
     </span>
    </p>
   </div>
   <div class='ocr_carea' id='block_1_65' title="bbox 2238 3369 3835 3448">
    <p class='ocr_par' dir='ltr' id='par_1_65' title="bbox 2238 3369 3835 3448">
     <span class='ocr_line' id='line_1_67' title="bbox 2238 3369 3835 3448; baseline -0.002 -20"><span class='ocrx_word' id='word_1_504' title='bbox 2238 3381 2295 3428; x_wconf 88' lang='lat' dir='ltr'><strong>et</strong></span> <span class='ocrx_word' id='word_1_505' title='bbox 2318 3387 2523 3440; x_wconf 87' lang='lat' dir='ltr'><strong>errore,</strong></span> <span class='ocrx_word' id='word_1_506' title='bbox 2545 3388 2653 3443; x_wconf 92' lang='lat' dir='ltr'><strong>quo</strong></span> <span class='ocrx_word' id='word_1_507' title='bbox 2678 3382 2834 3448; x_wconf 74' lang='lat' dir='ltr'><strong>antea</strong></span> <span class='ocrx_word' id='word_1_508' title='bbox 2864 3372 3147 3427; x_wconf 87' lang='lat' dir='ltr'><strong>tenebatur</strong></span> <span class='ocrx_word' id='word_1_509' title='bbox 3174 3389 3188 3425; x_wconf 88' lang='lat'><strong>:</strong></span> <span class='ocrx_word' id='word_1_510' title='bbox 3217 3370 3262 3426; x_wconf 89' lang='lat' dir='ltr'><strong>si</strong></span> <span class='ocrx_word' id='word_1_511' title='bbox 3300 3380 3475 3426; x_wconf 90' lang='lat' dir='ltr'><strong>tamen</strong></span> <span class='ocrx_word' id='word_1_512' title='bbox 3508 3369 3835 3426; x_wconf 88' lang='lat' dir='ltr'><strong>catholicam</strong></span> 
     </span>
    </p>
   </div>
   <div class='ocr_carea' id='block_1_66' title="bbox 2239 3460 3845 3536">
    <p class='ocr_par' dir='ltr' id='par_1_66' title="bbox 2239 3460 3845 3536">
     <span class='ocr_line' id='line_1_68' title="bbox 2239 3460 3845 3536; baseline 0 -17"><span class='ocrx_word' id='word_1_513' title='bbox 2239 3465 2521 3521; x_wconf 85' lang='lat' dir='ltr'><strong>veritatem</strong></span> <span class='ocrx_word' id='word_1_514' title='bbox 2565 3465 2704 3520; x_wconf 91' lang='lat' dir='ltr'><strong>sicut</strong></span> <span class='ocrx_word' id='word_1_515' title='bbox 2740 3473 2953 3536; x_wconf 91' lang='lat' dir='ltr'><strong>oportet</strong></span> <span class='ocrx_word' id='word_1_516' title='bbox 2993 3463 3275 3536; x_wconf 89' lang='lat' dir='ltr'><strong>intelligat,</strong></span> <span class='ocrx_word' id='word_1_517' title='bbox 3322 3471 3382 3518; x_wconf 93' lang='lat' dir='ltr'><strong>ut</strong></span> <span class='ocrx_word' id='word_1_518' title='bbox 3418 3477 3547 3519; x_wconf 89' lang='lat' dir='ltr'><strong>vere</strong></span> <span class='ocrx_word' id='word_1_519' title='bbox 3581 3460 3650 3517; x_wconf 91' lang='lat' dir='ltr'><strong>de</strong></span> <span class='ocrx_word' id='word_1_520' title='bbox 3690 3460 3845 3519; x_wconf 80' lang='lat' dir='ltr'><strong>illius</strong></span> 
     </span>
    </p>
   </div>
   <div class='ocr_carea' id='block_1_67' title="bbox 2239 3556 2965 3629">
    <p class='ocr_par' dir='ltr' id='par_1_67' title="bbox 2239 3556 2965 3629">
     <span class='ocr_line' id='line_1_69' title="bbox 2239 3556 2965 3629; baseline -0.003 -16"><span class='ocrx_word' id='word_1_521' title='bbox 2239 3558 2590 3613; x_wconf 87' lang='lat' dir='ltr'><strong>conversione</strong></span> <span class='ocrx_word' id='word_1_522' title='bbox 2615 3556 2965 3629; x_wconf 78' lang='lat' dir='ltr'><strong>gaudeamus.</strong></span> 
     </span>
    </p>
   </div>
   <div class='ocr_carea' id='block_1_68' title="bbox 2309 3644 3843 3717">
    <p class='ocr_par' dir='ltr' id='par_1_68' title="bbox 2309 3644 3843 3717">
     <span class='ocr_line' id='line_1_70' title="bbox 2309 3644 3843 3717; baseline -0.002 -14"><span class='ocrx_word' id='word_1_523' title='bbox 2309 3646 2538 3704; x_wconf 85' lang='lat' dir='ltr'><strong>CAPUT</strong></span> <span class='ocrx_word' id='word_1_524' title='bbox 2577 3644 2667 3702; x_wconf 91' lang='lat' dir='ltr'><strong>Ill.</strong></span> <span class='ocrx_word' id='word_1_525' title='bbox 2694 3677 2768 3689; x_wconf 89' lang='lat'><strong>-—-</strong></span> <span class='ocrx_word' id='word_1_526' title='bbox 2794 3648 2848 3702; x_wconf 81' lang='grc'><strong>5.</strong></span> <span class='ocrx_word' id='word_1_527' title='bbox 2891 3646 3061 3703; x_wconf 83' lang='lat' dir='ltr'><strong>liabet</strong></span> <span class='ocrx_word' id='word_1_528' title='bbox 3085 3646 3230 3702; x_wconf 91' lang='lat' dir='ltr'><strong>enim</strong></span> <span class='ocrx_word' id='word_1_529' title='bbox 3258 3646 3550 3717; x_wconf 89' lang='lat' dir='ltr'><strong>eloquium,</strong></span> <span class='ocrx_word' id='word_1_530' title='bbox 3578 3660 3684 3716; x_wconf 91' lang='lat' dir='ltr'><strong>quo</strong></span> <span class='ocrx_word' id='word_1_531' title='bbox 3708 3660 3843 3717; x_wconf 82' lang='lat' dir='ltr'><strong>pos—</strong></span> 
     </span>
    </p>
   </div>
   <div class='ocr_carea' id='block_1_69' title="bbox 2239 3736 3844 3810">
    <p class='ocr_par' dir='ltr' id='par_1_69' title="bbox 2239 3736 3844 3810">
     <span class='ocr_line' id='line_1_71' title="bbox 2239 3736 3844 3810; baseline -0.001 -16"><span class='ocrx_word' id='word_1_532' title='bbox 2239 3739 2308 3794; x_wconf 86' lang='lat' dir='ltr'><strong>sit</strong></span> <span class='ocrx_word' id='word_1_533' title='bbox 2339 3740 2607 3810; x_wconf 81' lang='lat' dir='ltr'><strong>explicare</strong></span> <span class='ocrx_word' id='word_1_534' title='bbox 2635 3754 2754 3809; x_wconf 75' lang='lat' dir='ltr'><strong>qua:</strong></span> <span class='ocrx_word' id='word_1_535' title='bbox 2780 3738 2962 3794; x_wconf 91' lang='lat' dir='ltr'><strong>sentit.</strong></span> <span class='ocrx_word' id='word_1_536' title='bbox 2983 3737 3137 3795; x_wconf 90' lang='lat' dir='ltr'><strong>Unde</strong></span> <span class='ocrx_word' id='word_1_537' title='bbox 3160 3753 3283 3793; x_wconf 92' lang='lat' dir='ltr'><strong>cum</strong></span> <span class='ocrx_word' id='word_1_538' title='bbox 3319 3738 3411 3793; x_wconf 92' lang='lat' dir='ltr'><strong>illo</strong></span> <span class='ocrx_word' id='word_1_539' title='bbox 3438 3736 3702 3809; x_wconf 89' lang='lat' dir='ltr'><strong>agendum</strong></span> <span class='ocrx_word' id='word_1_540' title='bbox 3731 3749 3844 3802; x_wconf 85' lang='lat' dir='ltr'><strong>est,</strong></span> 
     </span>
    </p>
   </div>
   <div class='ocr_carea' id='block_1_70' title="bbox 2242 3827 3841 3900">
    <p class='ocr_par' dir='ltr' id='par_1_70' title="bbox 2242 3827 3841 3900">
     <span class='ocr_line' id='line_1_72' title="bbox 2242 3827 3841 3900; baseline -0.001 -14"><span class='ocrx_word' id='word_1_541' title='bbox 2242 3830 2399 3900; x_wconf 89' lang='lat' dir='ltr'><strong>eique</strong></span> <span class='ocrx_word' id='word_1_542' title='bbox 2428 3829 2716 3900; x_wconf 87' lang='lat' dir='ltr'><strong>optandum</strong></span> <span class='ocrx_word' id='word_1_543' title='bbox 2750 3839 2804 3883; x_wconf 91' lang='lat' dir='ltr'><strong>ut</strong></span> <span class='ocrx_word' id='word_1_544' title='bbox 2837 3838 2979 3884; x_wconf 87' lang='lat' dir='ltr'><strong>recta</strong></span> <span class='ocrx_word' id='word_1_545' title='bbox 3007 3829 3232 3893; x_wconf 90' lang='lat' dir='ltr'><strong>sentiat,</strong></span> <span class='ocrx_word' id='word_1_546' title='bbox 3264 3844 3333 3884; x_wconf 90' lang='lat' dir='ltr'><strong>ne</strong></span> <span class='ocrx_word' id='word_1_547' title='bbox 3358 3827 3515 3884; x_wconf 88' lang='lat' dir='ltr'><strong>faciat</strong></span> <span class='ocrx_word' id='word_1_548' title='bbox 3539 3842 3661 3885; x_wconf 87' lang='lat' dir='ltr'><strong>esse</strong></span> <span class='ocrx_word' id='word_1_549' title='bbox 3685 3828 3841 3885; x_wconf 85' lang='lat' dir='ltr'><strong>dele-</strong></span> 
     </span>
    </p>
   </div>
   <div class='ocr_carea' id='block_1_71' title="bbox 2241 3919 3844 3992">
    <p class='ocr_par' dir='ltr' id='par_1_71' title="bbox 2241 3919 3844 3992">
     <span class='ocr_line' id='line_1_73' title="bbox 2241 3919 3844 3992; baseline -0.001 -15"><span class='ocrx_word' id='word_1_550' title='bbox 2241 3920 2456 3977; x_wconf 89' lang='lat' dir='ltr'><strong>ctabilia</strong></span> <span class='ocrx_word' id='word_1_551' title='bbox 2481 3937 2600 3992; x_wconf 71' lang='lat' dir='ltr'><strong>qua:</strong></span> <span class='ocrx_word' id='word_1_552' title='bbox 2631 3930 2750 3976; x_wconf 88' lang='lat' dir='ltr'><strong>sunt</strong></span> <span class='ocrx_word' id='word_1_553' title='bbox 2783 3920 3011 3986; x_wconf 88' lang='lat' dir='ltr'><strong>inutilia,</strong></span> <span class='ocrx_word' id='word_1_554' title='bbox 3032 3930 3085 3976; x_wconf 91' lang='lat' dir='ltr'><strong>et</strong></span> <span class='ocrx_word' id='word_1_555' title='bbox 3106 3936 3228 3991; x_wconf 65' lang='lat' dir='ltr'><strong>quae</strong></span> <span class='ocrx_word' id='word_1_556' title='bbox 3249 3919 3447 3976; x_wconf 87' lang='lat' dir='ltr'><strong>diserta</strong></span> <span class='ocrx_word' id='word_1_557' title='bbox 3469 3919 3683 3983; x_wconf 81' lang='lat' dir='ltr'><strong>dixerit,</strong></span> <span class='ocrx_word' id='word_1_558' title='bbox 3711 3936 3844 3977; x_wconf 87' lang='lat' dir='ltr'><strong>vera</strong></span> 
     </span>
    </p>
   </div>
   <div class='ocr_carea' id='block_1_72' title="bbox 2242 4011 3845 4082">
    <p class='ocr_par' dir='ltr' id='par_1_72' title="bbox 2242 4011 3845 4082">
     <span class='ocr_line' id='line_1_74' title="bbox 2242 4011 3845 4082; baseline 0.001 -15"><span class='ocrx_word' id='word_1_559' title='bbox 2242 4011 2442 4067; x_wconf 80' lang='lat' dir='ltr'><strong>dixisse</strong></span> <span class='ocrx_word' id='word_1_560' title='bbox 2479 4011 2738 4067; x_wconf 89' lang='lat' dir='ltr'><strong>videatur.</strong></span> <span class='ocrx_word' id='word_1_561' title='bbox 2766 4012 3022 4081; x_wconf 86' lang='lat' dir='ltr'><strong>Quamvis</strong></span> <span class='ocrx_word' id='word_1_562' title='bbox 3064 4020 3119 4066; x_wconf 92' lang='lat' dir='ltr'><strong>et</strong></span> <span class='ocrx_word' id='word_1_563' title='bbox 3163 4011 3215 4065; x_wconf 92' lang='lat' dir='ltr'><strong>in</strong></span> <span class='ocrx_word' id='word_1_564' title='bbox 3257 4011 3372 4082; x_wconf 90' lang='lat' dir='ltr'><strong>ipso</strong></span> <span class='ocrx_word' id='word_1_565' title='bbox 3401 4011 3616 4082; x_wconf 89' lang='lat' dir='ltr'><strong>eloquio</strong></span> <span class='ocrx_word' id='word_1_566' title='bbox 3645 4011 3845 4069; x_wconf 83' lang='lat' dir='ltr'><strong>habeat</strong></span> 
     </span>
    </p>
   </div>
   <div class='ocr_carea' id='block_1_73' title="bbox 2244 4101 3844 4173">
    <p class='ocr_par' dir='ltr' id='par_1_73' title="bbox 2244 4101 3844 4173">
     <span class='ocr_line' id='line_1_75' title="bbox 2244 4101 3844 4173; baseline 0.003 -16"><span class='ocrx_word' id='word_1_567' title='bbox 2244 4102 2410 4157; x_wconf 88' lang='lat' dir='ltr'><strong>multa</strong></span> <span class='ocrx_word' id='word_1_568' title='bbox 2435 4102 2789 4168; x_wconf 83' lang='lat' dir='ltr'><strong>emendanda,</strong></span> <span class='ocrx_word' id='word_1_569' title='bbox 2814 4113 2867 4157; x_wconf 93' lang='lat' dir='ltr'><strong>et</strong></span> <span class='ocrx_word' id='word_1_570' title='bbox 2889 4118 2919 4157; x_wconf 90' lang='lat' dir='ltr'><strong>a</strong></span> <span class='ocrx_word' id='word_1_571' title='bbox 2942 4103 3101 4156; x_wconf 91' lang='lat' dir='ltr'><strong>nimia</strong></span> <span class='ocrx_word' id='word_1_572' title='bbox 3128 4101 3448 4157; x_wconf 79' lang='lat' dir='ltr'><strong>exundantia</strong></span> <span class='ocrx_word' id='word_1_573' title='bbox 3474 4102 3844 4173; x_wconf 89' lang='lat' dir='ltr'><strong>reprimenda.</strong></span> 
     </span>
    </p>
   </div>
   <div class='ocr_carea' id='block_1_74' title="bbox 2243 4191 3844 4264">
    <p class='ocr_par' dir='ltr' id='par_1_74' title="bbox 2243 4191 3844 4264">
     <span class='ocr_line' id='line_1_76' title="bbox 2243 4191 3844 4264; baseline 0.001 -18"><span class='ocrx_word' id='word_1_574' title='bbox 2243 4191 2396 4259; x_wconf 89' lang='lat' dir='ltr'><strong>Quod</strong></span> <span class='ocrx_word' id='word_1_575' title='bbox 2444 4193 2495 4247; x_wconf 93' lang='lat' dir='ltr'><strong>in</strong></span> <span class='ocrx_word' id='word_1_576' title='bbox 2536 4193 2628 4247; x_wconf 89' lang='lat' dir='ltr'><strong>illo</strong></span> <span class='ocrx_word' id='word_1_577' title='bbox 2658 4193 2751 4247; x_wconf 91' lang='lat' dir='ltr'><strong>tibi</strong></span> <span class='ocrx_word' id='word_1_578' title='bbox 2783 4208 3014 4263; x_wconf 89' lang='lat' dir='ltr'><strong>quoque,</strong></span> <span class='ocrx_word' id='word_1_579' title='bbox 3048 4202 3105 4247; x_wconf 93' lang='lat' dir='ltr'><strong>ut</strong></span> <span class='ocrx_word' id='word_1_580' title='bbox 3129 4192 3246 4247; x_wconf 91' lang='lat' dir='ltr'><strong>viro</strong></span> <span class='ocrx_word' id='word_1_581' title='bbox 3272 4193 3442 4264; x_wconf 80' lang='lat' dir='ltr'><strong>gravi,</strong></span> <span class='ocrx_word' id='word_1_582' title='bbox 3473 4193 3610 4248; x_wconf 80' lang='lat' dir='ltr'><strong>sicut</strong></span> <span class='ocrx_word' id='word_1_583' title='bbox 3639 4204 3725 4248; x_wconf 89' lang='lat' dir='ltr'><strong>tua</strong></span> <span class='ocrx_word' id='word_1_584' title='bbox 3753 4193 3844 4248; x_wconf 81' lang='lat' dir='ltr'><strong>iu-</strong></span> 
     </span>
    </p>
   </div>
   <div class='ocr_carea' id='block_1_75' title="bbox 2242 4281 3842 4354">
    <p class='ocr_par' dir='ltr' id='par_1_75' title="bbox 2242 4281 3842 4354">
     <span class='ocr_line' id='line_1_77' title="bbox 2242 4281 3842 4354; baseline -0.002 -15"><span class='ocrx_word' id='word_1_585' title='bbox 2242 4284 2422 4339; x_wconf 90' lang='lat' dir='ltr'><strong>dicant</strong></span> <span class='ocrx_word' id='word_1_586' title='bbox 2465 4286 2684 4352; x_wconf 89' lang='lat' dir='ltr'><strong>scripta,</strong></span> <span class='ocrx_word' id='word_1_587' title='bbox 2723 4282 3013 4354; x_wconf 86' lang='lat' dir='ltr'><strong>displicuit.</strong></span> <span class='ocrx_word' id='word_1_588' title='bbox 3039 4282 3145 4338; x_wconf 84' lang='lat' dir='ltr'><strong>Sed</strong></span> <span class='ocrx_word' id='word_1_589' title='bbox 3174 4282 3277 4339; x_wconf 90' lang='lat' dir='ltr'><strong>hoc</strong></span> <span class='ocrx_word' id='word_1_590' title='bbox 3301 4281 3388 4339; x_wconf 89' lang='lat' dir='ltr'><strong>vel</strong></span> <span class='ocrx_word' id='word_1_591' title='bbox 3432 4282 3585 4338; x_wconf 84' lang='lat' dir='ltr'><strong>facile</strong></span> <span class='ocrx_word' id='word_1_592' title='bbox 3609 4282 3842 4354; x_wconf 81' lang='lat' dir='ltr'><strong>corrigi-</strong></span> 
     </span>
    </p>
   </div>
   <div class='ocr_carea' id='block_1_76' title="bbox 2242 4372 3847 4441">
    <p class='ocr_par' dir='ltr' id='par_1_76' title="bbox 2242 4372 3847 4441">
     <span class='ocr_line' id='line_1_78' title="bbox 2242 4372 3847 4441; baseline -0.002 -11"><span class='ocrx_word' id='word_1_593' title='bbox 2242 4385 2350 4441; x_wconf 91' lang='lat' dir='ltr'><strong>tur,</strong></span> <span class='ocrx_word' id='word_1_594' title='bbox 2373 4374 2457 4429; x_wconf 90' lang='lat' dir='ltr'><strong>vel</strong></span> <span class='ocrx_word' id='word_1_595' title='bbox 2488 4374 2605 4430; x_wconf 89' lang='lat' dir='ltr'><strong>sine</strong></span> <span class='ocrx_word' id='word_1_596' title='bbox 2624 4373 2947 4429; x_wconf 88' lang='lat' dir='ltr'><strong>detrimento</strong></span> <span class='ocrx_word' id='word_1_597' title='bbox 2970 4372 3094 4429; x_wconf 88' lang='lat' dir='ltr'><strong>lidei</strong></span> <span class='ocrx_word' id='word_1_598' title='bbox 3118 4388 3147 4427; x_wconf 92' lang='lat' dir='ltr'><strong>a</strong></span> <span class='ocrx_word' id='word_1_599' title='bbox 3173 4372 3382 4429; x_wconf 90' lang='lat' dir='ltr'><strong>levibus</strong></span> <span class='ocrx_word' id='word_1_600' title='bbox 3404 4372 3674 4429; x_wconf 90' lang='lat' dir='ltr'><strong>mentibus</strong></span> <span class='ocrx_word' id='word_1_601' title='bbox 3694 4388 3847 4428; x_wconf 89' lang='lat' dir='ltr'><strong>ama-</strong></span> 
     </span>
    </p>
   </div>
   <div class='ocr_carea' id='block_1_77' title="bbox 2243 4465 3843 4537">
    <p class='ocr_par' dir='ltr' id='par_1_77' title="bbox 2243 4465 3843 4537">
     <span class='ocr_line' id='line_1_79' title="bbox 2243 4465 3843 4537; baseline -0.001 -17"><span class='ocrx_word' id='word_1_602' title='bbox 2243 4474 2348 4531; x_wconf 89' lang='lat' dir='ltr'><strong>tur,</strong></span> <span class='ocrx_word' id='word_1_603' title='bbox 2376 4466 2633 4522; x_wconf 89' lang='lat' dir='ltr'><strong>toleratur</strong></span> <span class='ocrx_word' id='word_1_604' title='bbox 2651 4481 2681 4519; x_wconf 91' lang='lat' dir='ltr'><strong>a</strong></span> <span class='ocrx_word' id='word_1_605' title='bbox 2700 4465 2970 4537; x_wconf 88' lang='lat' dir='ltr'><strong>gravibus.</strong></span> <span class='ocrx_word' id='word_1_606' title='bbox 2989 4465 3256 4521; x_wconf 83' lang='lat' dir='ltr'><strong>Habemus</strong></span> <span class='ocrx_word' id='word_1_607' title='bbox 3278 4466 3422 4523; x_wconf 88' lang='lat' dir='ltr'><strong>enim</strong></span> <span class='ocrx_word' id='word_1_608' title='bbox 3445 4465 3554 4537; x_wconf 91' lang='lat' dir='ltr'><strong>jam</strong></span> <span class='ocrx_word' id='word_1_609' title='bbox 3578 4466 3843 4537; x_wconf 89' lang='lat' dir='ltr'><strong>quosdam</strong></span> 
     </span>
    </p>
   </div>
   <div class='ocr_carea' id='block_1_78' title="bbox 2243 4555 3846 4628">
    <p class='ocr_par' dir='ltr' id='par_1_78' title="bbox 2243 4555 3846 4628">
     <span class='ocr_line' id='line_1_80' title="bbox 2243 4555 3846 4628; baseline -0.002 -16"><span class='ocrx_word' id='word_1_610' title='bbox 2243 4572 2495 4628; x_wconf 84' lang='lat' dir='ltr'><strong>spumeos</strong></span> <span class='ocrx_word' id='word_1_611' title='bbox 2537 4557 2590 4611; x_wconf 90' lang='lat' dir='ltr'><strong>in</strong></span> <span class='ocrx_word' id='word_1_612' title='bbox 2633 4571 2905 4623; x_wconf 90' lang='lat' dir='ltr'><strong>sermone,</strong></span> <span class='ocrx_word' id='word_1_613' title='bbox 2935 4556 3030 4611; x_wconf 90' lang='lat' dir='ltr'><strong>sed</strong></span> <span class='ocrx_word' id='word_1_614' title='bbox 3070 4557 3124 4612; x_wconf 91' lang='lat' dir='ltr'><strong>in</strong></span> <span class='ocrx_word' id='word_1_615' title='bbox 3156 4556 3262 4611; x_wconf 83' lang='lat' dir='ltr'><strong>[ide</strong></span> <span class='ocrx_word' id='word_1_616' title='bbox 3288 4570 3470 4612; x_wconf 88' lang='lat' dir='ltr'><strong>sanos.</strong></span> <span class='ocrx_word' id='word_1_617' title='bbox 3499 4555 3614 4611; x_wconf 88' lang='lat' dir='ltr'><strong>Non</strong></span> <span class='ocrx_word' id='word_1_618' title='bbox 3662 4557 3846 4626; x_wconf 85' lang='lat' dir='ltr'><strong>itaque</strong></span> 
     </span>
    </p>
   </div>
   <div class='ocr_carea' id='block_1_79' title="bbox 2242 4645 3845 4721">
    <p class='ocr_par' dir='ltr' id='par_1_79' title="bbox 2242 4645 3845 4721">
     <span class='ocr_line' id='line_1_81' title="bbox 2242 4645 3845 4721; baseline -0.003 -15"><span class='ocrx_word' id='word_1_619' title='bbox 2242 4648 2635 4719; x_wconf 88' lang='lat' dir='ltr'><strong>desperandum</strong></span> <span class='ocrx_word' id='word_1_620' title='bbox 2666 4656 2768 4713; x_wconf 91' lang='lat' dir='ltr'><strong>est,</strong></span> <span class='ocrx_word' id='word_1_621' title='bbox 2791 4649 2952 4704; x_wconf 90' lang='lat' dir='ltr'><strong>etiam</strong></span> <span class='ocrx_word' id='word_1_622' title='bbox 2981 4646 3085 4703; x_wconf 85' lang='lat' dir='ltr'><strong>hoc</strong></span> <span class='ocrx_word' id='word_1_623' title='bbox 3111 4647 3163 4701; x_wconf 91' lang='lat' dir='ltr'><strong>in</strong></span> <span class='ocrx_word' id='word_1_624' title='bbox 3187 4649 3290 4702; x_wconf 93' lang='lat' dir='ltr'><strong>isto</strong></span> <span class='ocrx_word' id='word_1_625' title='bbox 3314 4647 3582 4721; x_wconf 88' lang='lat' dir='ltr'><strong>(quamvis</strong></span> <span class='ocrx_word' id='word_1_626' title='bbox 3612 4645 3680 4701; x_wconf 87' lang='lat' dir='ltr'><strong>sit</strong></span> <span class='ocrx_word' id='word_1_627' title='bbox 3704 4648 3845 4702; x_wconf 53' lang='lat' dir='ltr'><strong>tolec</strong></span> 
     </span>
    </p>
   </div>
   <div class='ocr_carea' id='block_1_80' title="bbox 2248 4738 3846 4811">
    <p class='ocr_par' dir='ltr' id='par_1_80' title="bbox 2248 4738 3846 4811">
     <span class='ocr_line' id='line_1_82' title="bbox 2248 4738 3846 4811; baseline -0.003 -16"><span class='ocrx_word' id='word_1_628' title='bbox 2248 4740 2439 4808; x_wconf 87' lang='lat' dir='ltr'><strong>rabile,</strong></span> <span class='ocrx_word' id='word_1_629' title='bbox 2454 4739 2497 4795; x_wconf 93' lang='lat' dir='ltr'><strong>si</strong></span> <span class='ocrx_word' id='word_1_630' title='bbox 2521 4739 2921 4811; x_wconf 86' lang='lat' dir='ltr'><strong>permanserit),</strong></span> <span class='ocrx_word' id='word_1_631' title='bbox 2944 4753 3104 4809; x_wconf 89' lang='lat' dir='ltr'><strong>posse</strong></span> <span class='ocrx_word' id='word_1_632' title='bbox 3116 4747 3293 4794; x_wconf 90' lang='lat' dir='ltr'><strong>tamen</strong></span> <span class='ocrx_word' id='word_1_633' title='bbox 3320 4738 3602 4809; x_wconf 78' lang='lat' dir='ltr'><strong>expurgari</strong></span> <span class='ocrx_word' id='word_1_634' title='bbox 3624 4748 3679 4794; x_wconf 90' lang='lat' dir='ltr'><strong>et</strong></span> <span class='ocrx_word' id='word_1_635' title='bbox 3702 4746 3846 4793; x_wconf 80' lang='lat' dir='ltr'><strong>tem-</strong></span> 
     </span>
    </p>
   </div>
   <div class='ocr_carea' id='block_1_81' title="bbox 2244 4830 3845 4906">
    <p class='ocr_par' dir='ltr' id='par_1_81' title="bbox 2244 4830 3845 4906">
     <span class='ocr_line' id='line_1_83' title="bbox 2244 4830 3845 4906; baseline 0 -17"><span class='ocrx_word' id='word_1_636' title='bbox 2244 4834 2440 4906; x_wconf 74' lang='lat' dir='ltr'><strong>parari,</strong></span> <span class='ocrx_word' id='word_1_637' title='bbox 2463 4845 2623 4905; x_wconf 89' lang='lat' dir='ltr'><strong>atque</strong></span> <span class='ocrx_word' id='word_1_638' title='bbox 2647 4832 2714 4888; x_wconf 90' lang='lat' dir='ltr'><strong>ad</strong></span> <span class='ocrx_word' id='word_1_639' title='bbox 2740 4832 3004 4904; x_wconf 86' lang='lat' dir='ltr'><strong>integrum</strong></span> <span class='ocrx_word' id='word_1_640' title='bbox 3031 4841 3086 4888; x_wconf 81' lang='lat' dir='ltr'><strong>et</strong></span> <span class='ocrx_word' id='word_1_641' title='bbox 3110 4831 3339 4888; x_wconf 89' lang='lat' dir='ltr'><strong>solidum</strong></span> <span class='ocrx_word' id='word_1_642' title='bbox 3370 4831 3454 4887; x_wconf 89' lang='lat' dir='ltr'><strong>vel</strong></span> <span class='ocrx_word' id='word_1_643' title='bbox 3487 4830 3732 4901; x_wconf 89' lang='lat' dir='ltr'><strong>perduci,</strong></span> <span class='ocrx_word' id='word_1_644' title='bbox 3758 4833 3845 4889; x_wconf 87' lang='lat' dir='ltr'><strong>vel</strong></span> 
     </span>
    </p>
   </div>
   <div class='ocr_carea' id='block_1_82' title="bbox 2244 4922 3845 4995">
    <p class='ocr_par' dir='ltr' id='par_1_82' title="bbox 2244 4922 3845 4995">
     <span class='ocr_line' id='line_1_84' title="bbox 2244 4922 3845 4995; baseline -0.005 -13"><span class='ocrx_word' id='word_1_645' title='bbox 2244 4925 2487 4982; x_wconf 87' lang='lat' dir='ltr'><strong>revocari</strong></span> <span class='ocrx_word' id='word_1_646' title='bbox 2518 4924 2734 4979; x_wconf 92' lang='lat' dir='ltr'><strong>modum</strong></span> <span class='ocrx_word' id='word_1_647' title='bbox 2759 4941 2773 4977; x_wconf 89' lang='lat'><strong>:</strong></span> <span class='ocrx_word' id='word_1_648' title='bbox 2798 4923 3098 4995; x_wconf 63' lang='lat' dir='ltr'><strong>praesertim</strong></span> <span class='ocrx_word' id='word_1_649' title='bbox 3125 4922 3249 4994; x_wconf 88' lang='lat' dir='ltr'><strong>quia</strong></span> <span class='ocrx_word' id='word_1_650' title='bbox 3270 4922 3485 4994; x_wconf 89' lang='lat' dir='ltr'><strong>juvenis</strong></span> <span class='ocrx_word' id='word_1_651' title='bbox 3513 4935 3636 4978; x_wconf 88' lang='lat' dir='ltr'><strong>esse</strong></span> <span class='ocrx_word' id='word_1_652' title='bbox 3662 4922 3845 4992; x_wconf 80' lang='lat' dir='ltr'><strong>perhi-</strong></span> 
     </span>
    </p>
   </div>
   <div class='ocr_carea' id='block_1_83' title="bbox 2246 5014 3851 5087">
    <p class='ocr_par' dir='ltr' id='par_1_83' title="bbox 2246 5014 3851 5087">
     <span class='ocr_line' id='line_1_85' title="bbox 2246 5014 3851 5087; baseline -0.003 -14"><span class='ocrx_word' id='word_1_653' title='bbox 2246 5019 2423 5085; x_wconf 90' lang='lat' dir='ltr'><strong>betur,</strong></span> <span class='ocrx_word' id='word_1_654' title='bbox 2451 5024 2511 5071; x_wconf 91' lang='lat' dir='ltr'><strong>ul.</strong></span> <span class='ocrx_word' id='word_1_655' title='bbox 2537 5015 2680 5087; x_wconf 91' lang='lat' dir='ltr'><strong>quod</strong></span> <span class='ocrx_word' id='word_1_656' title='bbox 2716 5015 2891 5073; x_wconf 88' lang='lat' dir='ltr'><strong>minus</strong></span> <span class='ocrx_word' id='word_1_657' title='bbox 2921 5014 3082 5071; x_wconf 84' lang='lat' dir='ltr'><strong>habet</strong></span> <span class='ocrx_word' id='word_1_658' title='bbox 3106 5015 3317 5086; x_wconf 87' lang='lat' dir='ltr'><strong>peritia,</strong></span> <span class='ocrx_word' id='word_1_659' title='bbox 3350 5014 3595 5084; x_wconf 89' lang='lat' dir='ltr'><strong>suppleat</strong></span> <span class='ocrx_word' id='word_1_660' title='bbox 3616 5014 3851 5085; x_wconf 87' lang='lat' dir='ltr'><strong>diligen-</strong></span> 
     </span>
    </p>
   </div>
   <div class='ocr_carea' id='block_1_84' title="bbox 2244 5105 3842 5180">
    <p class='ocr_par' dir='ltr' id='par_1_84' title="bbox 2244 5105 3842 5180">
     <span class='ocr_line' id='line_1_86' title="bbox 2244 5105 3842 5180; baseline -0.004 -16"><span class='ocrx_word' id='word_1_661' title='bbox 2244 5112 2354 5177; x_wconf 85' lang='lat' dir='ltr'><strong>tia;</strong></span> <span class='ocrx_word' id='word_1_662' title='bbox 2390 5118 2445 5166; x_wconf 91' lang='lat' dir='ltr'><strong>et</strong></span> <span class='ocrx_word' id='word_1_663' title='bbox 2469 5108 2610 5180; x_wconf 91' lang='lat' dir='ltr'><strong>quod</strong></span> <span class='ocrx_word' id='word_1_664' title='bbox 2636 5105 2873 5163; x_wconf 87' lang='lat' dir='ltr'><strong>cruditas</strong></span> <span class='ocrx_word' id='word_1_665' title='bbox 2900 5105 3234 5177; x_wconf 85' lang='lat' dir='ltr'><strong>loquacitatis</strong></span> <span class='ocrx_word' id='word_1_666' title='bbox 3262 5113 3487 5171; x_wconf 87' lang='lat' dir='ltr'><strong>eructat,</strong></span> <span class='ocrx_word' id='word_1_667' title='bbox 3522 5105 3696 5159; x_wconf 67' lang='lat' dir='ltr'><strong>aetatis</strong></span> <span class='ocrx_word' id='word_1_668' title='bbox 3722 5121 3842 5159; x_wconf 80' lang='lat' dir='ltr'><strong>ma-</strong></span> 
     </span>
    </p>
   </div>
   <div class='ocr_carea' id='block_1_85' title="bbox 2247 5195 3842 5270">
    <p class='ocr_par' dir='ltr' id='par_1_85' title="bbox 2247 5195 3842 5270">
     <span class='ocr_line' id='line_1_87' title="bbox 2247 5195 3842 5270; baseline -0.003 -14"><span class='ocrx_word' id='word_1_669' title='bbox 2247 5201 2433 5257; x_wconf 89' lang='lat' dir='ltr'><strong>turitas</strong></span> <span class='ocrx_word' id='word_1_670' title='bbox 2472 5199 2755 5270; x_wconf 90' lang='lat' dir='ltr'><strong>decoquat.</strong></span> <span class='ocrx_word' id='word_1_671' title='bbox 2794 5196 2928 5254; x_wconf 87' lang='lat' dir='ltr'><strong>Illud</strong></span> <span class='ocrx_word' id='word_1_672' title='bbox 2967 5205 3053 5255; x_wconf 81' lang='lat' dir='ltr'><strong>cst</strong></span> <span class='ocrx_word' id='word_1_673' title='bbox 3080 5197 3363 5255; x_wconf 87' lang='lat' dir='ltr'><strong>molestum</strong></span> <span class='ocrx_word' id='word_1_674' title='bbox 3394 5208 3448 5252; x_wconf 89' lang='lat' dir='ltr'><strong>et</strong></span> <span class='ocrx_word' id='word_1_675' title='bbox 3478 5195 3842 5267; x_wconf 88' lang='lat' dir='ltr'><strong>periculosum</strong></span> 
     </span>
    </p>
   </div>
   <div class='ocr_carea' id='block_1_86' title="bbox 1735 5306 2666 5352">
    <p class='ocr_par' dir='ltr' id='par_1_86' title="bbox 1735 5306 2666 5352">
     <span class='ocr_line' id='line_1_88' title="bbox 1735 5306 2666 5352; baseline -0.008 0"><span class='ocrx_word' id='word_1_676' title='bbox 1735 5310 2023 5352; x_wconf 69' lang='lat' dir='ltr'><strong>ADIONITIO</strong></span> <span class='ocrx_word' id='word_1_677' title='bbox 2060 5312 2143 5352; x_wconf 79' lang='lat' dir='ltr'><strong>PP.</strong></span> <span class='ocrx_word' id='word_1_678' title='bbox 2184 5306 2666 5352; x_wconf 71' lang='lat' dir='ltr'><strong>BENEDICTINORUI.</strong></span> 
     </span>
    </p>
   </div>
   <div class='ocr_carea' id='block_1_87' title="bbox 609 5378 3827 5450">
    <p class='ocr_par' dir='ltr' id='par_1_87' title="bbox 609 5378 3827 5450">
     <span class='ocr_line' id='line_1_89' title="bbox 609 5378 3827 5450; baseline -0.001 -19"><span class='ocrx_word' id='word_1_679' title='bbox 609 5383 670 5431; x_wconf 78' lang='lat' dir='ltr'><strong>Ad</strong></span> <span class='ocrx_word' id='word_1_680' title='bbox 695 5381 1025 5450; x_wconf 71' lang='lat' dir='ltr'><strong>emendandos</strong></span> <span class='ocrx_word' id='word_1_681' title='bbox 1044 5383 1197 5434; x_wconf 87' lang='lat' dir='ltr'><strong>libros</strong></span> <span class='ocrx_word' id='word_1_682' title='bbox 1217 5392 1421 5450; x_wconf 82' lang='lat' dir='ltr'><strong>quatuor</strong></span> <span class='ocrx_word' id='word_1_683' title='bbox 1442 5386 1508 5436; x_wconf 91' lang='lat' dir='ltr'><strong>de</strong></span> <span class='ocrx_word' id='word_1_684' title='bbox 1531 5389 1693 5436; x_wconf 77' lang='lat' dir='ltr'><strong>Anima</strong></span> <span class='ocrx_word' id='word_1_685' title='bbox 1718 5394 1771 5450; x_wconf 85' lang='lat' dir='ltr'><strong>et</strong></span> <span class='ocrx_word' id='word_1_686' title='bbox 1790 5388 1897 5450; x_wconf 91' lang='lat' dir='ltr'><strong>ejus</strong></span> <span class='ocrx_word' id='word_1_687' title='bbox 1921 5387 2138 5450; x_wconf 83' lang='lat' dir='ltr'><strong>Origine,</strong></span> <span class='ocrx_word' id='word_1_688' title='bbox 2163 5390 2344 5450; x_wconf 68' lang='lat' dir='ltr'><strong>praeter</strong></span> <span class='ocrx_word' id='word_1_689' title='bbox 2366 5384 2642 5450; x_wconf 78' lang='lat' dir='ltr'><strong>Vaticanum</strong></span> <span class='ocrx_word' id='word_1_690' title='bbox 2663 5381 2883 5450; x_wconf 81' lang='lat' dir='ltr'><strong>codicem</strong></span> <span class='ocrx_word' id='word_1_691' title='bbox 2898 5394 3052 5450; x_wconf 72' lang='lat' dir='ltr'><strong>unum</strong></span> <span class='ocrx_word' id='word_1_692' title='bbox 3066 5415 3082 5443; x_wconf 96' lang='lat'><strong>,</strong></span> <span class='ocrx_word' id='word_1_693' title='bbox 3143 5381 3219 5450; x_wconf 86' lang='lat' dir='ltr'><strong>usi</strong></span> <span class='ocrx_word' id='word_1_694' title='bbox 3255 5392 3427 5450; x_wconf 72' lang='lat' dir='ltr'><strong>sumus</strong></span> <span class='ocrx_word' id='word_1_695' title='bbox 3446 5378 3674 5450; x_wconf 73' lang='lat' dir='ltr'><strong>undecim</strong></span> <span class='ocrx_word' id='word_1_696' title='bbox 3706 5378 3827 5450; x_wconf 76' lang='lat' dir='ltr'><strong>Galli</strong></span> 
     </span>
    </p>
   </div>
   <div class='ocr_carea' id='block_1_88' title="bbox 544 5442 2132 5522">
    <p class='ocr_par' dir='ltr' id='par_1_88' title="bbox 544 5442 2132 5522">
     <span class='ocr_line' id='line_1_90' title="bbox 544 5442 2132 5522; baseline -0.001 0"><span class='ocrx_word' id='word_1_697' title='bbox 544 5445 1064 5522; x_wconf 61' lang='lat' dir='ltr'><strong>939}§_&#39;!!EP_‘1§°’EI.&#39;9§_</strong></span> <span class='ocrx_word' id='word_1_698' title='bbox 1078 5442 1368 5522; x_wconf 45' lang='lat' dir='ltr'><strong>evaseris;</strong></span> <span class='ocrx_word' id='word_1_699' title='bbox 1383 5449 1528 5498; x_wconf 60' lang='lat' dir='ltr'><strong>varie</strong></span> <span class='ocrx_word' id='word_1_700' title='bbox 1560 5442 1929 5522; x_wconf 53' lang='lat' dir='ltr'><strong>“ppeéiiei‘lim</strong></span> <span class='ocrx_word' id='word_1_701' title='bbox 1952 5442 2132 5522; x_wconf 47' lang='lat' dir='ltr'><strong>abbate</strong></span> 
     </span>
    </p>
   </div>
   <div class='ocr_carea' id='block_1_89' title="bbox 2239 5442 3844 5522">
    <p class='ocr_par' dir='ltr' id='par_1_89' title="bbox 2239 5442 3844 5522">
     <span class='ocr_line' id='line_1_91' title="bbox 2239 5442 3844 5522; baseline -0.001 1"><span class='ocrx_word' id='word_1_702' title='bbox 2239 5446 2391 5518; x_wconf 68' lang='grc' dir='ltr'>είιίρει</span> <span class='ocrx_word' id='word_1_703' title='bbox 2412 5445 2729 5522; x_wconf 52' lang='lat' dir='ltr'><strong>aerarias:</strong></span> <span class='ocrx_word' id='word_1_704' title='bbox 2754 5443 3142 5522; x_wconf 53' lang='lat' dir='ltr'><strong>“eretriae;</strong></span> 
     </span>
    </p>
   </div>
   <div class='ocr_carea' id='block_1_90' title="bbox 546 5500 3855 5570">
    <p class='ocr_par' dir='ltr' id='par_1_90' title="bbox 546 5500 3855 5570">
     <span class='ocr_line' id='line_1_92' title="bbox 546 5500 3855 5570; baseline 0 -16"><span class='ocrx_word' id='word_1_705' title='bbox 546 5507 695 5570; x_wconf 79' lang='lat' dir='ltr'><strong>Pratis</strong></span> <span class='ocrx_word' id='word_1_706' title='bbox 721 5517 870 5570; x_wconf 86' lang='lat' dir='ltr'><strong>unum</strong></span> <span class='ocrx_word' id='word_1_707' title='bbox 885 5539 900 5563; x_wconf 90' lang='lat'><strong>,</strong></span> <span class='ocrx_word' id='word_1_708' title='bbox 924 5500 1069 5570; x_wconf 80' lang='lat' dir='ltr'><strong>alium</strong></span> <span class='ocrx_word' id='word_1_709' title='bbox 1092 5500 1283 5570; x_wconf 74' lang='lat' dir='ltr'><strong>abbatia</strong></span> <span class='ocrx_word' id='word_1_710' title='bbox 1298 5500 1689 5570; x_wconf 64' lang='lat' dir='ltr'><strong>Cenomanensis</strong></span> <span class='ocrx_word' id='word_1_711' title='bbox 1708 5510 1773 5559; x_wconf 91' lang='lat' dir='ltr'><strong>de</strong></span> <span class='ocrx_word' id='word_1_712' title='bbox 1794 5509 2016 5568; x_wconf 88' lang='lat' dir='ltr'><strong>Cultura,</strong></span> <span class='ocrx_word' id='word_1_713' title='bbox 2039 5500 2189 5570; x_wconf 77' lang='lat' dir='ltr'><strong>alium</strong></span> <span class='ocrx_word' id='word_1_714' title='bbox 2210 5507 2457 5570; x_wconf 79' lang='lat' dir='ltr'><strong>Sagiensis</strong></span> <span class='ocrx_word' id='word_1_715' title='bbox 2477 5512 2523 5555; x_wconf 89' lang='lat' dir='ltr'><strong>S.</strong></span> <span class='ocrx_word' id='word_1_716' title='bbox 2551 5506 2757 5570; x_wconf 74' lang='lat' dir='ltr'><strong>Martini,</strong></span> <span class='ocrx_word' id='word_1_717' title='bbox 2808 5500 2934 5570; x_wconf 73' lang='lat' dir='ltr'><strong>alios</strong></span> <span class='ocrx_word' id='word_1_718' title='bbox 2948 5500 3497 5570; x_wconf 71' lang='lat' dir='ltr'><strong>tandeml’ratellensis,</strong></span> <span class='ocrx_word' id='word_1_719' title='bbox 3521 5500 3812 5552; x_wconf 77' lang='lat' dir='ltr'><strong>Michaelina</strong></span> <span class='ocrx_word' id='word_1_720' title='bbox 3848 5550 3855 5555; x_wconf 88' lang='lat'><strong>.</strong></span> 
     </span>
    </p>
   </div>
   <div class='ocr_carea' id='block_1_91' title="bbox 434 5564 3841 5630">
    <p class='ocr_par' dir='ltr' id='par_1_91' title="bbox 434 5564 3841 5630">
     <span class='ocr_line' id='line_1_93' title="bbox 434 5564 3841 5630; baseline -0.001 -16"><span class='ocrx_word' id='word_1_721' title='bbox 434 5565 442 5572; x_wconf 85' lang='grc'><em>’</em></span> <span class='ocrx_word' id='word_1_722' title='bbox 542 5565 827 5623; x_wconf 61' lang='lat' dir='ltr'><strong>(malens-is,</strong></span> <span class='ocrx_word' id='word_1_723' title='bbox 850 5566 1174 5630; x_wconf 80' lang='lat' dir='ltr'><strong>Corbeiensis,</strong></span> <span class='ocrx_word' id='word_1_724' title='bbox 1197 5568 1570 5630; x_wconf 79' lang='lat' dir='ltr'><strong>Cygirannensis</strong></span> <span class='ocrx_word' id='word_1_725' title='bbox 1584 5607 1598 5629; x_wconf 90' lang='lat'><strong>,</strong></span> <span class='ocrx_word' id='word_1_726' title='bbox 1621 5572 1959 5620; x_wconf 88' lang='lat' dir='ltr'><strong>cisterciensis</strong></span> <span class='ocrx_word' id='word_1_727' title='bbox 1984 5564 2353 5621; x_wconf 58' lang='lat' dir='ltr'><strong>{consuluinius</strong></span> <span class='ocrx_word' id='word_1_728' title='bbox 2376 5568 2523 5618; x_wconf 88' lang='lat' dir='ltr'><strong>etiam</strong></span> <span class='ocrx_word' id='word_1_729' title='bbox 2545 5564 2792 5617; x_wconf 86' lang='lat' dir='ltr'><strong>variantes</strong></span> <span class='ocrx_word' id='word_1_730' title='bbox 2824 5564 3065 5617; x_wconf 86' lang='lat' dir='ltr'><strong>lectiones</strong></span> <span class='ocrx_word' id='word_1_731' title='bbox 3085 5564 3387 5628; x_wconf 82' lang='lat' dir='ltr'><strong>Belgieorum</strong></span> <span class='ocrx_word' id='word_1_732' title='bbox 3408 5566 3628 5627; x_wconf 85' lang='lat' dir='ltr'><strong>quinque</strong></span> <span class='ocrx_word' id='word_1_733' title='bbox 3663 5575 3841 5613; x_wconf 79' lang='lat' dir='ltr'><strong>manu-</strong></span> 
     </span>
    </p>
   </div>
   <div class='ocr_carea' id='block_1_92' title="bbox 541 5627 2448 5691">
    <p class='ocr_par' dir='ltr' id='par_1_92' title="bbox 541 5627 2448 5691">
     <span class='ocr_line' id='line_1_94' title="bbox 541 5627 2448 5691; baseline 0.001 -13"><span class='ocrx_word' id='word_1_734' title='bbox 541 5629 831 5691; x_wconf 76' lang='lat' dir='ltr'><strong>scriptorum</strong></span> <span class='ocrx_word' id='word_1_735' title='bbox 846 5627 971 5690; x_wconf 71' lang='lat' dir='ltr'><strong>apud</strong></span> <span class='ocrx_word' id='word_1_736' title='bbox 994 5627 1346 5690; x_wconf 80' lang='lat' dir='ltr'><strong>Lovanienses;</strong></span> <span class='ocrx_word' id='word_1_737' title='bbox 1373 5636 1426 5679; x_wconf 89' lang='lat' dir='ltr'><strong>et</strong></span> <span class='ocrx_word' id='word_1_738' title='bbox 1447 5627 1739 5682; x_wconf 89' lang='lat' dir='ltr'><strong>contulimus</strong></span> <span class='ocrx_word' id='word_1_739' title='bbox 1763 5633 2007 5682; x_wconf 87' lang='lat' dir='ltr'><strong>editiones</strong></span> <span class='ocrx_word' id='word_1_740' title='bbox 2029 5640 2128 5681; x_wconf 75' lang='lat' dir='ltr'><strong>Am.</strong></span> <span class='ocrx_word' id='word_1_741' title='bbox 2155 5637 2229 5681; x_wconf 80' lang='lat' dir='ltr'><strong>Er.</strong></span> <span class='ocrx_word' id='word_1_742' title='bbox 2255 5638 2307 5681; x_wconf 90' lang='lat' dir='ltr'><strong>et</strong></span> <span class='ocrx_word' id='word_1_743' title='bbox 2337 5636 2448 5680; x_wconf 68' lang='grc' dir='ltr'><strong>ιον.</strong></span> 
     </span>
    </p>
   </div>
   <div class='ocr_carea' id='block_1_93' title="bbox 624 5748 3755 5832">
    <p class='ocr_par' dir='ltr' id='par_1_93' title="bbox 624 5748 3755 5832">
     <span class='ocr_line' id='line_1_95' title="bbox 624 5748 3755 5832; baseline -0.002 -20"><span class='ocrx_word' id='word_1_744' title='bbox 624 5752 1459 5832; x_wconf 73' lang='lat' dir='ltr'><strong>Compararimusprwterea</strong></span> <span class='ocrx_word' id='word_1_745' title='bbox 1489 5771 1585 5813; x_wconf 80' lang='lat' dir='ltr'><strong>eas</strong></span> <span class='ocrx_word' id='word_1_746' title='bbox 1617 5773 1820 5814; x_wconf 76' lang='lat' dir='ltr'><strong>omnes</strong></span> <span class='ocrx_word' id='word_1_747' title='bbox 1851 5754 2149 5818; x_wconf 77' lang='lat' dir='ltr'><strong>editiones</strong></span> <span class='ocrx_word' id='word_1_748' title='bbox 2176 5753 2362 5818; x_wconf 74' lang='lat' dir='ltr'><strong>initio</strong></span> <span class='ocrx_word' id='word_1_749' title='bbox 2400 5754 2570 5814; x_wconf 84' lang='lat' dir='ltr'><strong>Rclr.</strong></span> <span class='ocrx_word' id='word_1_750' title='bbox 2598 5749 2987 5825; x_wconf 75' lang='lat' dir='ltr'><strong>etConfess.,</strong></span> <span class='ocrx_word' id='word_1_751' title='bbox 3014 5759 3056 5810; x_wconf 76' lang='grc' dir='ltr'>ι.</span> <span class='ocrx_word' id='word_1_752' title='bbox 3094 5750 3151 5824; x_wconf 90' lang='grc'><strong>1,</strong></span> <span class='ocrx_word' id='word_1_753' title='bbox 3178 5755 3562 5810; x_wconf 79' lang='lat' dir='ltr'><strong>memoratas.</strong></span> <span class='ocrx_word' id='word_1_754' title='bbox 3670 5748 3755 5806; x_wconf 82' lang='grc' dir='ltr'><strong>Μ.</strong></span> 
     </span>
    </p>
   </div>
   <div class='ocr_carea' id='block_1_94' title="bbox 614 5871 1493 5934">
    <p class='ocr_par' dir='ltr' id='par_1_94' title="bbox 614 5871 1493 5934">
     <span class='ocr_line' id='line_1_96' title="bbox 614 5871 1493 5934; baseline 0.002 -17"><span class='ocrx_word' id='word_1_755' title='bbox 614 5873 626 5901; x_wconf 86' lang='grc'>¹</span> <span class='ocrx_word' id='word_1_756' title='bbox 666 5872 889 5934; x_wconf 70' lang='lat' dir='ltr'><strong>Plerique</strong></span> <span class='ocrx_word' id='word_1_757' title='bbox 910 5880 1037 5927; x_wconf 71' lang='lat' dir='ltr'><strong>Mss.</strong></span> <span class='ocrx_word' id='word_1_758' title='bbox 1067 5872 1262 5923; x_wconf 76' lang='lat' dir='ltr'><strong>deberes</strong></span> <span class='ocrx_word' id='word_1_759' title='bbox 1282 5871 1493 5934; x_wconf 74' lang='lat' dir='ltr'><strong>qizidcm.</strong></span> 
     </span>
    </p>
   </div>
   <div class='ocr_carea' id='block_1_95' title="bbox 608 5934 1606 5994">
    <p class='ocr_par' dir='ltr' id='par_1_95' title="bbox 608 5934 1606 5994">
     <span class='ocr_line' id='line_1_97' title="bbox 608 5934 1606 5994; baseline 0.005 -15"><span class='ocrx_word' id='word_1_760' title='bbox 608 5934 680 5991; x_wconf 76' lang='grc' dir='ltr'>(ιι)</span> <span class='ocrx_word' id='word_1_761' title='bbox 712 5934 875 5994; x_wconf 60' lang='lat' dir='ltr'><strong>scripti</strong></span> <span class='ocrx_word' id='word_1_762' title='bbox 897 5935 986 5982; x_wconf 84' lang='lat' dir='ltr'><strong>sub</strong></span> <span class='ocrx_word' id='word_1_763' title='bbox 1011 5934 1155 5985; x_wconf 75' lang='lat' dir='ltr'><strong>ll.lt‘.lll</strong></span> <span class='ocrx_word' id='word_1_764' title='bbox 1180 5949 1288 5985; x_wconf 80' lang='lat' dir='ltr'><strong>anni</strong></span> <span class='ocrx_word' id='word_1_765' title='bbox 1313 5936 1478 5984; x_wconf 65' lang='lat' dir='ltr'><strong>Christi</strong></span> <span class='ocrx_word' id='word_1_766' title='bbox 1504 5934 1606 5984; x_wconf 71' lang='lat'><strong>“9.</strong></span> 
     </span>
    </p>
   </div>
  </div>
