4144 6546
402 613 483 656 ret
518 597 899 670 perniciosum,
929 598 973 655 si
997 613 1118 655 cum
1151 598 1396 655 laudatur
1420 598 1743 669 eloquentia,
1766 613 1992 670 persua-

400 694 593 747 deatur
624 690 944 763 insipientia,
967 700 1020 747 et
1045 691 1098 746 in
1125 693 1358 763 pretioso
1380 691 1572 762 poculo
1595 690 1803 746 bibatur
1827 690 1993 761 pesti-

400 786 510 841 fera
545 788 709 856 potio.

467 878 697 936 CAPUT
748 877 836 935 IV.
875 909 947 920 —
984 879 1037 934 4.
1080 876 1150 937 Ut
1177 878 1318 934 enim
1345 877 1454 949 jam
1486 870 1733 948 incipiam
1760 874 1985 931 demon-

395 976 588 1036 strare,
608 986 728 1040 qna:
750 969 1014 1040 pr.ecipue
1028 971 1138 1025 sint
1161 970 1213 1024 in
1230 970 1351 1040 ejus
1364 969 1722 1040 disputatione
1737 966 1947 1022 vitanda
1970 985 1985 1023 :

393 1062 640 1125 Animam
686 1061 816 1123 dicit
841 1076 871 1115 a
901 1061 1013 1117 Deo
1055 1059 1269 1132 quidem
1320 1061 1544 1125 factam,
1592 1073 1691 1114 nee
1731 1058 1821 1114 Dei
1866 1072 1988 1113 esse

392 1163 599 1226 partem
626 1155 741 1211 sive
767 1164 1044 1221 naturam;
1071 1153 1214 1225 quod
1257 1152 1475 1208 omnino
1514 1166 1695 1206 verum
1731 1157 1815 1206 est
1843 1167 1857 1204 :
1888 1150 1984 1205 sed

391 1261 513 1302 eum
551 1261 668 1302 eam
697 1258 806 1301 non
833 1247 943 1304 vult
979 1261 1043 1302 ea
1074 1245 1242 1301 nihilo
1272 1243 1464 1302 factam
1510 1242 1697 1310 fateri,
1732 1252 1789 1300 et
1824 1242 1982 1297 aliam

390 1337 588 1392 nullam
615 1346 914 1392 creaturam
944 1336 1086 1393 unde
1110 1337 1180 1392 sit
1210 1335 1347 1393 facta
1380 1343 1789 1399 commemorat,
1820 1343 1982 1405 atque

391 1430 461 1484 ita
491 1429 569 1484 illi
594 1429 689 1483 dat
712 1438 985 1485 auctorem
1010 1429 1196 1494 Deum,
1222 1437 1279 1483 ut
1304 1442 1476 1498 neque
1500 1442 1565 1482 ex
1589 1426 1746 1481 nullis
1767 1435 1983 1481 exstan-

387 1522 551 1589 tibus,
581 1522 632 1577 id
659 1531 772 1591 est,
803 1537 871 1578 ex
898 1520 1084 1587 nihilo,
1114 1535 1287 1592 neque
1316 1536 1381 1576 ex
1411 1520 1586 1591 aliqua
1619 1533 1697 1583 re,
1724 1533 1843 1585 qua:
1873 1534 1976 1571 non

385 1624 469 1671 est
490 1614 634 1686 quod
663 1614 804 1671 Deus
828 1626 931 1681 eat,
960 1614 1053 1671 sed
1080 1613 1148 1669 de
1173 1629 1233 1669 se
1264 1614 1379 1684 ipso
1408 1628 1527 1667 eam
1564 1612 1750 1667 fecisse
1782 1610 1977 1666 creda-

385 1713 510 1773 tur;
534 1707 705 1762 nescit
728 1720 794 1763 eo
817 1721 879 1763 se
907 1706 1133 1773 revolvi,
1157 1705 1297 1776 quod
1321 1704 1618 1775 declinasse
1645 1719 1704 1760 se
1731 1712 1899 1775 putat,
1919 1711 1979 1758 ut

385 1797 588 1853 scilicet
616 1797 748 1852 nihil
777 1796 919 1853 aliud
943 1796 1120 1853 anima
1150 1812 1310 1870 quam
1342 1796 1438 1851 Dei
1463 1806 1649 1851 natura
1679 1796 1784 1862 sit;
1811 1812 1875 1852 ac
1896 1796 1976 1853 sic

381 1896 774 1960 consequenter
809 1898 865 1944 et
905 1888 973 1944 de
1000 1888 1092 1944 Dei
1125 1899 1310 1943 natura
1342 1887 1431 1943 ﬂat
1459 1887 1657 1958 aliquid
1687 1888 1756 1941 ab
1781 1886 1971 1941 eodem

382 1980 515 2047 Deo,
545 1981 633 2036 cui
666 1979 908 2036 faciendo
937 1981 1157 2036 materia
1187 1978 1254 2035 de
1282 1995 1385 2051 qua
1426 1978 1544 2033 facit
1565 2019 1581 2044 ,
1619 1980 1690 2034 sit
1728 1979 1842 2049 ipse
1881 1979 1972 2047 qui

379 2070 505 2128 facit
530 2090 543 2126 :
572 2087 635 2127 ac
664 2087 759 2142 per
786 2072 890 2128 hoc
918 2082 973 2129 et
1000 2071 1096 2128 Dei
1125 2072 1196 2126 sit.
1219 2080 1407 2126 natura
1439 2072 1706 2126 mutabilis
1725 2113 1740 2137 ,
1768 2083 1820 2125 ιιι
1849 2088 1967 2126 mu-

381 2172 488 2220 tata
513 2163 566 2220 in
587 2165 822 2221 deterius
843 2164 1091 2236 ejusdem
1119 2164 1284 2235 ipsius
1307 2164 1395 2219 Dei
1419 2163 1488 2219 ab
1507 2163 1693 2219 eodem
1722 2162 1836 2232 ipso
1860 2164 1969 2218 Deo

379 2265 564 2311 natura
595 2255 896 2312 damnetur.
929 2255 1080 2324 Quod
1128 2271 1225 2326 pro
1269 2264 1358 2310 tua
1408 2254 1548 2310 Iidcli
1599 2254 1963 2325 intelligenzia,

375 2364 535 2420 quam
563 2364 668 2404 non
696 2348 766 2404 sit
790 2348 1138 2419 opinandum,
1165 2357 1220 2404 et
1245 2364 1403 2420 quam
1435 2348 1505 2403 sit
1531 2363 1559 2401 a
1590 2348 1751 2403 corde
1775 2347 1964 2402 catho-

379 2440 481 2494 lico
527 2438 942 2505 secludendum,
991 2440 1249 2510 longeque
1297 2438 1623 2510 fugiendum,
1672 2438 1838 2493 vides.
1890 2439 1963 2493 Ita

296 2588 303 2596 _
374 2530 570 2600 quippe
596 2531 772 2585 anima
802 2529 883 2585 vel
908 2529 975 2586 de
1005 2529 1130 2584 ﬂatu
1164 2529 1298 2585 facta
1318 2572 1333 2596 ,
1367 2530 1449 2584 vel
1484 2531 1573 2586 Dei
1605 2530 1761 2584 ﬂatus
1795 2530 1964 2584 factus

374 2630 458 2677 est
499 2622 633 2691 ipsa,
677 2632 737 2677 ut
780 2636 885 2676 non
932 2621 1001 2678 de
1042 2622 1157 2691 ipso
1198 2621 1287 2685 sit,
1321 2621 1414 2676 sed
1444 2622 1512 2677 ab
1545 2623 1661 2692 ipso
1690 2621 1755 2676 de
1795 2620 1963 2677 nihilo

373 2722 551 2773 creata
592 2714 681 2769 sit.
710 2712 893 2784 Neque
928 2714 1070 2768 enim
1116 2714 1253 2768 sicut
1296 2712 1459 2768 homo
1504 2713 1717 2783 quando
1760 2712 1958 2779 suﬂlat,

374 2818 482 2859 non
512 2813 689 2875 potest
715 2803 783 2860 de
808 2803 973 2860 nihilo
1001 2802 1183 2859 ﬂatum
1213 2803 1410 2870 facere,
1440 2804 1534 2860 sed
1564 2819 1722 2875 quem
1758 2804 1825 2859 de
1855 2804 1961 2859 isto

370 2909 500 2951 aere
527 2895 693 2963 ducit,
721 2894 863 2951 hunc
889 2894 1101 2963 reddit;
1128 2893 1201 2951 ita
1232 2894 1342 2951 Deo
1370 2894 1665 2966 putandum
1694 2902 1778 2951 est
1802 2910 1959 2951 auras

369 2991 573 3061 aliquas
618 2987 968 3044 circumfusas
1014 2987 1124 3058 jam
1185 2986 1379 3052 fuisse,
1433 2999 1656 3055 quarum
1711 2982 1956 3052 exiguam

369 3081 652 3154 quamdam
684 3080 998 3151 particulam
1039 3077 1293 3148 spirando
1323 3075 1579 3141 traheret,
1610 3083 1664 3129 et
1688 3074 1957 3143 respiran-

371 3176 441 3232 do
465 3173 793 3240 refunderet,
819 3172 1033 3245 quando
1086 3173 1139 3227 in
1185 3170 1419 3227 hominis
1465 3167 1655 3224 facient
1703 3167 1957 3233 sufﬂavit,

370 3268 526 3340 eique
552 3267 645 3323 illo
686 3269 848 3321 modo
893 3266 1125 3321 animam
1172 3263 1317 3320 fecit.
1347 3261 1500 3332 Quod
1529 3271 1583 3317 et
1613 3261 1655 3316 si
1689 3261 1758 3316 ita
1789 3269 1955 3329 esset,

373 3377 472 3418 nec
496 3362 575 3416 sic
598 3360 665 3415 de
690 3360 830 3431 ipso,
878 3359 973 3415 sed
1017 3358 1086 3415 de
1130 3358 1428 3430 subjaceuti
1480 3373 1539 3413 re
1583 3357 1756 3427 aliqua
1794 3354 1960 3410 habili

376 3462 556 3521 posset
580 3465 701 3506 esse
727 3449 868 3519 quod
898 3448 1060 3503 ﬂavit.
1093 3447 1202 3504 Sed
1241 3447 1379 3503 absit
1413 3456 1471 3501 nt
1509 3462 1762 3515 negemus
1792 3445 1964 3501 omni-

370 3544 639 3605 potentem
673 3534 743 3591 de
775 3535 944 3591 nihilo
982 3534 1164 3592 ﬂatum
1192 3534 1316 3591 vita:
1353 3533 1532 3614 facere
1562 3535 1819 3606 potuisse,
1852 3550 1960 3608 quo

368 3624 521 3683 fieret
545 3625 708 3683 homo
735 3627 789 3682 in
814 3626 1048 3683 animam
1077 3626 1249 3682 vivam
1277 3644 1290 3681 :
1317 3636 1478 3698 atque
1515 3626 1568 3681 in
1608 3641 1701 3683 eas
1737 3636 1959 3683 contru-

367 3717 560 3775 damur
581 3721 875 3790 angustias,
897 3730 958 3776 ut
982 3721 1065 3777 vel
1088 3719 1199 3793 jam
1230 3720 1395 3777 fuisse
1427 3719 1648 3792 aliquid,
1676 3721 1817 3792 quod
1843 3721 1959 3792 ipse

369 3826 476 3866 non
514 3820 692 3878 esset,
720 3814 859 3869 unde
888 3812 1070 3868 ﬂatum
1101 3812 1333 3880 faceret,
1363 3812 1677 3883 apinemur;
1705 3813 1789 3869 vel
1815 3811 1958 3884 quod
1996 3833 2003 3843 ·

365 3902 621 3960 mutabile
641 3903 835 3959 factum
854 3904 1116 3971 videmus,
1134 3905 1203 3960 de
1222 3918 1281 3959 se
1302 3905 1416 3975 ipso
1442 3905 1633 3960 fecisse
1652 3903 1954 3960 credamus.

366 3996 521 4066 Quod
546 3997 689 4054 enim
714 3997 784 4054 de
810 3997 928 4069 ipso
952 4006 1056 4064 est,
1084 4013 1309 4054 necesse
1339 4006 1422 4053 est
1450 4005 1507 4052 ut
1529 3998 1768 4068 ejusdem
1800 4008 1957 4053 natu-

367 4103 443 4143 ra:
462 4087 532 4143 sit
549 4088 842 4159 cujus'ipse
867 4098 970 4156 est,
993 4104 1056 4144 ac
1085 4103 1178 4158 per
1200 4090 1301 4143 hoc
1326 4088 1486 4143 etiam
1512 4086 1841 4144 immutabile
1864 4087 1954 4143 sit.

366 4180 557 4236 Anima
585 4196 735 4248 vero,
756 4180 1119 4253 quod.omnes
1145 4179 1395 4245 fatentur,
1422 4179 1690 4235 mutabilis
1716 4190 1817 4235 est.
1841 4177 1956 4234 Non

365 4285 497 4342 ergo
530 4271 598 4327 de
625 4271 761 4341 ipso,
785 4272 909 4343 quia
936 4286 1042 4326 non
1071 4279 1155 4326 est
1193 4270 1538 4325 immutabilis
1565 4270 1703 4325 sicut
1742 4270 1877 4342 ipse.
1900 4269 1958 4326 Si

364 4374 544 4420 autem
572 4363 643 4421 de
678 4364 820 4419 nulla
864 4379 924 4421 re
968 4365 1075 4421 alia
1120 4363 1254 4420 facta
1295 4372 1396 4431 est,
1424 4363 1493 4421 de
1520 4364 1689 4420 nihilo
1713 4363 1850 4425 facta
1876 4375 1956 4419 est

366 4455 551 4537 procul
572 4454 755 4523 dubio,
778 4456 871 4513 sed
900 4457 968 4513 ab
998 4457 1136 4526 ipso.

374 4542 377 4547 ’
437 4547 665 4608 CAPUT
707 4548 769 4602 V.
811 4578 883 4590 —
919 4549 973 4606 5.
1013 4548 1167 4617 Quod
1214 4564 1344 4604 vero
1381 4564 1500 4604 eam
1540 4563 1645 4604 non
1689 4549 1955 4620 spiritum,

364 4637 461 4706 sed
499 4654 694 4710 corpus
737 4654 858 4708 esse
900 4630 1210 4708 contendit;
1242 4641 1369 4712 quid
1398 4641 1543 4697 aliud
1581 4641 1692 4696 vult
1722 4641 1954 4709 efficere,

358 4746 524 4802 quam
553 4748 654 4789 nos
682 4749 788 4791 non
818 4749 883 4790 ex
923 4736 1099 4789 anima
1144 4744 1199 4789 et
1236 4748 1492 4803 corpore,
1530 4733 1623 4790 sed
1654 4750 1717 4789 ex
1749 4733 1958 4790 duobus

365 4823 449 4879 vel
476 4824 636 4879 etiam
669 4824 839 4883 tribus
862 4836 1114 4881 constare
1140 4825 1491 4895 corporibus?
1518 4825 1648 4880 Cum
1674 4826 1818 4881 enim
1843 4826 1954 4896 spi-

364 4915 491 4983 ritu,
530 4915 705 4972 anima
724 4959 739 4982 ,
775 4925 831 4973 et
855 4931 1085 4988 corpore
1113 4925 1359 4971 constare
1388 4932 1486 4971 nos
1506 4915 1665 4983 dicit,
1697 4926 1750 4971 et
1778 4917 1956 4971 omnia

365 5004 482 5062 hac
505 5007 606 5062 tria
633 5022 859 5078 corpora
884 5022 1006 5063 esse
1034 5008 1260 5073 asserit;
1284 5006 1526 5078 profecto
1549 5020 1613 5071 ex
1644 5007 1814 5062 tribus
1838 5022 1959 5062 cor-

364 5099 585 5172 poribus
628 5115 728 5156 nos
773 5108 922 5171 putat
963 5114 1085 5156 esse
1126 5110 1452 5170 compactos.
1484 5099 1540 5169 In
1570 5114 1672 5169 qua
1705 5099 1958 5167 opinione

363 5200 561 5262 quanta
588 5207 709 5247 eum
740 5201 998 5263 sequatur
1021 5190 1344 5258 absurditas,
1374 5188 1447 5245 illi
1481 5190 1656 5261 potius
1676 5207 1834 5260 quam
1864 5189 1955 5244 tibi

365 5283 840 5340 demonstrandum
863 5293 1010 5355 puto.
1034 5283 1232 5340 Verum
1263 5284 1363 5340 iste
1389 5283 1681 5356 tolerabilis
1704 5299 1854 5338 error
1876 5293 1958 5341 est

366 5373 619 5438 hominis,
660 5375 750 5445 qui
798 5376 1031 5430 nondum
1077 5375 1327 5446 cognovit
1375 5390 1494 5430 esse
1539 5375 1765 5447 aliquid,
1813 5374 1956 5446 quod

362 5481 486 5529 cum
513 5481 710 5537 corpus
739 5482 847 5523 non
878 5469 979 5535 sit,
1006 5468 1249 5540 corporis
1280 5478 1456 5524 tamen
1486 5469 1770 5541 quamdam
1802 5469 1954 5523 simi-

363 5557 638 5613 litudinem
663 5574 853 5630 gerere
882 5561 1065 5628 possit.

433 5648 659 5705 CAPUT
701 5649 915 5706 Vl.—6.
939 5649 1068 5705 Illud
1097 5650 1254 5722 plane
1277 5651 1396 5722 quis
1427 5651 1579 5721 ferat,
1611 5651 1753 5724 quod
1786 5652 1837 5705 in
1865 5667 1953 5706 se-

362 5740 540 5804 cundo
580 5740 750 5808 libro,
790 5757 911 5797 cum
955 5743 1304 5813 qntestiouem
1339 5742 1706 5798 difficillimam
1747 5746 1953 5799 solvere

361 5839 647 5888 conaretur
682 5832 753 5887 de
796 5831 1034 5904 originali
1076 5842 1313 5904 peccato,
1356 5842 1618 5901 quatenus
1655 5833 1719 5887 ad
1762 5850 1954 5900 corpus

362 5925 700 6003 animamque
742 5927 1037 5999 pertineat.
1082 5927 1125 5981 si
1167 5924 1338 5979 anima
1384 5941 1487 5978 non
1533 5926 1599 5980 de
1646 5925 1953 5999 parentibus

1013 481 1100 540 ne
1138 478 1346 538 amna
1390 481 1479 539 ετ
1520 481 1684 541 stus
1721 482 2020 554 ORIGINE,
2059 468 2116 543 ς.
2160 484 2524 544 mensum
2567 487 2769 546 LIBER
2809 491 3079 550 PRIMUS.

3593 495 3700 552 578

2104 598 2354 667 trahitur,
2388 601 2483 658 sed
2508 618 2537 657 a
2569 603 2678 658 Deo
2707 619 2846 659 nova
2877 605 3219 673 insumatur;
3262 608 3399 666 hanc
3426 626 3555 683 ergo
3583 622 3694 668 min

2098 693 2375 749 molestam
2407 703 2460 750 et
2490 705 2595 750 tant
2627 696 2938 766 profundam
2968 701 3145 753 nitens
3173 701 3405 756 enodare
3434 704 3689 772 qnzestiu-

2096 800 2218 841 nem
2243 804 2258 840 :
2289 786 2527 855 «Merito,
2561 807 2580 840 ι
2611 788 2800 859 inquit,
2835 807 2853 841 ι
2884 805 2977 859 per
3005 805 3243 858 carnem,
3276 793 3502 861 priscam
3530 810 3689 864 repa-

2100 896 2119 930 ι
2134 887 2214 932 rat
2234 879 2618 942 habitudinem,
2648 896 2806 952 quam
2829 882 2938 938 visa
2961 880 3132 938 fuerat
3154 885 3421 955 paulisper
3443 887 3592 941 amisi
3608 903 3686 941 ~se

2100 987 2119 1022 ι
2145 986 2239 1040 per
2265 985 2503 1037 carnem,
2538 983 2594 1026 ut
2625 988 2720 1043 per
2747 988 2864 1027 eam
2895 974 3112 1046 incipiat
3143 977 3368 1040 renasci,
3403 992 3495 1045 per
3522 994 3683 1047 quam

2096 1080 2119 1117 ι
2144 1075 2409 1120 meruerat
2445 1065 2727 1145 inquinari.
2768 1085 2788 1120 ι
2819 1066 3009 1123 Cernis
3049 1084 3242 1139 nempe
3282 1068 3549 1125 hominem
3588 1088 3684 1125 an-

2088 1169 2208 1211 snm
2249 1156 2526 1228 suscipere
2567 1157 2707 1228 quod
2746 1158 2887 1214 vires
2916 1160 3037 1230 ejus
3067 1161 3311 1225 excedit,
3354 1160 3405 1214 in
3442 1170 3547 1215 tam
3578 1163 3678 1216 im-

2090 1261 2247 1303 mane
2272 1248 2620 1319 praecipitium
2644 1249 2936 1317 decidisse,
2969 1258 3025 1305 ut
3051 1250 3248 1306 diceret
3278 1251 3539 1322 inquinari
3565 1252 3681 1305 ani-

2087 1355 2228 1394 mam
2258 1342 2517 1397 meruisse
2556 1356 2650 1412 per
2687 1356 2937 1405 carnem;
2979 1357 3101 1398 cum
3130 1342 3310 1398 dicere
3344 1343 3492 1397 nullo
3520 1342 3679 1397 modo

2087 1431 2284 1501 possit,
2329 1431 2470 1487 unde
2510 1432 2611 1487 hoc
2653 1434 2897 1488 meritum
2931 1434 3150 1488 traxerit
3191 1443 3314 1488 ante
3347 1449 3563 1489 carnem
3618 1434 3674 1490 Si

2083 1522 2225 1577 enim
2254 1538 2282 1576 a
2313 1539 2474 1578 carne
2500 1524 2683 1595 incipit
2712 1525 2959 1578 meritum
2987 1524 3181 1580 habere
3208 1525 3433 1595 peccati,
3462 1525 3598 1578 dicat
3628 1524 3673 1579 si

2084 1622 2274 1683 potest,
2308 1615 2445 1669 unde
2474 1624 2596 1669 ante
2625 1625 2898 1684 peccatum
2930 1631 3081 1669 suum
3114 1630 3273 1670 carne
3304 1616 3558 1671 meruerit
3589 1616 3673 1668 iu-

2080 1706 2307 1777 quinari.
2340 1706 2471 1761 Nam
2512 1706 2613 1762 hoc
2650 1709 2895 1763 meritum
2927 1722 3034 1779 quo
3064 1709 3114 1763 in
3152 1725 3367 1764 carnem
3408 1710 3669 1779 peccatri-

2078 1812 2194 1852 cem
2228 1799 2392 1854 missa
2426 1809 2530 1862 est,
2572 1808 2627 1854 ut
2664 1800 3030 1871 inquinaretur
3065 1817 3130 1855 ex
3170 1801 3280 1866 illa,
3320 1801 3557 1871 profecto
3580 1813 3670 1856 aut

2076 1903 2142 1944 ex
2171 1890 2458 1960 semetipsa
2490 1888 2705 1955 habuit,
2748 1901 2868 1959 aut,
2904 1891 3045 1963 quod
3076 1907 3201 1947 vero
3232 1893 3398 1947 multo
3440 1893 3671 1964 amplius

2075 1978 2349 2047 abhorret,
2380 1995 2446 2037 ex
2480 1981 2611 2036 Deo.
2644 1982 2721 2036 Ex
2752 1997 2915 2037 carne
2943 1983 3139 2053 quippe
3167 1983 3413 2038 meritum
3441 1999 3544 2038 non
3576 2002 3668 2054 po-

2076 2074 2174 2126 tnit
2201 2058 2400 2128 habere
2425 2081 2550 2128 ante
2575 2088 2813 2140 carnem,
2843 2090 2949 2144 quo
2977 2075 3167 2130 merito
3196 2075 3515 2145 inquinanda
3545 2077 3668 2130 tuit-
3705 2148 3711 2154 _

2074 2176 2275 2221 teretur
2306 2167 2356 2220 in
2378 2181 2614 2221 carnem.
2648 2166 2704 2222 Si
2731 2182 2859 2238 ergo
2891 2182 2922 2222 a
2962 2167 3243 2237 semetipsa
3286 2166 3386 2221 hoc
3416 2168 3663 2222 meritum

2072 2255 2289 2321 habuit;
2317 2255 2586 2327 quomodo
2614 2256 2817 2322 habuit,
2845 2272 2966 2327 qua:
2992 2267 3115 2311 ante
3139 2273 3353 2312 carnem
3382 2257 3510 2311 nihil
3538 2260 3661 2313 tnali

2073 2346 2298 2402 fecitISi
2317 2356 2496 2402 autem
2524 2348 2624 2402 hoc
2651 2349 2896 2402 meritum
2926 2363 2989 2403 ex
3022 2348 3129 2403 Deo
3157 2348 3351 2402 dicitur
3377 2348 3661 2409 habuisse;

2068 2438 2301 2507 quisboc
2319 2438 2540 2493 audiat?
2567 2438 2687 2509 quis
2706 2438 2879 2493 ferat?
2905 2439 3026 2509 quis
3054 2439 3158 2493 dici
3189 2439 3401 2507 impune
3434 2439 3659 2508 permit-

2068 2530 2184 2582 tat?
2213 2526 2326 2582 Non
2358 2528 2501 2583 enim
2533 2527 2636 2583 hoc
2666 2528 2783 2583 loco
2811 2528 3099 2598 qua-ritur,
3131 2527 3255 2598 quid
3289 2529 3572 2589 meruerit.
3607 2540 3663 2584 ut

2059 2619 2391 2691 judicaretur
2416 2620 2714 2674 damnanda
2745 2629 2866 2690 post
2890 2634 3104 2675 carnem
3137 2637 3150 2673 :
3178 2619 3272 2674 sed
3299 2619 3422 2690 quid
3451 2635 3661 2674 merue-

2066 2715 2133 2768 rit
2155 2721 2280 2768 ante
2300 2728 2518 2768 carnem
2547 2713 2615 2767 ita
2641 2712 2905 2777 damnari,
2936 2723 2992 2766 ut
3016 2711 3335 2782 inquinanda
3363 2712 3661 2766 mitteretur

2064 2804 2117 2860 in
2143 2819 2381 2859 carnem.
2414 2803 2659 2874 Explicet
2689 2801 2792 2868 hoc
2815 2804 2858 2857 si
2882 2812 3078 2874 potest,
3107 2804 3196 2874 qui
3224 2812 3304 2858 est
3328 2818 3489 2858 ausus
3508 2804 3657 2858 dice-

2062 2913 2145 2965 re,
2177 2895 2441 2967 inquinari
2470 2896 2702 2950 animam
2734 2895 2995 2951 meruisse
3025 2910 3120 2966 per
3148 2910 3386 2950 carnem.

2132 2987 2358 3045 CAPUT
2378 2986 2564 3043 VII.—-—
2582 2988 2637 3041 7.
2661 2986 2787 3043 Item
2814 2987 2921 3042 alio
2945 2987 3086 3054 Ioco,
3113 3003 3234 3041 cum
3261 2986 3528 3053 eamdem,
3551 3002 3655 3058 qua

2060 3096 2121 3138 se
2164 3082 2277 3153 ipse
2323 3080 2692 3151 implieuerat,
2735 3079 2881 3135 velut
2922 3078 3293 3149 explicandam
3335 3091 3656 3149 proponeret

2060 3171 2431 3242 quaestionem,
2460 3178 2709 3242 tamquam
2736 3185 2801 3226 ex
2830 3184 3055 3240 persona
3095 3169 3521 3225 adversariorum
3546 3170 3652 3224 ait:

2065 3262 2238 3329 «Cur,
2284 3261 2563 3333 inquiunt,
2610 3261 2749 3316 Deus
2781 3260 3012 3315 animam
3045 3266 3150 3314 tam
3182 3259 3375 3330 injusta
3410 3258 3655 3313 animad-

2066 3374 2088 3407 ι
2116 3354 2361 3409 versione
2391 3353 2698 3420 mulclavit,
2729 3362 2785 3407 ut
2814 3352 2866 3407 in
2894 3367 3089 3422 corpus
3118 3366 3238 3406 eam
3270 3352 3473 3422 peccati
3511 3352 3653 3407 rele-

2065 3462 2088 3498 ι
2112 3460 2240 3517 gare
2261 3444 2279 3477 ¹
2303 3445 2549 3510 voluerit,
2580 3459 2700 3500 cum
2736 3445 3010 3500 consortio
3034 3444 3211 3501 carnis
3240 3440 3509 3515 peccatrix
3535 3461 3656 3500 esse

2066 3555 2086 3590 ι
2116 3537 2331 3608 incipit,
2371 3553 2489 3609 qua:
2518 3537 2782 3608 peccatrix
2813 3551 2935 3592 esse
2965 3552 3069 3591 non
3103 3536 3315 3607 potuit?
3350 3554 3370 3590 ι
3406 3535 3464 3591 1η
3498 3536 3654 3606 hujus

2060 3627 2373 3699 qua-Stionis
2399 3636 2652 3699 tanquam
2682 3626 2969 3697 scopuloso
2993 3627 3229 3698 gurgite,
3261 3626 3444 3682 debuit
3472 3628 3655 3697 utique

2059 3736 2249 3779 cavere
2261 3720 2616 3793 naufragium,
2636 3736 2735 3799 nec
2754 3735 2821 3776 eo
2841 3735 2901 3777 se
2921 3720 3281 3785 committere,
3304 3720 3445 3775 unde
3465 3734 3523 3775 se
3545 3735 3650 3773 non

2061 3813 2625 3883 eruerettranseundo
2645 3855 2662 3881 ,
2689 3812 2782 3869 sed
2814 3812 2948 3867 forte
2979 3807 3252 3867 redeundo
3271 3853 3286 3876 ,
3317 3811 3370 3866 id
3397 3820 3509 3878 est,
3540 3827 3655 3882 po:-

2061 3904 2301 3961 nitendo.
2332 3903 2467 3961 Nam
2493 3903 2562 3960 de
2586 3902 2919 3976 przescientia
2959 3901 3058 3958 Dei
3085 3918 3143 3957 sc
3169 3902 3354 3958 nititur
3394 3902 3654 3967 liberare,

2060 3996 2157 4053 sed
2175 3998 2389 4053 frustra.
2412 3995 2754 4051 Praescientxa
2775 3995 2970 4066 quippe
2995 3995 3085 4050 Dei
3107 4008 3201 4050 eos
3220 4008 3356 4065 quos
3374 4002 3656 4049 sanaturus

2060 4098 2166 4153 est,
2201 4095 2507 4158 peceatores
2534 4087 2837 4158 praenoscit,
2871 4101 2975 4141 non
3008 4084 3150 4140 facit.
3181 4085 3316 4141 Nam
3346 4086 3391 4140 si
3419 4100 3512 4141 eas
3539 4086 3655 4139 ani-

2062 4194 2179 4235 mas
2219 4179 2409 4234 liberat
2448 4193 2478 4232 a
2520 4188 2774 4249 peccato,
2820 4192 2954 4249 quas
2985 4177 3298 4232 innocentes
3339 4186 3393 4232 et
3432 4177 3657 4231 mundus

2063 4270 2323 4341 implicuit
2343 4269 2458 4340 ipse
2479 4280 2723 4340 peccato,
2746 4269 2936 4324 vulnus
2956 4276 3109 4323 sanat
3128 4268 3266 4338 quod
3287 4268 3460 4323 intulit
3480 4269 3653 4331 nobis,

2063 4379 2168 4418 non
2202 4362 2343 4433 quod
2382 4362 2584 4418 invenit
2621 4363 2673 4418 in
2711 4361 2885 4417 nobis.
2934 4362 3154 4416 Avertat
3182 4370 3359 4416 autem
3392 4362 3564 4422 Deus.
3602 4376 3655 4416 et

2061 4455 2280 4510 omnino
2308 4454 2468 4520 absit,
2486 4452 3269 4524 utdicamns,quandolavacro
3284 4454 3649 4523 regeneratio-
3687 4458 3691 4462 ‘

2063 4548 2146 4602 nis
2176 4548 2318 4603 Deus
2342 4547 2565 4602 mundat
2589 4547 2795 4602 animas
2821 4546 3182 4618 parvulorum,
3215 4555 3339 4601 tunc
3367 4562 3487 4600 eum
3518 4546 3654 4600 mala

2062 4654 2157 4695 sua
2198 4640 2489 4711 corrigere,
2531 4656 2650 4711 qua:
2685 4639 2791 4694 illis
2829 4640 2944 4708 ipse
2982 4637 3130 4706 fecit,
3171 4655 3292 4694 cum
3329 4654 3421 4694 eas
3451 4639 3655 4692 nullum

2064 4731 2323 4787 habentes
2364 4742 2637 4803 peccatum
2681 4731 2959 4801 peccatrici
3002 4731 3181 4796 carni,
3224 4732 3375 4799 cujus
3410 4729 3655 4800 originali

2064 4832 2280 4894 peccato
2308 4823 2821 4889 contaminarentur,
2848 4821 3147 4877 admiscuit.
3182 4821 3326 4890 Quas
3352 4830 3527 4874 tamen
3554 4821 3657 4874 iste

2063 4931 2324 4971 accusans
2365 4916 2494 4970 dicit
2531 4914 2792 4984 inquinari
2833 4915 3098 4970 meruisse
3140 4928 3234 4983 per
3276 4927 3513 4979 carnem,
3559 4929 3657 4967 nec

2064 5016 2243 5080 potest
2278 5007 2457 5063 dicere
2489 5005 2628 5061 unde
2659 5014 2860 5060 tantum
2898 5005 3021 5059 mali
3058 5004 3352 5059 meruerint
3380 5014 3502 5060 ante
3534 5019 3658 5060 car-

2065 5118 2208 5159 nem.

2135 5190 2361 5249 CAPUT
2399 5191 2513 5247 VIII
2537 5220 2612 5232 —
2637 5190 2691 5247 8.
2747 5189 2895 5246 Hanc
2923 5204 3051 5261 ergo
3078 5190 3427 5261 quaestionem
3461 5189 3650 5246 frustra

2063 5300 2124 5341 se
2151 5296 2341 5356 putans
2367 5283 2436 5339 de
2461 5282 2792 5355 prtescientia
2814 5281 2907 5337 Dei
2934 5297 3092 5351 posse
3118 5281 3414 5338 dissolvere
3434 5324 3450 5348 ,
3481 5282 3651 5338 adhuc

2063 5391 2124 5431 se
2146 5373 2390 5441 involvit,
2415 5384 2468 5428 ct
2492 5374 2622 5429 dicit
2646 5392 2659 5428 :
2684 5390 2704 5426 ι
2730 5373 2918 5428 Anima
2941 5373 2985 5429 si
3008 5373 3275 5444 peccatrix
3299 5387 3417 5429 esse
3440 5375 3656 5436 meruit,

2062 5482 2182 5538 qttze
2226 5466 2489 5536 peccatrix
2517 5480 2637 5522 esse
2685 5480 2789 5520 non
2831 5464 3022 5534 potuit,
3054 5474 3229 5520 tamen
3262 5480 3433 5534 neque
3458 5464 3510 5518 in
3541 5479 3654 5534 poc-

2063 5565 2187 5612 cato
2213 5555 2489 5620 remansit,
2520 5555 2640 5625 quia
2670 5555 2721 5610 in
2752 5555 2964 5611 Christo
2996 5555 3325 5626 praefigurata
3354 5554 3404 5608 in
3443 5565 3657 5623 peccato

2062 5663 2183 5706 esse
2238 5663 2343 5702 non
2401 5647 2615 5713 debuit,
2653 5648 2790 5704 sicut
2827 5661 2946 5702 esse
2983 5661 3088 5701 non
3131 5646 3321 5715 potuit.
3356 5662 3374 5695 ι
3406 5642 3543 5709 Quid
3575 5650 3657 5695 cst

2063 5739 2203 5810 quod
2230 5738 2377 5805 dicit,
2406 5756 2425 5790 ι
2455 5740 2721 5809 peccatrix
2748 5753 2867 5794 esse
2894 5754 2997 5791 non
3030 5736 3218 5808 patuit,
3252 5751 3268 5786 ι
3296 5732 3377 5787 vel
3404 5748 3423 5781 ί
3455 5731 3505 5783 in
3537 5744 3658 5797 per--

2070 5876 2143 5996 lg'
2182 5880 2376 5942 tumis,
2404 5870 2629 5938 religare.
2669 5876 2740 5924 sic
2765 5871 2905 5932 infra,
2952 5883 3000 5919 n.
3048 5871 3139 5928 ιδ,
3194 5863 3416 5928 religan,
3444 5875 3552 5924 pro,
3576 5872 3652 5911 re-

2086 5950 2110 5984 ι’
2146 5949 2238 5995 ιιι-ι.

2086 5949 2238 5995 t‘gm't.
