4144 6534
289 390 378 466 lat

285 524 448 586 novit,
484 538 642 578 nemo
682 521 965 578 convincit.
1004 521 1194 576 Verum
1223 513 1336 576 iure
1377 529 1432 576 nt
1458 522 1600 577 volet
1644 523 1867 593 quisque

283 616 527 686 accipiat,
554 615 680 670 dum
732 624 906 669 tamen
932 613 1000 669 de
1035 614 1305 682 Baptismo
1338 627 1442 667 non
1488 614 1866 685 prmscribatur

281 707 571 763 Salvatoris
617 715 902 777 prmcepto,
934 706 1089 776 hujus
1130 705 1350 760 latronis
1378 705 1641 775 exemplo;
1666 715 1720 761 et
1758 721 1863 760 non

286 798 563 869 baptizatis
588 798 818 868 parvulis
841 812 998 853 nemo
1020 797 1292 868 promittat
1316 798 1454 852 inter
1466 796 1863 852 damnationem

284 903 612 960 regnumque
642 889 921 954 calorum,
950 888 1148 958 quietis
1180 887 1266 942 vel
1293 886 1558 943 felicitatis
1586 888 1870 956 cujuslibet

281 990 440 1051 atque
493 980 712 1036 ubilibet
749 979 898 1051 quasi
944 979 1175 1034 medium
1213 979 1409 1034 locum.
1456 978 1566 1034 Hoc
1607 980 1748 1034 enim
1789 980 1868 1035 eis

280 1073 438 1128 etiam
484 1072 702 1129 haeresis
728 1072 1009 1144 Pelagiana
1048 1072 1293 1144 promisit
1318 1089 1333 1127 :
1357 1072 1479 1142 quia
1520 1087 1616 1127 nec
1640 1072 1865 1126 damna-

285 1168 482 1221 tionem
530 1165 721 1220 metuit
768 1165 1022 1235 parvulis.
1057 1181 1192 1235 quos
1240 1165 1439 1219 nullum
1481 1174 1629 1236 putat
1668 1164 1865 1220 habere

280 1256 535 1327 originale
561 1266 854 1326 peccatum;
887 1271 986 1312 nec
1015 1266 1196 1327 sperat
1221 1257 1298 1310 eis
1335 1271 1554 1326 regnum
1583 1257 1861 1320 malorum,

280 1349 325 1403 si
357 1364 485 1425 nou
506 1349 823 1420 perveniunt
843 1349 909 1403 ad
944 1349 1283 1419 Baptismatis
1316 1359 1727 1404 sacramentum.
1763 1351 1865 1404 Iste

278 1450 453 1496 autem
499 1456 622 1497 eum
661 1440 979 1512 confiteatur
1010 1441 1260 1511 parvulos
1300 1441 1541 1512 originali
1579 1442 1864 1496 obstrictos

274 1546 395 1587 esse
438 1541 677 1601 peccato,
699 1533 779 1587 eis
805 1510 979 1587 etiam.
1000 1510 1219 1602 regnum
1258 1510 1515 1587 caelorum
1558 1547 1664 1586 non
1695 1532 1864 1602 bapti-

276 1624 404 1678 1atis
430 1638 591 1679 ausus
607 1632 688 1678 est
701 1623 933 1693 polliceri
960 1623 1128 1693 :quod
1145 1637 1244 1678 nec
1261 1622 1331 1677 illi
1352 1623 1463 1676 ausi
1490 1632 1632 1687 sunt,
1662 1624 1751 1694 qui
1768 1639 1862 1680 eos

273 1722 517 1769 asserunt
536 1715 652 1769 sine
676 1714 784 1769 ullo
804 1728 1027 1786 prorsus
1048 1728 1168 1770 esse
1194 1724 1433 1784 peccato.
1459 1715 1594 1769 Ecce
1618 1715 1862 1786 qualibus

272 1821 330 1861 se
374 1806 580 1876 laqueis
637 1806 1065 1876 praesumptionis
1112 1805 1377 1872 inncclat,
1425 1807 1523 1862 nisi
1567 1822 1691 1861 cum
1737 1807 1860 1862 talia

271 1900 547 1966 scripsisse
576 1900 831 1968 paeniteat
848 1939 862 1955 .

339 1989 563 2046 CAPUT
604 1989 670 2044 X.
699 2018 767 2031 -
796 1990 881 2046 1‘2.
928 1990 1000 2045 De
1027 1988 1192 2045 fratre
1218 2001 1394 2044 autem
1424 1998 1621 2043 sancte
1650 1988 1851 2059 Perpe-

271 2092 375 2135 tua:
405 2082 706 2144 Dinocrate.
748 2097 849 2136 nec
875 2082 1135 2151 scriptura
1182 2081 1291 2151 ipsa
1321 2082 1576 2136 canonica
1617 2091 1719 2145 cst,
1758 2095 1857 2137 nec

269 2171 355 2225 illa
382 2171 458 2225 sic
482 2171 713 2239 scripsit,
743 2171 827 2226 vel
850 2172 1169 2242 quicumque
1198 2170 1325 2225 illttd
1355 2171 1588 2239 scripsit,
1620 2181 1675 2224 ut
1705 2171 1854 2225 illum

270 2277 491 2329 puerum
520 2261 612 2332 qui
646 2263 920 2334 septennis
954 2272 1195 2317 mortuus
1227 2260 1419 2329 fuerat,
1447 2265 1563 2318 sine
1587 2262 1856 2332 Baptismo

265 2354 467 2409 diceret
511 2354 674 2410 fuisse
717 2353 1026 2409 defunctum
1062 2371 1077 2407 :
1111 2369 1209 2424 pro
1248 2368 1356 2415 quo
1408 2354 1494 2409 illa
1543 2352 1855 2410 imminente

267 2446 528 2520 martyrio
557 2445 794 2502 creditur
818 2446 1085 2508 exaudita.
1120 2455 1177 2502 ut
1204 2461 1234 2500 a
1273 2444 1444 2516 poenis
1476 2447 1855 2501 trauslerretur

264 2542 331 2594 ad
372 2539 631 2610 requiem.
677 2538 809 2595 Nam
850 2539 990 2593 illius
1022 2537 1194 2593 mtatis
1221 2536 1389 2607 pueri,
1431 2546 1486 2592 et
1521 2536 1755 2601 mentiri,
1798 2545 1851 2591 ct

266 2645 451 2684 verum
484 2630 647 2700 loqui,
678 2638 734 2685 et
764 2628 1026 2693 confiteri,
1064 2637 1119 2684 et
1158 2642 1354 2698 negare
1380 2627 1485 2696 iam
1513 2638 1752 2697 possunt.
1784 2626 1853 2682 Et

269 2723 391 2778 ideo
421 2737 541 2777 cum
567 2722 917 2792 baptizantur,
950 2721 1060 2792 jam
1087 2729 1139 2777 e’t
1179 2720 1478 2791 symbolum
1518 2720 1768 2785 reddunt,
1797 2729 1853 2776 et

263 2814 362 2883 ipsi
389 2828 488 2883 pro
512 2829 570 2868 se
589 2812 654 2867 ad
686 2822 1007 2883 interrogata
1035 2811 1378 2883 respondent.
1419 2812 1550 2879 Quis
1573 2811 1731 2882 igitur
1751 2812 1852 2866 scit

261 2918 441 2962 utrum
471 2922 601 2977 puer
643 2907 735 2963 ille
761 2915 878 2977 post
924 2908 1271 2974 Baptismum,
1305 2905 1689 2976 persecutionis
1716 2912 1852 2959 tem-

260 3012 392 3064 pore
423 3012 453 3050 a
481 3005 632 3066 patre
654 2995 818 3066 impio
847 3009 941 3065 per
968 2994 1319 3049 idololatrtam
1347 2993 1507 3048 fuerit
1528 2992 1793 3048 alienatus
1817 3007 1848 3047 α

256 3088 499 3150 Christo,
543 3097 762 3156 propter
787 3085 927 3155 quod
960 3085 1010 3139 in
1040 3084 1435 3140 damnationem
1477 3085 1663 3138 mortis
1705 3083 1846 3151 ierit,

257 3194 357 3234 nec
396 3177 524 3233 inde
553 3178 650 3232 nisi
680 3193 775 3248 pro
806 3176 1023 3232 Christo
1061 3176 1335 3232 moritura:
1371 3178 1575 3232 sororis
1599 3174 1850 3247 precrbus

254 3268 492 3324 donatus
510 3268 732 3324 exierit?

322 3359 558 3416 CAPUT
599 3358 688 3415 Xl.
716 3360 892 3415 --15.
934 3359 1040 3415 Sed
1071 3362 1277 3414 etiamsi
1317 3358 1420 3414 hoc
1464 3358 1551 3413 isti
1586 3357 1850 3414 conceda-

254 3464 360 3517 tur,
382 3451 530 3522 quod
561 3452 705 3505 salva
737 3450 841 3505 fide
874 3450 1134 3513 catholica
1163 3460 1219 3506 et
1243 3448 1609 3505 ecclesiastica
1640 3449 1844 3520 regula,

253 3542 396 3596 nulla
430 3541 638 3594 ratione
668 3540 1000 3603 conceditur,
1026 3550 1082 3592 ut
1110 3554 1206 3608 pro
1227 3554 1331 3592 non
1362 3538 1643 3608 baptizatts
1669 3550 1849 3613 cupis-

254 3633 384 3687 libet
432 3632 609 3685 :rtatis
635 3631 938 3686 hominibus
966 3629 1221 3685 ell'cratur
1246 3629 1563 3685 sacrificium
1592 3630 1847 3700 corporis

253 3733 309 3779 ct
326 3722 608 3793 sanguinis
635 3723 854 3787 Chrisri,
885 3731 1132 3792 tanquam
1154 3733 1248 3791 per
1268 3721 1567 3791 huiusmodi
1596 3730 1844 3792 pietatem

252 3831 480 3872 suorum
506 3814 571 3869 ad
594 3830 812 3884 regnum
838 3815 1097 3869 caelorum
1122 3829 1231 3884 quo
1257 3817 1566 3883 perveniant.
1591 3820 1847 3883 adjuven-

252 3916 362 3974 tur,
401 3906 534 3978 quid
578 3920 934 3976 responsurus
972 3904 1152 3961 estde
1181 3914 1258 3960 tot
1295 3904 1540 3960 millibus
1562 3904 1842 3969 infantum,

247 4003 343 4075 qui
376 4010 675 4057 nascuntur
698 4015 765 4055 ex
798 4000 991 4069 impiis,
1020 4015 1119 4055 nec
1144 3999 1198 4054 in
1223 4013 1411 4053 manus
1440 3999 1645 4063 piorum
1671 3997 1844 4068 aliqua

247 4098 332 4151 vel
360 4096 551 4151 divina
584 4095 666 4149 vel
699 4096 925 4148 humana
965 4094 1306 4148 miseratione
1329 4092 1664 4162 perveniunt,
1696 4101 1748 4147 et
1778 4090 1845 4144 de

251 4188 355 4242 ista
386 4187 501 4240 Vita
529 4186 580 4239 in
613 4185 700 4238 illa
732 4184 1013 4240 tenerrima
1041 4192 1216 4241 aetate.
1247 4184 1363 4238 sine
1384 4183 1595 4236 lavacro
1624 4197 1844 4252 regene-

245 4278 481 4333 rationis
505 4274 835 4331 abscedunt?
864 4274 1033 4340 Dicat,
1060 4274 1106 4328 si
1127 4282 1322 4343 potest,
1351 4272 1491 4327 unde
1517 4282 1631 4326 istm
1652 4272 1846 4326 animm

249 4370 328 4424 sic
357 4366 689 4439 pect-atrices
719 4366 831 4420 fieri
878 4373 1208 4430 meruerunt,
1248 4374 1306 4419 ut
1338 4378 1366 4417 a
1394 4372 1617 4433 peccato
1653 4362 1842 4417 saltem

247 4475 348 4516 nec
376 4470 564 4530 postea
606 4458 914 4512 liberentur.
961 4455 1016 4512 Si
1064 4455 1207 4511 enim
1251 4470 1512 4525 quaeram,
1541 4469 1708 4524 quare
1747 4453 1844 4506 da-

247 4553 422 4607 umari
456 4559 787 4615 mereantur,
810 4550 855 4602 si
885 4563 991 4602 non
1032 4546 1401 4619 baptizantur;
1436 4555 1579 4600 recte
1606 4546 1732 4599 mihi
1762 4562 1846 4598 rc-

245 4643 572 4711 IpOttdctur,
601 4650 818 4710 propter
848 4639 1106 4710 originale
1129 4646 1423 4707 peccatum.
1461 4636 1588 4691 Item
1627 4640 1673 4689 si
1700 4652 1844 4704 qua:-

247 4750 385 4796 eam,
420 4732 568 4787 unde
593 4729 1133 4801 traxerint-originale
1156 4738 1462 4798 peccatum;
1494 4736 1595 4781 istc
1622 4741 1844 4797 respou-

245 4826 414 4890 debit,
459 4840 530 4880 ex
565 4838 728 4877 carne
766 4823 946 4892 utique
986 4819 1298 4889 peccatrice.
1336 4818 1392 4873 Si
1421 4831 1550 4885 ergo
1582 4832 1839 4886 quaeram,

246 4919 391 4974 unde
417 4916 667 4973 damnari
695 4914 989 4970 meruerint
1012 4913 1063 4966 iu
1084 4910 1435 4981 peccatricem
1456 4896 1698 4974 carnem,
1724 4924 1843 4973 qum

245 5011 378 5065 nihil
423 5008 555 5063 mali
584 5006 823 5062 fecerant
867 5014 991 5059 ante
1030 5017 1280 5066 carnem;
1319 5002 1402 5055 hic
1444 4998 1677 5054 inveniat
1716 5000 1843 5069 quid

245 5101 648 5173 respondeat‘;
700 5107 759 5154 et
793 5099 873 5154 sic
897 5096 1138 5152 damnari
1168 5095 1234 5150 ad
1262 5094 1552 5149 alienorum
1596 5104 1842 5161 peccato-

243 5211 362 5250 rum
401 5190 685 5248 suheunda
717 5190 984 5260 contagia,
1035 5196 1096 5243 ut
1132 5201 1233 5242 nec
1262 5184 1526 5254 Baptisma
1567 5190 1845 5251 regencret

242 5288 384 5341 male
411 5292 723 5354 generatos.
770 5294 872 5337 nec
894 5278 1149 5343 sacrificia
1178 5277 1393 5347 expicnt
1418 5274 1739 5344 inquinatos.
1768 5272 1842 5326 lin

240 5378 387 5433 enim
418 5385 477 5432 et
526 5373 595 5428 de
624 5372 818 5427 talibus
861 5369 915 5424 hi
944 5369 1151 5440 pirvuli
1191 5368 1298 5423 nati
1344 5372 1491 5426 sunt.
1530 5366 1642 5419 sive
1670 5363 1844 5417 adliuo

242 5486 418 5540 usque
462 5473 781 5526 nascuntur,
831 5470 892 5518 ut
935 5463 1017 5517 eis
1064 5460 1211 5515 nullo
1253 5458 1342 5512 tali
1372 5458 1541 5527 possit
1581 5455 1846 5524 atljtttoriu

239 5560 554 5617 subveniri.
589 5558 684 5613 llic
722 5567 868 5612 certe
891 5556 1071 5610 omnis
1093 5554 1482 5622 argumentatio
1502 5549 1695 5604 delleit.
1729 5548 1842 5602 Non

240 5658 389 5708 enim
408 5650 733 5722 qumrimus,
759 5646 902 5701 unde
928 5646 1120 5699 animzr
1149 5641 1387 5695 damnari
1418 5640 1700 5694 meruerint
1726 5647 1847 5708 post

306 5768 323 5799 ι
363 5764 548 5813 tstbtt-c
571 5757 720 5806 verba
738 5791 754 5813 ,
799 5753 877 5806 hic
899 5751 1106 5805 inveniat
1127 5750 1570 5816 quidfcspoudmt,
1608 5747 1851 5816 nonnullis

241 5828 288 5875 in
328 5810 685 5883 manuscriitis
726 5810 1011 5880 transposita
1051 5810 1163 5865 sunt
1200 5812 1320 5863 ἰείη),
1349 5810 1464 5874 lost
1487 5847 1506 5873 ,
1542 5810 1732 5876 expiet-.1
1772 5812 1847 5860 itt-

229 5896 480 5947 «minutos.

1665 401 1861 461 LIBER
1907 400 2173 466 l'lllMUS.

3470 434 3566 489 58‘!

1983 528 2158 579 carnis
2199 533 2525 588 consortium
2570 539 2878 605 peccatrieis
2906 561 2919 596 :
2948 543 3039 599 sed
3071 548 3380 616 quaerimus.
3423 559 3563 607 unite

1978 616 2168 669 auitme
2194 618 2433 676 damnari
2457 629 2748 682 meruerint
2775 629 2840 684 ad
2868 634 3197 689 subeundum
3226 642 3402 693 carnis
3422 658 3554 692 con-

1977 709 2197 763 sortium
2229 715 2557 780 peccatricis,
2593 720 2791 775 nullum
2834 735 3104 792 peccatum
3140 730 3395 785 habentes
3433 744 3557 788 ante

1975 800 2152 853 carnis
2183 808 2508 861 consortium
2564 814 3049 879 peccatricis.'Nou
3098 833 3179 875 cst
3223 830 3280 875 ut
3328 823 3552 886 dicatur,

1981 908 2000 941 ι
2028 892 2167 985 Nihil
2189 895 2267 950 eis
2285 898 2458 953 obfuit
2477 900 2635 957 alieni
2657 909 2856 973 peccati
2883 910 3147 979 paulisper
3167 917 3555 971 communicata

1973 986 2239 1074 contagio.
2268 989 2461 1059 quibus
2484 991 2535 1047 in
2567 994 2659 1049 Dei
2687 998 3020 1065 prarscientia
3051 1001 3220 1058 fuerat
3247 1016 3426 1074 parata
3468 1025 3557 1062 re—

1973 1073 2228 1168 demptio.
2262 1099 2280 1132 ι
2318 1082 2391 1136 De
2436 1084 2516 1139 his
2552 1087 2694 1141 enim
2734 1104 2875 1145 nunc
2899 1092 3181 1163 loquimur,
3211 1073 3404 1168 quibus
3433 1111 3556 1156 ante

1975 1165 2298 1235 Baptismum
2329 1174 2395 1229 de
2437 1191 2663 1247 corpore
2709 1182 3027 1238 exeuntibus
3068 1165 3365 1257 redemptio
3409 1192 3554 1246 nulla

1973 1263 2255 1316 succurrit.
2301 1263 2414 1318 Non
2454 1277 2533 1321 est
2578 1277 2635 1323 ut
2673 1269 2897 1338 dicatur,
2949 1291 2969 1324 ι
2998 1275 3102 1330 Eas
3128 1292 3261 1347 quas
3286 1279 3550 1348 Baptisnia

1973 1364 2077 1402 non
2122 1352 2308 1417 abluit,
2367 1357 2621 1413 sacriﬁcia
2665 1375 2763 1431 pro
2816 1363 2896 1416 eis
2947 1366 3132 1419 crebra
3185 1368 3548 1435 mundabunt;

1967 1440 2108 1508 quod
2153 1446 2436 1512 pnescieus
2482 1449 2639 1512 Dens.
2688 1454 2955 1521 paululum
3007 1456 3121 1511 illas
3166 1460 3330 1515 voluit
3363 1461 3551 1517 alienis

1968 1530 2172 1589 hzrrcre
2199 1542 2449 1605 peccatis,
2475 1541 2591 1596 sine
2619 1543 2724 1596 ullo
2745 1545 2908 1599 exitio
2931 1546 3284 1606 damnationis
3313 1561 3543 1617 mter-nm,

1965 1632 2153 1678 etcum
2180 1641 2277 1695 spe
2312 1628 2577 1685 felicitatis
2601 1642 2835 1689 :cternze.
2868 1653 2887 1689 ι
2918 1637 2995 1693 De
3022 1638 3104 1692 his
3128 1642 3269 1695 enim
3297 1658 3436 1697 nunc
3458 1641 3546 1698 lo-

1965 1716 2195 1784 quimur,
2233 1734 2453 1788 quarum
2484 1724 2730 1779 nativitas
2771 1728 2909 1796 apud
2948 1729 3139 1799 impios
3177 1740 3231 1786 ct
3271 1747 3334 1787 ex
3368 1733 3546 1803 impiis

1963 1807 2104 1862 nulla
2137 1808 2256 1863 talia
2284 1813 2517 1880 potuerit
2546 1816 2782 1871 invenire
2813 1821 3076 1888 pratsidia.
3102 1823 3231 1891 Qua:
3252 1825 3464 1893 quidem
3494 1828 3539 1880 si

1961 1898 2199 1956 adhiberi
2241 1913 2478 1971 possent,
2511 1908 2696 1975 procul
2722 1909 2884 1963 dubio
2913 1928 3016 1967 nou
3064 1914 3339 1983 baptizatis
3378 1917 3542 1988 prod-

1960 2003 2081 2045 esse
2124 2006 2227 2046 non
2270 2005 2523 2063 poSsent:
2554 1998 2691 2053 sicut
2722 2016 2819 2055 nec
2860 2003 2947 2057 illa
2991 2020 3109 2073 qua:
3150 2005 3217 2061 de
3261 2007 3398 2062 libro
3425 2008 3538 2063 Ma-

1959 2079 2295 2136 chabzcorum
2319 2076 2754 2143 commemoravit
2778 2093 3034 2148 sacrificia
3060 2111 3156 2163 pro
3175 2097 3542 2165 peccatoribus

1961 2175 2183 2229 mortuis
2208 2175 2276 2246 (Il
2304 2177 2540 2233 Mne/tab.
2574 2197 2667 2247 ut,
2687 2182 2797 2256 45),
2826 2185 2902 2239 eis
2918 2186 3112 2257 aliquid
3134 2190 3475 2257 profuissent,
3491 2193 3537 2247 si

1957 2264 2257 2321 circumcisi
2284 2283 2389 2322 non
2414 2269 2654 2326 fuissent.

2030 2354 2117 2409 14.
2159 2356 2394 2412 Inveniat
2422 2374 2570 2429 ergo,
2618 2368 2662 2416 si
2709 2372 2900 2431 potest,
2942 2367 3042 2421 iste
3070 2367 3196 2437 quid
3224 2369 3386 2438 dicat,
3415 2386 3540 2426 cum

1955 2445 2022 2499 ab
2048 2446 2137 2499 illo
2157 2459 2432 2515 qttzrritur,
2468 2451 2592 2519 quid
2625 2455 2880 2510 meruerit
2908 2457 3106 2523 anima,
3133 2460 3250 2514 sine
3280 2462 3388 2515 ullo
3415 2478 3538 2532 pec—

1953 2548 2094 2602 cato,
2135 2541 2215 2593 vel
2259 2543 2521 2611 originali,
2566 2544 2648 2597 vel
2692 2549 2927 2616 proprio,
2973 2548 3051 2602 sic
3093 2549 3160 2603 ad
3203 2552 3540 2607 subeundum

1952 2629 2181 2684 alienum
2213 2642 2487 2699 peccatum
2516 2635 2772 2705 originale
2810 2640 3076 2705 damnari,
3123 2647 3179 2694 ut
3206 2656 3313 2696 non
3350 2643 3417 2698 ab
3445 2644 3540 2698 illo

1952 2724 2125 2775 valeat
2148 2721 2358 2777 liberari
2391 2740 2405 2778 :
2433 2735 2488 2779 et
2514 2725 2689 2780 videat
2714 2726 2840 2796 quid
2869 2729 3028 2800 eligat
3054 2731 3327 2796 eduobus,
3361 2743 3535 2789 utrum

1951 2810 2093 2866 dicat
2117 2814 2278 2867 etiam
2306 2829 2400 2869 eas
2424 2818 2628 2872 animas
2655 2820 2991 2875 morientium
3024 2823 3383 2891 parvulorum,
3416 2842 3539 2896 qute

1953 2904 2077 2961 hinc
2122 2907 2237 2961 sine
2281 2908 2491 2963 lavacro
2531 2912 2948 2979 regenerationis
2990 2914 3303 2980 abscedunt,
3346 2925 3402 2971 et
3441 2933 3538 2987 pro

1950 2999 2144 3070 quibus
2166 3001 2371 3056 nullum
2396 3001 2714 3057 sacrificium
2742 3005 2982 3074 corporis
3004 3006 3263 3062 Dominici
3289 3008 3532 3070 offertur.

1949 3106 1980 3146 a
2005 3109 2146 3148 nexu
2178 3095 2378 3163 peccati
2400 3094 2677 3165 originalis
2701 3096 2940 3162 absolvi;
2972 3112 3092 3154 cum
3119 3100 3406 3169 Apostolus
3438 3103 3537 3157 do-

1949 3196 2087 3251 ceat,
2110 3200 2174 3240 ex
2206 3200 2310 3241 uno
2340 3186 2417 3242 ire
2445 3201 2635 3243 omnes
2662 3188 2713 3242 in
2740 3188 3239 3247 condemnationem
3274 3192 3449 3263 (Rom.
3477 3210 3530 3257 ν,

1952 3275 2064 3342 lli).
2094 3276 2288 3347 quibus
2317 3277 2498 3346 utique
2525 3293 2630 3332 non
2667 3279 2910 3333 subvenit
2931 3280 3122 3350 gratia,
3159 3290 3217 3336 ut
3248 3298 3342 3351 per
3372 3300 3532 3338 unum

1947 3378 2204 3422 eruantur
2232 3368 2282 3421 in
2313 3368 2732 3439 redemptionem
2756 3385 2771 3434 ;
2798 3384 2867 3423 an
2894 3370 3037 3424 dicat
3063 3386 3269 3425 animas
3298 3388 3402 3426 non
3439 3373 3535 3428 ha-

1949 3460 2135 3515 bentes
2172 3460 2335 3513 ullum
2360 3460 2441 3514 vel
2472 3461 2767 3529 proprium,
2805 3462 2890 3516 vel
2937 3463 3196 3531 originale
3233 3472 3530 3532 peccatum,

1949 3558 2005 3605 et
2033 3566 2177 3604 omm
2219 3550 2380 3605 modo
2425 3550 2759 3616 innocentes,
2799 3550 3092 3620 simplices,
3123 3566 3304 3622 puras,
3337 3567 3366 3606 a
3387 3554 3533 3621 justo

1949 3642 2082 3708 Deo,
2119 3658 2238 3697 cum
2268 3656 2360 3697 eas
2389 3643 2501 3721 ipse
2532 3657 2636 3697 non
2678 3642 2983 3698 liberandas
3010 3645 3158 3699 carni
3199 3645 3381 3700 inserit
3405 3660 3533 3716 pec-

1948 3734 2150 3797 catriei,
2179 3743 2375 3787 :eterna
2401 3732 2741 3789 damnatione
2768 3734 2961 3805 puniri.

1964 3815 1974 3823 ’
2017 3823 2244 3880 CAPUT
2286 3822 2396 3879 Xll.
2430 3855 2495 3865 -—
2516 3825 2603 3880 15.
2648 3824 2759 3896 Ego
2788 3825 2919 3880 nihil
2947 3828 3167 3881 istorum
3197 3825 3422 3882 duorum
3449 3827 3532 3882 di-

1948 3916 2173 3970 cendum
2201 3930 2321 3971 esse
2351 3915 2649 3978 confirmo:
2682 3930 2784 3973 nec
2816 3916 2944 3971 illud
2978 3916 3209 3979 tertium.
3247 3917 3372 3972 alibi
3405 3932 3531 3985 pee-

1949 4022 2101 4062 casse
2127 4022 2332 4060 animas
2358 4016 2482 4062 ante
2507 4021 2745 4073 carnem,
2773 4016 2831 4061 ut
2855 4007 3094 4062 damnari
3121 4018 3453 4063 mererentur
3475 4008 3528 4062 in

1947 4115 2184 4154 carnem.
2216 4099 2504 4168 Apostolus
2531 4099 2727 4169 quippe
2748 4099 3085 4168 apertissime
3111 4099 3369 4164 definivit,
3398 4114 3533 4154 non-

1947 4190 2072 4245 dum
2128 4190 2181 4245 in
2232 4204 2393 4245 carne
2444 4198 2598 4244 natos
2659 4190 2787 4245 nihil
2839 4191 3015 4260 egisse
3080 4190 3204 4245 boni
3261 4205 3355 4246 seu
3404 4192 3528 4246 mali

1948 4283 2119 4353 (Rom.
2154 4299 2227 4345 ιχ,
2257 4280 2366 4351 ll).
2396 4281 2548 4340 Unde
2574 4290 2800 4344 constat.
2836 4282 3107 4351 parvulos,
3141 4292 3196 4337 ut
3218 4284 3528 4339 remissione

1948 4374 2219 4444 indigeant
2247 4385 2608 4445 peccatorum,
2657 4373 2870 4428 nonnisi
2902 4374 3162 4444 originale
3199 4374 3531 4429 contraxisse

1949 4476 2246 4538 peceatum.
2278 4464 2388 4520 Nec
2442 4464 2570 4519 illud
2601 4473 2870 4535 quartum,
2915 4480 3008 4520 cas
3049 4465 3256 4519 animas
3284 4465 3531 4534 parvulo-

1954 4572 2071 4612 rum
2093 4557 2209 4611 sine
2238 4556 2560 4626 Baptismate
2588 4564 2970 4611 moriturorum
2992 4571 3021 4610 a
3038 4555 3183 4625 justo
3208 4556 3316 4611 lico
3340 4556 3391 4611 in
3413 4570 3531 4610 car-

1950 4663 2071 4701 nem
2098 4647 2447 4717 peccatricem
2486 4646 2712 4717 relegari
2759 4654 2918 4715 atque
2942 4647 3202 4711 damnari,
3232 4659 3364 4715 quas
3395 4662 3527 4715 pra:-

1947 4740 2122 4803 sctvit,
2169 4739 2211 4791 si
2243 4737 2308 4791 ad
2334 4747 2544 4792 :rtatem
2575 4724 2963 4806 pervenissent,
3000 4737 3052 4790 in
3080 4750 3183 4803 qua
3220 4736 3386 4790 libero
3408 4745 3530 4791 ute-

1948 4838 2134 4884 rentur
2166 4829 2406 4893 arbitrio,
2451 4828 2593 4882 male
2641 4827 2804 4881 fuisse
2852 4827 3104 4879 victuras.
3146 4825 3258 4879 Iloe
3297 4839 3531 4893 namque

1948 4937 2046 4977 nec
2086 4920 2185 4975 iste
2213 4933 2374 4975 ausus
2396 4927 2478 4975 est
2502 4918 2701 4984 dicere,
2734 4919 2785 4971 in
2826 4917 2987 4970 tantis
3028 4915 3285 4986 angustiis
3324 4918 3529 4971 consti-

1950 5023 2093 5068 tutus
2124 5031 2137 5068 :
2171 5014 2279 5067 imo
2319 5012 2481 5066 etiam
2520 5018 2704 5064 contra
2747 5010 2902 5062 istam
2930 5008 3216 5062 vanitatem
3242 5006 3352 5077 jam
3394 5009 3524 5063 satis

1950 5106 2229 5162 manifeste
2254 5120 2317 5160 ac
2346 5103 2578 5159 breviter
2609 5111 2692 5155 est
2718 5102 2946 5167 locutus,
2976 5100 3063 5154 ubi
3088 5099 3183 5163 ait,
3218 5117 3238 5150 ι
3271 5099 3532 5169 lujustum

1951 5199 2119 5253 Deum
2142 5199 2375 5251 lntttrnm
2407 5194 2589 5256 fuisse,
2619 5193 2662 5247 si
2693 5207 2802 5246 non
2821 5191 3069 5261 perfectis
3092 5190 3317 5260 proprias
3341 5190 3535 5246 voluti-

1951 5291 2073 5344 tatis
2098 5288 2365 5358 operibus,
2392 5286 2550 5339 vellet
2580 5284 2850 5339 hominem
2873 5282 3117 5353 judicare
3140 5297 3244 5336 non
3274 5289 3480 5337 natum.
3506 5300 3527 5332 ν

1951 5380 2063 5435 Hoc
2106 5394 2250 5435 cntnt
2284 5375 2574 5446 respondtt,
2616 5390 2736 5429 cum
2779 5382 3031 5428 tractaret
3068 5372 3420 5441 quaestionem
3448 5370 3534 5424 aiio

1951 5484 2136 5524 versus
2172 5483 2267 5524 eos
2293 5467 2382 5536 qui
2411 5458 2613 5528 diculnt,
2658 5464 2766 5520 Cur
2810 5464 2948 5519 Deus
2977 5463 3247 5517 hominem
3278 5462 3534 5523 faciebat,

1950 5576 2131 5631 quem,
2162 5569 2343 5625 utpote
2371 5557 2647 5627 praescius.
2679 5554 2885 5609 sciebat
2909 5553 3141 5607 futurum
3168 5566 3271 5606 non
3300 5550 3493 5604 bonum
3511 5549 3540 5601 τ

1951 5653 2066 5708 Non
2098 5661 2277 5704 natum
2327 5649 2775 5717 cuimjndicari-t,
2813 5646 2856 5699 si
2889 5653 3167 5714 propterea
3211 5656 3398 5696 creare
3444 5657 3537 5693 no-

1953 5744 2160 5806 luisset,
2189 5740 2309 5809 quia
2340 5754 2446 5794 non
2482 5738 2678 5792 bonum
2708 5736 2945 5791 futurum
2971 5748 3088 5790 esse
3121 5730 3437 5801 praiseiset.
3476 5729 3538 5784 Et

1959 5839 2138 5906 utique
2164 5838 2300 5889 sicut
2334 5846 2385 5889 et
2424 5834 2544 5889 huic
2578 5834 2744 5889 visum
2772 5839 2875 5889 est.
2904 5828 2972 5883 de
3003 5823 3248 5895 perfectis
3271 5819 3384 5884 "illi
3412 5834 3547 5890 Cnc-
