  <div class='ocr_page' id='page_1' title='image "/cluster/home/n/w/nwhite01/storage/ocr_20150623/44-45/uc1.31175026792435/249.png"; bbox 0 0 4096 6530; ppageno 0'>
   <div class='ocr_carea' id='block_1_1' title="bbox 513 381 619 436">
    <p class='ocr_par' dir='ltr' id='par_1_1' title="bbox 513 381 619 436">
     <span class='ocr_line' id='line_1_1' title="bbox 513 381 619 436; baseline 0.019 -2"><span class='ocrx_word' id='word_1_1' title='bbox 513 381 619 436; x_wconf 66' lang='grc'><strong>485</strong></span> 
     </span>
    </p>
   </div>
   <div class='ocr_carea' id='block_1_2' title="bbox 515 479 2097 560">
    <p class='ocr_par' dir='ltr' id='par_1_2' title="bbox 515 479 2097 560">
     <span class='ocr_line' id='line_1_2' title="bbox 515 479 2097 560; baseline -0.015 -8"><span class='ocrx_word' id='word_1_2' title='bbox 515 501 660 552; x_wconf 80' lang='lat' dir='ltr'><strong>tibus</strong></span> <span class='ocrx_word' id='word_1_3' title='bbox 685 495 956 550; x_wconf 87' lang='lat' dir='ltr'><strong>debuisset</strong></span> <span class='ocrx_word' id='word_1_4' title='bbox 981 491 1254 546; x_wconf 72' lang='lat' dir='ltr'><strong>hominem</strong></span> <span class='ocrx_word' id='word_1_5' title='bbox 1287 488 1543 560; x_wconf 80' lang='lat' dir='ltr'><strong>judicare,</strong></span> <span class='ocrx_word' id='word_1_6' title='bbox 1577 501 1681 538; x_wconf 93' lang='lat' dir='ltr'><strong>non</strong></span> <span class='ocrx_word' id='word_1_7' title='bbox 1709 483 1775 536; x_wconf 91' lang='lat' dir='ltr'><strong>de</strong></span> <span class='ocrx_word' id='word_1_8' title='bbox 1804 479 2097 550; x_wconf 85' lang='lat' dir='ltr'><strong>pra:co_gni-</strong></span> 
     </span>
    </p>
   </div>
   <div class='ocr_carea' id='block_1_3' title="bbox 519 575 2101 655">
    <p class='ocr_par' dir='ltr' id='par_1_3' title="bbox 519 575 2101 655">
     <span class='ocr_line' id='line_1_3' title="bbox 519 575 2101 655; baseline -0.013 -11"><span class='ocrx_word' id='word_1_9' title='bbox 519 593 605 652; x_wconf 84' lang='lat' dir='ltr'><strong>tis,</strong></span> <span class='ocrx_word' id='word_1_10' title='bbox 649 604 748 644; x_wconf 87' lang='lat' dir='ltr'><strong>nec</strong></span> <span class='ocrx_word' id='word_1_11' title='bbox 794 588 906 642; x_wconf 91' lang='lat' dir='ltr'><strong>ﬁeri</strong></span> <span class='ocrx_word' id='word_1_12' title='bbox 947 583 1230 655; x_wconf 74' lang='lat' dir='ltr'><strong>aliquando</strong></span> <span class='ocrx_word' id='word_1_13' title='bbox 1275 581 1569 652; x_wconf 55' lang='lat' dir='ltr'><strong>permissis.</strong></span> <span class='ocrx_word' id='word_1_14' title='bbox 1601 576 1734 632; x_wconf 87' lang='lat' dir='ltr'><strong>Nam</strong></span> <span class='ocrx_word' id='word_1_15' title='bbox 1773 575 1818 630; x_wconf 93' lang='lat' dir='ltr'><strong>si</strong></span> <span class='ocrx_word' id='word_1_16' title='bbox 1863 580 2101 644; x_wconf 87' lang='lat' dir='ltr'><strong>peccata,</strong></span> 
     </span>
    </p>
   </div>
   <div class='ocr_carea' id='block_1_4' title="bbox 518 665 2100 752">
    <p class='ocr_par' dir='ltr' id='par_1_4' title="bbox 518 665 2100 752">
     <span class='ocr_line' id='line_1_4' title="bbox 518 665 2100 752; baseline -0.012 -17"><span class='ocrx_word' id='word_1_17' title='bbox 518 699 637 752; x_wconf 71' lang='lat' dir='ltr'><strong>qua:</strong></span> <span class='ocrx_word' id='word_1_18' title='bbox 673 682 717 734; x_wconf 87' lang='lat' dir='ltr'><strong>si</strong></span> <span class='ocrx_word' id='word_1_19' title='bbox 747 681 907 733; x_wconf 88' lang='lat' dir='ltr'><strong>homo</strong></span> <span class='ocrx_word' id='word_1_20' title='bbox 943 677 1142 732; x_wconf 91' lang='lat' dir='ltr'><strong>viveret</strong></span> <span class='ocrx_word' id='word_1_21' title='bbox 1181 673 1568 729; x_wconf 89' lang='lat' dir='ltr'><strong>commissurus</strong></span> <span class='ocrx_word' id='word_1_22' title='bbox 1607 675 1768 730; x_wconf 88' lang='lat' dir='ltr'><strong>esset,</strong></span> <span class='ocrx_word' id='word_1_23' title='bbox 1799 665 1958 720; x_wconf 87' lang='lat' dir='ltr'><strong>etiam</strong></span> <span class='ocrx_word' id='word_1_24' title='bbox 1997 678 2100 716; x_wconf 89' lang='lat' dir='ltr'><strong>non</strong></span> 
     </span>
    </p>
   </div>
   <div class='ocr_carea' id='block_1_5' title="bbox 518 758 2100 826">
    <p class='ocr_par' dir='ltr' id='par_1_5' title="bbox 518 758 2100 826">
     <span class='ocr_line' id='line_1_5' title="bbox 518 758 2100 826; baseline -0.012 0"><span class='ocrx_word' id='word_1_25' title='bbox 518 773 802 826; x_wconf 75' lang='lat' dir='ltr'><strong>eorumissa</strong></span> <span class='ocrx_word' id='word_1_26' title='bbox 837 771 1156 826; x_wconf 77' lang='lat' dir='ltr'><strong>damnantur</strong></span> <span class='ocrx_word' id='word_1_27' title='bbox 1183 767 1236 821; x_wconf 92' lang='lat' dir='ltr'><strong>in</strong></span> <span class='ocrx_word' id='word_1_28' title='bbox 1277 776 1508 826; x_wconf 86' lang='lat' dir='ltr'><strong>mortuo,</strong></span> <span class='ocrx_word' id='word_1_29' title='bbox 1542 763 1742 817; x_wconf 89' lang='lat' dir='ltr'><strong>nul-lum</strong></span> <span class='ocrx_word' id='word_1_30' title='bbox 1783 758 2100 816; x_wconf 88' lang='lat' dir='ltr'><strong>benelicium</strong></span> 
     </span>
    </p>
   </div>
   <div class='ocr_carea' id='block_1_6' title="bbox 517 851 2102 928">
    <p class='ocr_par' dir='ltr' id='par_1_6' title="bbox 517 851 2102 928">
     <span class='ocr_line' id='line_1_6' title="bbox 517 851 2102 928; baseline -0.011 -10"><span class='ocrx_word' id='word_1_31' title='bbox 517 866 766 918; x_wconf 81' lang='lat' dir='ltr'><strong>collatum</strong></span> <span class='ocrx_word' id='word_1_32' title='bbox 791 872 874 918; x_wconf 90' lang='lat' dir='ltr'><strong>est</strong></span> <span class='ocrx_word' id='word_1_33' title='bbox 914 863 988 916; x_wconf 82' lang='lat' dir='ltr'><strong>illi</strong></span> <span class='ocrx_word' id='word_1_34' title='bbox 1015 862 1103 928; x_wconf 86' lang='lat' dir='ltr'><strong>qui</strong></span> <span class='ocrx_word' id='word_1_35' title='bbox 1135 868 1315 928; x_wconf 89' lang='lat' dir='ltr'><strong>raptus</strong></span> <span class='ocrx_word' id='word_1_36' title='bbox 1353 867 1426 912; x_wconf 79' lang='lat' dir='ltr'><strong>est</strong></span> <span class='ocrx_word' id='word_1_37' title='bbox 1457 873 1519 911; x_wconf 89' lang='lat' dir='ltr'><strong>ne</strong></span> <span class='ocrx_word' id='word_1_38' title='bbox 1551 854 1748 909; x_wconf 82' lang='lat' dir='ltr'><strong>malitia</strong></span> <span class='ocrx_word' id='word_1_39' title='bbox 1773 859 1988 906; x_wconf 79' lang='lat' dir='ltr'><strong>mutaret</strong></span> <span class='ocrx_word' id='word_1_40' title='bbox 2017 851 2102 902; x_wconf 83' lang='lat' dir='ltr'><strong>iu-</strong></span> 
     </span>
    </p>
   </div>
   <div class='ocr_carea' id='block_1_7' title="bbox 519 941 2102 1026">
    <p class='ocr_par' dir='ltr' id='par_1_7' title="bbox 519 941 2102 1026">
     <span class='ocr_line' id='line_1_7' title="bbox 519 941 2102 1026; baseline -0.009 -17"><span class='ocrx_word' id='word_1_41' title='bbox 519 954 770 1010; x_wconf 85' lang='lat' dir='ltr'><strong>tcllcctum</strong></span> <span class='ocrx_word' id='word_1_42' title='bbox 794 954 904 1022; x_wconf 87' lang='lat' dir='ltr'><strong>ejus</strong></span> <span class='ocrx_word' id='word_1_43' title='bbox 935 951 1088 1026; x_wconf 77' lang='lat' dir='ltr'><strong>(Sep.</strong></span> <span class='ocrx_word' id='word_1_44' title='bbox 1124 966 1201 1018; x_wconf 87' lang='lat' dir='ltr'><strong>tv,</strong></span> <span class='ocrx_word' id='word_1_45' title='bbox 1233 950 1320 1020; x_wconf 83' lang='lat' dir='ltr'><strong>ll)</strong></span> <span class='ocrx_word' id='word_1_46' title='bbox 1346 967 1359 1002; x_wconf 91' lang='lat'>:</span> <span class='ocrx_word' id='word_1_47' title='bbox 1383 945 1814 1018; x_wconf 84' lang='lat' dir='ltr'><strong>quandoquidem</strong></span> <span class='ocrx_word' id='word_1_48' title='bbox 1842 941 2102 1012; x_wconf 80' lang='lat' dir='ltr'><strong>jndiCabi-</strong></span> 
     </span>
    </p>
   </div>
   <div class='ocr_carea' id='block_1_8' title="bbox 520 1033 2104 1110">
    <p class='ocr_par' dir='ltr' id='par_1_8' title="bbox 520 1033 2104 1110">
     <span class='ocr_line' id='line_1_8' title="bbox 520 1033 2104 1110; baseline -0.008 -10"><span class='ocrx_word' id='word_1_49' title='bbox 520 1057 606 1100; x_wconf 92' lang='lat' dir='ltr'><strong>tur</strong></span> <span class='ocrx_word' id='word_1_50' title='bbox 631 1043 926 1100; x_wconf 87' lang='lat' dir='ltr'><strong>secundum</strong></span> <span class='ocrx_word' id='word_1_51' title='bbox 957 1058 1097 1104; x_wconf 84' lang='lat' dir='ltr'><strong>eam,</strong></span> <span class='ocrx_word' id='word_1_52' title='bbox 1121 1057 1242 1110; x_wconf 84' lang='lat' dir='ltr'><strong>quae</strong></span> <span class='ocrx_word' id='word_1_53' title='bbox 1284 1041 1336 1094; x_wconf 90' lang='lat' dir='ltr'><strong>in</strong></span> <span class='ocrx_word' id='word_1_54' title='bbox 1381 1039 1472 1094; x_wconf 93' lang='lat' dir='ltr'><strong>illo</strong></span> <span class='ocrx_word' id='word_1_55' title='bbox 1505 1037 1677 1092; x_wconf 90' lang='lat' dir='ltr'><strong>fuerat</strong></span> <span class='ocrx_word' id='word_1_56' title='bbox 1719 1035 1917 1097; x_wconf 68' lang='lat' dir='ltr'><strong>futura,</strong></span> <span class='ocrx_word' id='word_1_57' title='bbox 1947 1033 2104 1088; x_wconf 80' lang='lat' dir='ltr'><strong>mali-</strong></span> 
     </span>
    </p>
   </div>
   <div class='ocr_carea' id='block_1_9' title="bbox 519 1125 2102 1198">
    <p class='ocr_par' dir='ltr' id='par_1_9' title="bbox 519 1125 2102 1198">
     <span class='ocr_line' id='line_1_9' title="bbox 519 1125 2102 1198; baseline -0.008 -10"><span class='ocrx_word' id='word_1_58' title='bbox 519 1136 681 1198; x_wconf 88' lang='lat' dir='ltr'><strong>tiam;</strong></span> <span class='ocrx_word' id='word_1_59' title='bbox 717 1148 820 1186; x_wconf 90' lang='lat' dir='ltr'><strong>non</strong></span> <span class='ocrx_word' id='word_1_60' title='bbox 860 1131 1153 1186; x_wconf 85' lang='lat' dir='ltr'><strong>secundum</strong></span> <span class='ocrx_word' id='word_1_61' title='bbox 1201 1145 1343 1192; x_wconf 88' lang='lat' dir='ltr'><strong>eam,</strong></span> <span class='ocrx_word' id='word_1_62' title='bbox 1377 1143 1495 1198; x_wconf 81' lang='lat' dir='ltr'><strong>quae</strong></span> <span class='ocrx_word' id='word_1_63' title='bbox 1541 1127 1591 1180; x_wconf 91' lang='lat' dir='ltr'><strong>in</strong></span> <span class='ocrx_word' id='word_1_64' title='bbox 1624 1125 1716 1180; x_wconf 87' lang='lat' dir='ltr'><strong>illo</strong></span> <span class='ocrx_word' id='word_1_65' title='bbox 1761 1126 1972 1179; x_wconf 83' lang='lat' dir='ltr'><strong>inventa</strong></span> <span class='ocrx_word' id='word_1_66' title='bbox 1999 1130 2102 1186; x_wconf 83' lang='lat' dir='ltr'><strong>est,</strong></span> 
     </span>
    </p>
   </div>
   <div class='ocr_carea' id='block_1_10' title="bbox 520 1215 2106 1287">
    <p class='ocr_par' dir='ltr' id='par_1_10' title="bbox 520 1215 2106 1287">
     <span class='ocr_line' id='line_1_10' title="bbox 520 1215 2106 1287; baseline -0.008 -7"><span class='ocrx_word' id='word_1_67' title='bbox 520 1226 876 1282; x_wconf 85' lang='lat' dir='ltr'><strong>innocentiam</strong></span> <span class='ocrx_word' id='word_1_68' title='bbox 909 1243 922 1276; x_wconf 92' lang='lat'><strong>:</strong></span> <span class='ocrx_word' id='word_1_69' title='bbox 952 1234 1006 1280; x_wconf 90' lang='lat' dir='ltr'><strong>et</strong></span> <span class='ocrx_word' id='word_1_70' title='bbox 1046 1223 1114 1277; x_wconf 89' lang='lat' dir='ltr'><strong>de</strong></span> <span class='ocrx_word' id='word_1_71' title='bbox 1167 1223 1311 1276; x_wconf 90' lang='lat' dir='ltr'><strong>nullo</strong></span> <span class='ocrx_word' id='word_1_72' title='bbox 1347 1229 1560 1276; x_wconf 84' lang='lat' dir='ltr'><strong>mortuo</strong></span> <span class='ocrx_word' id='word_1_73' title='bbox 1605 1218 1869 1287; x_wconf 82' lang='lat' dir='ltr'><strong>baptizato</strong></span> <span class='ocrx_word' id='word_1_74' title='bbox 1911 1215 2106 1285; x_wconf 86' lang='lat' dir='ltr'><strong>poterit</strong></span> 
     </span>
    </p>
   </div>
   <div class='ocr_carea' id='block_1_11' title="bbox 517 1307 2107 1384">
    <p class='ocr_par' dir='ltr' id='par_1_11' title="bbox 517 1307 2107 1384">
     <span class='ocr_line' id='line_1_11' title="bbox 517 1307 2107 1384; baseline -0.006 -14"><span class='ocrx_word' id='word_1_75' title='bbox 517 1332 638 1372; x_wconf 86' lang='lat' dir='ltr'><strong>esse</strong></span> <span class='ocrx_word' id='word_1_76' title='bbox 677 1317 972 1380; x_wconf 84' lang='lat' dir='ltr'><strong>securitas;</strong></span> <span class='ocrx_word' id='word_1_77' title='bbox 1002 1315 1124 1384; x_wconf 89' lang='lat' dir='ltr'><strong>quia</strong></span> <span class='ocrx_word' id='word_1_78' title='bbox 1166 1324 1222 1369; x_wconf 89' lang='lat' dir='ltr'><strong>et</strong></span> <span class='ocrx_word' id='word_1_79' title='bbox 1261 1323 1379 1382; x_wconf 89' lang='lat' dir='ltr'><strong>post</strong></span> <span class='ocrx_word' id='word_1_80' title='bbox 1424 1311 1770 1381; x_wconf 84' lang='lat' dir='ltr'><strong>Daptismnm,</strong></span> <span class='ocrx_word' id='word_1_81' title='bbox 1807 1324 1912 1362; x_wconf 90' lang='lat' dir='ltr'><strong>non</strong></span> <span class='ocrx_word' id='word_1_82' title='bbox 1944 1307 2107 1377; x_wconf 86' lang='lat' dir='ltr'><strong>quali-</strong></span> 
     </span>
    </p>
   </div>
   <div class='ocr_carea' id='block_1_12' title="bbox 521 1401 2104 1482">
    <p class='ocr_par' dir='ltr' id='par_1_12' title="bbox 521 1401 2104 1482">
     <span class='ocr_line' id='line_1_12' title="bbox 521 1401 2104 1482; baseline -0.004 -22"><span class='ocrx_word' id='word_1_83' title='bbox 521 1421 828 1478; x_wconf 87' lang='lat' dir='ltr'><strong>tercumque</strong></span> <span class='ocrx_word' id='word_1_84' title='bbox 858 1422 1100 1477; x_wconf 80' lang='lat' dir='ltr'><strong>peccare,</strong></span> <span class='ocrx_word' id='word_1_85' title='bbox 1132 1422 1314 1460; x_wconf 88' lang='lat' dir='ltr'><strong>verum</strong></span> <span class='ocrx_word' id='word_1_86' title='bbox 1339 1407 1496 1459; x_wconf 85' lang='lat' dir='ltr'><strong>etiam</strong></span> <span class='ocrx_word' id='word_1_87' title='bbox 1526 1411 1829 1472; x_wconf 88' lang='lat' dir='ltr'><strong>apostatare</strong></span> <span class='ocrx_word' id='word_1_88' title='bbox 1855 1401 2104 1482; x_wconf 79' lang='lat' dir='ltr'><strong>homines</strong></span> 
     </span>
    </p>
   </div>
   <div class='ocr_carea' id='block_1_13' title="bbox 518 1493 2098 1570">
    <p class='ocr_par' dir='ltr' id='par_1_13' title="bbox 518 1493 2098 1570">
     <span class='ocr_line' id='line_1_13' title="bbox 518 1493 2098 1570; baseline -0.004 -20"><span class='ocrx_word' id='word_1_89' title='bbox 518 1509 758 1570; x_wconf 63' lang='lat' dir='ltr'><strong>possunt.</strong></span> <span class='ocrx_word' id='word_1_90' title='bbox 785 1498 923 1568; x_wconf 86' lang='lat' dir='ltr'><strong>Quid</strong></span> <span class='ocrx_word' id='word_1_91' title='bbox 951 1499 994 1553; x_wconf 88' lang='lat' dir='ltr'><strong>si</strong></span> <span class='ocrx_word' id='word_1_92' title='bbox 1035 1513 1163 1568; x_wconf 91' lang='lat' dir='ltr'><strong>ergo</strong></span> <span class='ocrx_word' id='word_1_93' title='bbox 1185 1497 1276 1568; x_wconf 78' lang='lat' dir='ltr'><strong>qui</strong></span> <span class='ocrx_word' id='word_1_94' title='bbox 1301 1495 1601 1566; x_wconf 82' lang='lat' dir='ltr'><strong>baptizatus</strong></span> <span class='ocrx_word' id='word_1_95' title='bbox 1631 1493 1754 1548; x_wconf 91' lang='lat' dir='ltr'><strong>hinc</strong></span> <span class='ocrx_word' id='word_1_96' title='bbox 1778 1501 1962 1561; x_wconf 88' lang='lat' dir='ltr'><strong>raptus</strong></span> <span class='ocrx_word' id='word_1_97' title='bbox 1995 1501 2098 1555; x_wconf 90' lang='lat' dir='ltr'><strong>est,</strong></span> 
     </span>
    </p>
   </div>
   <div class='ocr_carea' id='block_1_14' title="bbox 517 1583 2103 1655">
    <p class='ocr_par' dir='ltr' id='par_1_14' title="bbox 517 1583 2103 1655">
     <span class='ocr_line' id='line_1_14' title="bbox 517 1583 2103 1655; baseline -0.006 -8"><span class='ocrx_word' id='word_1_98' title='bbox 517 1601 757 1654; x_wconf 79' lang='lat' dir='ltr'><strong>apustata</strong></span> <span class='ocrx_word' id='word_1_99' title='bbox 787 1600 902 1646; x_wconf 90' lang='lat' dir='ltr'><strong>erat</strong></span> <span class='ocrx_word' id='word_1_100' title='bbox 931 1591 1160 1655; x_wconf 90' lang='lat' dir='ltr'><strong>futurus,</strong></span> <span class='ocrx_word' id='word_1_101' title='bbox 1190 1589 1233 1644; x_wconf 92' lang='lat' dir='ltr'><strong>si</strong></span> <span class='ocrx_word' id='word_1_102' title='bbox 1257 1587 1494 1651; x_wconf 77' lang='lat' dir='ltr'><strong>viveret;</strong></span> <span class='ocrx_word' id='word_1_103' title='bbox 1527 1585 1802 1639; x_wconf 83' lang='lat' dir='ltr'><strong>nullumne</strong></span> <span class='ocrx_word' id='word_1_104' title='bbox 1829 1583 1903 1638; x_wconf 88' lang='lat' dir='ltr'><strong>illi</strong></span> <span class='ocrx_word' id='word_1_105' title='bbox 1937 1583 2103 1638; x_wconf 83' lang='lat' dir='ltr'><strong>bene-</strong></span> 
     </span>
    </p>
   </div>
   <div class='ocr_carea' id='block_1_15' title="bbox 519 1677 2106 1764">
    <p class='ocr_par' dir='ltr' id='par_1_15' title="bbox 519 1677 2106 1764">
     <span class='ocr_line' id='line_1_15' title="bbox 519 1677 2106 1764; baseline -0.006 -27"><span class='ocrx_word' id='word_1_106' title='bbox 519 1685 692 1738; x_wconf 74' lang='lat' dir='ltr'><strong>ﬁcium</strong></span> <span class='ocrx_word' id='word_1_107' title='bbox 722 1683 1027 1753; x_wconf 80' lang='lat' dir='ltr'><strong>putabimus</strong></span> <span class='ocrx_word' id='word_1_108' title='bbox 1069 1696 1190 1738; x_wconf 89' lang='lat' dir='ltr'><strong>esse</strong></span> <span class='ocrx_word' id='word_1_109' title='bbox 1222 1680 1497 1745; x_wconf 85' lang='lat' dir='ltr'><strong>collatum,</strong></span> <span class='ocrx_word' id='word_1_110' title='bbox 1545 1677 1686 1764; x_wconf 67' lang='lat' dir='ltr'><strong>quod</strong></span> <span class='ocrx_word' id='word_1_111' title='bbox 1729 1686 1904 1745; x_wconf 87' lang='lat' dir='ltr'><strong>raptus</strong></span> <span class='ocrx_word' id='word_1_112' title='bbox 1943 1685 2106 1730; x_wconf 82' lang='lat' dir='ltr'><strong>estne</strong></span> 
     </span>
    </p>
   </div>
   <div class='ocr_carea' id='block_1_16' title="bbox 517 1766 2106 1840">
    <p class='ocr_par' dir='ltr' id='par_1_16' title="bbox 517 1766 2106 1840">
     <span class='ocr_line' id='line_1_16' title="bbox 517 1766 2106 1840; baseline -0.004 -16"><span class='ocrx_word' id='word_1_113' title='bbox 517 1774 712 1828; x_wconf 85' lang='lat' dir='ltr'><strong>malitia</strong></span> <span class='ocrx_word' id='word_1_114' title='bbox 740 1782 950 1826; x_wconf 84' lang='lat' dir='ltr'><strong>mutaret</strong></span> <span class='ocrx_word' id='word_1_115' title='bbox 976 1770 1284 1826; x_wconf 80' lang='lat' dir='ltr'><strong>intellectum</strong></span> <span class='ocrx_word' id='word_1_116' title='bbox 1319 1771 1468 1840; x_wconf 85' lang='lat' dir='ltr'><strong>ejus;</strong></span> <span class='ocrx_word' id='word_1_117' title='bbox 1501 1776 1557 1822; x_wconf 90' lang='lat' dir='ltr'><strong>et</strong></span> <span class='ocrx_word' id='word_1_118' title='bbox 1583 1775 1803 1840; x_wconf 71' lang='lat' dir='ltr'><strong>propter</strong></span> <span class='ocrx_word' id='word_1_119' title='bbox 1843 1766 1936 1822; x_wconf 87' lang='lat' dir='ltr'><strong>Dei</strong></span> <span class='ocrx_word' id='word_1_120' title='bbox 1968 1782 2106 1835; x_wconf 71' lang='lat' dir='ltr'><strong>pra:-</strong></span> 
     </span>
    </p>
   </div>
   <div class='ocr_carea' id='block_1_17' title="bbox 515 1835 2104 1926">
    <p class='ocr_par' dir='ltr' id='par_1_17' title="bbox 515 1835 2104 1926">
     <span class='ocr_line' id='line_1_17' title="bbox 515 1835 2104 1926; baseline -0.004 -10"><span class='ocrx_word' id='word_1_121' title='bbox 515 1865 813 1926; x_wconf 87' lang='lat' dir='ltr'><strong>scientiam,</strong></span> <span class='ocrx_word' id='word_1_122' title='bbox 856 1879 962 1918; x_wconf 91' lang='lat' dir='ltr'><strong>non</strong></span> <span class='ocrx_word' id='word_1_123' title='bbox 1009 1863 1146 1917; x_wconf 89' lang='lat' dir='ltr'><strong>sicut</strong></span> <span class='ocrx_word' id='word_1_124' title='bbox 1193 1861 1350 1916; x_wconf 88' lang='lat' dir='ltr'><strong>ﬁdele</strong></span> <span class='ocrx_word' id='word_1_125' title='bbox 1397 1859 1696 1916; x_wconf 88' lang='lat' dir='ltr'><strong>membrum</strong></span> <span class='ocrx_word' id='word_1_126' title='bbox 1715 1835 1962 1921; x_wconf 48' lang='lat' dir='ltr'><strong>\Christi,</strong></span> <span class='ocrx_word' id='word_1_127' title='bbox 2008 1857 2104 1912; x_wconf 90' lang='lat' dir='ltr'><strong>sed</strong></span> 
     </span>
    </p>
   </div>
   <div class='ocr_carea' id='block_1_18' title="bbox 515 1948 2116 2024">
    <p class='ocr_par' dir='ltr' id='par_1_18' title="bbox 515 1948 2116 2024">
     <span class='ocr_line' id='line_1_18' title="bbox 515 1948 2116 2024; baseline -0.002 -18"><span class='ocrx_word' id='word_1_128' title='bbox 515 1955 652 2008; x_wconf 81' lang='lat' dir='ltr'><strong>sicut</strong></span> <span class='ocrx_word' id='word_1_129' title='bbox 667 1963 962 2024; x_wconf 88' lang='lat' dir='ltr'><strong>apostatam</strong></span> <span class='ocrx_word' id='word_1_130' title='bbox 985 1951 1332 2023; x_wconf 78' lang='lat' dir='ltr'><strong>iudicandum</strong></span> <span class='ocrx_word' id='word_1_131' title='bbox 1351 1966 1472 2006; x_wconf 89' lang='lat' dir='ltr'><strong>esse</strong></span> <span class='ocrx_word' id='word_1_132' title='bbox 1497 1949 1834 2006; x_wconf 89' lang='lat' dir='ltr'><strong>censebimus</strong></span> <span class='ocrx_word' id='word_1_133' title='bbox 1854 1948 1877 2002; x_wconf 80' lang='lat' dir='ltr'><strong>‘l</strong></span> <span class='ocrx_word' id='word_1_134' title='bbox 1894 1948 2116 2022; x_wconf 11' lang='lat' dir='ltr'><strong>Quanto.</strong></span> 
     </span>
    </p>
   </div>
   <div class='ocr_carea' id='block_1_19' title="bbox 511 2039 2102 2113">
    <p class='ocr_par' dir='ltr' id='par_1_19' title="bbox 511 2039 2102 2113">
     <span class='ocr_line' id='line_1_19' title="bbox 511 2039 2102 2113; baseline -0.004 -15"><span class='ocrx_word' id='word_1_135' title='bbox 511 2045 654 2098; x_wconf 87' lang='lat' dir='ltr'><strong>enim</strong></span> <span class='ocrx_word' id='word_1_136' title='bbox 691 2043 902 2111; x_wconf 83' lang='lat' dir='ltr'><strong>melius,</strong></span> <span class='ocrx_word' id='word_1_137' title='bbox 945 2043 992 2099; x_wconf 91' lang='lat' dir='ltr'><strong>si</strong></span> <span class='ocrx_word' id='word_1_138' title='bbox 1021 2050 1238 2113; x_wconf 83' lang='lat' dir='ltr'><strong>peccata</strong></span> <span class='ocrx_word' id='word_1_139' title='bbox 1267 2041 1504 2098; x_wconf 89' lang='lat' dir='ltr'><strong>nondum</strong></span> <span class='ocrx_word' id='word_1_140' title='bbox 1545 2043 1703 2106; x_wconf 88' lang='lat' dir='ltr'><strong>facta,</strong></span> <span class='ocrx_word' id='word_1_141' title='bbox 1738 2039 1973 2094; x_wconf 89' lang='lat' dir='ltr'><strong>nondum</strong></span> <span class='ocrx_word' id='word_1_142' title='bbox 2019 2055 2102 2094; x_wconf 90' lang='lat' dir='ltr'><strong>co-</strong></span> 
     </span>
    </p>
   </div>
   <div class='ocr_carea' id='block_1_20' title="bbox 511 2131 2096 2206">
    <p class='ocr_par' dir='ltr' id='par_1_20' title="bbox 511 2131 2096 2206">
     <span class='ocr_line' id='line_1_20' title="bbox 511 2131 2096 2206; baseline -0.001 -18"><span class='ocrx_word' id='word_1_143' title='bbox 511 2136 696 2203; x_wconf 85' lang='lat' dir='ltr'><strong>gitata,</strong></span> <span class='ocrx_word' id='word_1_144' title='bbox 726 2135 820 2190; x_wconf 89' lang='lat' dir='ltr'><strong>sed</strong></span> <span class='ocrx_word' id='word_1_145' title='bbox 849 2135 1170 2206; x_wconf 80' lang='lat' dir='ltr'><strong>praecognita</strong></span> <span class='ocrx_word' id='word_1_146' title='bbox 1212 2143 1266 2190; x_wconf 91' lang='lat' dir='ltr'><strong>et</strong></span> <span class='ocrx_word' id='word_1_147' title='bbox 1305 2134 1478 2188; x_wconf 88' lang='lat' dir='ltr'><strong>futura</strong></span> <span class='ocrx_word' id='word_1_148' title='bbox 1518 2133 1828 2202; x_wconf 83' lang='lat' dir='ltr'><strong>puniuntur,</strong></span> <span class='ocrx_word' id='word_1_149' title='bbox 1878 2131 2096 2202; x_wconf 78' lang='lat' dir='ltr'><strong>projice-</strong></span> 
     </span>
    </p>
   </div>
   <div class='ocr_carea' id='block_1_21' title="bbox 512 2224 2099 2296">
    <p class='ocr_par' dir='ltr' id='par_1_21' title="bbox 512 2224 2099 2296">
     <span class='ocr_line' id='line_1_21' title="bbox 512 2224 2099 2296; baseline -0.001 -16"><span class='ocrx_word' id='word_1_150' title='bbox 512 2237 696 2283; x_wconf 83' lang='lat' dir='ltr'><strong>rentur</strong></span> <span class='ocrx_word' id='word_1_151' title='bbox 720 2228 792 2281; x_wconf 91' lang='lat' dir='ltr'><strong>illi</strong></span> <span class='ocrx_word' id='word_1_152' title='bbox 824 2227 930 2282; x_wconf 89' lang='lat' dir='ltr'><strong>duo</strong></span> <span class='ocrx_word' id='word_1_153' title='bbox 959 2226 1028 2282; x_wconf 90' lang='lat' dir='ltr'><strong>de</strong></span> <span class='ocrx_word' id='word_1_154' title='bbox 1060 2226 1306 2296; x_wconf 78' lang='lat' dir='ltr'><strong>paradiso</strong></span> <span class='ocrx_word' id='word_1_155' title='bbox 1331 2235 1456 2280; x_wconf 89' lang='lat' dir='ltr'><strong>ante</strong></span> <span class='ocrx_word' id='word_1_156' title='bbox 1479 2233 1779 2294; x_wconf 89' lang='lat' dir='ltr'><strong>peceatum,</strong></span> <span class='ocrx_word' id='word_1_157' title='bbox 1805 2240 1873 2278; x_wconf 88' lang='lat' dir='ltr'><strong>ne</strong></span> <span class='ocrx_word' id='word_1_158' title='bbox 1899 2225 1949 2277; x_wconf 91' lang='lat' dir='ltr'><strong>in</strong></span> <span class='ocrx_word' id='word_1_159' title='bbox 1981 2224 2099 2278; x_wconf 90' lang='lat' dir='ltr'><strong>loco</strong></span> 
     </span>
    </p>
   </div>
   <div class='ocr_carea' id='block_1_22' title="bbox 514 2315 2102 2386">
    <p class='ocr_par' dir='ltr' id='par_1_22' title="bbox 514 2315 2102 2386">
     <span class='ocr_line' id='line_1_22' title="bbox 514 2315 2102 2386; baseline 0.001 -17"><span class='ocrx_word' id='word_1_160' title='bbox 514 2329 620 2372; x_wconf 85' lang='lat' dir='ltr'><strong>tam</strong></span> <span class='ocrx_word' id='word_1_161' title='bbox 657 2327 844 2372; x_wconf 87' lang='lat' dir='ltr'><strong>sancto</strong></span> <span class='ocrx_word' id='word_1_162' title='bbox 885 2327 940 2373; x_wconf 90' lang='lat' dir='ltr'><strong>et</strong></span> <span class='ocrx_word' id='word_1_163' title='bbox 969 2317 1216 2372; x_wconf 88' lang='lat' dir='ltr'><strong>beatiﬁco</strong></span> <span class='ocrx_word' id='word_1_164' title='bbox 1251 2317 1598 2386; x_wconf 74' lang='lat' dir='ltr'><strong>peccaretur?</strong></span> <span class='ocrx_word' id='word_1_165' title='bbox 1633 2315 1792 2382; x_wconf 89' lang='lat' dir='ltr'><strong>Quid,</strong></span> <span class='ocrx_word' id='word_1_166' title='bbox 1821 2315 1961 2386; x_wconf 84' lang='lat' dir='ltr'><strong>quud</strong></span> <span class='ocrx_word' id='word_1_167' title='bbox 1991 2316 2102 2384; x_wconf 86' lang='lat' dir='ltr'><strong>ipsa</strong></span> 
     </span>
    </p>
   </div>
   <div class='ocr_carea' id='block_1_23' title="bbox 512 2405 2102 2476">
    <p class='ocr_par' dir='ltr' id='par_1_23' title="bbox 512 2405 2102 2476">
     <span class='ocr_line' id='line_1_23' title="bbox 512 2405 2102 2476; baseline 0.001 -18"><span class='ocrx_word' id='word_1_168' title='bbox 512 2407 814 2462; x_wconf 76' lang='lat' dir='ltr'><strong>exinanitur</strong></span> <span class='ocrx_word' id='word_1_169' title='bbox 837 2407 1054 2461; x_wconf 81' lang='lat' dir='ltr'><strong>omnino</strong></span> <span class='ocrx_word' id='word_1_170' title='bbox 1085 2406 1439 2476; x_wconf 70' lang='lat' dir='ltr'><strong>prtescientia,</strong></span> <span class='ocrx_word' id='word_1_171' title='bbox 1465 2407 1506 2460; x_wconf 90' lang='lat' dir='ltr'><strong>si</strong></span> <span class='ocrx_word' id='word_1_172' title='bbox 1525 2405 1668 2476; x_wconf 81' lang='lat' dir='ltr'><strong>quod</strong></span> <span class='ocrx_word' id='word_1_173' title='bbox 1691 2406 1970 2476; x_wconf 67' lang='lat' dir='ltr'><strong>pratscitnr</strong></span> <span class='ocrx_word' id='word_1_174' title='bbox 1997 2421 2102 2460; x_wconf 85' lang='lat' dir='ltr'><strong>non</strong></span> 
     </span>
    </p>
   </div>
   <div class='ocr_carea' id='block_1_24' title="bbox 511 2495 2098 2567">
    <p class='ocr_par' dir='ltr' id='par_1_24' title="bbox 511 2495 2098 2567">
     <span class='ocr_line' id='line_1_24' title="bbox 511 2495 2098 2567; baseline -0.003 -15"><span class='ocrx_word' id='word_1_175' title='bbox 511 2498 651 2552; x_wconf 84' lang='lat' dir='ltr'><strong>erit?</strong></span> <span class='ocrx_word' id='word_1_176' title='bbox 680 2497 958 2566; x_wconf 86' lang='lat' dir='ltr'><strong>Quomodo</strong></span> <span class='ocrx_word' id='word_1_177' title='bbox 998 2499 1139 2552; x_wconf 90' lang='lat' dir='ltr'><strong>enim</strong></span> <span class='ocrx_word' id='word_1_178' title='bbox 1168 2506 1314 2554; x_wconf 89' lang='lat' dir='ltr'><strong>recte</strong></span> <span class='ocrx_word' id='word_1_179' title='bbox 1349 2497 1542 2552; x_wconf 91' lang='lat' dir='ltr'><strong>dicitur</strong></span> <span class='ocrx_word' id='word_1_180' title='bbox 1575 2497 1812 2567; x_wconf 70' lang='lat' dir='ltr'><strong>praesciri</strong></span> <span class='ocrx_word' id='word_1_181' title='bbox 1845 2495 2098 2562; x_wconf 87' lang='lat' dir='ltr'><strong>futurum,</strong></span> 
     </span>
    </p>
   </div>
   <div class='ocr_carea' id='block_1_25' title="bbox 512 2587 2104 2659">
    <p class='ocr_par' dir='ltr' id='par_1_25' title="bbox 512 2587 2104 2659">
     <span class='ocr_line' id='line_1_25' title="bbox 512 2587 2104 2659; baseline 0 -17"><span class='ocrx_word' id='word_1_182' title='bbox 512 2589 654 2659; x_wconf 89' lang='lat' dir='ltr'><strong>quod</strong></span> <span class='ocrx_word' id='word_1_183' title='bbox 703 2606 806 2644; x_wconf 90' lang='lat' dir='ltr'><strong>non</strong></span> <span class='ocrx_word' id='word_1_184' title='bbox 855 2597 940 2644; x_wconf 89' lang='lat' dir='ltr'><strong>est</strong></span> <span class='ocrx_word' id='word_1_185' title='bbox 993 2589 1263 2644; x_wconf 82' lang='lat' dir='ltr'><strong>futurum?</strong></span> <span class='ocrx_word' id='word_1_186' title='bbox 1317 2587 1596 2657; x_wconf 88' lang='lat' dir='ltr'><strong>Quomodo</strong></span> <span class='ocrx_word' id='word_1_187' title='bbox 1641 2603 1771 2659; x_wconf 88' lang='lat' dir='ltr'><strong>ergo</strong></span> <span class='ocrx_word' id='word_1_188' title='bbox 1819 2589 2104 2658; x_wconf 87' lang='lat' dir='ltr'><strong>puniuntur</strong></span> 
     </span>
    </p>
   </div>
   <div class='ocr_carea' id='block_1_26' title="bbox 515 2680 2105 2752">
    <p class='ocr_par' dir='ltr' id='par_1_26' title="bbox 515 2680 2105 2752">
     <span class='ocr_line' id='line_1_26' title="bbox 515 2680 2105 2752; baseline -0.001 -16"><span class='ocrx_word' id='word_1_189' title='bbox 515 2693 725 2750; x_wconf 84' lang='lat' dir='ltr'><strong>peccata</strong></span> <span class='ocrx_word' id='word_1_190' title='bbox 749 2697 866 2751; x_wconf 73' lang='lat' dir='ltr'><strong>qua:</strong></span> <span class='ocrx_word' id='word_1_191' title='bbox 897 2682 1036 2735; x_wconf 88' lang='lat' dir='ltr'><strong>nulla</strong></span> <span class='ocrx_word' id='word_1_192' title='bbox 1058 2691 1216 2746; x_wconf 84' lang='lat' dir='ltr'><strong>sunt;</strong></span> <span class='ocrx_word' id='word_1_193' title='bbox 1246 2680 1298 2736; x_wconf 83' lang='lat' dir='ltr'><strong>id</strong></span> <span class='ocrx_word' id='word_1_194' title='bbox 1318 2690 1420 2749; x_wconf 88' lang='lat' dir='ltr'><strong>est,</strong></span> <span class='ocrx_word' id='word_1_195' title='bbox 1447 2696 1565 2752; x_wconf 71' lang='lat' dir='ltr'><strong>quas</strong></span> <span class='ocrx_word' id='word_1_196' title='bbox 1595 2695 1695 2736; x_wconf 88' lang='lat' dir='ltr'><strong>nec</strong></span> <span class='ocrx_word' id='word_1_197' title='bbox 1715 2681 1819 2734; x_wconf 90' lang='lat' dir='ltr'><strong>vita</strong></span> <span class='ocrx_word' id='word_1_198' title='bbox 1849 2681 1946 2735; x_wconf 64' lang='lat' dir='ltr'><strong>ista</strong></span> <span class='ocrx_word' id='word_1_199' title='bbox 1972 2696 2105 2734; x_wconf 89' lang='lat' dir='ltr'><strong>non-</strong></span> 
     </span>
    </p>
   </div>
   <div class='ocr_carea' id='block_1_27' title="bbox 511 2771 2104 2842">
    <p class='ocr_par' dir='ltr' id='par_1_27' title="bbox 511 2771 2104 2842">
     <span class='ocr_line' id='line_1_27' title="bbox 511 2771 2104 2842; baseline 0 -18"><span class='ocrx_word' id='word_1_200' title='bbox 511 2775 638 2828; x_wconf 87' lang='lat' dir='ltr'><strong>dum</strong></span> <span class='ocrx_word' id='word_1_201' title='bbox 683 2773 971 2842; x_wconf 78' lang='lat' dir='ltr'><strong>incipiente</strong></span> <span class='ocrx_word' id='word_1_202' title='bbox 1019 2771 1304 2828; x_wconf 82' lang='lat' dir='ltr'><strong>commissa</strong></span> <span class='ocrx_word' id='word_1_203' title='bbox 1357 2779 1482 2826; x_wconf 91' lang='lat' dir='ltr'><strong>sunt</strong></span> <span class='ocrx_word' id='word_1_204' title='bbox 1533 2779 1657 2826; x_wconf 83' lang='lat' dir='ltr'><strong>ante</strong></span> <span class='ocrx_word' id='word_1_205' title='bbox 1702 2785 1952 2835; x_wconf 84' lang='lat' dir='ltr'><strong>carnem,</strong></span> <span class='ocrx_word' id='word_1_206' title='bbox 2005 2786 2104 2825; x_wconf 90' lang='lat' dir='ltr'><strong>nec</strong></span> 
     </span>
    </p>
   </div>
   <div class='ocr_carea' id='block_1_28' title="bbox 513 2860 1496 2932">
    <p class='ocr_par' dir='ltr' id='par_1_28' title="bbox 513 2860 1496 2932">
     <span class='ocr_line' id='line_1_28' title="bbox 513 2860 1496 2932; baseline -0.002 -16"><span class='ocrx_word' id='word_1_207' title='bbox 513 2875 682 2916; x_wconf 83' lang='lat' dir='ltr'><strong>morte</strong></span> <span class='ocrx_word' id='word_1_208' title='bbox 707 2864 1064 2931; x_wconf 69' lang='lat' dir='ltr'><strong>prtevcniente</strong></span> <span class='ocrx_word' id='word_1_209' title='bbox 1095 2869 1214 2932; x_wconf 85' lang='lat' dir='ltr'><strong>post</strong></span> <span class='ocrx_word' id='word_1_210' title='bbox 1237 2860 1496 2916; x_wconf 85' lang='lat' dir='ltr'><strong>carnem?</strong></span> 
     </span>
    </p>
   </div>
   <div class='ocr_carea' id='block_1_29' title="bbox 583 2953 2102 3026">
    <p class='ocr_par' dir='ltr' id='par_1_29' title="bbox 583 2953 2102 3026">
     <span class='ocr_line' id='line_1_29' title="bbox 583 2953 2102 3026; baseline -0.004 -14"><span class='ocrx_word' id='word_1_211' title='bbox 583 2956 808 3012; x_wconf 82' lang='lat' dir='ltr'><strong>CAPUT</strong></span> <span class='ocrx_word' id='word_1_212' title='bbox 849 2957 987 3012; x_wconf 74' lang='lat' dir='ltr'><strong>Xill.</strong></span> <span class='ocrx_word' id='word_1_213' title='bbox 1013 2956 1194 3010; x_wconf 77' lang='lat' dir='ltr'><strong>—iﬁ.</strong></span> <span class='ocrx_word' id='word_1_214' title='bbox 1239 2956 1350 3010; x_wconf 81' lang='lat' dir='ltr'><strong>l-loc</strong></span> <span class='ocrx_word' id='word_1_215' title='bbox 1381 2955 1558 3026; x_wconf 85' lang='lat' dir='ltr'><strong>itaque</strong></span> <span class='ocrx_word' id='word_1_216' title='bbox 1600 2953 1858 3016; x_wconf 89' lang='lat' dir='ltr'><strong>medium,</strong></span> <span class='ocrx_word' id='word_1_217' title='bbox 1891 2969 1956 3008; x_wconf 72' lang='lat' dir='ltr'><strong>es</strong></span> <span class='ocrx_word' id='word_1_218' title='bbox 1997 2968 2102 3019; x_wconf 90' lang='lat' dir='ltr'><strong>quo</strong></span> 
     </span>
    </p>
   </div>
   <div class='ocr_carea' id='block_1_30' title="bbox 512 3046 2101 3118">
    <p class='ocr_par' dir='ltr' id='par_1_30' title="bbox 512 3046 2101 3118">
     <span class='ocr_line' id='line_1_30' title="bbox 512 3046 2101 3118; baseline -0.003 -16"><span class='ocrx_word' id='word_1_219' title='bbox 512 3051 685 3103; x_wconf 87' lang='lat' dir='ltr'><strong>anima</strong></span> <span class='ocrx_word' id='word_1_220' title='bbox 718 3049 876 3105; x_wconf 89' lang='lat' dir='ltr'><strong>missa</strong></span> <span class='ocrx_word' id='word_1_221' title='bbox 907 3056 992 3103; x_wconf 78' lang='lat' dir='ltr'><strong>est</strong></span> <span class='ocrx_word' id='word_1_222' title='bbox 1033 3049 1084 3103; x_wconf 92' lang='lat' dir='ltr'><strong>in</strong></span> <span class='ocrx_word' id='word_1_223' title='bbox 1122 3062 1362 3111; x_wconf 81' lang='lat' dir='ltr'><strong>carnem,</strong></span> <span class='ocrx_word' id='word_1_224' title='bbox 1392 3061 1498 3118; x_wconf 86' lang='lat' dir='ltr'><strong>quo</strong></span> <span class='ocrx_word' id='word_1_225' title='bbox 1524 3061 1691 3117; x_wconf 87' lang='lat' dir='ltr'><strong>usque</strong></span> <span class='ocrx_word' id='word_1_226' title='bbox 1731 3046 2030 3102; x_wconf 85' lang='lat' dir='ltr'><strong>solveretur</strong></span> <span class='ocrx_word' id='word_1_227' title='bbox 2073 3059 2101 3098; x_wconf 89' lang='lat' dir='ltr'><strong>a</strong></span> 
     </span>
    </p>
   </div>
   <div class='ocr_carea' id='block_1_31' title="bbox 513 3135 2102 3209">
    <p class='ocr_par' dir='ltr' id='par_1_31' title="bbox 513 3135 2102 3209">
     <span class='ocr_line' id='line_1_31' title="bbox 513 3135 2102 3209; baseline -0.001 -19"><span class='ocrx_word' id='word_1_228' title='bbox 513 3155 694 3204; x_wconf 67' lang='lat' dir='ltr'><strong>carne,</strong></span> <span class='ocrx_word' id='word_1_229' title='bbox 723 3140 972 3209; x_wconf 87' lang='lat' dir='ltr'><strong>quoniam</strong></span> <span class='ocrx_word' id='word_1_230' title='bbox 1001 3137 1203 3208; x_wconf 91' lang='lat' dir='ltr'><strong>parvuli</strong></span> <span class='ocrx_word' id='word_1_231' title='bbox 1239 3137 1413 3192; x_wconf 88' lang='lat' dir='ltr'><strong>anima</strong></span> <span class='ocrx_word' id='word_1_232' title='bbox 1442 3148 1546 3203; x_wconf 89' lang='lat' dir='ltr'><strong>est,</strong></span> <span class='ocrx_word' id='word_1_233' title='bbox 1579 3152 1680 3191; x_wconf 88' lang='lat' dir='ltr'><strong>nec</strong></span> <span class='ocrx_word' id='word_1_234' title='bbox 1719 3135 1867 3191; x_wconf 87' lang='lat' dir='ltr'><strong>liberi</strong></span> <span class='ocrx_word' id='word_1_235' title='bbox 1897 3135 2102 3190; x_wconf 89' lang='lat' dir='ltr'><strong>arbitrii</strong></span> 
     </span>
    </p>
   </div>
   <div class='ocr_carea' id='block_1_32' title="bbox 513 3227 2102 3300">
    <p class='ocr_par' dir='ltr' id='par_1_32' title="bbox 513 3227 2102 3300">
     <span class='ocr_line' id='line_1_32' title="bbox 513 3227 2102 3300; baseline -0.003 -15"><span class='ocrx_word' id='word_1_236' title='bbox 513 3232 678 3300; x_wconf 79' lang='lat' dir='ltr'><strong>gessit</strong></span> <span class='ocrx_word' id='word_1_237' title='bbox 721 3239 956 3295; x_wconf 73' lang='lat' dir='ltr'><strong>aetatem,</strong></span> <span class='ocrx_word' id='word_1_238' title='bbox 1010 3246 1114 3285; x_wconf 92' lang='lat' dir='ltr'><strong>non</strong></span> <span class='ocrx_word' id='word_1_239' title='bbox 1160 3228 1361 3284; x_wconf 88' lang='lat' dir='ltr'><strong>invenit</strong></span> <span class='ocrx_word' id='word_1_240' title='bbox 1414 3229 1554 3282; x_wconf 87' lang='lat' dir='ltr'><strong>unde</strong></span> <span class='ocrx_word' id='word_1_241' title='bbox 1597 3227 1942 3284; x_wconf 85' lang='lat' dir='ltr'><strong>damnaretur</strong></span> <span class='ocrx_word' id='word_1_242' title='bbox 1995 3241 2102 3280; x_wconf 83' lang='lat' dir='ltr'><strong>non</strong></span> 
     </span>
    </p>
   </div>
   <div class='ocr_carea' id='block_1_33' title="bbox 515 3315 2102 3391">
    <p class='ocr_par' dir='ltr' id='par_1_33' title="bbox 515 3315 2102 3391">
     <span class='ocr_line' id='line_1_33' title="bbox 515 3315 2102 3391; baseline -0.004 -13"><span class='ocrx_word' id='word_1_243' title='bbox 515 3329 761 3391; x_wconf 75' lang='lat' dir='ltr'><strong>percepto</strong></span> <span class='ocrx_word' id='word_1_244' title='bbox 793 3321 1082 3389; x_wconf 84' lang='lat' dir='ltr'><strong>Baptismo,</strong></span> <span class='ocrx_word' id='word_1_245' title='bbox 1128 3319 1228 3375; x_wconf 89' lang='lat' dir='ltr'><strong>nisi</strong></span> <span class='ocrx_word' id='word_1_246' title='bbox 1258 3318 1516 3389; x_wconf 88' lang='lat' dir='ltr'><strong>originale</strong></span> <span class='ocrx_word' id='word_1_247' title='bbox 1547 3325 1842 3388; x_wconf 81' lang='lat' dir='ltr'><strong>peccatum.</strong></span> <span class='ocrx_word' id='word_1_248' title='bbox 1894 3317 1968 3371; x_wconf 71' lang='lat' dir='ltr'><strong>Ex</strong></span> <span class='ocrx_word' id='word_1_249' title='bbox 1999 3315 2102 3371; x_wconf 88' lang='lat' dir='ltr'><strong>hoc</strong></span> 
     </span>
    </p>
   </div>
   <div class='ocr_carea' id='block_1_34' title="bbox 515 3410 2102 3482">
    <p class='ocr_par' dir='ltr' id='par_1_34' title="bbox 515 3410 2102 3482">
     <span class='ocr_line' id='line_1_34' title="bbox 515 3410 2102 3482; baseline 0 -20"><span class='ocrx_word' id='word_1_250' title='bbox 515 3421 729 3480; x_wconf 80' lang='lat' dir='ltr'><strong>peccato</strong></span> <span class='ocrx_word' id='word_1_251' title='bbox 759 3411 898 3482; x_wconf 80' lang='lat' dir='ltr'><strong>iuste</strong></span> <span class='ocrx_word' id='word_1_252' title='bbox 939 3411 1184 3466; x_wconf 89' lang='lat' dir='ltr'><strong>damnari</strong></span> <span class='ocrx_word' id='word_1_253' title='bbox 1228 3410 1461 3465; x_wconf 90' lang='lat' dir='ltr'><strong>animam</strong></span> <span class='ocrx_word' id='word_1_254' title='bbox 1507 3425 1610 3464; x_wconf 91' lang='lat' dir='ltr'><strong>non</strong></span> <span class='ocrx_word' id='word_1_255' title='bbox 1655 3423 1910 3480; x_wconf 77' lang='lat' dir='ltr'><strong>negamus</strong></span> <span class='ocrx_word' id='word_1_256' title='bbox 1940 3426 1954 3463; x_wconf 88' lang='lat'><strong>:</strong></span> <span class='ocrx_word' id='word_1_257' title='bbox 1981 3410 2102 3479; x_wconf 77' lang='lat' dir='ltr'><strong>quia</strong></span> 
     </span>
    </p>
   </div>
   <div class='ocr_carea' id='block_1_35' title="bbox 514 3499 2102 3572">
    <p class='ocr_par' dir='ltr' id='par_1_35' title="bbox 514 3499 2102 3572">
     <span class='ocr_line' id='line_1_35' title="bbox 514 3499 2102 3572; baseline -0.001 -16"><span class='ocrx_word' id='word_1_258' title='bbox 514 3512 731 3570; x_wconf 87' lang='lat' dir='ltr'><strong>peccato</strong></span> <span class='ocrx_word' id='word_1_259' title='bbox 769 3503 1086 3572; x_wconf 84' lang='lat' dir='ltr'><strong>supplicium</strong></span> <span class='ocrx_word' id='word_1_260' title='bbox 1115 3502 1200 3558; x_wconf 90' lang='lat' dir='ltr'><strong>lex</strong></span> <span class='ocrx_word' id='word_1_261' title='bbox 1241 3501 1386 3572; x_wconf 87' lang='lat' dir='ltr'><strong>justa</strong></span> <span class='ocrx_word' id='word_1_262' title='bbox 1430 3501 1724 3556; x_wconf 87' lang='lat' dir='ltr'><strong>constituit.</strong></span> <span class='ocrx_word' id='word_1_263' title='bbox 1757 3499 1862 3556; x_wconf 85' lang='lat' dir='ltr'><strong>Sed</strong></span> <span class='ocrx_word' id='word_1_264' title='bbox 1905 3499 1970 3554; x_wconf 87' lang='lat' dir='ltr'><strong>ad</strong></span> <span class='ocrx_word' id='word_1_265' title='bbox 2003 3501 2102 3554; x_wconf 86' lang='lat' dir='ltr'><strong>hoc</strong></span> 
     </span>
    </p>
   </div>
   <div class='ocr_carea' id='block_1_36' title="bbox 514 3590 2102 3660">
    <p class='ocr_par' dir='ltr' id='par_1_36' title="bbox 514 3590 2102 3660">
     <span class='ocr_line' id='line_1_36' title="bbox 514 3590 2102 3660; baseline 0.001 -18"><span class='ocrx_word' id='word_1_266' title='bbox 514 3602 787 3660; x_wconf 83' lang='lat' dir='ltr'><strong>peccatum</strong></span> <span class='ocrx_word' id='word_1_267' title='bbox 827 3591 1162 3648; x_wconf 89' lang='lat' dir='ltr'><strong>subeundum</strong></span> <span class='ocrx_word' id='word_1_268' title='bbox 1193 3607 1292 3646; x_wconf 88' lang='lat' dir='ltr'><strong>cur</strong></span> <span class='ocrx_word' id='word_1_269' title='bbox 1315 3591 1562 3646; x_wconf 87' lang='lat' dir='ltr'><strong>damnata</strong></span> <span class='ocrx_word' id='word_1_270' title='bbox 1593 3590 1682 3656; x_wconf 91' lang='lat' dir='ltr'><strong>sit,</strong></span> <span class='ocrx_word' id='word_1_271' title='bbox 1715 3591 2028 3660; x_wconf 64' lang='lat' dir='ltr'><strong>quaerimus,</strong></span> <span class='ocrx_word' id='word_1_272' title='bbox 2057 3590 2102 3644; x_wconf 88' lang='lat' dir='ltr'><strong>si</strong></span> 
     </span>
    </p>
   </div>
   <div class='ocr_carea' id='block_1_37' title="bbox 513 3679 2101 3752">
    <p class='ocr_par' dir='ltr' id='par_1_37' title="bbox 513 3679 2101 3752">
     <span class='ocr_line' id='line_1_37' title="bbox 513 3679 2101 3752; baseline -0.001 -15"><span class='ocrx_word' id='word_1_273' title='bbox 513 3702 616 3738; x_wconf 76' lang='lat' dir='ltr'><strong>nun</strong></span> <span class='ocrx_word' id='word_1_274' title='bbox 657 3700 722 3739; x_wconf 84' lang='lat' dir='ltr'><strong>ex</strong></span> <span class='ocrx_word' id='word_1_275' title='bbox 771 3685 860 3738; x_wconf 88' lang='lat' dir='ltr'><strong>illa</strong></span> <span class='ocrx_word' id='word_1_276' title='bbox 909 3699 1014 3738; x_wconf 89' lang='lat' dir='ltr'><strong>una</strong></span> <span class='ocrx_word' id='word_1_277' title='bbox 1059 3683 1310 3751; x_wconf 84' lang='lat' dir='ltr'><strong>trahitur,</strong></span> <span class='ocrx_word' id='word_1_278' title='bbox 1358 3697 1476 3752; x_wconf 75' lang='lat' dir='ltr'><strong>qua:</strong></span> <span class='ocrx_word' id='word_1_279' title='bbox 1520 3681 1572 3736; x_wconf 93' lang='lat' dir='ltr'><strong>in</strong></span> <span class='ocrx_word' id='word_1_280' title='bbox 1620 3681 1834 3752; x_wconf 75' lang='lat' dir='ltr'><strong>generis</strong></span> <span class='ocrx_word' id='word_1_281' title='bbox 1881 3679 2101 3736; x_wconf 88' lang='lat' dir='ltr'><strong>humani</strong></span> 
     </span>
    </p>
   </div>
   <div class='ocr_carea' id='block_1_38' title="bbox 513 3772 2104 3845">
    <p class='ocr_par' dir='ltr' id='par_1_38' title="bbox 513 3772 2104 3845">
     <span class='ocr_line' id='line_1_38' title="bbox 513 3772 2104 3845; baseline -0.003 -17"><span class='ocrx_word' id='word_1_282' title='bbox 513 3778 686 3844; x_wconf 86' lang='lat' dir='ltr'><strong>primo</strong></span> <span class='ocrx_word' id='word_1_283' title='bbox 730 3787 878 3845; x_wconf 86' lang='lat' dir='ltr'><strong>patre</strong></span> <span class='ocrx_word' id='word_1_284' title='bbox 915 3774 1170 3844; x_wconf 71' lang='lat' dir='ltr'><strong>peccavit.</strong></span> <span class='ocrx_word' id='word_1_285' title='bbox 1201 3773 1557 3840; x_wconf 84' lang='lat' dir='ltr'><strong>Quamobrem</strong></span> <span class='ocrx_word' id='word_1_286' title='bbox 1607 3773 1648 3826; x_wconf 92' lang='lat' dir='ltr'><strong>si</strong></span> <span class='ocrx_word' id='word_1_287' title='bbox 1682 3773 1824 3828; x_wconf 86' lang='lat' dir='ltr'><strong>Deus</strong></span> <span class='ocrx_word' id='word_1_288' title='bbox 1863 3787 1969 3826; x_wconf 87' lang='lat' dir='ltr'><strong>non</strong></span> <span class='ocrx_word' id='word_1_289' title='bbox 2010 3772 2104 3825; x_wconf 89' lang='lat' dir='ltr'><strong>da-</strong></span> 
     </span>
    </p>
   </div>
   <div class='ocr_carea' id='block_1_39' title="bbox 513 3863 2102 3935">
    <p class='ocr_par' dir='ltr' id='par_1_39' title="bbox 513 3863 2102 3935">
     <span class='ocr_line' id='line_1_39' title="bbox 513 3863 2102 3935; baseline -0.001 -15"><span class='ocrx_word' id='word_1_290' title='bbox 513 3879 660 3923; x_wconf 85' lang='lat' dir='ltr'><strong>mnat</strong></span> <span class='ocrx_word' id='word_1_291' title='bbox 696 3869 1026 3930; x_wconf 86' lang='lat' dir='ltr'><strong>innocentes,</strong></span> <span class='ocrx_word' id='word_1_292' title='bbox 1075 3881 1174 3922; x_wconf 90' lang='lat' dir='ltr'><strong>nec</strong></span> <span class='ocrx_word' id='word_1_293' title='bbox 1215 3864 1344 3920; x_wconf 81' lang='lat' dir='ltr'><strong>facit</strong></span> <span class='ocrx_word' id='word_1_294' title='bbox 1387 3875 1642 3920; x_wconf 89' lang='lat' dir='ltr'><strong>nocentes</strong></span> <span class='ocrx_word' id='word_1_295' title='bbox 1685 3880 1820 3935; x_wconf 89' lang='lat' dir='ltr'><strong>quos</strong></span> <span class='ocrx_word' id='word_1_296' title='bbox 1848 3863 2102 3933; x_wconf 76' lang='lat' dir='ltr'><strong>perSpicit</strong></span> 
     </span>
    </p>
   </div>
   <div class='ocr_carea' id='block_1_40' title="bbox 515 3955 2100 4025">
    <p class='ocr_par' dir='ltr' id='par_1_40' title="bbox 515 3955 2100 4025">
     <span class='ocr_line' id='line_1_40' title="bbox 515 3955 2100 4025; baseline -0.003 -13"><span class='ocrx_word' id='word_1_297' title='bbox 515 3963 860 4025; x_wconf 86' lang='lat' dir='ltr'><strong>innocentes;</strong></span> <span class='ocrx_word' id='word_1_298' title='bbox 886 3968 942 4014; x_wconf 89' lang='lat' dir='ltr'><strong>et</strong></span> <span class='ocrx_word' id='word_1_299' title='bbox 969 3959 1014 4012; x_wconf 87' lang='lat' dir='ltr'><strong>si</strong></span> <span class='ocrx_word' id='word_1_300' title='bbox 1051 3957 1259 4012; x_wconf 89' lang='lat' dir='ltr'><strong>animas</strong></span> <span class='ocrx_word' id='word_1_301' title='bbox 1285 3971 1389 4010; x_wconf 93' lang='lat' dir='ltr'><strong>non</strong></span> <span class='ocrx_word' id='word_1_302' title='bbox 1415 3957 1608 4012; x_wconf 76' lang='lat' dir='ltr'><strong>liberat</strong></span> <span class='ocrx_word' id='word_1_303' title='bbox 1642 3955 1752 4010; x_wconf 86' lang='lat' dir='ltr'><strong>sive</strong></span> <span class='ocrx_word' id='word_1_304' title='bbox 1776 3955 1844 4009; x_wconf 89' lang='lat' dir='ltr'><strong>ah</strong></span> <span class='ocrx_word' id='word_1_305' title='bbox 1866 3956 2100 4023; x_wconf 80' lang='lat' dir='ltr'><strong>origina-</strong></span> 
     </span>
    </p>
   </div>
   <div class='ocr_carea' id='block_1_41' title="bbox 517 4046 2100 4120">
    <p class='ocr_par' dir='ltr' id='par_1_41' title="bbox 517 4046 2100 4120">
     <span class='ocr_line' id='line_1_41' title="bbox 517 4046 2100 4120; baseline -0.001 -18"><span class='ocrx_word' id='word_1_306' title='bbox 517 4053 672 4115; x_wconf 87' lang='lat' dir='ltr'><strong>Iihus,</strong></span> <span class='ocrx_word' id='word_1_307' title='bbox 701 4049 813 4105; x_wconf 85' lang='lat' dir='ltr'><strong>sive</strong></span> <span class='ocrx_word' id='word_1_308' title='bbox 842 4065 870 4102; x_wconf 92' lang='lat' dir='ltr'><strong>a</strong></span> <span class='ocrx_word' id='word_1_309' title='bbox 899 4048 1126 4120; x_wconf 79' lang='lat' dir='ltr'><strong>prepriis</strong></span> <span class='ocrx_word' id='word_1_310' title='bbox 1152 4047 1403 4118; x_wconf 85' lang='lat' dir='ltr'><strong>peccatis,</strong></span> <span class='ocrx_word' id='word_1_311' title='bbox 1431 4048 1527 4102; x_wconf 90' lang='lat' dir='ltr'><strong>nisi</strong></span> <span class='ocrx_word' id='word_1_312' title='bbox 1559 4049 1610 4100; x_wconf 94' lang='lat' dir='ltr'><strong>in</strong></span> <span class='ocrx_word' id='word_1_313' title='bbox 1643 4047 1878 4102; x_wconf 85' lang='lat' dir='ltr'><strong>Ecclesia</strong></span> <span class='ocrx_word' id='word_1_314' title='bbox 1899 4046 2100 4102; x_wconf 87' lang='lat' dir='ltr'><strong>Christi</strong></span> 
     </span>
    </p>
   </div>
   <div class='ocr_carea' id='block_1_42' title="bbox 517 4137 2098 4210">
    <p class='ocr_par' dir='ltr' id='par_1_42' title="bbox 517 4137 2098 4210">
     <span class='ocr_line' id='line_1_42' title="bbox 517 4137 2098 4210; baseline -0.001 -17"><span class='ocrx_word' id='word_1_315' title='bbox 517 4141 814 4210; x_wconf 79' lang='lat' dir='ltr'><strong>Baptismus</strong></span> <span class='ocrx_word' id='word_1_316' title='bbox 841 4139 1070 4206; x_wconf 77' lang='lat' dir='ltr'><strong>Christi;</strong></span> <span class='ocrx_word' id='word_1_317' title='bbox 1109 4147 1164 4194; x_wconf 90' lang='lat' dir='ltr'><strong>et</strong></span> <span class='ocrx_word' id='word_1_318' title='bbox 1189 4139 1232 4192; x_wconf 91' lang='lat' dir='ltr'><strong>si</strong></span> <span class='ocrx_word' id='word_1_319' title='bbox 1261 4139 1455 4193; x_wconf 66' lang='lat' dir='ltr'><strong>animae</strong></span> <span class='ocrx_word' id='word_1_320' title='bbox 1483 4147 1607 4192; x_wconf 84' lang='lat' dir='ltr'><strong>ante</strong></span> <span class='ocrx_word' id='word_1_321' title='bbox 1637 4153 1855 4193; x_wconf 89' lang='lat' dir='ltr'><strong>carnem</strong></span> <span class='ocrx_word' id='word_1_322' title='bbox 1897 4137 2098 4192; x_wconf 89' lang='lat' dir='ltr'><strong>nullum</strong></span> 
     </span>
    </p>
   </div>
   <div class='ocr_carea' id='block_1_43' title="bbox 516 4231 2100 4302">
    <p class='ocr_par' dir='ltr' id='par_1_43' title="bbox 516 4231 2100 4302">
     <span class='ocr_line' id='line_1_43' title="bbox 516 4231 2100 4302; baseline 0.002 -18"><span class='ocrx_word' id='word_1_323' title='bbox 516 4233 814 4286; x_wconf 85' lang='lat' dir='ltr'><strong>habuerunt</strong></span> <span class='ocrx_word' id='word_1_324' title='bbox 834 4233 1056 4286; x_wconf 91' lang='lat' dir='ltr'><strong>omnino</strong></span> <span class='ocrx_word' id='word_1_325' title='bbox 1083 4241 1391 4302; x_wconf 84' lang='lat' dir='ltr'><strong>peccatum;</strong></span> <span class='ocrx_word' id='word_1_326' title='bbox 1418 4241 1472 4286; x_wconf 90' lang='lat' dir='ltr'><strong>et</strong></span> <span class='ocrx_word' id='word_1_327' title='bbox 1496 4231 1541 4284; x_wconf 92' lang='lat' dir='ltr'><strong>si</strong></span> <span class='ocrx_word' id='word_1_328' title='bbox 1571 4241 1783 4300; x_wconf 87' lang='lat' dir='ltr'><strong>peccata</strong></span> <span class='ocrx_word' id='word_1_329' title='bbox 1815 4240 2100 4301; x_wconf 85' lang='lat' dir='ltr'><strong>antequam</strong></span> 
     </span>
    </p>
   </div>
   <div class='ocr_carea' id='block_1_44' title="bbox 515 4321 2100 4394">
    <p class='ocr_par' dir='ltr' id='par_1_44' title="bbox 515 4321 2100 4394">
     <span class='ocr_line' id='line_1_44' title="bbox 515 4321 2100 4394; baseline -0.003 -13"><span class='ocrx_word' id='word_1_330' title='bbox 515 4326 932 4389; x_wconf 78' lang='lat' dir='ltr'><strong>t-Otnmittantur,</strong></span> <span class='ocrx_word' id='word_1_331' title='bbox 983 4333 1038 4378; x_wconf 89' lang='lat' dir='ltr'><strong>et</strong></span> <span class='ocrx_word' id='word_1_332' title='bbox 1075 4323 1244 4378; x_wconf 90' lang='lat' dir='ltr'><strong>multo</strong></span> <span class='ocrx_word' id='word_1_333' title='bbox 1282 4321 1450 4393; x_wconf 88' lang='lat' dir='ltr'><strong>magis</strong></span> <span class='ocrx_word' id='word_1_334' title='bbox 1491 4338 1612 4394; x_wconf 60' lang='lat' dir='ltr'><strong>qua;</strong></span> <span class='ocrx_word' id='word_1_335' title='bbox 1653 4337 1920 4392; x_wconf 87' lang='lat' dir='ltr'><strong>nunquam</strong></span> <span class='ocrx_word' id='word_1_336' title='bbox 1952 4337 2100 4376; x_wconf 90' lang='lat' dir='ltr'><strong>com-</strong></span> 
     </span>
    </p>
   </div>
   <div class='ocr_carea' id='block_1_45' title="bbox 515 4412 2102 4484">
    <p class='ocr_par' dir='ltr' id='par_1_45' title="bbox 515 4412 2102 4484">
     <span class='ocr_line' id='line_1_45' title="bbox 515 4412 2102 4484; baseline -0.001 -16"><span class='ocrx_word' id='word_1_337' title='bbox 515 4416 676 4471; x_wconf 86' lang='lat' dir='ltr'><strong>missa</strong></span> <span class='ocrx_word' id='word_1_338' title='bbox 704 4423 848 4481; x_wconf 90' lang='lat' dir='ltr'><strong>sunt,</strong></span> <span class='ocrx_word' id='word_1_339' title='bbox 871 4412 1110 4470; x_wconf 87' lang='lat' dir='ltr'><strong>damnari</strong></span> <span class='ocrx_word' id='word_1_340' title='bbox 1135 4413 1277 4483; x_wconf 87' lang='lat' dir='ltr'><strong>justa</strong></span> <span class='ocrx_word' id='word_1_341' title='bbox 1301 4414 1414 4484; x_wconf 83' lang='lat' dir='ltr'><strong>lege</strong></span> <span class='ocrx_word' id='word_1_342' title='bbox 1436 4427 1540 4468; x_wconf 91' lang='lat' dir='ltr'><strong>non</strong></span> <span class='ocrx_word' id='word_1_343' title='bbox 1565 4420 1822 4482; x_wconf 88' lang='lat' dir='ltr'><strong>possunt;</strong></span> <span class='ocrx_word' id='word_1_344' title='bbox 1855 4412 1984 4466; x_wconf 87' lang='lat' dir='ltr'><strong>nihil</strong></span> <span class='ocrx_word' id='word_1_345' title='bbox 2007 4413 2102 4467; x_wconf 89' lang='lat' dir='ltr'><strong>ho-</strong></span> 
     </span>
    </p>
   </div>
   <div class='ocr_carea' id='block_1_46' title="bbox 515 4501 2098 4576">
    <p class='ocr_par' dir='ltr' id='par_1_46' title="bbox 515 4501 2098 4576">
     <span class='ocr_line' id='line_1_46' title="bbox 515 4501 2098 4576; baseline -0.003 -16"><span class='ocrx_word' id='word_1_346' title='bbox 515 4521 631 4561; x_wconf 88' lang='lat' dir='ltr'><strong>rum</strong></span> <span class='ocrx_word' id='word_1_347' title='bbox 660 4515 886 4576; x_wconf 89' lang='lat' dir='ltr'><strong>quatuor</strong></span> <span class='ocrx_word' id='word_1_348' title='bbox 915 4505 1016 4559; x_wconf 90' lang='lat' dir='ltr'><strong>iste</strong></span> <span class='ocrx_word' id='word_1_349' title='bbox 1044 4504 1224 4559; x_wconf 87' lang='lat' dir='ltr'><strong>dicat:</strong></span> <span class='ocrx_word' id='word_1_350' title='bbox 1255 4513 1330 4569; x_wconf 90' lang='lat' dir='ltr'><strong>et,</strong></span> <span class='ocrx_word' id='word_1_351' title='bbox 1377 4504 1422 4558; x_wconf 89' lang='lat' dir='ltr'><strong>si</strong></span> <span class='ocrx_word' id='word_1_352' title='bbox 1463 4510 1658 4572; x_wconf 84' lang='lat' dir='ltr'><strong>potest,</strong></span> <span class='ocrx_word' id='word_1_353' title='bbox 1691 4501 1939 4572; x_wconf 85' lang='lat' dir='ltr'><strong>explicet.</strong></span> <span class='ocrx_word' id='word_1_354' title='bbox 1975 4518 2098 4572; x_wconf 88' lang='lat' dir='ltr'><strong>par-</strong></span> 
     </span>
    </p>
   </div>
   <div class='ocr_carea' id='block_1_47' title="bbox 511 4593 2098 4663">
    <p class='ocr_par' dir='ltr' id='par_1_47' title="bbox 511 4593 2098 4663">
     <span class='ocr_line' id='line_1_47' title="bbox 511 4593 2098 4663; baseline -0.001 -13"><span class='ocrx_word' id='word_1_355' title='bbox 511 4598 759 4652; x_wconf 87' lang='lat' dir='ltr'><strong>vulorum</strong></span> <span class='ocrx_word' id='word_1_356' title='bbox 807 4597 1036 4660; x_wconf 69' lang='lat' dir='ltr'><strong>animus,</strong></span> <span class='ocrx_word' id='word_1_357' title='bbox 1083 4610 1205 4663; x_wconf 60' lang='lat' dir='ltr'><strong>quae</strong></span> <span class='ocrx_word' id='word_1_358' title='bbox 1254 4593 1371 4650; x_wconf 88' lang='lat' dir='ltr'><strong>sine</strong></span> <span class='ocrx_word' id='word_1_359' title='bbox 1417 4594 1687 4663; x_wconf 81' lang='lat' dir='ltr'><strong>Baptismo</strong></span> <span class='ocrx_word' id='word_1_360' title='bbox 1737 4603 1992 4648; x_wconf 81' lang='lat' dir='ltr'><strong>exeuntes</strong></span> <span class='ocrx_word' id='word_1_361' title='bbox 2045 4595 2098 4648; x_wconf 92' lang='lat' dir='ltr'><strong>in</strong></span> 
     </span>
    </p>
   </div>
   <div class='ocr_carea' id='block_1_48' title="bbox 511 4682 2096 4754">
    <p class='ocr_par' dir='ltr' id='par_1_48' title="bbox 511 4682 2096 4754">
     <span class='ocr_line' id='line_1_48' title="bbox 511 4682 2096 4754; baseline -0.003 -12"><span class='ocrx_word' id='word_1_362' title='bbox 511 4687 908 4742; x_wconf 83' lang='lat' dir='ltr'><strong>damnationem</strong></span> <span class='ocrx_word' id='word_1_363' title='bbox 972 4685 1286 4746; x_wconf 78' lang='lat' dir='ltr'><strong>mittun’tur,</strong></span> <span class='ocrx_word' id='word_1_364' title='bbox 1343 4698 1451 4754; x_wconf 89' lang='lat' dir='ltr'><strong>quo</strong></span> <span class='ocrx_word' id='word_1_365' title='bbox 1513 4682 1707 4738; x_wconf 87' lang='lat' dir='ltr'><strong>merito</strong></span> <span class='ocrx_word' id='word_1_366' title='bbox 1760 4683 1812 4738; x_wconf 94' lang='lat' dir='ltr'><strong>in</strong></span> <span class='ocrx_word' id='word_1_367' title='bbox 1879 4699 2096 4738; x_wconf 87' lang='lat' dir='ltr'><strong>carnem</strong></span> 
     </span>
    </p>
   </div>
   <div class='ocr_carea' id='block_1_49' title="bbox 512 4773 2100 4850">
    <p class='ocr_par' dir='ltr' id='par_1_49' title="bbox 512 4773 2100 4850">
     <span class='ocr_line' id='line_1_49' title="bbox 512 4773 2100 4850; baseline -0.005 -14"><span class='ocrx_word' id='word_1_368' title='bbox 512 4780 860 4850; x_wconf 86' lang='lat' dir='ltr'><strong>peccatricem</strong></span> <span class='ocrx_word' id='word_1_369' title='bbox 888 4795 1008 4850; x_wconf 76' lang='lat' dir='ltr'><strong>qua:</strong></span> <span class='ocrx_word' id='word_1_370' title='bbox 1039 4777 1170 4832; x_wconf 81' lang='lat' dir='ltr'><strong>nihil</strong></span> <span class='ocrx_word' id='word_1_371' title='bbox 1213 4784 1586 4847; x_wconf 88' lang='lat' dir='ltr'><strong>peccaverunt,</strong></span> <span class='ocrx_word' id='word_1_372' title='bbox 1631 4773 1808 4829; x_wconf 77' lang='lat' dir='ltr'><strong>missa:</strong></span> <span class='ocrx_word' id='word_1_373' title='bbox 1854 4783 1996 4839; x_wconf 90' lang='lat' dir='ltr'><strong>sunt,</strong></span> <span class='ocrx_word' id='word_1_374' title='bbox 2042 4783 2100 4828; x_wconf 89' lang='lat' dir='ltr'><strong>ut</strong></span> 
     </span>
    </p>
   </div>
   <div class='ocr_carea' id='block_1_50' title="bbox 511 4865 2096 4941">
    <p class='ocr_par' dir='ltr' id='par_1_50' title="bbox 511 4865 2096 4941">
     <span class='ocr_line' id='line_1_50' title="bbox 511 4865 2096 4941; baseline -0.003 -15"><span class='ocrx_word' id='word_1_375' title='bbox 511 4874 622 4928; x_wconf 88' lang='lat' dir='ltr'><strong>illic</strong></span> <span class='ocrx_word' id='word_1_376' title='bbox 661 4872 967 4928; x_wconf 89' lang='lat' dir='ltr'><strong>invenirent</strong></span> <span class='ocrx_word' id='word_1_377' title='bbox 1009 4878 1308 4941; x_wconf 87' lang='lat' dir='ltr'><strong>peccatum,</strong></span> <span class='ocrx_word' id='word_1_378' title='bbox 1341 4877 1557 4938; x_wconf 89' lang='lat' dir='ltr'><strong>pr0pter</strong></span> <span class='ocrx_word' id='word_1_379' title='bbox 1593 4865 1736 4937; x_wconf 92' lang='lat' dir='ltr'><strong>quod</strong></span> <span class='ocrx_word' id='word_1_380' title='bbox 1781 4867 1972 4922; x_wconf 89' lang='lat' dir='ltr'><strong>merito</strong></span> <span class='ocrx_word' id='word_1_381' title='bbox 1999 4867 2096 4922; x_wconf 86' lang='lat' dir='ltr'><strong>da-</strong></span> 
     </span>
    </p>
   </div>
   <div class='ocr_carea' id='block_1_51' title="bbox 511 4961 2095 5034">
    <p class='ocr_par' dir='ltr' id='par_1_51' title="bbox 511 4961 2095 5034">
     <span class='ocr_line' id='line_1_51' title="bbox 511 4961 2095 5034; baseline -0.002 -15"><span class='ocrx_word' id='word_1_382' title='bbox 511 4973 839 5022; x_wconf 87' lang='lat' dir='ltr'><strong>mnarentur.</strong></span> <span class='ocrx_word' id='word_1_383' title='bbox 869 4965 1040 5020; x_wconf 78' lang='lat' dir='ltr'><strong>Perro</strong></span> <span class='ocrx_word' id='word_1_384' title='bbox 1064 4964 1110 5019; x_wconf 89' lang='lat' dir='ltr'><strong>si</strong></span> <span class='ocrx_word' id='word_1_385' title='bbox 1135 4973 1363 5034; x_wconf 82' lang='lat' dir='ltr'><strong>quatuor</strong></span> <span class='ocrx_word' id='word_1_386' title='bbox 1388 4963 1488 5018; x_wconf 86' lang='lat' dir='ltr'><strong>ista</strong></span> <span class='ocrx_word' id='word_1_387' title='bbox 1517 4961 1781 5024; x_wconf 86' lang='lat' dir='ltr'><strong>devitans,</strong></span> <span class='ocrx_word' id='word_1_388' title='bbox 1818 4977 1938 5029; x_wconf 78' lang='lat' dir='ltr'><strong>qua:</strong></span> <span class='ocrx_word' id='word_1_389' title='bbox 1963 4975 2095 5016; x_wconf 87' lang='lat' dir='ltr'><strong>sana</strong></span> 
     </span>
    </p>
   </div>
   <div class='ocr_carea' id='block_1_52' title="bbox 511 5051 2094 5121">
    <p class='ocr_par' dir='ltr' id='par_1_52' title="bbox 511 5051 2094 5121">
     <span class='ocr_line' id='line_1_52' title="bbox 511 5051 2094 5121; baseline -0.002 -12"><span class='ocrx_word' id='word_1_390' title='bbox 511 5057 750 5110; x_wconf 81' lang='lat' dir='ltr'><strong>doctrina</strong></span> <span class='ocrx_word' id='word_1_391' title='bbox 778 5055 1120 5121; x_wconf 86' lang='lat' dir='ltr'><strong>condemnat,</strong></span> <span class='ocrx_word' id='word_1_392' title='bbox 1151 5054 1204 5108; x_wconf 88' lang='lat' dir='ltr'><strong>id</strong></span> <span class='ocrx_word' id='word_1_393' title='bbox 1231 5062 1332 5117; x_wconf 89' lang='lat' dir='ltr'><strong>est,</strong></span> <span class='ocrx_word' id='word_1_394' title='bbox 1355 5053 1400 5108; x_wconf 92' lang='lat' dir='ltr'><strong>si</strong></span> <span class='ocrx_word' id='word_1_395' title='bbox 1427 5068 1532 5108; x_wconf 90' lang='lat' dir='ltr'><strong>non</strong></span> <span class='ocrx_word' id='word_1_396' title='bbox 1558 5051 1761 5107; x_wconf 87' lang='lat' dir='ltr'><strong>audens</strong></span> <span class='ocrx_word' id='word_1_397' title='bbox 1780 5051 1980 5116; x_wconf 86' lang='lat' dir='ltr'><strong>dicere,</strong></span> <span class='ocrx_word' id='word_1_398' title='bbox 2011 5053 2094 5106; x_wconf 90' lang='lat' dir='ltr'><strong>vel</strong></span> 
     </span>
    </p>
   </div>
   <div class='ocr_carea' id='block_1_53' title="bbox 507 5145 2094 5219">
    <p class='ocr_par' dir='ltr' id='par_1_53' title="bbox 507 5145 2094 5219">
     <span class='ocr_line' id='line_1_53' title="bbox 507 5145 2094 5219; baseline -0.003 -15"><span class='ocrx_word' id='word_1_399' title='bbox 507 5153 626 5206; x_wconf 86' lang='lat' dir='ltr'><strong>sine</strong></span> <span class='ocrx_word' id='word_1_400' title='bbox 649 5151 762 5204; x_wconf 91' lang='lat' dir='ltr'><strong>ullo</strong></span> <span class='ocrx_word' id='word_1_401' title='bbox 781 5157 1000 5219; x_wconf 89' lang='lat' dir='ltr'><strong>peccato</strong></span> <span class='ocrx_word' id='word_1_402' title='bbox 1034 5150 1346 5215; x_wconf 82' lang='lat' dir='ltr'><strong>existentes,</strong></span> <span class='ocrx_word' id='word_1_403' title='bbox 1387 5163 1416 5201; x_wconf 85' lang='lat' dir='ltr'><strong>a</strong></span> <span class='ocrx_word' id='word_1_404' title='bbox 1449 5148 1560 5202; x_wconf 89' lang='lat' dir='ltr'><strong>Deo</strong></span> <span class='ocrx_word' id='word_1_405' title='bbox 1589 5145 1702 5201; x_wconf 90' lang='lat' dir='ltr'><strong>ﬁeri</strong></span> <span class='ocrx_word' id='word_1_406' title='bbox 1731 5147 1936 5200; x_wconf 87' lang='lat' dir='ltr'><strong>animas</strong></span> <span class='ocrx_word' id='word_1_407' title='bbox 1966 5161 2094 5215; x_wconf 86' lang='lat' dir='ltr'><strong>pec-</strong></span> 
     </span>
    </p>
   </div>
   <div class='ocr_carea' id='block_1_54' title="bbox 507 5237 2092 5310">
    <p class='ocr_par' dir='ltr' id='par_1_54' title="bbox 507 5237 2092 5310">
     <span class='ocr_line' id='line_1_54' title="bbox 507 5237 2092 5310; baseline -0.004 -13"><span class='ocrx_word' id='word_1_408' title='bbox 507 5243 754 5306; x_wconf 81' lang='lat' dir='ltr'><strong>catrices,</strong></span> <span class='ocrx_word' id='word_1_409' title='bbox 781 5249 872 5294; x_wconf 87' lang='lat' dir='ltr'><strong>aut</strong></span> <span class='ocrx_word' id='word_1_410' title='bbox 892 5239 1008 5293; x_wconf 90' lang='lat' dir='ltr'><strong>sine</strong></span> <span class='ocrx_word' id='word_1_411' title='bbox 1035 5239 1228 5294; x_wconf 84' lang='lat' dir='ltr'><strong>Christi</strong></span> <span class='ocrx_word' id='word_1_412' title='bbox 1257 5240 1606 5310; x_wconf 82' lang='lat' dir='ltr'><strong>Sacramenta</strong></span> <span class='ocrx_word' id='word_1_413' title='bbox 1629 5237 1681 5291; x_wconf 93' lang='lat' dir='ltr'><strong>in</strong></span> <span class='ocrx_word' id='word_1_414' title='bbox 1711 5237 1790 5292; x_wconf 89' lang='lat' dir='ltr'><strong>eis</strong></span> <span class='ocrx_word' id='word_1_415' title='bbox 1817 5237 1950 5291; x_wconf 88' lang='lat' dir='ltr'><strong>solvi</strong></span> <span class='ocrx_word' id='word_1_416' title='bbox 1981 5237 2092 5290; x_wconf 94' lang='lat' dir='ltr'><strong>ori-</strong></span> 
     </span>
    </p>
   </div>
   <div class='ocr_carea' id='block_1_55' title="bbox 505 5331 2090 5404">
    <p class='ocr_par' dir='ltr' id='par_1_55' title="bbox 505 5331 2090 5404">
     <span class='ocr_line' id='line_1_55' title="bbox 505 5331 2090 5404; baseline -0.001 -20"><span class='ocrx_word' id='word_1_417' title='bbox 505 5334 680 5404; x_wconf 69' lang='lat' dir='ltr'><strong>ginale</strong></span> <span class='ocrx_word' id='word_1_418' title='bbox 709 5341 1008 5402; x_wconf 87' lang='lat' dir='ltr'><strong>peccatum,</strong></span> <span class='ocrx_word' id='word_1_419' title='bbox 1041 5340 1132 5384; x_wconf 86' lang='lat' dir='ltr'><strong>aut</strong></span> <span class='ocrx_word' id='word_1_420' title='bbox 1151 5345 1242 5385; x_wconf 88' lang='lat' dir='ltr'><strong>eas</strong></span> <span class='ocrx_word' id='word_1_421' title='bbox 1276 5331 1470 5386; x_wconf 84' lang='lat' dir='ltr'><strong>alicubi</strong></span> <span class='ocrx_word' id='word_1_422' title='bbox 1503 5344 1772 5400; x_wconf 86' lang='lat' dir='ltr'><strong>peccasse,</strong></span> <span class='ocrx_word' id='word_1_423' title='bbox 1804 5339 2090 5398; x_wconf 87' lang='lat' dir='ltr'><strong>antequam</strong></span> 
     </span>
    </p>
   </div>
   <div class='ocr_carea' id='block_1_56' title="bbox 509 5421 2092 5493">
    <p class='ocr_par' dir='ltr' id='par_1_56' title="bbox 509 5421 2092 5493">
     <span class='ocr_line' id='line_1_56' title="bbox 509 5421 2092 5493; baseline -0.001 -15"><span class='ocrx_word' id='word_1_424' title='bbox 509 5427 851 5480; x_wconf 85' lang='lat' dir='ltr'><strong>mitterentur</strong></span> <span class='ocrx_word' id='word_1_425' title='bbox 878 5423 931 5477; x_wconf 92' lang='lat' dir='ltr'><strong>in</strong></span> <span class='ocrx_word' id='word_1_426' title='bbox 965 5437 1203 5488; x_wconf 86' lang='lat' dir='ltr'><strong>carnem,</strong></span> <span class='ocrx_word' id='word_1_427' title='bbox 1235 5431 1326 5476; x_wconf 88' lang='lat' dir='ltr'><strong>aut</strong></span> <span class='ocrx_word' id='word_1_428' title='bbox 1364 5438 1424 5478; x_wconf 88' lang='lat' dir='ltr'><strong>ea</strong></span> <span class='ocrx_word' id='word_1_429' title='bbox 1454 5438 1574 5493; x_wconf 78' lang='lat' dir='ltr'><strong>qua:</strong></span> <span class='ocrx_word' id='word_1_430' title='bbox 1600 5437 1868 5492; x_wconf 88' lang='lat' dir='ltr'><strong>nunquam</strong></span> <span class='ocrx_word' id='word_1_431' title='bbox 1891 5421 2092 5476; x_wconf 90' lang='lat' dir='ltr'><strong>habue-</strong></span> 
     </span>
    </p>
   </div>
   <div class='ocr_carea' id='block_1_57' title="bbox 507 5514 2090 5586">
    <p class='ocr_par' dir='ltr' id='par_1_57' title="bbox 507 5514 2090 5586">
     <span class='ocr_line' id='line_1_57' title="bbox 507 5514 2090 5586; baseline -0.003 -13"><span class='ocrx_word' id='word_1_432' title='bbox 507 5527 626 5573; x_wconf 89' lang='lat' dir='ltr'><strong>runt</strong></span> <span class='ocrx_word' id='word_1_433' title='bbox 665 5516 717 5572; x_wconf 88' lang='lat' dir='ltr'><strong>in</strong></span> <span class='ocrx_word' id='word_1_434' title='bbox 759 5516 838 5571; x_wconf 90' lang='lat' dir='ltr'><strong>eis</strong></span> <span class='ocrx_word' id='word_1_435' title='bbox 865 5523 1078 5586; x_wconf 83' lang='lat' dir='ltr'><strong>peccata</strong></span> <span class='ocrx_word' id='word_1_436' title='bbox 1108 5514 1347 5569; x_wconf 89' lang='lat' dir='ltr'><strong>damnari</strong></span> <span class='ocrx_word' id='word_1_437' title='bbox 1380 5532 1392 5566; x_wconf 89' lang='lat'><strong>:</strong></span> <span class='ocrx_word' id='word_1_438' title='bbox 1422 5515 1468 5570; x_wconf 92' lang='lat' dir='ltr'><strong>si</strong></span> <span class='ocrx_word' id='word_1_439' title='bbox 1499 5515 1613 5570; x_wconf 83' lang='lat' dir='ltr'><strong>haec</strong></span> <span class='ocrx_word' id='word_1_440' title='bbox 1649 5515 1808 5571; x_wconf 88' lang='lat' dir='ltr'><strong>nobis</strong></span> <span class='ocrx_word' id='word_1_441' title='bbox 1845 5530 1949 5570; x_wconf 92' lang='lat' dir='ltr'><strong>non</strong></span> <span class='ocrx_word' id='word_1_442' title='bbox 1993 5531 2090 5568; x_wconf 84' lang='lat' dir='ltr'><strong>au-</strong></span> 
     </span>
    </p>
   </div>
   <div class='ocr_carea' id='block_1_58' title="bbox 507 5607 2093 5677">
    <p class='ocr_par' dir='ltr' id='par_1_58' title="bbox 507 5607 2093 5677">
     <span class='ocr_line' id='line_1_58' title="bbox 507 5607 2093 5677; baseline -0.004 -10"><span class='ocrx_word' id='word_1_443' title='bbox 507 5613 636 5667; x_wconf 84' lang='lat' dir='ltr'><strong>dens</strong></span> <span class='ocrx_word' id='word_1_444' title='bbox 657 5609 858 5674; x_wconf 86' lang='lat' dir='ltr'><strong>dicere,</strong></span> <span class='ocrx_word' id='word_1_445' title='bbox 877 5608 1127 5677; x_wconf 84' lang='lat' dir='ltr'><strong>qnoniatn</strong></span> <span class='ocrx_word' id='word_1_446' title='bbox 1151 5621 1258 5660; x_wconf 90' lang='lat' dir='ltr'><strong>non</strong></span> <span class='ocrx_word' id='word_1_447' title='bbox 1286 5616 1408 5661; x_wconf 89' lang='lat' dir='ltr'><strong>sunt</strong></span> <span class='ocrx_word' id='word_1_448' title='bbox 1433 5609 1612 5677; x_wconf 89' lang='lat' dir='ltr'><strong>utique</strong></span> <span class='ocrx_word' id='word_1_449' title='bbox 1633 5607 1875 5672; x_wconf 89' lang='lat' dir='ltr'><strong>dicenda,</strong></span> <span class='ocrx_word' id='word_1_450' title='bbox 1897 5608 2093 5662; x_wconf 73' lang='lat' dir='ltr'><strong>dixerit</strong></span> 
     </span>
    </p>
   </div>
   <div class='ocr_carea' id='block_1_59' title="bbox 507 5697 2092 5772">
    <p class='ocr_par' dir='ltr' id='par_1_59' title="bbox 507 5697 2092 5772">
     <span class='ocr_line' id='line_1_59' title="bbox 507 5697 2092 5772; baseline 0.001 -20"><span class='ocrx_word' id='word_1_451' title='bbox 507 5703 752 5772; x_wconf 82' lang='lat' dir='ltr'><strong>parvulos</strong></span> <span class='ocrx_word' id='word_1_452' title='bbox 777 5715 881 5756; x_wconf 91' lang='lat' dir='ltr'><strong>non</strong></span> <span class='ocrx_word' id='word_1_453' title='bbox 914 5698 1127 5754; x_wconf 86' lang='lat' dir='ltr'><strong>trahere</strong></span> <span class='ocrx_word' id='word_1_454' title='bbox 1155 5697 1414 5768; x_wconf 80' lang='lat' dir='ltr'><strong>originale</strong></span> <span class='ocrx_word' id='word_1_455' title='bbox 1441 5710 1738 5769; x_wconf 88' lang='lat' dir='ltr'><strong>peccatum,</strong></span> <span class='ocrx_word' id='word_1_456' title='bbox 1769 5716 1866 5754; x_wconf 88' lang='lat' dir='ltr'><strong>nec</strong></span> <span class='ocrx_word' id='word_1_457' title='bbox 1893 5700 2092 5754; x_wconf 83' lang='lat' dir='ltr'><strong>habere</strong></span> 
     </span>
    </p>
   </div>
   <div class='ocr_carea' id='block_1_60' title="bbox 507 5790 2092 5858">
    <p class='ocr_par' dir='ltr' id='par_1_60' title="bbox 507 5790 2092 5858">
     <span class='ocr_line' id='line_1_60' title="bbox 507 5790 2092 5858; baseline -0.001 -12"><span class='ocrx_word' id='word_1_458' title='bbox 507 5793 642 5848; x_wconf 86' lang='lat' dir='ltr'><strong>unde</strong></span> <span class='ocrx_word' id='word_1_459' title='bbox 665 5793 1002 5853; x_wconf 85' lang='lat' dir='ltr'><strong>damnentur,</strong></span> <span class='ocrx_word' id='word_1_460' title='bbox 1033 5792 1076 5845; x_wconf 88' lang='lat' dir='ltr'><strong>si</strong></span> <span class='ocrx_word' id='word_1_461' title='bbox 1109 5803 1212 5844; x_wconf 85' lang='lat' dir='ltr'><strong>neu</strong></span> <span class='ocrx_word' id='word_1_462' title='bbox 1245 5800 1462 5855; x_wconf 80' lang='lat' dir='ltr'><strong>accepto</strong></span> <span class='ocrx_word' id='word_1_463' title='bbox 1493 5790 1836 5846; x_wconf 86' lang='lat' dir='ltr'><strong>Sacrameuto</strong></span> <span class='ocrx_word' id='word_1_464' title='bbox 1869 5807 2092 5858; x_wconf 76' lang='lat' dir='ltr'><strong>regene-</strong></span> 
     </span>
    </p>
   </div>
   <div class='ocr_carea' id='block_1_61' title="bbox 1401 356 2908 427">
    <p class='ocr_par' dir='ltr' id='par_1_61' title="bbox 1401 356 2908 427">
     <span class='ocr_line' id='line_1_61' title="bbox 1401 356 2908 427; baseline -0.004 -1"><span class='ocrx_word' id='word_1_465' title='bbox 1401 372 1490 426; x_wconf 84' lang='lat' dir='ltr'><strong>DE</strong></span> <span class='ocrx_word' id='word_1_466' title='bbox 1531 367 1738 424; x_wconf 77' lang='lat' dir='ltr'><strong>ANIMA</strong></span> <span class='ocrx_word' id='word_1_467' title='bbox 1779 365 1866 420; x_wconf 82' lang='lat' dir='ltr'><strong>ET-</strong></span> <span class='ocrx_word' id='word_1_468' title='bbox 1906 362 2066 419; x_wconf 65' lang='lat' dir='ltr'><strong>IEJUS</strong></span> <span class='ocrx_word' id='word_1_469' title='bbox 2106 356 2406 427; x_wconf 69' lang='grc' dir='ltr'><strong>οιςιϐιΝιε,</strong></span> <span class='ocrx_word' id='word_1_470' title='bbox 2448 362 2504 417; x_wconf 88' lang='lat' dir='ltr'><strong>S.</strong></span> <span class='ocrx_word' id='word_1_471' title='bbox 2546 359 2908 422; x_wconf 75' lang='lat' dir='ltr'><strong>AUGUSTINI</strong></span> 
     </span>
    </p>
   </div>
   <div class='ocr_carea' id='block_1_62' title="bbox 3694 380 3799 440">
    <p class='ocr_par' dir='ltr' id='par_1_62' title="bbox 3694 380 3799 440">
     <span class='ocr_line' id='line_1_62' title="bbox 3694 380 3799 440; baseline 0.038 -4"><span class='ocrx_word' id='word_1_472' title='bbox 3694 380 3799 440; x_wconf 57' lang='lat'><strong>195</strong></span> 
     </span>
    </p>
   </div>
   <div class='ocr_carea' id='block_1_63' title="bbox 2217 477 3803 559">
    <p class='ocr_par' dir='ltr' id='par_1_63' title="bbox 2217 477 3803 559">
     <span class='ocr_line' id='line_1_63' title="bbox 2217 477 3803 559; baseline 0.014 -31"><span class='ocrx_word' id='word_1_473' title='bbox 2217 477 2436 531; x_wconf 82' lang='lat' dir='ltr'><strong>rationis</strong></span> <span class='ocrx_word' id='word_1_474' title='bbox 2479 477 2600 532; x_wconf 89' lang='lat' dir='ltr'><strong>hinc</strong></span> <span class='ocrx_word' id='word_1_475' title='bbox 2648 491 2873 548; x_wconf 81' lang='lat' dir='ltr'><strong>exeant;</strong></span> <span class='ocrx_word' id='word_1_476' title='bbox 2903 483 2968 538; x_wconf 68' lang='lat' dir='ltr'><strong>&quot;in</strong></span> <span class='ocrx_word' id='word_1_477' title='bbox 3013 485 3258 544; x_wconf 64' lang='lat' dir='ltr'><strong>haeres-im</strong></span> <span class='ocrx_word' id='word_1_478' title='bbox 3305 481 3636 559; x_wconf 76' lang='lat' dir='ltr'><strong>Pelagianam</strong></span> <span class='ocrx_word' id='word_1_479' title='bbox 3683 495 3803 552; x_wconf 77' lang='lat' dir='ltr'><strong>sine</strong></span> 
     </span>
    </p>
   </div>
   <div class='ocr_carea' id='block_1_64' title="bbox 2213 567 3801 654">
    <p class='ocr_par' dir='ltr' id='par_1_64' title="bbox 2213 567 3801 654">
     <span class='ocr_line' id='line_1_64' title="bbox 2213 567 3801 654; baseline 0.015 -34"><span class='ocrx_word' id='word_1_480' title='bbox 2213 567 2538 626; x_wconf 89' lang='lat' dir='ltr'><strong>dubitatione</strong></span> <span class='ocrx_word' id='word_1_481' title='bbox 2575 573 2928 631; x_wconf 87' lang='lat' dir='ltr'><strong>damnabilem</strong></span> <span class='ocrx_word' id='word_1_482' title='bbox 2955 577 3287 636; x_wconf 81' lang='lat' dir='ltr'><strong>damnandus</strong></span> <span class='ocrx_word' id='word_1_483' title='bbox 3341 582 3595 640; x_wconf 87' lang='lat' dir='ltr'><strong>incurret.</strong></span> <span class='ocrx_word' id='word_1_484' title='bbox 3643 585 3801 654; x_wconf 80' lang='lat' dir='ltr'><strong>Quod</strong></span> 
     </span>
    </p>
   </div>
   <div class='ocr_carea' id='block_1_65' title="bbox 2213 659 3803 736">
    <p class='ocr_par' dir='ltr' id='par_1_65' title="bbox 2213 659 3803 736">
     <span class='ocr_line' id='line_1_65' title="bbox 2213 659 3803 736; baseline 0.014 -22"><span class='ocrx_word' id='word_1_485' title='bbox 2213 659 2262 714; x_wconf 91' lang='lat' dir='ltr'><strong>ei</strong></span> <span class='ocrx_word' id='word_1_486' title='bbox 2290 676 2356 716; x_wconf 93' lang='lat' dir='ltr'><strong>ne</strong></span> <span class='ocrx_word' id='word_1_487' title='bbox 2391 662 2684 734; x_wconf 85' lang='lat' dir='ltr'><strong>contingat,</strong></span> <span class='ocrx_word' id='word_1_488' title='bbox 2715 675 2914 736; x_wconf 91' lang='lat' dir='ltr'><strong>quanto</strong></span> <span class='ocrx_word' id='word_1_489' title='bbox 2953 671 3140 725; x_wconf 91' lang='lat' dir='ltr'><strong>melius</strong></span> <span class='ocrx_word' id='word_1_490' title='bbox 3167 682 3308 728; x_wconf 79' lang='lat' dir='ltr'><strong>tenet</strong></span> <span class='ocrx_word' id='word_1_491' title='bbox 3342 673 3412 728; x_wconf 89' lang='lat' dir='ltr'><strong>de</strong></span> <span class='ocrx_word' id='word_1_492' title='bbox 3455 677 3646 732; x_wconf 68' lang='lat' dir='ltr'><strong>animae</strong></span> <span class='ocrx_word' id='word_1_493' title='bbox 3685 681 3803 736; x_wconf 66' lang='lat' dir='ltr'><strong>ori-</strong></span> 
     </span>
    </p>
   </div>
   <div class='ocr_carea' id='block_1_66' title="bbox 2211 754 3803 842">
    <p class='ocr_par' dir='ltr' id='par_1_66' title="bbox 2211 754 3803 842">
     <span class='ocr_line' id='line_1_66' title="bbox 2211 754 3803 842; baseline 0.014 -37"><span class='ocrx_word' id='word_1_494' title='bbox 2211 754 2336 824; x_wconf 87' lang='lat' dir='ltr'><strong>gine</strong></span> <span class='ocrx_word' id='word_1_495' title='bbox 2365 759 2754 814; x_wconf 86' lang='lat' dir='ltr'><strong>cunctationem</strong></span> <span class='ocrx_word' id='word_1_496' title='bbox 2784 777 2978 825; x_wconf 83' lang='lat' dir='ltr'><strong>meum,</strong></span> <span class='ocrx_word' id='word_1_497' title='bbox 3004 779 3072 819; x_wconf 88' lang='lat' dir='ltr'><strong>ne</strong></span> <span class='ocrx_word' id='word_1_498' title='bbox 3113 766 3306 822; x_wconf 78' lang='lat' dir='ltr'><strong>audeat</strong></span> <span class='ocrx_word' id='word_1_499' title='bbox 3341 767 3632 834; x_wconf 75' lang='lat' dir='ltr'><strong>afﬁrmare,</strong></span> <span class='ocrx_word' id='word_1_500' title='bbox 3657 773 3803 842; x_wconf 85' lang='lat' dir='ltr'><strong>quod</strong></span> 
     </span>
    </p>
   </div>
   <div class='ocr_carea' id='block_1_67' title="bbox 2215 843 3806 924">
    <p class='ocr_par' dir='ltr' id='par_1_67' title="bbox 2215 843 3806 924">
     <span class='ocr_line' id='line_1_67' title="bbox 2215 843 3806 924; baseline 0.011 -24"><span class='ocrx_word' id='word_1_501' title='bbox 2215 862 2312 900; x_wconf 91' lang='lat' dir='ltr'><strong>nec</strong></span> <span class='ocrx_word' id='word_1_502' title='bbox 2341 843 2568 903; x_wconf 82' lang='lat' dir='ltr'><strong>humana</strong></span> <span class='ocrx_word' id='word_1_503' title='bbox 2599 853 2801 906; x_wconf 82' lang='lat' dir='ltr'><strong>ratione</strong></span> <span class='ocrx_word' id='word_1_504' title='bbox 2830 856 3255 924; x_wconf 89' lang='lat' dir='ltr'><strong>comprehendit,</strong></span> <span class='ocrx_word' id='word_1_505' title='bbox 3289 874 3388 914; x_wconf 81' lang='lat' dir='ltr'><strong>nec</strong></span> <span class='ocrx_word' id='word_1_506' title='bbox 3417 859 3594 916; x_wconf 83' lang='lat' dir='ltr'><strong>divina</strong></span> <span class='ocrx_word' id='word_1_507' title='bbox 3619 875 3806 918; x_wconf 79' lang='lat' dir='ltr'><strong>aucto-</strong></span> 
     </span>
    </p>
   </div>
   <div class='ocr_carea' id='block_1_68' title="bbox 2215 939 3800 1023">
    <p class='ocr_par' dir='ltr' id='par_1_68' title="bbox 2215 939 3800 1023">
     <span class='ocr_line' id='line_1_68' title="bbox 2215 939 3800 1023; baseline 0.011 -29"><span class='ocrx_word' id='word_1_508' title='bbox 2215 939 2375 994; x_wconf 84' lang='lat' dir='ltr'><strong>ritate</strong></span> <span class='ocrx_word' id='word_1_509' title='bbox 2417 941 2682 1008; x_wconf 81' lang='lat' dir='ltr'><strong>defendit;</strong></span> <span class='ocrx_word' id='word_1_510' title='bbox 2737 960 2806 999; x_wconf 91' lang='lat' dir='ltr'><strong>ne</strong></span> <span class='ocrx_word' id='word_1_511' title='bbox 2853 957 3075 1016; x_wconf 79' lang='lat' dir='ltr'><strong>cogatur</strong></span> <span class='ocrx_word' id='word_1_512' title='bbox 3124 949 3481 1019; x_wconf 87' lang='lat' dir='ltr'><strong>insipientiam</strong></span> <span class='ocrx_word' id='word_1_513' title='bbox 3537 954 3800 1023; x_wconf 73' lang='lat' dir='ltr'><strong>proﬁteri,</strong></span> 
     </span>
    </p>
   </div>
   <div class='ocr_carea' id='block_1_69' title="bbox 2212 1029 3228 1105">
    <p class='ocr_par' dir='ltr' id='par_1_69' title="bbox 2212 1029 3228 1105">
     <span class='ocr_line' id='line_1_69' title="bbox 2212 1029 3228 1105; baseline 0.012 -21"><span class='ocrx_word' id='word_1_514' title='bbox 2212 1029 2338 1086; x_wconf 89' lang='lat' dir='ltr'><strong>dum</strong></span> <span class='ocrx_word' id='word_1_515' title='bbox 2364 1041 2575 1088; x_wconf 82' lang='lat' dir='ltr'><strong>veretur</strong></span> <span class='ocrx_word' id='word_1_516' title='bbox 2594 1035 2942 1105; x_wconf 57' lang='lat' dir='ltr'><strong>ignoranfiam</strong></span> <span class='ocrx_word' id='word_1_517' title='bbox 2966 1038 3228 1096; x_wconf 87' lang='lat' dir='ltr'><strong>conﬁteri.</strong></span> 
     </span>
    </p>
   </div>
   <div class='ocr_carea' id='block_1_70' title="bbox 2284 1122 3800 1200">
    <p class='ocr_par' dir='ltr' id='par_1_70' title="bbox 2284 1122 3800 1200">
     <span class='ocr_line' id='line_1_70' title="bbox 2284 1122 3800 1200; baseline 0.012 -23"><span class='ocrx_word' id='word_1_518' title='bbox 2284 1122 2508 1180; x_wconf 81' lang='lat' dir='ltr'><strong>CAPUT</strong></span> <span class='ocrx_word' id='word_1_519' title='bbox 2546 1124 2780 1180; x_wconf 77' lang='lat' dir='ltr'><strong>XlV.—-</strong></span> <span class='ocrx_word' id='word_1_520' title='bbox 2815 1129 2894 1182; x_wconf 84' lang='lat' dir='ltr'><strong>l7.</strong></span> <span class='ocrx_word' id='word_1_521' title='bbox 2941 1130 3034 1184; x_wconf 91' lang='lat' dir='ltr'><strong>llic</strong></span> <span class='ocrx_word' id='word_1_522' title='bbox 3079 1130 3214 1187; x_wconf 80' lang='lat' dir='ltr'><strong>forte</strong></span> <span class='ocrx_word' id='word_1_523' title='bbox 3255 1132 3419 1200; x_wconf 87' lang='lat' dir='ltr'><strong>dicat,</strong></span> <span class='ocrx_word' id='word_1_524' title='bbox 3474 1139 3800 1195; x_wconf 86' lang='lat' dir='ltr'><strong>sententiam</strong></span> 
     </span>
    </p>
   </div>
   <div class='ocr_carea' id='block_1_71' title="bbox 2212 1209 3804 1298">
    <p class='ocr_par' dir='ltr' id='par_1_71' title="bbox 2212 1209 3804 1298">
     <span class='ocr_line' id='line_1_71' title="bbox 2212 1209 3804 1298; baseline 0.012 -28"><span class='ocrx_word' id='word_1_525' title='bbox 2212 1231 2361 1270; x_wconf 89' lang='lat' dir='ltr'><strong>suam</strong></span> <span class='ocrx_word' id='word_1_526' title='bbox 2388 1217 2562 1273; x_wconf 87' lang='lat' dir='ltr'><strong>divina</strong></span> <span class='ocrx_word' id='word_1_527' title='bbox 2587 1222 2902 1278; x_wconf 85' lang='lat' dir='ltr'><strong>auctoritate</strong></span> <span class='ocrx_word' id='word_1_528' title='bbox 2926 1209 3150 1281; x_wconf 8' lang='lat' dir='ltr'><strong>defendi}</strong></span> <span class='ocrx_word' id='word_1_529' title='bbox 3174 1243 3188 1281; x_wconf 88' lang='lat'><strong>:</strong></span> <span class='ocrx_word' id='word_1_530' title='bbox 3217 1231 3468 1298; x_wconf 86' lang='lat' dir='ltr'><strong>quoniam</strong></span> <span class='ocrx_word' id='word_1_531' title='bbox 3493 1227 3804 1288; x_wconf 78' lang='lat' dir='ltr'><strong>sanctarum</strong></span> 
     </span>
    </p>
   </div>
   <div class='ocr_carea' id='block_1_72' title="bbox 2211 1307 3806 1388">
    <p class='ocr_par' dir='ltr' id='par_1_72' title="bbox 2211 1307 3806 1388">
     <span class='ocr_line' id='line_1_72' title="bbox 2211 1307 3806 1388; baseline 0.011 -26"><span class='ocrx_word' id='word_1_532' title='bbox 2211 1307 2604 1378; x_wconf 85' lang='lat' dir='ltr'><strong>Scripturarum</strong></span> <span class='ocrx_word' id='word_1_533' title='bbox 2645 1315 2964 1370; x_wconf 87' lang='lat' dir='ltr'><strong>testimoniis</strong></span> <span class='ocrx_word' id='word_1_534' title='bbox 2988 1319 3216 1386; x_wconf 87' lang='lat' dir='ltr'><strong>probare</strong></span> <span class='ocrx_word' id='word_1_535' title='bbox 3259 1337 3320 1378; x_wconf 88' lang='lat' dir='ltr'><strong>se</strong></span> <span class='ocrx_word' id='word_1_536' title='bbox 3361 1323 3652 1388; x_wconf 85' lang='lat' dir='ltr'><strong>existimat,</strong></span> <span class='ocrx_word' id='word_1_537' title='bbox 3681 1325 3806 1380; x_wconf 86' lang='lat' dir='ltr'><strong>ani-</strong></span> 
     </span>
    </p>
   </div>
   <div class='ocr_carea' id='block_1_73' title="bbox 2211 1401 3806 1487">
    <p class='ocr_par' dir='ltr' id='par_1_73' title="bbox 2211 1401 3806 1487">
     <span class='ocr_line' id='line_1_73' title="bbox 2211 1401 3806 1487; baseline 0.012 -33"><span class='ocrx_word' id='word_1_538' title='bbox 2211 1413 2328 1454; x_wconf 79' lang='lat' dir='ltr'><strong>mas</strong></span> <span class='ocrx_word' id='word_1_539' title='bbox 2352 1417 2382 1452; x_wconf 88' lang='lat' dir='ltr'><strong>a</strong></span> <span class='ocrx_word' id='word_1_540' title='bbox 2414 1401 2546 1466; x_wconf 88' lang='lat' dir='ltr'><strong>Deo,</strong></span> <span class='ocrx_word' id='word_1_541' title='bbox 2577 1419 2682 1458; x_wconf 89' lang='lat' dir='ltr'><strong>non</strong></span> <span class='ocrx_word' id='word_1_542' title='bbox 2723 1421 2788 1461; x_wconf 90' lang='lat' dir='ltr'><strong>ex</strong></span> <span class='ocrx_word' id='word_1_543' title='bbox 2823 1410 3110 1479; x_wconf 85' lang='lat' dir='ltr'><strong>propagine</strong></span> <span class='ocrx_word' id='word_1_544' title='bbox 3135 1410 3272 1478; x_wconf 87' lang='lat' dir='ltr'><strong>ﬁeri,</strong></span> <span class='ocrx_word' id='word_1_545' title='bbox 3301 1413 3394 1468; x_wconf 90' lang='lat' dir='ltr'><strong>sed</strong></span> <span class='ocrx_word' id='word_1_546' title='bbox 3429 1430 3593 1469; x_wconf 86' lang='lat' dir='ltr'><strong>novas</strong></span> <span class='ocrx_word' id='word_1_547' title='bbox 3625 1417 3806 1487; x_wconf 84' lang='lat' dir='ltr'><strong>singu-</strong></span> 
     </span>
    </p>
   </div>
   <div class='ocr_carea' id='block_1_74' title="bbox 2213 1493 3806 1571">
    <p class='ocr_par' dir='ltr' id='par_1_74' title="bbox 2213 1493 3806 1571">
     <span class='ocr_line' id='line_1_74' title="bbox 2213 1493 3806 1571; baseline 0.01 -24"><span class='ocrx_word' id='word_1_548' title='bbox 2213 1493 2280 1548; x_wconf 85' lang='lat' dir='ltr'><strong>lis</strong></span> <span class='ocrx_word' id='word_1_549' title='bbox 2317 1494 2596 1550; x_wconf 87' lang='lat' dir='ltr'><strong>insufﬁari.</strong></span> <span class='ocrx_word' id='word_1_550' title='bbox 2639 1497 2854 1564; x_wconf 88' lang='lat' dir='ltr'><strong>Probet,</strong></span> <span class='ocrx_word' id='word_1_551' title='bbox 2901 1501 2946 1556; x_wconf 77' lang='lat' dir='ltr'><strong>si</strong></span> <span class='ocrx_word' id='word_1_552' title='bbox 2975 1495 3168 1571; x_wconf 84' lang='lat' dir='ltr'><strong>potest,</strong></span> <span class='ocrx_word' id='word_1_553' title='bbox 3201 1513 3254 1558; x_wconf 91' lang='lat' dir='ltr'><strong>et</strong></span> <span class='ocrx_word' id='word_1_554' title='bbox 3300 1503 3508 1560; x_wconf 89' lang='lat' dir='ltr'><strong>fatebor</strong></span> <span class='ocrx_word' id='word_1_555' title='bbox 3550 1522 3636 1562; x_wconf 85' lang='lat' dir='ltr'><strong>me</strong></span> <span class='ocrx_word' id='word_1_556' title='bbox 3663 1507 3806 1562; x_wconf 83' lang='lat' dir='ltr'><strong>didi-</strong></span> 
     </span>
    </p>
   </div>
   <div class='ocr_carea' id='block_1_75' title="bbox 2211 1585 3804 1664">
    <p class='ocr_par' dir='ltr' id='par_1_75' title="bbox 2211 1585 3804 1664">
     <span class='ocr_line' id='line_1_75' title="bbox 2211 1585 3804 1664; baseline 0.009 -26"><span class='ocrx_word' id='word_1_557' title='bbox 2211 1585 2352 1639; x_wconf 86' lang='lat' dir='ltr'><strong>cisse</strong></span> <span class='ocrx_word' id='word_1_558' title='bbox 2385 1585 2452 1639; x_wconf 83' lang='lat' dir='ltr'><strong>ab</strong></span> <span class='ocrx_word' id='word_1_559' title='bbox 2480 1586 2588 1650; x_wconf 91' lang='lat' dir='ltr'><strong>illo,</strong></span> <span class='ocrx_word' id='word_1_560' title='bbox 2618 1588 2760 1657; x_wconf 87' lang='lat' dir='ltr'><strong>quod</strong></span> <span class='ocrx_word' id='word_1_561' title='bbox 2797 1606 2986 1660; x_wconf 87' lang='lat' dir='ltr'><strong>magna</strong></span> <span class='ocrx_word' id='word_1_562' title='bbox 3015 1592 3308 1650; x_wconf 88' lang='lat' dir='ltr'><strong>intentione</strong></span> <span class='ocrx_word' id='word_1_563' title='bbox 3341 1597 3664 1664; x_wconf 58' lang='lat' dir='ltr'><strong>quairebam.</strong></span> <span class='ocrx_word' id='word_1_564' title='bbox 3694 1596 3804 1652; x_wconf 85' lang='lat' dir='ltr'><strong>Sed</strong></span> 
     </span>
    </p>
   </div>
   <div class='ocr_carea' id='block_1_76' title="bbox 2211 1676 3802 1744">
    <p class='ocr_par' dir='ltr' id='par_1_76' title="bbox 2211 1676 3802 1744">
     <span class='ocr_line' id='line_1_76' title="bbox 2211 1676 3802 1744; baseline 0.01 -17"><span class='ocrx_word' id='word_1_565' title='bbox 2211 1684 2412 1744; x_wconf 70' lang='lat' dir='ltr'><strong>quaerat</strong></span> <span class='ocrx_word' id='word_1_566' title='bbox 2445 1676 2568 1743; x_wconf 85' lang='lat' dir='ltr'><strong>alia,</strong></span> <span class='ocrx_word' id='word_1_567' title='bbox 2601 1693 2666 1733; x_wconf 92' lang='lat' dir='ltr'><strong>ne</strong></span> <span class='ocrx_word' id='word_1_568' title='bbox 2708 1677 2952 1734; x_wconf 83' lang='lat' dir='ltr'><strong>fortassis</strong></span> <span class='ocrx_word' id='word_1_569' title='bbox 2981 1681 3250 1738; x_wconf 82' lang='lat' dir='ltr'><strong>inveniat:</strong></span> <span class='ocrx_word' id='word_1_570' title='bbox 3281 1699 3404 1738; x_wconf 90' lang='lat' dir='ltr'><strong>nam</strong></span> <span class='ocrx_word' id='word_1_571' title='bbox 3445 1683 3548 1741; x_wconf 89' lang='lat' dir='ltr'><strong>hoc</strong></span> <span class='ocrx_word' id='word_1_572' title='bbox 3577 1686 3694 1742; x_wconf 86' lang='lat' dir='ltr'><strong>istis</strong></span> <span class='ocrx_word' id='word_1_573' title='bbox 3721 1697 3802 1743; x_wconf 77' lang='lat' dir='ltr'><strong>to-</strong></span> 
     </span>
    </p>
   </div>
   <div class='ocr_carea' id='block_1_77' title="bbox 2211 1765 3801 1842">
    <p class='ocr_par' dir='ltr' id='par_1_77' title="bbox 2211 1765 3801 1842">
     <span class='ocr_line' id='line_1_77' title="bbox 2211 1765 3801 1842; baseline 0.007 -24"><span class='ocrx_word' id='word_1_574' title='bbox 2211 1765 2512 1833; x_wconf 84' lang='lat' dir='ltr'><strong>stimoniis,</strong></span> <span class='ocrx_word' id='word_1_575' title='bbox 2561 1783 2681 1836; x_wconf 67' lang='lat' dir='ltr'><strong>quae</strong></span> <span class='ocrx_word' id='word_1_576' title='bbox 2721 1768 2832 1838; x_wconf 80' lang='lat' dir='ltr'><strong>jam</strong></span> <span class='ocrx_word' id='word_1_577' title='bbox 2883 1772 3085 1839; x_wconf 82' lang='lat' dir='ltr'><strong>posuit,</strong></span> <span class='ocrx_word' id='word_1_578' title='bbox 3133 1789 3240 1827; x_wconf 89' lang='lat' dir='ltr'><strong>non</strong></span> <span class='ocrx_word' id='word_1_579' title='bbox 3297 1775 3557 1842; x_wconf 79' lang='lat' dir='ltr'><strong>probavit.</strong></span> <span class='ocrx_word' id='word_1_580' title='bbox 3608 1775 3801 1832; x_wconf 82' lang='lat' dir='ltr'><strong>Omnia</strong></span> 
     </span>
    </p>
   </div>
   <div class='ocr_carea' id='block_1_78' title="bbox 2211 1856 3802 1933">
    <p class='ocr_par' dir='ltr' id='par_1_78' title="bbox 2211 1856 3802 1933">
     <span class='ocr_line' id='line_1_78' title="bbox 2211 1856 3802 1933; baseline 0.009 -26"><span class='ocrx_word' id='word_1_581' title='bbox 2211 1856 2405 1926; x_wconf 89' lang='lat' dir='ltr'><strong>quippe</strong></span> <span class='ocrx_word' id='word_1_582' title='bbox 2429 1873 2546 1927; x_wconf 59' lang='lat' dir='ltr'><strong>quas</strong></span> <span class='ocrx_word' id='word_1_583' title='bbox 2575 1857 2661 1914; x_wconf 91' lang='lat' dir='ltr'><strong>hic</strong></span> <span class='ocrx_word' id='word_1_584' title='bbox 2698 1859 2959 1926; x_wconf 88' lang='lat' dir='ltr'><strong>adhibuit,</strong></span> <span class='ocrx_word' id='word_1_585' title='bbox 3001 1862 3067 1917; x_wconf 89' lang='lat' dir='ltr'><strong>ad</strong></span> <span class='ocrx_word' id='word_1_586' title='bbox 3111 1863 3310 1933; x_wconf 90' lang='lat' dir='ltr'><strong>aliquid</strong></span> <span class='ocrx_word' id='word_1_587' title='bbox 3354 1875 3501 1922; x_wconf 89' lang='lat' dir='ltr'><strong>certa</strong></span> <span class='ocrx_word' id='word_1_588' title='bbox 3548 1875 3700 1931; x_wconf 88' lang='lat' dir='ltr'><strong>sunt;</strong></span> <span class='ocrx_word' id='word_1_589' title='bbox 3733 1865 3802 1922; x_wconf 82' lang='lat' dir='ltr'><strong>ad</strong></span> 
     </span>
    </p>
   </div>
   <div class='ocr_carea' id='block_1_79' title="bbox 2213 1947 3804 2027">
    <p class='ocr_par' dir='ltr' id='par_1_79' title="bbox 2213 1947 3804 2027">
     <span class='ocr_line' id='line_1_79' title="bbox 2213 1947 3804 2027; baseline 0.007 -26"><span class='ocrx_word' id='word_1_590' title='bbox 2213 1947 2314 2002; x_wconf 90' lang='lat' dir='ltr'><strong>hoc</strong></span> <span class='ocrx_word' id='word_1_591' title='bbox 2340 1965 2488 2014; x_wconf 85' lang='lat' dir='ltr'><strong>vero,</strong></span> <span class='ocrx_word' id='word_1_592' title='bbox 2517 1951 2658 2020; x_wconf 88' lang='lat' dir='ltr'><strong>quod</strong></span> <span class='ocrx_word' id='word_1_593' title='bbox 2701 1951 2770 2008; x_wconf 90' lang='lat' dir='ltr'><strong>de</strong></span> <span class='ocrx_word' id='word_1_594' title='bbox 2810 1954 3002 2014; x_wconf 76' lang='lat' dir='ltr'><strong>anima:</strong></span> <span class='ocrx_word' id='word_1_595' title='bbox 3039 1955 3244 2026; x_wconf 81' lang='lat' dir='ltr'><strong>origine</strong></span> <span class='ocrx_word' id='word_1_596' title='bbox 3272 1959 3548 2027; x_wconf 70' lang='lat' dir='ltr'><strong>quatritur,</strong></span> <span class='ocrx_word' id='word_1_597' title='bbox 3579 1959 3804 2014; x_wconf 83' lang='lat' dir='ltr'><strong>demon-</strong></span> 
     </span>
    </p>
   </div>
   <div class='ocr_carea' id='block_1_80' title="bbox 2209 2045 3806 2115">
    <p class='ocr_par' dir='ltr' id='par_1_80' title="bbox 2209 2045 3806 2115">
     <span class='ocr_line' id='line_1_80' title="bbox 2209 2045 3806 2115; baseline 0.005 -17"><span class='ocrx_word' id='word_1_598' title='bbox 2209 2051 2447 2098; x_wconf 89' lang='lat' dir='ltr'><strong>strantur</strong></span> <span class='ocrx_word' id='word_1_599' title='bbox 2485 2045 2750 2115; x_wconf 83' lang='lat' dir='ltr'><strong>ambigua.</strong></span> <span class='ocrx_word' id='word_1_600' title='bbox 2791 2045 3010 2101; x_wconf 90' lang='lat' dir='ltr'><strong>Certum</strong></span> <span class='ocrx_word' id='word_1_601' title='bbox 3057 2057 3139 2102; x_wconf 92' lang='lat' dir='ltr'><strong>est</strong></span> <span class='ocrx_word' id='word_1_602' title='bbox 3187 2049 3329 2104; x_wconf 89' lang='lat' dir='ltr'><strong>enim</strong></span> <span class='ocrx_word' id='word_1_603' title='bbox 3379 2051 3542 2106; x_wconf 89' lang='lat' dir='ltr'><strong>Deum</strong></span> <span class='ocrx_word' id='word_1_604' title='bbox 3583 2050 3806 2106; x_wconf 76' lang='lat' dir='ltr'><strong>dedisse</strong></span> 
     </span>
    </p>
   </div>
   <div class='ocr_carea' id='block_1_81' title="bbox 2213 2134 3803 2210">
    <p class='ocr_par' dir='ltr' id='par_1_81' title="bbox 2213 2134 3803 2210">
     <span class='ocr_line' id='line_1_81' title="bbox 2213 2134 3803 2210; baseline 0.006 -24"><span class='ocrx_word' id='word_1_605' title='bbox 2213 2134 2513 2190; x_wconf 88' lang='lat' dir='ltr'><strong>hominibus</strong></span> <span class='ocrx_word' id='word_1_606' title='bbox 2551 2135 2732 2190; x_wconf 80' lang='lat' dir='ltr'><strong>ﬂatum</strong></span> <span class='ocrx_word' id='word_1_607' title='bbox 2763 2145 2820 2192; x_wconf 79' lang='lat' dir='ltr'><strong>et</strong></span> <span class='ocrx_word' id='word_1_608' title='bbox 2857 2139 3124 2208; x_wconf 81' lang='lat' dir='ltr'><strong>Spiritum,</strong></span> <span class='ocrx_word' id='word_1_609' title='bbox 3154 2139 3368 2194; x_wconf 88' lang='lat' dir='ltr'><strong>dicente</strong></span> <span class='ocrx_word' id='word_1_610' title='bbox 3393 2141 3671 2210; x_wconf 83' lang='lat' dir='ltr'><strong>propheta,</strong></span> <span class='ocrx_word' id='word_1_611' title='bbox 3705 2143 3803 2198; x_wconf 82' lang='lat' dir='ltr'><strong>Sic</strong></span> 
     </span>
    </p>
   </div>
   <div class='ocr_carea' id='block_1_82' title="bbox 2209 2226 3806 2304">
    <p class='ocr_par' dir='ltr' id='par_1_82' title="bbox 2209 2226 3806 2304">
     <span class='ocr_line' id='line_1_82' title="bbox 2209 2226 3806 2304; baseline 0.006 -26"><span class='ocrx_word' id='word_1_612' title='bbox 2209 2226 2330 2280; x_wconf 84' lang='lat' dir='ltr'><strong>dicit</strong></span> <span class='ocrx_word' id='word_1_613' title='bbox 2361 2226 2605 2282; x_wconf 78' lang='lat' dir='ltr'><strong>Dominus</strong></span> <span class='ocrx_word' id='word_1_614' title='bbox 2643 2232 2729 2300; x_wconf 85' lang='lat' dir='ltr'><strong>qui</strong></span> <span class='ocrx_word' id='word_1_615' title='bbox 2755 2231 2873 2300; x_wconf 76' lang='lat' dir='ltr'><strong>fecit</strong></span> <span class='ocrx_word' id='word_1_616' title='bbox 2912 2231 3117 2296; x_wconf 71' lang='lat' dir='ltr'><strong>caelum,</strong></span> <span class='ocrx_word' id='word_1_617' title='bbox 3161 2243 3213 2288; x_wconf 82' lang='lat' dir='ltr'><strong>et</strong></span> <span class='ocrx_word' id='word_1_618' title='bbox 3242 2234 3474 2304; x_wconf 75' lang='lat' dir='ltr'><strong>fundauit</strong></span> <span class='ocrx_word' id='word_1_619' title='bbox 3503 2245 3708 2297; x_wconf 88' lang='lat' dir='ltr'><strong>terram,</strong></span> <span class='ocrx_word' id='word_1_620' title='bbox 3753 2246 3806 2288; x_wconf 78' lang='lat' dir='ltr'><strong>rt</strong></span> 
     </span>
    </p>
   </div>
   <div class='ocr_carea' id='block_1_83' title="bbox 2208 2319 3804 2394">
    <p class='ocr_par' dir='ltr' id='par_1_83' title="bbox 2208 2319 3804 2394">
     <span class='ocr_line' id='line_1_83' title="bbox 2208 2319 3804 2394; baseline 0.005 -24"><span class='ocrx_word' id='word_1_621' title='bbox 2208 2333 2322 2386; x_wconf 79' lang='lat' dir='ltr'><strong>qua:</strong></span> <span class='ocrx_word' id='word_1_622' title='bbox 2347 2329 2462 2372; x_wconf 86' lang='lat' dir='ltr'><strong>sunt</strong></span> <span class='ocrx_word' id='word_1_623' title='bbox 2493 2319 2544 2372; x_wconf 88' lang='lat' dir='ltr'><strong>in</strong></span> <span class='ocrx_word' id='word_1_624' title='bbox 2587 2337 2666 2386; x_wconf 84' lang='lat' dir='ltr'><strong>ea,</strong></span> <span class='ocrx_word' id='word_1_625' title='bbox 2709 2322 2794 2390; x_wconf 88' lang='lat' dir='ltr'><strong>qui</strong></span> <span class='ocrx_word' id='word_1_626' title='bbox 2823 2321 2910 2374; x_wconf 76' lang='lat' dir='ltr'><strong>dat</strong></span> <span class='ocrx_word' id='word_1_627' title='bbox 2948 2323 3126 2390; x_wconf 79' lang='lat' dir='ltr'><strong>ﬂatum</strong></span> <span class='ocrx_word' id='word_1_628' title='bbox 3155 2324 3344 2394; x_wconf 87' lang='lat' dir='ltr'><strong>populo</strong></span> <span class='ocrx_word' id='word_1_629' title='bbox 3388 2339 3538 2394; x_wconf 78' lang='lat' dir='ltr'><strong>super</strong></span> <span class='ocrx_word' id='word_1_630' title='bbox 3575 2341 3707 2390; x_wconf 80' lang='lat' dir='ltr'><strong>eam,</strong></span> <span class='ocrx_word' id='word_1_631' title='bbox 3749 2337 3804 2380; x_wconf 78' lang='lat' dir='ltr'><strong>es</strong></span> 
     </span>
    </p>
   </div>
   <div class='ocr_carea' id='block_1_84' title="bbox 2209 2409 3799 2484">
    <p class='ocr_par' dir='ltr' id='par_1_84' title="bbox 2209 2409 3799 2484">
     <span class='ocr_line' id='line_1_84' title="bbox 2209 2409 3799 2484; baseline 0.004 -24"><span class='ocrx_word' id='word_1_632' title='bbox 2209 2409 2440 2477; x_wconf 78' lang='lat' dir='ltr'><strong>spiritum</strong></span> <span class='ocrx_word' id='word_1_633' title='bbox 2461 2411 2768 2466; x_wconf 75' lang='lat' dir='ltr'><strong>calcantibus</strong></span> <span class='ocrx_word' id='word_1_634' title='bbox 2799 2429 2908 2466; x_wconf 76' lang='lat' dir='ltr'><strong>eaut</strong></span> <span class='ocrx_word' id='word_1_635' title='bbox 2943 2411 3089 2483; x_wconf 84' lang='lat' dir='ltr'><strong>(lsai.</strong></span> <span class='ocrx_word' id='word_1_636' title='bbox 3122 2430 3248 2478; x_wconf 77' lang='lat' dir='ltr'><strong>stat,</strong></span> <span class='ocrx_word' id='word_1_637' title='bbox 3277 2415 3356 2484; x_wconf 86' lang='lat'><strong>5).</strong></span> <span class='ocrx_word' id='word_1_638' title='bbox 3398 2415 3508 2470; x_wconf 91' lang='lat' dir='ltr'><strong>lloc</strong></span> <span class='ocrx_word' id='word_1_639' title='bbox 3551 2417 3799 2472; x_wconf 70' lang='lat' dir='ltr'><strong>testimo-</strong></span> 
     </span>
    </p>
   </div>
   <div class='ocr_carea' id='block_1_85' title="bbox 2211 2501 3804 2579">
    <p class='ocr_par' dir='ltr' id='par_1_85' title="bbox 2211 2501 3804 2579">
     <span class='ocr_line' id='line_1_85' title="bbox 2211 2501 3804 2579; baseline 0.008 -26"><span class='ocrx_word' id='word_1_640' title='bbox 2211 2501 2354 2556; x_wconf 89' lang='lat' dir='ltr'><strong>nium</strong></span> <span class='ocrx_word' id='word_1_641' title='bbox 2378 2502 2476 2556; x_wconf 88' lang='lat' dir='ltr'><strong>iste</strong></span> <span class='ocrx_word' id='word_1_642' title='bbox 2503 2503 2554 2557; x_wconf 90' lang='lat' dir='ltr'><strong>in</strong></span> <span class='ocrx_word' id='word_1_643' title='bbox 2584 2519 2702 2560; x_wconf 86' lang='lat' dir='ltr'><strong>eam</strong></span> <span class='ocrx_word' id='word_1_644' title='bbox 2723 2505 3042 2560; x_wconf 80' lang='lat' dir='ltr'><strong>sententiam</strong></span> <span class='ocrx_word' id='word_1_645' title='bbox 3075 2507 3185 2562; x_wconf 90' lang='lat' dir='ltr'><strong>vult</strong></span> <span class='ocrx_word' id='word_1_646' title='bbox 3214 2508 3404 2578; x_wconf 86' lang='lat' dir='ltr'><strong>accipi,</strong></span> <span class='ocrx_word' id='word_1_647' title='bbox 3435 2523 3592 2579; x_wconf 87' lang='lat' dir='ltr'><strong>quam</strong></span> <span class='ocrx_word' id='word_1_648' title='bbox 3613 2509 3804 2566; x_wconf 87' lang='lat' dir='ltr'><strong>defen-</strong></span> 
     </span>
    </p>
   </div>
   <div class='ocr_carea' id='block_1_86' title="bbox 2207 2592 3804 2672">
    <p class='ocr_par' dir='ltr' id='par_1_86' title="bbox 2207 2592 3804 2672">
     <span class='ocr_line' id='line_1_86' title="bbox 2207 2592 3804 2672; baseline 0.008 -26"><span class='ocrx_word' id='word_1_649' title='bbox 2207 2592 2304 2656; x_wconf 90' lang='lat' dir='ltr'><strong>dit,</strong></span> <span class='ocrx_word' id='word_1_650' title='bbox 2337 2593 2556 2664; x_wconf 89' lang='lat' dir='ltr'><strong>utquod</strong></span> <span class='ocrx_word' id='word_1_651' title='bbox 2588 2596 2680 2659; x_wconf 87' lang='lat' dir='ltr'><strong>ait,</strong></span> <span class='ocrx_word' id='word_1_652' title='bbox 2710 2596 2798 2649; x_wconf 79' lang='lat' dir='ltr'><strong>dat</strong></span> <span class='ocrx_word' id='word_1_653' title='bbox 2820 2598 2998 2666; x_wconf 81' lang='lat' dir='ltr'><strong>[latum</strong></span> <span class='ocrx_word' id='word_1_654' title='bbox 3029 2598 3236 2668; x_wconf 85' lang='lat' dir='ltr'><strong>papula,</strong></span> <span class='ocrx_word' id='word_1_655' title='bbox 3283 2615 3388 2654; x_wconf 89' lang='lat' dir='ltr'><strong>non</strong></span> <span class='ocrx_word' id='word_1_656' title='bbox 3416 2615 3479 2656; x_wconf 86' lang='lat' dir='ltr'><strong>ex</strong></span> <span class='ocrx_word' id='word_1_657' title='bbox 3509 2601 3804 2672; x_wconf 82' lang='lat' dir='ltr'><strong>propagine</strong></span> 
     </span>
    </p>
   </div>
   <div class='ocr_carea' id='block_1_87' title="bbox 2209 2681 3798 2756">
    <p class='ocr_par' dir='ltr' id='par_1_87' title="bbox 2209 2681 3798 2756">
     <span class='ocr_line' id='line_1_87' title="bbox 2209 2681 3798 2756; baseline 0.007 -20"><span class='ocrx_word' id='word_1_658' title='bbox 2209 2681 2384 2739; x_wconf 82' lang='lat' dir='ltr'><strong>facere</strong></span> <span class='ocrx_word' id='word_1_659' title='bbox 2413 2686 2618 2740; x_wconf 88' lang='lat' dir='ltr'><strong>animas</strong></span> <span class='ocrx_word' id='word_1_660' title='bbox 2644 2687 2856 2756; x_wconf 89' lang='lat' dir='ltr'><strong>populo,</strong></span> <span class='ocrx_word' id='word_1_661' title='bbox 2885 2688 2978 2742; x_wconf 91' lang='lat' dir='ltr'><strong>sed</strong></span> <span class='ocrx_word' id='word_1_662' title='bbox 3021 2704 3186 2742; x_wconf 88' lang='lat' dir='ltr'><strong>novas</strong></span> <span class='ocrx_word' id='word_1_663' title='bbox 3225 2689 3498 2746; x_wconf 85' lang='lat' dir='ltr'><strong>insufflare</strong></span> <span class='ocrx_word' id='word_1_664' title='bbox 3523 2691 3798 2747; x_wconf 86' lang='lat' dir='ltr'><strong>credatur.</strong></span> 
     </span>
    </p>
   </div>
   <div class='ocr_carea' id='block_1_88' title="bbox 2209 2774 3798 2846">
    <p class='ocr_par' dir='ltr' id='par_1_88' title="bbox 2209 2774 3798 2846">
     <span class='ocr_line' id='line_1_88' title="bbox 2209 2774 3798 2846; baseline 0.005 -18"><span class='ocrx_word' id='word_1_665' title='bbox 2209 2774 2416 2829; x_wconf 86' lang='lat' dir='ltr'><strong>Audeat</strong></span> <span class='ocrx_word' id='word_1_666' title='bbox 2443 2790 2570 2845; x_wconf 87' lang='lat' dir='ltr'><strong>ergo</strong></span> <span class='ocrx_word' id='word_1_667' title='bbox 2601 2777 2778 2831; x_wconf 83' lang='lat' dir='ltr'><strong>dicere</strong></span> <span class='ocrx_word' id='word_1_668' title='bbox 2799 2793 2906 2832; x_wconf 91' lang='lat' dir='ltr'><strong>non</strong></span> <span class='ocrx_word' id='word_1_669' title='bbox 2935 2778 3106 2846; x_wconf 89' lang='lat' dir='ltr'><strong>ipsum</strong></span> <span class='ocrx_word' id='word_1_670' title='bbox 3139 2779 3290 2834; x_wconf 89' lang='lat' dir='ltr'><strong>nobis</strong></span> <span class='ocrx_word' id='word_1_671' title='bbox 3315 2780 3526 2836; x_wconf 88' lang='lat' dir='ltr'><strong>dedisse</strong></span> <span class='ocrx_word' id='word_1_672' title='bbox 3551 2797 3798 2844; x_wconf 63' lang='lat' dir='ltr'><strong>carnem.</strong></span> 
     </span>
    </p>
   </div>
   <div class='ocr_carea' id='block_1_89' title="bbox 2209 2865 3774 2936">
    <p class='ocr_par' dir='ltr' id='par_1_89' title="bbox 2209 2865 3774 2936">
     <span class='ocr_line' id='line_1_89' title="bbox 2209 2865 3774 2936; baseline 0.007 -19"><span class='ocrx_word' id='word_1_673' title='bbox 2209 2865 2330 2934; x_wconf 87' lang='lat' dir='ltr'><strong>quia</strong></span> <span class='ocrx_word' id='word_1_674' title='bbox 2358 2865 2425 2920; x_wconf 90' lang='lat' dir='ltr'><strong>de</strong></span> <span class='ocrx_word' id='word_1_675' title='bbox 2452 2868 2758 2935; x_wconf 83' lang='lat' dir='ltr'><strong>parentibus</strong></span> <span class='ocrx_word' id='word_1_676' title='bbox 2797 2869 2947 2936; x_wconf 88' lang='lat' dir='ltr'><strong>origo</strong></span> <span class='ocrx_word' id='word_1_677' title='bbox 2987 2871 3163 2925; x_wconf 84' lang='lat' dir='ltr'><strong>carnis</strong></span> <span class='ocrx_word' id='word_1_678' title='bbox 3191 2881 3414 2928; x_wconf 87' lang='lat' dir='ltr'><strong>attracta</strong></span> <span class='ocrx_word' id='word_1_679' title='bbox 3454 2881 3556 2928; x_wconf 89' lang='lat' dir='ltr'><strong>est.</strong></span> <span class='ocrx_word' id='word_1_680' title='bbox 3600 2873 3666 2929; x_wconf 86' lang='lat' dir='ltr'><strong>Et</strong></span> <span class='ocrx_word' id='word_1_681' title='bbox 3705 2875 3774 2928; x_wconf 82' lang='lat' dir='ltr'><strong>ul-</strong></span> 
     </span>
    </p>
   </div>
   <div class='ocr_carea' id='block_1_90' title="bbox 2207 2957 3802 3034">
    <p class='ocr_par' dir='ltr' id='par_1_90' title="bbox 2207 2957 3802 3034">
     <span class='ocr_line' id='line_1_90' title="bbox 2207 2957 3802 3034; baseline 0.005 -23"><span class='ocrx_word' id='word_1_682' title='bbox 2207 2957 2282 3012; x_wconf 84' lang='lat' dir='ltr'><strong>ait</strong></span> <span class='ocrx_word' id='word_1_683' title='bbox 2311 2957 2598 3025; x_wconf 84' lang='lat' dir='ltr'><strong>Apostolus</strong></span> <span class='ocrx_word' id='word_1_684' title='bbox 2627 2959 2696 3011; x_wconf 89' lang='lat' dir='ltr'><strong>de</strong></span> <span class='ocrx_word' id='word_1_685' title='bbox 2739 2958 2988 3014; x_wconf 87' lang='lat' dir='ltr'><strong>frumenti</strong></span> <span class='ocrx_word' id='word_1_686' title='bbox 3019 2975 3205 3030; x_wconf 87' lang='lat' dir='ltr'><strong>grano,</strong></span> <span class='ocrx_word' id='word_1_687' title='bbox 3239 2961 3372 3016; x_wconf 82' lang='lat' dir='ltr'><strong>Deus</strong></span> <span class='ocrx_word' id='word_1_688' title='bbox 3399 2961 3477 3016; x_wconf 88' lang='lat' dir='ltr'><strong>illi</strong></span> <span class='ocrx_word' id='word_1_689' title='bbox 3503 2964 3592 3018; x_wconf 85' lang='lat' dir='ltr'><strong>dat</strong></span> <span class='ocrx_word' id='word_1_690' title='bbox 3611 2981 3802 3034; x_wconf 81' lang='lat' dir='ltr'><strong>corpus</strong></span> 
     </span>
    </p>
   </div>
   <div class='ocr_carea' id='block_1_91' title="bbox 2207 3047 3798 3123">
    <p class='ocr_par' dir='ltr' id='par_1_91' title="bbox 2207 3047 3798 3123">
     <span class='ocr_line' id='line_1_91' title="bbox 2207 3047 3798 3123; baseline 0.006 -23"><span class='ocrx_word' id='word_1_691' title='bbox 2207 3047 2456 3114; x_wconf 85' lang='lat' dir='ltr'><strong>quomodo</strong></span> <span class='ocrx_word' id='word_1_692' title='bbox 2491 3047 2704 3102; x_wconf 81' lang='lat' dir='ltr'><strong>voluerit</strong></span> <span class='ocrx_word' id='word_1_693' title='bbox 2737 3050 2779 3119; x_wconf 86' lang='lat' dir='ltr'><strong>(l</strong></span> <span class='ocrx_word' id='word_1_694' title='bbox 2799 3048 2913 3104; x_wconf 86' lang='lat' dir='ltr'><strong>Cor.</strong></span> <span class='ocrx_word' id='word_1_695' title='bbox 2953 3067 3046 3116; x_wconf 87' lang='lat' dir='ltr'><strong>xv,</strong></span> <span class='ocrx_word' id='word_1_696' title='bbox 3081 3051 3172 3122; x_wconf 72' lang='lat'><strong>58)</strong></span> <span class='ocrx_word' id='word_1_697' title='bbox 3197 3071 3210 3114; x_wconf 84' lang='lat'><strong>-,</strong></span> <span class='ocrx_word' id='word_1_698' title='bbox 3237 3063 3412 3123; x_wconf 88' lang='lat' dir='ltr'><strong>neget,</strong></span> <span class='ocrx_word' id='word_1_699' title='bbox 3443 3054 3488 3108; x_wconf 92' lang='lat' dir='ltr'><strong>si</strong></span> <span class='ocrx_word' id='word_1_700' title='bbox 3518 3055 3698 3118; x_wconf 88' lang='lat' dir='ltr'><strong>audet,</strong></span> <span class='ocrx_word' id='word_1_701' title='bbox 3723 3056 3798 3112; x_wconf 86' lang='lat' dir='ltr'><strong>de</strong></span> 
     </span>
    </p>
   </div>
   <div class='ocr_carea' id='block_1_92' title="bbox 2209 3139 3804 3214">
    <p class='ocr_par' dir='ltr' id='par_1_92' title="bbox 2209 3139 3804 3214">
     <span class='ocr_line' id='line_1_92' title="bbox 2209 3139 3804 3214; baseline 0.008 -22"><span class='ocrx_word' id='word_1_702' title='bbox 2209 3139 2384 3193; x_wconf 87' lang='lat' dir='ltr'><strong>tritico</strong></span> <span class='ocrx_word' id='word_1_703' title='bbox 2411 3140 2640 3194; x_wconf 76' lang='lat' dir='ltr'><strong>triticum</strong></span> <span class='ocrx_word' id='word_1_704' title='bbox 2672 3143 2836 3203; x_wconf 87' lang='lat' dir='ltr'><strong>nasci.</strong></span> <span class='ocrx_word' id='word_1_705' title='bbox 2865 3153 2918 3197; x_wconf 89' lang='lat' dir='ltr'><strong>et</strong></span> <span class='ocrx_word' id='word_1_706' title='bbox 2950 3143 3164 3198; x_wconf 85' lang='lat' dir='ltr'><strong>herbam</strong></span> <span class='ocrx_word' id='word_1_707' title='bbox 3192 3143 3308 3214; x_wconf 86' lang='lat' dir='ltr'><strong>ejus</strong></span> <span class='ocrx_word' id='word_1_708' title='bbox 3349 3161 3421 3200; x_wconf 84' lang='lat' dir='ltr'><strong>ex</strong></span> <span class='ocrx_word' id='word_1_709' title='bbox 3463 3148 3670 3203; x_wconf 88' lang='lat' dir='ltr'><strong>semine</strong></span> <span class='ocrx_word' id='word_1_710' title='bbox 3709 3163 3804 3204; x_wconf 86' lang='lat' dir='ltr'><strong>se-</strong></span> 
     </span>
    </p>
   </div>
   <div class='ocr_carea' id='block_1_93' title="bbox 2207 3230 3801 3310">
    <p class='ocr_par' dir='ltr' id='par_1_93' title="bbox 2207 3230 3801 3310">
     <span class='ocr_line' id='line_1_93' title="bbox 2207 3230 3801 3310; baseline 0.007 -29"><span class='ocrx_word' id='word_1_711' title='bbox 2207 3230 2437 3282; x_wconf 91' lang='lat' dir='ltr'><strong>cundum</strong></span> <span class='ocrx_word' id='word_1_712' title='bbox 2463 3245 2649 3300; x_wconf 89' lang='lat' dir='ltr'><strong>genus.</strong></span> <span class='ocrx_word' id='word_1_713' title='bbox 2681 3231 2832 3298; x_wconf 86' lang='lat' dir='ltr'><strong>Quod</strong></span> <span class='ocrx_word' id='word_1_714' title='bbox 2861 3233 2902 3286; x_wconf 93' lang='lat' dir='ltr'><strong>si</strong></span> <span class='ocrx_word' id='word_1_715' title='bbox 2938 3249 3132 3303; x_wconf 86' lang='lat' dir='ltr'><strong>negare</strong></span> <span class='ocrx_word' id='word_1_716' title='bbox 3159 3251 3260 3288; x_wconf 91' lang='lat' dir='ltr'><strong>non</strong></span> <span class='ocrx_word' id='word_1_717' title='bbox 3293 3235 3486 3302; x_wconf 89' lang='lat' dir='ltr'><strong>audet;</strong></span> <span class='ocrx_word' id='word_1_718' title='bbox 3521 3236 3664 3294; x_wconf 88' lang='lat' dir='ltr'><strong>unde</strong></span> <span class='ocrx_word' id='word_1_719' title='bbox 3694 3239 3801 3310; x_wconf 87' lang='lat' dir='ltr'><strong>igi-</strong></span> 
     </span>
    </p>
   </div>
   <div class='ocr_carea' id='block_1_94' title="bbox 2211 3320 3804 3400">
    <p class='ocr_par' dir='ltr' id='par_1_94' title="bbox 2211 3320 3804 3400">
     <span class='ocr_line' id='line_1_94' title="bbox 2211 3320 3804 3400; baseline 0.009 -28"><span class='ocrx_word' id='word_1_720' title='bbox 2211 3327 2296 3372; x_wconf 91' lang='lat' dir='ltr'><strong>tur</strong></span> <span class='ocrx_word' id='word_1_721' title='bbox 2347 3320 2448 3374; x_wconf 88' lang='lat' dir='ltr'><strong>scit</strong></span> <span class='ocrx_word' id='word_1_722' title='bbox 2493 3321 2763 3390; x_wconf 85' lang='lat' dir='ltr'><strong>quomodo</strong></span> <span class='ocrx_word' id='word_1_723' title='bbox 2814 3322 3012 3378; x_wconf 90' lang='lat' dir='ltr'><strong>dictum</strong></span> <span class='ocrx_word' id='word_1_724' title='bbox 3058 3325 3146 3390; x_wconf 88' lang='lat' dir='ltr'><strong>sit,</strong></span> <span class='ocrx_word' id='word_1_725' title='bbox 3205 3327 3293 3380; x_wconf 78' lang='lat' dir='ltr'><strong>dat</strong></span> <span class='ocrx_word' id='word_1_726' title='bbox 3331 3328 3512 3397; x_wconf 76' lang='lat' dir='ltr'><strong>ﬂatum</strong></span> <span class='ocrx_word' id='word_1_727' title='bbox 3567 3331 3804 3400; x_wconf 88' lang='lat' dir='ltr'><strong>populo:</strong></span> 
     </span>
    </p>
   </div>
   <div class='ocr_carea' id='block_1_95' title="bbox 2208 3412 3798 3486">
    <p class='ocr_par' dir='ltr' id='par_1_95' title="bbox 2208 3412 3798 3486">
     <span class='ocr_line' id='line_1_95' title="bbox 2208 3412 3798 3486; baseline 0.01 -23"><span class='ocrx_word' id='word_1_728' title='bbox 2208 3419 2383 3464; x_wconf 88' lang='lat' dir='ltr'><strong>utrum</strong></span> <span class='ocrx_word' id='word_1_729' title='bbox 2421 3427 2542 3466; x_wconf 89' lang='lat' dir='ltr'><strong>eum</strong></span> <span class='ocrx_word' id='word_1_730' title='bbox 2573 3412 2788 3469; x_wconf 87' lang='lat' dir='ltr'><strong>trahens</strong></span> <span class='ocrx_word' id='word_1_731' title='bbox 2815 3413 2884 3470; x_wconf 90' lang='lat' dir='ltr'><strong>de</strong></span> <span class='ocrx_word' id='word_1_732' title='bbox 2915 3418 3242 3486; x_wconf 88' lang='lat' dir='ltr'><strong>parentibus,</strong></span> <span class='ocrx_word' id='word_1_733' title='bbox 3289 3435 3354 3474; x_wconf 89' lang='lat' dir='ltr'><strong>an</strong></span> <span class='ocrx_word' id='word_1_734' title='bbox 3389 3421 3666 3478; x_wconf 82' lang='lat' dir='ltr'><strong>insufﬁans</strong></span> <span class='ocrx_word' id='word_1_735' title='bbox 3691 3439 3798 3478; x_wconf 87' lang='lat' dir='ltr'><strong>no-</strong></span> 
     </span>
    </p>
   </div>
   <div class='ocr_carea' id='block_1_96' title="bbox 2207 3502 2370 3556">
    <p class='ocr_par' dir='ltr' id='par_1_96' title="bbox 2207 3502 2370 3556">
     <span class='ocr_line' id='line_1_96' title="bbox 2207 3502 2370 3556; baseline 0 0"><span class='ocrx_word' id='word_1_736' title='bbox 2207 3502 2370 3556; x_wconf 74' lang='grc' dir='ltr'><strong>νηηιῖ</strong></span> 
     </span>
    </p>
   </div>
   <div class='ocr_carea' id='block_1_97' title="bbox 2281 3597 3800 3676">
    <p class='ocr_par' dir='ltr' id='par_1_97' title="bbox 2281 3597 3800 3676">
     <span class='ocr_line' id='line_1_97' title="bbox 2281 3597 3800 3676; baseline 0.009 -25"><span class='ocrx_word' id='word_1_737' title='bbox 2281 3597 2364 3652; x_wconf 79' lang='lat' dir='ltr'><strong>l8.</strong></span> <span class='ocrx_word' id='word_1_738' title='bbox 2398 3597 2554 3654; x_wconf 86' lang='lat' dir='ltr'><strong>Unde</strong></span> <span class='ocrx_word' id='word_1_739' title='bbox 2573 3599 2731 3655; x_wconf 87' lang='lat' dir='ltr'><strong>etiam</strong></span> <span class='ocrx_word' id='word_1_740' title='bbox 2759 3603 2892 3670; x_wconf 86' lang='lat' dir='ltr'><strong>scit,</strong></span> <span class='ocrx_word' id='word_1_741' title='bbox 2926 3611 3099 3658; x_wconf 88' lang='lat' dir='ltr'><strong>utrum</strong></span> <span class='ocrx_word' id='word_1_742' title='bbox 3129 3606 3374 3675; x_wconf 87' lang='lat' dir='ltr'><strong>repetitio</strong></span> <span class='ocrx_word' id='word_1_743' title='bbox 3403 3607 3679 3663; x_wconf 66' lang='lat' dir='ltr'><strong>sententir</strong></span> <span class='ocrx_word' id='word_1_744' title='bbox 3703 3609 3800 3676; x_wconf 86' lang='lat' dir='ltr'><strong>sit,</strong></span> 
     </span>
    </p>
   </div>
   <div class='ocr_carea' id='block_1_98' title="bbox 2211 3689 3804 3770">
    <p class='ocr_par' dir='ltr' id='par_1_98' title="bbox 2211 3689 3804 3770">
     <span class='ocr_line' id='line_1_98' title="bbox 2211 3689 3804 3770; baseline 0.01 -28"><span class='ocrx_word' id='word_1_745' title='bbox 2211 3689 2310 3756; x_wconf 83' lang='lat' dir='ltr'><strong>Qui</strong></span> <span class='ocrx_word' id='word_1_746' title='bbox 2337 3689 2422 3744; x_wconf 83' lang='lat' dir='ltr'><strong>dat</strong></span> <span class='ocrx_word' id='word_1_747' title='bbox 2446 3693 2628 3762; x_wconf 79' lang='lat' dir='ltr'><strong>ﬂatum</strong></span> <span class='ocrx_word' id='word_1_748' title='bbox 2671 3695 2858 3765; x_wconf 87' lang='lat' dir='ltr'><strong>populo</strong></span> <span class='ocrx_word' id='word_1_749' title='bbox 2888 3713 3042 3768; x_wconf 80' lang='lat' dir='ltr'><strong>super</strong></span> <span class='ocrx_word' id='word_1_750' title='bbox 3067 3713 3178 3752; x_wconf 81' lang='lat' dir='ltr'><strong>eam</strong></span> <span class='ocrx_word' id='word_1_751' title='bbox 3197 3739 3212 3764; x_wconf 94' lang='lat'><strong>,</strong></span> <span class='ocrx_word' id='word_1_752' title='bbox 3245 3707 3290 3752; x_wconf 84' lang='lat' dir='ltr'><strong>et</strong></span> <span class='ocrx_word' id='word_1_753' title='bbox 3336 3700 3567 3770; x_wconf 79' lang='lat' dir='ltr'><strong>spiritum</strong></span> <span class='ocrx_word' id='word_1_754' title='bbox 3589 3701 3804 3757; x_wconf 81' lang='lat' dir='ltr'><strong>calcan-</strong></span> 
     </span>
    </p>
   </div>
   <div class='ocr_carea' id='block_1_99' title="bbox 2209 3781 3806 3860">
    <p class='ocr_par' dir='ltr' id='par_1_99' title="bbox 2209 3781 3806 3860">
     <span class='ocr_line' id='line_1_99' title="bbox 2209 3781 3806 3860; baseline 0.01 -28"><span class='ocrx_word' id='word_1_755' title='bbox 2209 3781 2340 3835; x_wconf 88' lang='lat' dir='ltr'><strong>tibus</strong></span> <span class='ocrx_word' id='word_1_756' title='bbox 2359 3797 2468 3835; x_wconf 85' lang='lat' dir='ltr'><strong>eam</strong></span> <span class='ocrx_word' id='word_1_757' title='bbox 2487 3783 2652 3839; x_wconf 86' lang='lat' dir='ltr'><strong>:utde</strong></span> <span class='ocrx_word' id='word_1_758' title='bbox 2671 3800 2774 3839; x_wconf 89' lang='lat' dir='ltr'><strong>una</strong></span> <span class='ocrx_word' id='word_1_759' title='bbox 2792 3801 2850 3840; x_wconf 94' lang='lat' dir='ltr'><strong>re</strong></span> <span class='ocrx_word' id='word_1_760' title='bbox 2873 3796 3152 3858; x_wconf 91' lang='lat' dir='ltr'><strong>utrumque</strong></span> <span class='ocrx_word' id='word_1_761' title='bbox 3168 3788 3366 3844; x_wconf 89' lang='lat' dir='ltr'><strong>dictum</strong></span> <span class='ocrx_word' id='word_1_762' title='bbox 3387 3789 3726 3860; x_wconf 87' lang='lat' dir='ltr'><strong>intelligatur,</strong></span> <span class='ocrx_word' id='word_1_763' title='bbox 3746 3803 3806 3848; x_wconf 83' lang='lat' dir='ltr'><strong>et</strong></span> 
     </span>
    </p>
   </div>
   <div class='ocr_carea' id='block_1_100' title="bbox 2209 3873 3802 3952">
    <p class='ocr_par' dir='ltr' id='par_1_100' title="bbox 2209 3873 3802 3952">
     <span class='ocr_line' id='line_1_100' title="bbox 2209 3873 3802 3952; baseline 0.009 -27"><span class='ocrx_word' id='word_1_764' title='bbox 2209 3887 2313 3926; x_wconf 90' lang='lat' dir='ltr'><strong>non</strong></span> <span class='ocrx_word' id='word_1_765' title='bbox 2345 3873 2576 3928; x_wconf 87' lang='lat' dir='ltr'><strong>animam</strong></span> <span class='ocrx_word' id='word_1_766' title='bbox 2616 3877 2698 3931; x_wconf 89' lang='lat' dir='ltr'><strong>vel</strong></span> <span class='ocrx_word' id='word_1_767' title='bbox 2759 3877 3002 3946; x_wconf 88' lang='lat' dir='ltr'><strong>spiritum</strong></span> <span class='ocrx_word' id='word_1_768' title='bbox 3039 3895 3144 3948; x_wconf 88' lang='lat' dir='ltr'><strong>quo</strong></span> <span class='ocrx_word' id='word_1_769' title='bbox 3161 3890 3348 3935; x_wconf 86' lang='lat' dir='ltr'><strong>natura</strong></span> <span class='ocrx_word' id='word_1_770' title='bbox 3378 3883 3506 3937; x_wconf 89' lang='lat' dir='ltr'><strong>vivit</strong></span> <span class='ocrx_word' id='word_1_771' title='bbox 3543 3883 3802 3952; x_wconf 86' lang='lat' dir='ltr'><strong>humana,</strong></span> 
     </span>
    </p>
   </div>
   <div class='ocr_carea' id='block_1_101' title="bbox 2208 3965 3820 4046">
    <p class='ocr_par' dir='ltr' id='par_1_101' title="bbox 2208 3965 3820 4046">
     <span class='ocr_line' id='line_1_101' title="bbox 2208 3965 3820 4046; baseline 0.009 -30"><span class='ocrx_word' id='word_1_772' title='bbox 2208 3965 2300 4018; x_wconf 82' lang='lat' dir='ltr'><strong>sed</strong></span> <span class='ocrx_word' id='word_1_773' title='bbox 2323 3965 2576 4034; x_wconf 91' lang='lat' dir='ltr'><strong>Spiritum</strong></span> <span class='ocrx_word' id='word_1_774' title='bbox 2598 3975 2838 4022; x_wconf 90' lang='lat' dir='ltr'><strong>sanctum</strong></span> <span class='ocrx_word' id='word_1_775' title='bbox 2855 3969 3155 4040; x_wconf 89' lang='lat' dir='ltr'><strong>signiﬁcare</strong></span> <span class='ocrx_word' id='word_1_776' title='bbox 3181 3971 3434 4027; x_wconf 83' lang='lat' dir='ltr'><strong>voluerit?</strong></span> <span class='ocrx_word' id='word_1_777' title='bbox 3446 3972 3499 4028; x_wconf 91' lang='lat' dir='ltr'><strong>Si</strong></span> <span class='ocrx_word' id='word_1_778' title='bbox 3515 3974 3656 4029; x_wconf 88' lang='lat' dir='ltr'><strong>enim</strong></span> <span class='ocrx_word' id='word_1_779' title='bbox 3671 3975 3820 4046; x_wconf 83' lang='lat' dir='ltr'><strong>ﬁatu_</strong></span> 
     </span>
    </p>
   </div>
   <div class='ocr_carea' id='block_1_102' title="bbox 2208 4059 3806 4132">
    <p class='ocr_par' dir='ltr' id='par_1_102' title="bbox 2208 4059 3806 4132">
     <span class='ocr_line' id='line_1_102' title="bbox 2208 4059 3806 4132; baseline 0.008 -22"><span class='ocrx_word' id='word_1_780' title='bbox 2208 4073 2311 4110; x_wconf 90' lang='lat' dir='ltr'><strong>non</strong></span> <span class='ocrx_word' id='word_1_781' title='bbox 2345 4067 2524 4127; x_wconf 89' lang='lat' dir='ltr'><strong>posset</strong></span> <span class='ocrx_word' id='word_1_782' title='bbox 2563 4059 2847 4129; x_wconf 84' lang='lat' dir='ltr'><strong>signiﬁcari</strong></span> <span class='ocrx_word' id='word_1_783' title='bbox 2879 4060 3110 4132; x_wconf 89' lang='lat' dir='ltr'><strong>Spiritus</strong></span> <span class='ocrx_word' id='word_1_784' title='bbox 3135 4073 3372 4132; x_wconf 87' lang='lat' dir='ltr'><strong>sanctus,</strong></span> <span class='ocrx_word' id='word_1_785' title='bbox 3403 4080 3514 4120; x_wconf 88' lang='lat' dir='ltr'><strong>non</strong></span> <span class='ocrx_word' id='word_1_786' title='bbox 3541 4066 3806 4123; x_wconf 80' lang='lat' dir='ltr'><strong>Dominus</strong></span> 
     </span>
    </p>
   </div>
   <div class='ocr_carea' id='block_1_103' title="bbox 2209 4149 3804 4225">
    <p class='ocr_par' dir='ltr' id='par_1_103' title="bbox 2209 4149 3804 4225">
     <span class='ocr_line' id='line_1_103' title="bbox 2209 4149 3804 4225; baseline 0.008 -25"><span class='ocrx_word' id='word_1_787' title='bbox 2209 4157 2328 4216; x_wconf 90' lang='lat' dir='ltr'><strong>post</strong></span> <span class='ocrx_word' id='word_1_788' title='bbox 2367 4149 2819 4204; x_wconf 88' lang='lat' dir='ltr'><strong>resurrectionem</strong></span> <span class='ocrx_word' id='word_1_789' title='bbox 2867 4151 3188 4208; x_wconf 89' lang='lat' dir='ltr'><strong>iusufﬁassct</strong></span> <span class='ocrx_word' id='word_1_790' title='bbox 3213 4153 3516 4225; x_wconf 87' lang='lat' dir='ltr'><strong>discipulis,</strong></span> <span class='ocrx_word' id='word_1_791' title='bbox 3545 4167 3601 4211; x_wconf 89' lang='lat' dir='ltr'><strong>et</strong></span> <span class='ocrx_word' id='word_1_792' title='bbox 3623 4157 3804 4212; x_wconf 88' lang='lat' dir='ltr'><strong>dixis-</strong></span> 
     </span>
    </p>
   </div>
   <div class='ocr_carea' id='block_1_104' title="bbox 2207 4237 3804 4316">
    <p class='ocr_par' dir='ltr' id='par_1_104' title="bbox 2207 4237 3804 4316">
     <span class='ocr_line' id='line_1_104' title="bbox 2207 4237 3804 4316; baseline 0.008 -27"><span class='ocrx_word' id='word_1_793' title='bbox 2207 4247 2323 4300; x_wconf 86' lang='lat' dir='ltr'><strong>set,</strong></span> <span class='ocrx_word' id='word_1_794' title='bbox 2346 4237 2568 4308; x_wconf 84' lang='lat' dir='ltr'><strong>Accipite</strong></span> <span class='ocrx_word' id='word_1_795' title='bbox 2594 4237 2848 4308; x_wconf 80' lang='lat' dir='ltr'><strong>Spiritum</strong></span> <span class='ocrx_word' id='word_1_796' title='bbox 2865 4251 3094 4294; x_wconf 87' lang='lat' dir='ltr'><strong>sanctum</strong></span> <span class='ocrx_word' id='word_1_797' title='bbox 3127 4241 3316 4314; x_wconf 80' lang='lat' dir='ltr'><strong>(Joan.</strong></span> <span class='ocrx_word' id='word_1_798' title='bbox 3343 4259 3434 4306; x_wconf 85' lang='lat' dir='ltr'><strong>xx,</strong></span> <span class='ocrx_word' id='word_1_799' title='bbox 3461 4243 3575 4314; x_wconf 68' lang='grc'><strong>22).</strong></span> <span class='ocrx_word' id='word_1_800' title='bbox 3611 4245 3804 4316; x_wconf 82' lang='lat' dir='ltr'><strong>Neque</strong></span> 
     </span>
    </p>
   </div>
   <div class='ocr_carea' id='block_1_105' title="bbox 2206 4328 3806 4402">
    <p class='ocr_par' dir='ltr' id='par_1_105' title="bbox 2206 4328 3806 4402">
     <span class='ocr_line' id='line_1_105' title="bbox 2206 4328 3806 4402; baseline 0.007 -22"><span class='ocrx_word' id='word_1_801' title='bbox 2206 4328 2462 4396; x_wconf 88' lang='lat' dir='ltr'><strong>scriptum</strong></span> <span class='ocrx_word' id='word_1_802' title='bbox 2517 4339 2660 4383; x_wconf 88' lang='lat' dir='ltr'><strong>esset</strong></span> <span class='ocrx_word' id='word_1_803' title='bbox 2709 4331 2760 4384; x_wconf 93' lang='lat' dir='ltr'><strong>in</strong></span> <span class='ocrx_word' id='word_1_804' title='bbox 2789 4331 3010 4386; x_wconf 76' lang='lat' dir='ltr'><strong>Actibus</strong></span> <span class='ocrx_word' id='word_1_805' title='bbox 3049 4334 3460 4402; x_wconf 86' lang='lat' dir='ltr'><strong>Apostolorum,</strong></span> <span class='ocrx_word' id='word_1_806' title='bbox 3505 4335 3698 4391; x_wconf 83' lang='lat' dir='ltr'><strong>Factus</strong></span> <span class='ocrx_word' id='word_1_807' title='bbox 3725 4349 3806 4392; x_wconf 83' lang='lat' dir='ltr'><strong>est</strong></span> 
     </span>
    </p>
   </div>
   <div class='ocr_carea' id='block_1_106' title="bbox 2205 4418 3802 4496">
    <p class='ocr_par' dir='ltr' id='par_1_106' title="bbox 2205 4418 3802 4496">
     <span class='ocr_line' id='line_1_106' title="bbox 2205 4418 3802 4496; baseline 0.008 -26"><span class='ocrx_word' id='word_1_808' title='bbox 2205 4418 2370 4473; x_wconf 83' lang='lat' dir='ltr'><strong>subito</strong></span> <span class='ocrx_word' id='word_1_809' title='bbox 2397 4418 2466 4472; x_wconf 80' lang='lat' dir='ltr'><strong>de</strong></span> <span class='ocrx_word' id='word_1_810' title='bbox 2505 4419 2631 4473; x_wconf 78' lang='lat' dir='ltr'><strong>ctela</strong></span> <span class='ocrx_word' id='word_1_811' title='bbox 2659 4438 2814 4476; x_wconf 85' lang='lat' dir='ltr'><strong>sonus</strong></span> <span class='ocrx_word' id='word_1_812' title='bbox 2837 4463 2852 4488; x_wconf 94' lang='lat'><strong>,</strong></span> <span class='ocrx_word' id='word_1_813' title='bbox 2875 4423 3021 4494; x_wconf 86' lang='lat' dir='ltr'><strong>quasi</strong></span> <span class='ocrx_word' id='word_1_814' title='bbox 3061 4427 3278 4496; x_wconf 80' lang='lat' dir='ltr'><strong>ferretur</strong></span> <span class='ocrx_word' id='word_1_815' title='bbox 3302 4427 3458 4495; x_wconf 80' lang='lat' dir='ltr'><strong>ﬂatus</strong></span> <span class='ocrx_word' id='word_1_816' title='bbox 3501 4427 3766 4482; x_wconf 73' lang='lat' dir='ltr'><strong>vehemens</strong></span> <span class='ocrx_word' id='word_1_817' title='bbox 3783 4469 3802 4494; x_wconf 90' lang='lat'><strong>,</strong></span> 
     </span>
    </p>
   </div>
   <div class='ocr_carea' id='block_1_107' title="bbox 2207 4509 3810 4588">
    <p class='ocr_par' dir='ltr' id='par_1_107' title="bbox 2207 4509 3810 4588">
     <span class='ocr_line' id='line_1_107' title="bbox 2207 4509 3810 4588; baseline 0.006 -25"><span class='ocrx_word' id='word_1_818' title='bbox 2207 4518 2254 4563; x_wconf 87' lang='lat' dir='ltr'><strong>et</strong></span> <span class='ocrx_word' id='word_1_819' title='bbox 2279 4509 2399 4564; x_wconf 66' lang='lat' dir='ltr'><strong>visae</strong></span> <span class='ocrx_word' id='word_1_820' title='bbox 2421 4519 2538 4565; x_wconf 88' lang='lat' dir='ltr'><strong>sunt</strong></span> <span class='ocrx_word' id='word_1_821' title='bbox 2565 4511 2668 4566; x_wconf 88' lang='lat' dir='ltr'><strong>illis</strong></span> <span class='ocrx_word' id='word_1_822' title='bbox 2701 4513 2888 4583; x_wconf 69' lang='lat' dir='ltr'><strong>linguae</strong></span> <span class='ocrx_word' id='word_1_823' title='bbox 2926 4513 3102 4568; x_wconf 74' lang='lat' dir='ltr'><strong>divisa:</strong></span> <span class='ocrx_word' id='word_1_824' title='bbox 3141 4515 3272 4568; x_wconf 86' lang='lat' dir='ltr'><strong>sicut</strong></span> <span class='ocrx_word' id='word_1_825' title='bbox 3297 4517 3459 4586; x_wconf 83' lang='lat' dir='ltr'><strong>ignis,</strong></span> <span class='ocrx_word' id='word_1_826' title='bbox 3487 4517 3642 4588; x_wconf 77' lang='lat' dir='ltr'><strong>quiet</strong></span> <span class='ocrx_word' id='word_1_827' title='bbox 3668 4517 3810 4573; x_wconf 77' lang='lat' dir='ltr'><strong>inse-</strong></span> 
     </span>
    </p>
   </div>
   <div class='ocr_carea' id='block_1_108' title="bbox 2205 4598 3808 4676">
    <p class='ocr_par' dir='ltr' id='par_1_108' title="bbox 2205 4598 3808 4676">
     <span class='ocr_line' id='line_1_108' title="bbox 2205 4598 3808 4676; baseline 0.008 -25"><span class='ocrx_word' id='word_1_828' title='bbox 2205 4598 2279 4651; x_wconf 81' lang='lat' dir='ltr'><strong>dit</strong></span> <span class='ocrx_word' id='word_1_829' title='bbox 2307 4615 2460 4668; x_wconf 80' lang='lat' dir='ltr'><strong>super</strong></span> <span class='ocrx_word' id='word_1_830' title='bbox 2483 4616 2882 4672; x_wconf 82' lang='lat' dir='ltr'><strong>unumquemque</strong></span> <span class='ocrx_word' id='word_1_831' title='bbox 2908 4619 3117 4670; x_wconf 83' lang='lat' dir='ltr'><strong>eorum,</strong></span> <span class='ocrx_word' id='word_1_832' title='bbox 3153 4614 3200 4658; x_wconf 78' lang='lat' dir='ltr'><strong>et</strong></span> <span class='ocrx_word' id='word_1_833' title='bbox 3239 4605 3432 4676; x_wconf 82' lang='lat' dir='ltr'><strong>impleti</strong></span> <span class='ocrx_word' id='word_1_834' title='bbox 3467 4615 3586 4660; x_wconf 88' lang='lat' dir='ltr'><strong>sunt</strong></span> <span class='ocrx_word' id='word_1_835' title='bbox 3629 4623 3808 4664; x_wconf 78' lang='lat' dir='ltr'><strong>omnes</strong></span> 
     </span>
    </p>
   </div>
   <div class='ocr_carea' id='block_1_109' title="bbox 2207 4687 3804 4767">
    <p class='ocr_par' dir='ltr' id='par_1_109' title="bbox 2207 4687 3804 4767">
     <span class='ocr_line' id='line_1_109' title="bbox 2207 4687 3804 4767; baseline 0.006 -23"><span class='ocrx_word' id='word_1_836' title='bbox 2207 4687 2410 4757; x_wconf 83' lang='lat' dir='ltr'><strong>Spiritu</strong></span> <span class='ocrx_word' id='word_1_837' title='bbox 2427 4699 2598 4743; x_wconf 86' lang='lat' dir='ltr'><strong>sancto</strong></span> <span class='ocrx_word' id='word_1_838' title='bbox 2617 4691 2749 4761; x_wconf 77' lang='lat' dir='ltr'><strong>(Act.</strong></span> <span class='ocrx_word' id='word_1_839' title='bbox 2771 4707 2828 4752; x_wconf 82' lang='grc' dir='ltr'><strong>ιι,</strong></span> <span class='ocrx_word' id='word_1_840' title='bbox 2851 4691 2996 4763; x_wconf 63' lang='lat'><strong>2-4).</strong></span> <span class='ocrx_word' id='word_1_841' title='bbox 3015 4693 3152 4760; x_wconf 90' lang='lat' dir='ltr'><strong>Quid</strong></span> <span class='ocrx_word' id='word_1_842' title='bbox 3174 4695 3218 4749; x_wconf 89' lang='lat' dir='ltr'><strong>si</strong></span> <span class='ocrx_word' id='word_1_843' title='bbox 3247 4695 3348 4750; x_wconf 92' lang='lat' dir='ltr'><strong>hoc</strong></span> <span class='ocrx_word' id='word_1_844' title='bbox 3371 4695 3634 4766; x_wconf 80' lang='lat' dir='ltr'><strong>PrOpheta</strong></span> <span class='ocrx_word' id='word_1_845' title='bbox 3658 4713 3804 4767; x_wconf 61' lang='lat' dir='ltr'><strong>pra:-</strong></span> 
     </span>
    </p>
   </div>
   <div class='ocr_carea' id='block_1_110' title="bbox 2205 4781 3806 4858">
    <p class='ocr_par' dir='ltr' id='par_1_110' title="bbox 2205 4781 3806 4858">
     <span class='ocr_line' id='line_1_110' title="bbox 2205 4781 3806 4858; baseline 0.006 -24"><span class='ocrx_word' id='word_1_846' title='bbox 2205 4781 2497 4845; x_wconf 88' lang='lat' dir='ltr'><strong>nuntiavit,</strong></span> <span class='ocrx_word' id='word_1_847' title='bbox 2529 4781 2742 4846; x_wconf 82' lang='lat' dir='ltr'><strong>dicens,</strong></span> <span class='ocrx_word' id='word_1_848' title='bbox 2781 4782 2880 4848; x_wconf 81' lang='lat' dir='ltr'><strong>Qui</strong></span> <span class='ocrx_word' id='word_1_849' title='bbox 2907 4783 2997 4836; x_wconf 82' lang='lat' dir='ltr'><strong>dat</strong></span> <span class='ocrx_word' id='word_1_850' title='bbox 3015 4785 3196 4854; x_wconf 79' lang='lat' dir='ltr'><strong>ﬂatum</strong></span> <span class='ocrx_word' id='word_1_851' title='bbox 3238 4788 3428 4858; x_wconf 84' lang='lat' dir='ltr'><strong>populo</strong></span> <span class='ocrx_word' id='word_1_852' title='bbox 3465 4805 3621 4858; x_wconf 82' lang='lat' dir='ltr'><strong>super</strong></span> <span class='ocrx_word' id='word_1_853' title='bbox 3644 4791 3806 4844; x_wconf 74' lang='lat' dir='ltr'><strong>eam!</strong></span> 
     </span>
    </p>
   </div>
   <div class='ocr_carea' id='block_1_111' title="bbox 2204 4876 3808 4952">
    <p class='ocr_par' dir='ltr' id='par_1_111' title="bbox 2204 4876 3808 4952">
     <span class='ocr_line' id='line_1_111' title="bbox 2204 4876 3808 4952; baseline 0.009 -27"><span class='ocrx_word' id='word_1_854' title='bbox 2204 4881 2258 4926; x_wconf 90' lang='lat' dir='ltr'><strong>et</strong></span> <span class='ocrx_word' id='word_1_855' title='bbox 2308 4883 2557 4942; x_wconf 86' lang='lat' dir='ltr'><strong>tanquam</strong></span> <span class='ocrx_word' id='word_1_856' title='bbox 2587 4891 2861 4944; x_wconf 88' lang='lat' dir='ltr'><strong>exponens</strong></span> <span class='ocrx_word' id='word_1_857' title='bbox 2907 4876 3034 4945; x_wconf 90' lang='lat' dir='ltr'><strong>quid</strong></span> <span class='ocrx_word' id='word_1_858' title='bbox 3073 4878 3268 4934; x_wconf 85' lang='lat' dir='ltr'><strong>dixerit</strong></span> <span class='ocrx_word' id='word_1_859' title='bbox 3309 4881 3524 4947; x_wconf 81' lang='lat' dir='ltr'><strong>ﬂatum,</strong></span> <span class='ocrx_word' id='word_1_860' title='bbox 3553 4883 3808 4952; x_wconf 86' lang='lat' dir='ltr'><strong>repetivit</strong></span> 
     </span>
    </p>
   </div>
   <div class='ocr_carea' id='block_1_112' title="bbox 2204 4965 3812 5035">
    <p class='ocr_par' dir='ltr' id='par_1_112' title="bbox 2204 4965 3812 5035">
     <span class='ocr_line' id='line_1_112' title="bbox 2204 4965 3812 5035; baseline 0.009 -17"><span class='ocrx_word' id='word_1_861' title='bbox 2204 4973 2362 5034; x_wconf 86' lang='lat' dir='ltr'><strong>atque</strong></span> <span class='ocrx_word' id='word_1_862' title='bbox 2389 4965 2464 5019; x_wconf 88' lang='lat' dir='ltr'><strong>ait</strong></span> <span class='ocrx_word' id='word_1_863' title='bbox 2479 5007 2494 5032; x_wconf 91' lang='lat'><strong>,</strong></span> <span class='ocrx_word' id='word_1_864' title='bbox 2521 4975 2568 5020; x_wconf 82' lang='lat' dir='ltr'><strong>et</strong></span> <span class='ocrx_word' id='word_1_865' title='bbox 2587 4967 2821 5035; x_wconf 83' lang='lat' dir='ltr'><strong>spiritum</strong></span> <span class='ocrx_word' id='word_1_866' title='bbox 2846 4969 3158 5024; x_wconf 82' lang='lat' dir='ltr'><strong>calcantibus</strong></span> <span class='ocrx_word' id='word_1_867' title='bbox 3177 4987 3288 5025; x_wconf 80' lang='lat' dir='ltr'><strong>eam</strong></span> <span class='ocrx_word' id='word_1_868' title='bbox 3305 4973 3331 5026; x_wconf 85' lang='lat'><strong><em>?</em></strong></span> <span class='ocrx_word' id='word_1_869' title='bbox 3352 4973 3500 5028; x_wconf 86' lang='lat' dir='ltr'><strong>Tunc</strong></span> <span class='ocrx_word' id='word_1_870' title='bbox 3527 4975 3667 5030; x_wconf 90' lang='lat' dir='ltr'><strong>enim</strong></span> <span class='ocrx_word' id='word_1_871' title='bbox 3685 4976 3812 5032; x_wconf 87' lang='lat' dir='ltr'><strong>evi-</strong></span> 
     </span>
    </p>
   </div>
   <div class='ocr_carea' id='block_1_113' title="bbox 2203 5057 3806 5135">
    <p class='ocr_par' dir='ltr' id='par_1_113' title="bbox 2203 5057 3806 5135">
     <span class='ocr_line' id='line_1_113' title="bbox 2203 5057 3806 5135; baseline 0.011 -27"><span class='ocrx_word' id='word_1_872' title='bbox 2203 5057 2514 5112; x_wconf 75' lang='lat' dir='ltr'><strong>dentissime</strong></span> <span class='ocrx_word' id='word_1_873' title='bbox 2565 5057 2763 5114; x_wconf 88' lang='lat' dir='ltr'><strong>factum</strong></span> <span class='ocrx_word' id='word_1_874' title='bbox 2808 5069 2918 5126; x_wconf 89' lang='lat' dir='ltr'><strong>est,</strong></span> <span class='ocrx_word' id='word_1_875' title='bbox 2950 5063 3162 5132; x_wconf 91' lang='lat' dir='ltr'><strong>quando</strong></span> <span class='ocrx_word' id='word_1_876' title='bbox 3205 5064 3410 5135; x_wconf 89' lang='lat' dir='ltr'><strong>impleti</strong></span> <span class='ocrx_word' id='word_1_877' title='bbox 3457 5075 3584 5122; x_wconf 89' lang='lat' dir='ltr'><strong>sunt</strong></span> <span class='ocrx_word' id='word_1_878' title='bbox 3608 5082 3806 5126; x_wconf 84' lang='lat' dir='ltr'><strong>omnes</strong></span> 
     </span>
    </p>
   </div>
   <div class='ocr_carea' id='block_1_114' title="bbox 2203 5147 3802 5231">
    <p class='ocr_par' dir='ltr' id='par_1_114' title="bbox 2203 5147 3802 5231">
     <span class='ocr_line' id='line_1_114' title="bbox 2203 5147 3802 5231; baseline 0.011 -30"><span class='ocrx_word' id='word_1_879' title='bbox 2203 5147 2402 5217; x_wconf 87' lang='lat' dir='ltr'><strong>Spiritu</strong></span> <span class='ocrx_word' id='word_1_880' title='bbox 2424 5159 2628 5205; x_wconf 84' lang='lat' dir='ltr'><strong>sancto.</strong></span> <span class='ocrx_word' id='word_1_881' title='bbox 2663 5151 2770 5206; x_wconf 83' lang='lat' dir='ltr'><strong>Aut</strong></span> <span class='ocrx_word' id='word_1_882' title='bbox 2797 5152 2841 5206; x_wconf 92' lang='lat' dir='ltr'><strong>si</strong></span> <span class='ocrx_word' id='word_1_883' title='bbox 2871 5154 3108 5209; x_wconf 88' lang='lat' dir='ltr'><strong>nondum</strong></span> <span class='ocrx_word' id='word_1_884' title='bbox 3147 5155 3406 5213; x_wconf 90' lang='lat' dir='ltr'><strong>dicendus</strong></span> <span class='ocrx_word' id='word_1_885' title='bbox 3433 5167 3515 5214; x_wconf 88' lang='lat' dir='ltr'><strong>est</strong></span> <span class='ocrx_word' id='word_1_886' title='bbox 3543 5162 3802 5231; x_wconf 86' lang='lat' dir='ltr'><strong>populus,</strong></span> 
     </span>
    </p>
   </div>
   <div class='ocr_carea' id='block_1_115' title="bbox 2201 5242 3796 5320">
    <p class='ocr_par' dir='ltr' id='par_1_115' title="bbox 2201 5242 3796 5320">
     <span class='ocr_line' id='line_1_115' title="bbox 2201 5242 3796 5320; baseline 0.01 -25"><span class='ocrx_word' id='word_1_887' title='bbox 2201 5251 2414 5296; x_wconf 90' lang='lat' dir='ltr'><strong>centum</strong></span> <span class='ocrx_word' id='word_1_888' title='bbox 2441 5242 2622 5312; x_wconf 82' lang='lat' dir='ltr'><strong>viginti</strong></span> <span class='ocrx_word' id='word_1_889' title='bbox 2651 5244 2917 5308; x_wconf 82' lang='lat' dir='ltr'><strong>homines,</strong></span> <span class='ocrx_word' id='word_1_890' title='bbox 2945 5247 3035 5315; x_wconf 90' lang='lat' dir='ltr'><strong>qui</strong></span> <span class='ocrx_word' id='word_1_891' title='bbox 3058 5256 3184 5303; x_wconf 92' lang='lat' dir='ltr'><strong>tunc</strong></span> <span class='ocrx_word' id='word_1_892' title='bbox 3207 5249 3262 5302; x_wconf 91' lang='lat' dir='ltr'><strong>in</strong></span> <span class='ocrx_word' id='word_1_893' title='bbox 3285 5250 3404 5304; x_wconf 89' lang='lat' dir='ltr'><strong>loco</strong></span> <span class='ocrx_word' id='word_1_894' title='bbox 3429 5267 3536 5305; x_wconf 91' lang='lat' dir='ltr'><strong>uno</strong></span> <span class='ocrx_word' id='word_1_895' title='bbox 3549 5251 3796 5320; x_wconf 86' lang='lat' dir='ltr'><strong>aderant,</strong></span> 
     </span>
    </p>
   </div>
   <div class='ocr_carea' id='block_1_116' title="bbox 2202 5335 3804 5411">
    <p class='ocr_par' dir='ltr' id='par_1_116' title="bbox 2202 5335 3804 5411">
     <span class='ocr_line' id='line_1_116' title="bbox 2202 5335 3804 5411; baseline 0.004 -24"><span class='ocrx_word' id='word_1_896' title='bbox 2202 5343 2346 5388; x_wconf 89' lang='lat' dir='ltr'><strong>certe</strong></span> <span class='ocrx_word' id='word_1_897' title='bbox 2371 5335 2582 5404; x_wconf 85' lang='lat' dir='ltr'><strong>quando</strong></span> <span class='ocrx_word' id='word_1_898' title='bbox 2607 5335 2762 5389; x_wconf 82' lang='lat' dir='ltr'><strong>simul</strong></span> <span class='ocrx_word' id='word_1_899' title='bbox 2789 5347 3020 5406; x_wconf 90' lang='lat' dir='ltr'><strong>quatuor</strong></span> <span class='ocrx_word' id='word_1_900' title='bbox 3053 5339 3133 5393; x_wconf 80' lang='lat' dir='ltr'><strong>vel</strong></span> <span class='ocrx_word' id='word_1_901' title='bbox 3177 5341 3411 5411; x_wconf 89' lang='lat' dir='ltr'><strong>quinque</strong></span> <span class='ocrx_word' id='word_1_902' title='bbox 3467 5343 3630 5398; x_wconf 88' lang='lat' dir='ltr'><strong>millia</strong></span> <span class='ocrx_word' id='word_1_903' title='bbox 3673 5360 3804 5400; x_wconf 85' lang='lat' dir='ltr'><strong>ere-</strong></span> 
     </span>
    </p>
   </div>
   <div class='ocr_carea' id='block_1_117' title="bbox 2202 5424 3799 5502">
    <p class='ocr_par' dir='ltr' id='par_1_117' title="bbox 2202 5424 3799 5502">
     <span class='ocr_line' id='line_1_117' title="bbox 2202 5424 3799 5502; baseline 0.009 -24"><span class='ocrx_word' id='word_1_904' title='bbox 2202 5424 2484 5488; x_wconf 88' lang='lat' dir='ltr'><strong>didernnt,</strong></span> <span class='ocrx_word' id='word_1_905' title='bbox 2512 5436 2566 5480; x_wconf 92' lang='lat' dir='ltr'><strong>et</strong></span> <span class='ocrx_word' id='word_1_906' title='bbox 2613 5425 2860 5495; x_wconf 84' lang='lat' dir='ltr'><strong>baptizati</strong></span> <span class='ocrx_word' id='word_1_907' title='bbox 2901 5440 3222 5498; x_wconf 88' lang='lat' dir='ltr'><strong>acceperunt</strong></span> <span class='ocrx_word' id='word_1_908' title='bbox 3252 5431 3508 5502; x_wconf 86' lang='lat' dir='ltr'><strong>Spiritum</strong></span> <span class='ocrx_word' id='word_1_909' title='bbox 3549 5446 3799 5492; x_wconf 85' lang='lat' dir='ltr'><strong>sanctum</strong></span> 
     </span>
    </p>
   </div>
   <div class='ocr_carea' id='block_1_118' title="bbox 2203 5514 3802 5592">
    <p class='ocr_par' dir='ltr' id='par_1_118' title="bbox 2203 5514 3802 5592">
     <span class='ocr_line' id='line_1_118' title="bbox 2203 5514 3802 5592; baseline 0.009 -25"><span class='ocrx_word' id='word_1_910' title='bbox 2203 5514 2311 5586; x_wconf 87' lang='lat' dir='ltr'><strong>(Id.</strong></span> <span class='ocrx_word' id='word_1_911' title='bbox 2345 5531 2418 5581; x_wconf 82' lang='lat' dir='ltr'><strong>tv,</strong></span> <span class='ocrx_word' id='word_1_912' title='bbox 2447 5517 2540 5584; x_wconf 82' lang='lat' dir='ltr'><strong>5i)</strong></span> <span class='ocrx_word' id='word_1_913' title='bbox 2565 5555 2580 5580; x_wconf 97' lang='lat'><strong>,</strong></span> <span class='ocrx_word' id='word_1_914' title='bbox 2629 5518 2748 5586; x_wconf 81' lang='lat' dir='ltr'><strong>quis</strong></span> <span class='ocrx_word' id='word_1_915' title='bbox 2772 5516 3096 5574; x_wconf 85' lang='lat' dir='ltr'><strong>dubitaverit</strong></span> <span class='ocrx_word' id='word_1_916' title='bbox 3145 5521 3306 5576; x_wconf 90' lang='lat' dir='ltr'><strong>simul</strong></span> <span class='ocrx_word' id='word_1_917' title='bbox 3343 5523 3595 5592; x_wconf 90' lang='lat' dir='ltr'><strong>populum</strong></span> <span class='ocrx_word' id='word_1_918' title='bbox 3636 5541 3802 5581; x_wconf 88' lang='lat' dir='ltr'><strong>acce-</strong></span> 
     </span>
    </p>
   </div>
   <div class='ocr_carea' id='block_1_119' title="bbox 2205 5607 3803 5684">
    <p class='ocr_par' dir='ltr' id='par_1_119' title="bbox 2205 5607 3803 5684">
     <span class='ocr_line' id='line_1_119' title="bbox 2205 5607 3803 5684; baseline 0.01 -29"><span class='ocrx_word' id='word_1_919' title='bbox 2205 5608 2344 5676; x_wconf 68' lang='lat' dir='ltr'><strong>pisse</strong></span> <span class='ocrx_word' id='word_1_920' title='bbox 2375 5607 2628 5676; x_wconf 86' lang='lat' dir='ltr'><strong>Spiritum</strong></span> <span class='ocrx_word' id='word_1_921' title='bbox 2661 5621 2926 5674; x_wconf 89' lang='lat' dir='ltr'><strong>sanctum,</strong></span> <span class='ocrx_word' id='word_1_922' title='bbox 2959 5619 3014 5666; x_wconf 90' lang='lat' dir='ltr'><strong>et</strong></span> <span class='ocrx_word' id='word_1_923' title='bbox 3037 5612 3428 5668; x_wconf 87' lang='lat' dir='ltr'><strong>multitudinem</strong></span> <span class='ocrx_word' id='word_1_924' title='bbox 3457 5629 3575 5684; x_wconf 71' lang='lat' dir='ltr'><strong>quze</strong></span> <span class='ocrx_word' id='word_1_925' title='bbox 3601 5616 3803 5671; x_wconf 57' lang='lat' dir='ltr'><strong>ambua-</strong></span> 
     </span>
    </p>
   </div>
   <div class='ocr_carea' id='block_1_120' title="bbox 2203 5701 3800 5766">
    <p class='ocr_par' dir='ltr' id='par_1_120' title="bbox 2203 5701 3800 5766">
     <span class='ocr_line' id='line_1_120' title="bbox 2203 5701 3800 5766; baseline 0.007 -14"><span class='ocrx_word' id='word_1_926' title='bbox 2203 5701 2342 5753; x_wconf 88' lang='lat' dir='ltr'><strong>labat</strong></span> <span class='ocrx_word' id='word_1_927' title='bbox 2371 5702 2422 5753; x_wconf 92' lang='lat' dir='ltr'><strong>in</strong></span> <span class='ocrx_word' id='word_1_928' title='bbox 2457 5711 2615 5763; x_wconf 88' lang='lat' dir='ltr'><strong>terra,</strong></span> <span class='ocrx_word' id='word_1_929' title='bbox 2647 5701 2696 5756; x_wconf 91' lang='lat' dir='ltr'><strong>id</strong></span> <span class='ocrx_word' id='word_1_930' title='bbox 2721 5711 2823 5766; x_wconf 87' lang='lat' dir='ltr'><strong>est,</strong></span> <span class='ocrx_word' id='word_1_931' title='bbox 2859 5703 3098 5758; x_wconf 88' lang='lat' dir='ltr'><strong>homines</strong></span> <span class='ocrx_word' id='word_1_932' title='bbox 3123 5705 3390 5761; x_wconf 81' lang='lat' dir='ltr'><strong>calcantes</strong></span> <span class='ocrx_word' id='word_1_933' title='bbox 3411 5717 3604 5762; x_wconf 87' lang='lat' dir='ltr'><strong>terram</strong></span> <span class='ocrx_word' id='word_1_934' title='bbox 3624 5707 3800 5764; x_wconf 77' lang='lat' dir='ltr'><strong>‘lNam</strong></span> 
     </span>
    </p>
   </div>
   <div class='ocr_carea' id='block_1_121' title="bbox 2205 5791 3796 5867">
    <p class='ocr_par' dir='ltr' id='par_1_121' title="bbox 2205 5791 3796 5867">
     <span class='ocr_line' id='line_1_121' title="bbox 2205 5791 3796 5867; baseline 0.005 -22"><span class='ocrx_word' id='word_1_935' title='bbox 2205 5791 2288 5846; x_wconf 87' lang='lat' dir='ltr'><strong>ille</strong></span> <span class='ocrx_word' id='word_1_936' title='bbox 2317 5794 2402 5860; x_wconf 90' lang='lat' dir='ltr'><strong>qui</strong></span> <span class='ocrx_word' id='word_1_937' title='bbox 2431 5791 2586 5846; x_wconf 78' lang='lat' dir='ltr'><strong>datur</strong></span> <span class='ocrx_word' id='word_1_938' title='bbox 2610 5793 2676 5846; x_wconf 85' lang='lat' dir='ltr'><strong>ad</strong></span> <span class='ocrx_word' id='word_1_939' title='bbox 2719 5801 2956 5848; x_wconf 89' lang='lat' dir='ltr'><strong>naturam</strong></span> <span class='ocrx_word' id='word_1_940' title='bbox 2989 5794 3218 5850; x_wconf 86' lang='lat' dir='ltr'><strong>hominis</strong></span> <span class='ocrx_word' id='word_1_941' title='bbox 3247 5797 3540 5867; x_wconf 79' lang='lat' dir='ltr'><strong>pertinens,</strong></span> <span class='ocrx_word' id='word_1_942' title='bbox 3582 5797 3696 5856; x_wconf 62' lang='lat' dir='ltr'><strong>sive.</strong></span> <span class='ocrx_word' id='word_1_943' title='bbox 3727 5812 3796 5853; x_wconf 87' lang='lat' dir='ltr'><strong>ex</strong></span> 
     </span>
    </p>
   </div>
  </div>
