4096 6526
209 387 294 462 sis
1541 387 1740 448 tamen
1783 389 2049 476 rtnuus.

202 512 470 583 propagine
493 508 671 578 detur,
702 509 815 565 sive
842 522 1009 576 novus
1036 501 1332 562 insulﬂetur
1357 503 1611 580 (quorum
1640 504 1768 557 nihil

198 600 551 658 affirmandum
600 615 722 657 esse
768 598 889 655 dico
912 639 927 664 ,
954 597 1128 654 donec
1167 598 1483 652 alterutrum
1513 595 1630 650 sine
1669 594 1773 648 ulla

197 691 510 747 dubitatione
533 687 826 759 clarescat)
855 702 962 742 non
990 685 1146 742 datur
1182 685 1512 742 calcantibus
1539 692 1733 738 terram
1757 723 1772 747 ,

197 782 282 838 sed
305 783 474 838 adhuc
501 790 747 837 materno
773 789 926 856 utero
965 777 1205 836 inclusis.
1252 774 1407 832 Dedit
1436 789 1564 845 ergo
1590 774 1771 829 ﬂatum

196 876 381 948 populo
420 889 580 944 super
609 881 805 928 terram
827 913 843 938 ,
871 880 927 926 et
978 869 1224 940 spiritum
1251 867 1578 923 calcantibus
1619 881 1737 920 eam
1757 905 1773 928 ,

196 967 396 1038 quando
425 966 573 1022 multi
597 965 758 1020 simul
784 963 1086 1027 credentes,
1117 960 1277 1017 simul
1300 959 1487 1029 repleti
1513 966 1636 1014 sunt
1658 957 1777 1027 Spi-

198 1063 291 1116 ritu
330 1069 538 1115 sancto.
569 1059 634 1114 Et
676 1059 791 1128 ipse
837 1056 930 1112 dat
983 1072 1104 1111 eum
1145 1053 1340 1126 populo
1381 1067 1513 1118 suo,
1539 1051 1640 1107 etsi
1671 1066 1776 1105 non

197 1152 338 1208 simul
366 1151 615 1206 omnibus
634 1190 650 1216 ,
677 1146 771 1203 sed
801 1148 816 1180 ι
842 1161 941 1202 suo
973 1146 1163 1216 cuique
1186 1154 1444 1214 tempore,
1465 1142 1637 1196 donec
1665 1140 1777 1194 dis-

201 1241 429 1298 cedendo
458 1241 525 1296 de
553 1241 653 1295 hac
678 1240 782 1294 vita
807 1279 824 1306 ,
861 1246 917 1294 et
943 1234 1281 1293 succedendo
1311 1236 1362 1288 in
1407 1233 1544 1288 hanc
1572 1236 1733 1287 vitam
1759 1273 1775 1298 ,

199 1335 468 1389 universus
511 1331 752 1402 ejusdem
798 1329 976 1400 populi
1025 1341 1278 1382 numerus
1315 1325 1647 1396 compleatur
1676 1339 1693 1378 :
1720 1331 1779 1377 ut

199 1428 289 1481 hoc
323 1433 525 1481 sancta
546 1423 836 1493 Scriptura:
873 1421 992 1476 loco
1019 1435 1124 1474 non
1153 1417 1294 1472 aliud
1323 1417 1392 1472 sit
1420 1416 1610 1482 ﬂatus,
1637 1413 1778 1468 aliud

199 1518 435 1586 spiritus:
467 1516 566 1571 sed
595 1513 836 1585 ejusdem
882 1512 1162 1568 sententiae
1202 1509 1467 1579 repetitio.
1498 1507 1646 1562 Sicut
1676 1519 1778 1560 non

197 1619 271 1665 est
303 1609 439 1664 alius
469 1607 559 1678 qui
589 1606 791 1661 habitat
813 1604 865 1658 in
893 1603 1046 1658 cmlis
1069 1644 1085 1668 ,
1117 1610 1170 1656 et
1195 1601 1331 1655 alius
1360 1599 1652 1660 Dominus;
1683 1609 1781 1650 nec

196 1699 326 1756 aliud
363 1707 447 1756 est
498 1697 750 1761 irridere,
783 1707 837 1752 et
873 1694 1014 1749 aliud
1055 1693 1384 1747 subsannare
1422 1689 1558 1746 :sed
1594 1687 1780 1743 eadem

195 1793 446 1848 sententia
471 1791 696 1862 repetita
722 1798 824 1852 est,
851 1787 937 1842 ubi
967 1787 1178 1856 legitur,
1205 1785 1304 1850 Qui
1329 1783 1520 1838 habitat
1547 1783 1598 1836 in
1619 1780 1778 1848 caelis,

195 1885 409 1938 irridebit
433 1899 524 1938 eos
545 1925 559 1947 ,
585 1892 634 1936 et
675 1880 925 1934 Dominus
949 1877 1276 1932 subsannabit
1303 1891 1407 1929 eos.
1433 1873 1526 1929 Vel
1554 1888 1675 1928 cum
1702 1872 1781 1926 di-

195 1986 326 2029 clum
353 1984 434 2029 est
473 1971 658 2028 :Dabo
701 1971 787 2024 tibi
815 1978 983 2042 gentes
1019 1968 1361 2022 [nereditatem
1385 1976 1557 2028 tuam,
1585 1974 1630 2020 et
1661 1980 1782 2033 pos-

198 2068 454 2121 sessionem
485 2073 623 2118 tuam
641 2063 768 2133 ﬁnes
798 2071 946 2116 term
966 2058 1118 2134 (Psal
1169 2075 1235 2125 ιι,
1265 2059 1319 2124 4,
1349 2059 1428 2130 8).
1455 2057 1570 2112 Νοη
1602 2057 1784 2126 utique

109 2199 112 2202 .
197 2157 326 2210 aliud
356 2157 496 2211 dixit
523 2151 1071 2219 hiereditatcm,.aliud
1104 2151 1489 2219 possessionem;
1515 2163 1615 2203 nec
1638 2147 1782 2202 aliud

197 2258 352 2316 gentes
376 2289 390 2313 ,
419 2245 570 2301 aliud
598 2246 726 2314 ﬁnes
753 2255 899 2298 terra:
927 2258 948 2297 :
971 2241 1066 2299 sed
1107 2241 1346 2311 ejusdem
1393 2240 1673 2295 sentcntiae
1701 2253 1784 2292 re-

199 2340 366 2408 petitio
405 2348 516 2394 est.
544 2337 613 2392 Et
639 2334 1052 2392 innumerabiles
1101 2332 1333 2388 inveniet
1373 2330 1678 2401 hujusmodi
1707 2329 1787 2385 lo-

197 2432 426 2486 rutioues
487 2429 790 2485 divinorum
831 2427 1200 2497 eloquiorum,
1257 2423 1304 2480 si
1351 2423 1594 2479 advertat
1641 2421 1784 2494 quod

197 2523 330 2592 legit.

259 2613 341 2669 l9.
368 2612 532 2679 Quod
558 2620 737 2666 autem
765 2625 972 2682 grmctts
1001 2609 1132 2665 dicit
1160 2620 1326 2675 πνοήν,
1359 2608 1464 2663 Ιιοε
1492 2606 1667 2663 Latini
1695 2621 1786 2661 va-

198 2708 267 2761 i-ie
311 2703 653 2777 interpretati
696 2711 856 2768 sunt;
904 2700 1192 2772 aliquando
1239 2699 1458 2767 ﬂatum,
1498 2698 1786 2770 aliquando

195 2796 444 2864 spiritum,
491 2793 777 2864 aliquando
807 2791 1232 2863 inspirationem.
1259 2789 1390 2843 Nam
1423 2790 1525 2843 hoc
1563 2787 1784 2843 verbum

198 2885 379 2942 habent
405 2884 628 2941 codices
649 2883 810 2955 graeci
839 2883 892 2936 in
940 2881 1042 2935 isto
1087 2879 1397 2950 prophetico
1438 2877 1783 2946 teStimonio,

197 2976 259 3030 de
280 2991 382 3048 quo
408 2989 560 3030 nunc
580 2975 810 3046 agimus,
831 2972 923 3028 ubi
957 2971 1157 3027 dictum
1201 2980 1319 3036 est,
1351 2970 1450 3036 Qui
1481 2969 1568 3024 dat
1601 2971 1787 3041 [latum

202 3067 376 3137 populo
399 3082 562 3136 super
581 3081 694 3119 eam
721 3079 739 3117 :
770 3063 870 3117 hoc
912 3073 1030 3130 est,
1059 3073 1223 3123 πνοήν.
1255 3059 1429 3130 Ipsum
1459 3061 1678 3115 verbum
1704 3069 1788 3116 est

199 3169 248 3211 et
273 3158 355 3212 ubi
384 3158 553 3212 homo
597 3155 864 3210 animatus
891 3161 976 3208 est
1009 3170 1022 3207 :
1055 3149 1121 3205 Et
1163 3151 1430 3223 insufflauit
1459 3149 1595 3206 Deus
1621 3151 1674 3205 in
1699 3155 1784 3222 [a-

200 3249 313 3302 ciem
336 3250 444 3322 ejus
469 3249 658 3318 ﬂutant
691 3245 803 3299 vita:
831 3241 981 3314 (Cen.
1017 3257 1087 3309 ιι,
1116 3242 1194 3313 7).
1223 3241 1328 3297 Sed
1359 3242 1532 3312 ipsum
1560 3240 1784 3296 verbum

200 3349 274 3393 est
313 3351 365 3396 et
406 3340 459 3394 in
508 3337 724 3392 Psaltno
765 3334 857 3390 ubi
891 3334 1100 3389 canitur
1130 3349 1144 3386 :
1173 3333 1350 3388 Omnis
1375 3332 1587 3402 spiritus
1615 3333 1788 3386 laudet

203 3429 464 3483 Dominum
494 3424 674 3501 (Psal.
703 3441 788 3489 CL,
819 3425 895 3496 6).
928 3422 1103 3493 Ipsum
1157 3432 1243 3478 est
1278 3433 1333 3478 et
1377 3423 1430 3476 in
1473 3422 1613 3477 libro
1640 3421 1742 3477 Job
1767 3463 1784 3488 ,

205 3521 283 3574 ubi
323 3522 587 3590 scriptum
639 3528 722 3572 est
748 3535 760 3570 :
789 3514 1048 3586 Aspiratio
1091 3525 1259 3568 autent
1306 3513 1676 3585 Omnipotentis
1715 3524 1789 3569 est

203 3627 303 3678 qua
325 3612 488 3666 docet.
522 3608 704 3664 Noluit
730 3607 909 3662 dicere
929 3647 944 3671 ,
976 3605 1190 3670 Flatus;
1218 3604 1335 3668 sed,
1358 3605 1641 3676 aspiratio;
1664 3619 1786 3660 cum

206 3704 250 3754 in
293 3717 466 3772 εγωεο
519 3699 594 3755 sit
645 3710 760 3761 πνοή
791 3715 804 3750 :
836 3697 976 3768 quod
1017 3698 1177 3751 etiam
1221 3695 1272 3750 in
1319 3695 1426 3750 illis
1456 3695 1632 3750 verbis
1659 3695 1792 3751 Pro-

206 3797 382 3862 pheta),
411 3794 482 3850 de
503 3793 701 3864 quibus
723 3806 861 3846 nunc
882 3791 1234 3860 disputamus.
1264 3789 1332 3844 Et
1351 3798 1495 3845 certe
1517 3788 1620 3844 hoc
1647 3789 1786 3855 loco,

208 3888 372 3941 nescio
403 3900 585 3941 utrum
616 3883 808 3939 debeat
846 3882 1074 3938 dubitari
1115 3881 1369 3953 Spiritum
1400 3891 1640 3936 sanctum
1672 3897 1791 3938 esse

204 3979 573 4047 signiﬁcatum.
604 3976 878 4047 Agebatur
905 3975 1048 4029 enim
1101 3973 1168 4029 de
1213 3973 1506 4045 sapientia,
1553 3973 1694 4029 unde
1723 3975 1792 4029 sit

207 4071 250 4122 in
273 4070 581 4125 hominibus
609 4086 623 4122 :
651 4067 785 4135 Quia
807 4083 906 4120 non
930 4082 993 4119 ea:
1021 4081 1226 4118 numero
1251 4081 1524 4130 annorum,
1554 4065 1642 4118 sed
1663 4064 1791 4135 Spi—

207 4163 341 4228 ritus,
369 4161 548 4234 inquit
566 4201 582 4226 ,
614 4169 685 4213 est
707 4160 760 4212 in
786 4157 1092 4224 hominibus;
1120 4157 1366 4228 aspiratio
1391 4166 1562 4209 autem
1604 4155 1790 4210 Omni-

208 4256 408 4321 potcntis
429 4262 501 4308 est
542 4267 655 4322 qua:
673 4251 814 4304 docet
845 4248 965 4323 (Job
993 4265 1136 4303 xxxu
1159 4291 1172 4313 ,
1206 4251 1260 4314 7,
1284 4249 1340 4314 8,
1361 4266 1462 4303 sec.
1485 4248 1652 4318 LXX)
1687 4265 1701 4302 :
1735 4259 1796 4305 ut

207 4346 589 4418 intelligeretur
614 4345 713 4398 ista
742 4343 1084 4412 repetitione,
1111 4355 1214 4396 nan
1238 4357 1296 4396 se
1322 4342 1388 4396 de
1409 4342 1597 4411 spiritu
1621 4342 1794 4397 homi-

209 4440 281 4492 nis
299 4438 522 4503 dixisse,
541 4436 680 4505 quod
709 4434 803 4500 ait,
825 4433 1048 4500 Spiritus
1070 4443 1142 4487 est
1171 4432 1224 4486 in
1251 4432 1553 4486 hominibus.
1571 4431 1796 4490 Volebat

208 4529 339 4583 etiim
365 4526 660 4583 ostendere
692 4525 833 4580 unde
852 4523 1084 4579 habeant
1111 4525 1449 4592 sapientiam,
1480 4523 1602 4594 quia
1631 4539 1736 4578 non
1762 4540 1794 4580 a

210 4633 262 4671 se
305 4619 461 4688 ipsis;
494 4627 554 4674 et
579 4615 871 4687 repetendo
898 4614 948 4668 id
993 4614 1240 4683 exposuit
1283 4614 1504 4681 dicens,
1537 4615 1796 4681 Aspiratio

214 4710 578 4783 Omnipotentis
611 4717 682 4764 est
710 4724 821 4778 qua
861 4707 1022 4762 docet.
1056 4707 1185 4762 item
1228 4706 1334 4762 alio
1366 4708 1482 4762 loco
1526 4708 1577 4762 in
1606 4708 1795 4764 eodem

214 4801 369 4865 libro,
400 4798 705 4856 [Malleolus
727 4841 742 4865 ,
773 4799 976 4869 inquit,
1006 4797 1257 4852 (abierunt
1287 4814 1511 4852 meorum
1561 4816 1688 4869 pura
1717 4799 1798 4854 in-

214 4892 376 4962 telligit
400 4908 419 4947 :
449 4891 684 4962 Spiritus
725 4890 925 4944 divinus
950 4888 1038 4960 qui
1066 4889 1182 4958 fecit
1211 4904 1290 4942 me
1311 4930 1324 4952 ,
1358 4888 1600 4958 aspiratio
1629 4899 1799 4944 autem

219 4981 581 5052 Omnipotcntis
603 5021 622 5049 ,
669 4997 783 5051 qua!
819 4982 962 5034 deret
999 4997 1079 5036 me
1111 4979 1234 5052 (Id.
1264 4995 1457 5047 XXXIII,
1495 4981 1565 5047 5,
1596 4981 1666 5046 4,
1694 4997 1796 5036 sec.

219 5073 390 5146 LXX).
423 5075 494 5130 Et
521 5074 609 5130 hic
647 5072 790 5146 quod
835 5073 944 5139 ait,
975 5073 1220 5145 aspiratio
1243 5115 1259 5139 ,
1287 5073 1368 5128 vel
1400 5074 1711 5144 inspiratio,
1745 5076 1798 5132 in

216 5181 376 5227 gneco
403 5175 489 5221 est
519 5185 638 5232 ire";
658 5203 678 5233 ,
705 5168 794 5235 qui
825 5167 878 5218 in
898 5165 1006 5219 illis
1027 5165 1302 5234 propheta
1323 5164 1504 5220 verbis
1530 5165 1800 5236 interpre-

219 5266 345 5311 latus
372 5266 478 5323 est,
513 5255 694 5310 ﬂatus.
726 5256 1082 5323 Quamobrem
1111 5271 1232 5311 cum
1262 5265 1464 5313 temere
1486 5267 1711 5329 negetur
1732 5258 1801 5315 de

218 5360 381 5402 anima
425 5347 662 5403 hominis
692 5347 773 5402 vel
820 5347 888 5402 de
926 5348 1118 5417 spiritu
1146 5347 1379 5403 hominis
1424 5365 1544 5406 esse
1569 5350 1800 5417 dictum,

222 5437 311 5496 Qui
336 5437 422 5490 dat
452 5439 637 5508 ﬂatum
679 5438 868 5514 popqu
897 5454 1048 5507 super
1076 5455 1185 5492 eam
1211 5481 1226 5506 ,
1258 5449 1305 5494 et
1332 5441 1568 5508 spiritum
1593 5443 1801 5497 calcan-

195 5521 340 5582 tibus
361 5544 512 5593 eam;
542 5529 783 5598 quamvis
813 5528 882 5583 ibi
919 5540 974 5584 et
997 5527 1225 5599 Spiritus
1253 5540 1470 5586 sanctus
1495 5533 1664 5588 multo
1685 5549 1806 5590 crc-

223 5615 426 5674 dihilins
472 5620 641 5690 possit
670 5620 888 5691 intelligi
924 5636 1064 5690 :qua
1107 5621 1319 5676 tandem
1347 5623 1552 5679 ratione
1590 5625 1806 5682 audebit

228 5787 628 5901 mruﬁpti,
641 5789 732 5842 etsi
752 5804 844 5842 non
866 5791 1012 5843 simul
1030 5793 1267 5858 oneribus,
1279 5810 1366 5848 sita
1386 5799 1556 5862 cuique
1579 5808 1806 5866 tempore.

3375 397 3478 452 ωδ

1881 503 2072 570 aliquis
2125 502 2378 567 delinire,
2425 504 2654 558 animant
2693 505 2775 560 vel
2823 505 3093 574 spiritum,
3130 524 3232 577 quo
3288 522 3472 564 natura

1883 603 2063 647 nostra
2105 594 2268 660 vivit,
2313 594 2432 649 loco
2476 596 2566 650 illo
2611 597 2840 651 voluisse
2885 599 3182 668 signiﬁcare
3235 599 3472 668 Pmphe-

1885 694 1990 739 tam
2029 686 2088 740 ιῖ
2115 684 2246 741 Cum
2280 685 2520 756 profecto
2551 690 2593 741 si
2633 689 2967 756 apertissime
2992 689 3224 752 diceret.
3255 691 3354 756 Qui
3387 693 3479 746 dat

1886 775 2118 829 animam
2147 776 2344 846 popqu
2371 792 2533 846 super
2564 787 2781 838 terram,
2813 778 2985 833 adlmc
3015 780 3360 848 quaerendum
3390 797 3477 834 cs-

1883 873 1994 929 set,
2018 875 2191 918 utrum
2219 881 2335 920 eam
2369 867 2506 921 Deus
2536 883 2601 920 ex
2647 867 2850 937 origine
2875 868 3226 936 praecedentis
3266 872 3478 940 generis

1885 954 1998 1024 ipse
2026 956 2150 1021 det,
2182 957 2317 1011 sicut
2339 975 2401 1012 ex
2435 959 2638 1028 origine
2676 959 3022 1028 prtecedentis
3050 963 3258 1032 generis
3278 1003 3294 1029 ,
3326 963 3478 1033 ipsc'

1885 1053 2061 1100 tamen
2089 1047 2180 1102 dat
2208 1064 2424 1118 corpus,
2460 1065 2562 1104 non
2590 1051 2760 1105 solum
2791 1051 2993 1106 homini
3021 1063 3112 1107 aut
3141 1055 3357 1124 pecori,
3379 1055 3475 1112 sed

1883 1137 2042 1191 etiam
2065 1139 2254 1192 semini
2278 1138 2470 1204 tritici,
2498 1150 2591 1194 aut
2610 1141 2834 1210 alicujus
2871 1150 3187 1199 exterarum
3209 1146 3480 1216 quomodo

1884 1229 2112 1282 voluerit
2142 1245 2156 1283 :
2189 1245 2254 1283 an
2295 1246 2422 1288 vero
2449 1247 2639 1285 novam
2665 1273 2680 1299 ,
2712 1234 2852 1288 sicut
2895 1233 3056 1290 homo
3088 1236 3291 1305 primus
3319 1252 3476 1293 acce-

1887 1319 1959 1388 pit
1980 1360 1996 1384 ,
2025 1318 2276 1374 insulﬂet.

1957 1409 2046 1465 ΞΟ.
2075 1411 2210 1466 Sunt
2237 1413 2395 1466 etiam
2441 1413 2530 1482 qui
2565 1412 2677 1470 lucc
2718 1415 2874 1470 verba
2913 1417 3223 1488 prophetlca
3268 1419 3346 1475 sic
3398 1420 3478 1474 in-

1888 1500 2165 1569 telligant,
2213 1513 2271 1556 ut
2324 1502 2464 1572 quod
2513 1504 2616 1569 ait,
2665 1503 2817 1560 Dedit
2863 1508 3047 1578 ﬂatum
3094 1510 3284 1581 populo
3325 1527 3480 1580 super

1887 1606 1996 1644 eam
2019 1633 2034 1654 ,
2065 1591 2116 1643 id
2162 1600 2278 1658 est,
2311 1608 2472 1663 super
2505 1603 2700 1650 terram
2722 1637 2738 1663 ,
2767 1612 2871 1651 non
2921 1599 3022 1653 nisi
3053 1601 3285 1656 animam
3315 1602 3480 1657 velint

1887 1681 2052 1749 accipi
2100 1679 2324 1736 ﬂatum:
2355 1684 2498 1753 quod
2540 1701 2666 1739 vero
2707 1685 2982 1757 adjunxit,
3011 1699 3056 1742 et
3083 1691 3322 1758 spiritum
3368 1693 3478 1746 cal-

1886 1773 2113 1829 cantibus
2135 1792 2264 1842 eam,
2297 1777 2551 1846 Spiritum
2574 1789 2816 1834 sanctum
2837 1781 3189 1850 significatum
3217 1783 3480 1840 arbitren-

1889 1872 1974 1919 tur
2001 1883 2015 1917 :
2045 1865 2136 1921 illo
2161 1867 2364 1922 scilicet
2403 1867 2612 1934 ordine,
2642 1885 2749 1940 quo
2777 1880 2830 1925 et
2853 1872 3139 1942 Apostolus
3167 1873 3325 1941 dicit,
3355 1874 3480 1930 Non

1890 1958 2112 2028 primunt
2145 1961 2281 2030 quod
2304 1961 2573 2031 spirituale
2600 1972 2700 2029 est,
2729 1965 2817 2020 sed
2841 1967 2977 2035 quod
3001 1969 3242 2036 animale;
3271 1982 3442 2039 postea
3459 2012 3477 2037 ,

1887 2051 2154 2119 spirituale
2180 2050 2222 2124 (1
2244 2050 2362 2106 Cor.
2397 2069 2484 2118 xv,
2509 2054 2621 2126 l6).
2645 2054 2777 2109 Nam
2804 2071 2869 2111 ex
2902 2055 3001 2112 hac
3023 2059 3328 2129 pr0phetira
3357 2077 3482 2117 sen-

1891 2141 2050 2195 tentia
2073 2142 2235 2196 etiam
2263 2143 2484 2214 elegans
2516 2145 2602 2200 ille
2631 2161 2824 2201 sensus
2851 2150 3203 2219 exsculpitur,
3225 2152 3365 2221 quod
3407 2154 3478 2208 ita

1889 2229 2084 2286 dist-rit
2103 2274 2117 2298 ,
2141 2231 2251 2287 calt:
2270 2235 2454 2288 intibus
2482 2252 2613 2299 eam,
2645 2245 2702 2290 ut
2737 2237 2898 2293 vellet
2943 2239 3160 2312 intelligi
3185 2283 3202 2307 ,
3230 2241 3483 2298 Contem-

1890 2323 2138 2378 nentibus
2160 2339 2300 2380 eam.
2343 2324 2442 2394 Qui
2472 2327 2614 2381 enim
2644 2329 2910 2397 accipiunt
2930 2329 3186 2400 Spiritum
3212 2343 3477 2400 sanctum,

1889 2429 2075 2470 amore
2120 2416 2421 2471 cwlestium
2481 2429 2689 2474 terrena
2736 2429 3102 2477 contemnunt.
3159 2425 3251 2480 lla:
3295 2441 3483 2482 omnes

1889 2508 2171 2562 sententiae
2219 2523 2323 2562 non
2363 2518 2488 2564 sunt
2530 2519 2716 2565 contra
2768 2511 2961 2580 tidem;
3000 2514 3114 2569 sive
3161 2527 3480 2587 utrumque,

1891 2598 1944 2655 id
1971 2614 2090 2667 est,
2119 2611 2172 2657 ct
2194 2602 2375 2658 ﬂatum
2419 2611 2474 2659 et
2501 2603 2747 2674 spirituum
2792 2605 2882 2675 qui
2928 2607 3158 2676 pertinet
3194 2608 3260 2662 ad
3288 2608 3482 2664 huma-

1890 2707 2013 2745 nam
2046 2704 2286 2746 naturam
2311 2733 2326 2758 ,
2359 2693 2584 2764 quisque
2625 2694 2924 2766 intelligat;
2952 2697 3064 2752 sive
3086 2708 3372 2770 utrumque
3397 2701 3482 2755 di-

1889 2793 2034 2839 ctum
2083 2785 2310 2854 accipiat
2337 2785 2405 2839 de
2433 2783 2632 2855 Spiritu
2681 2796 2896 2851 saneto;
2929 2787 3040 2844 sive
3066 2788 3248 2844 ﬂatum
3273 2790 3339 2846 ad
3368 2792 3485 2846 ani-

1890 2891 2054 2941 mam,
2083 2875 2326 2945 spiritum
2348 2891 2474 2930 vero
2498 2875 2564 2930 ad
2590 2876 2844 2946 Spiritum
2872 2888 3114 2933 sanctum
3144 2880 3356 2937 referat.
3376 2883 3483 2939 Sed

1890 2968 1934 3020 si
1962 2965 2136 3019 anima
2168 2975 2222 3020 et
2268 2966 2486 3034 spiritus
2517 2965 2745 3022 hominis
2774 2977 2828 3022 et
2851 2969 2934 3024 hic
2962 2969 3334 3041 intelligendus
3360 2985 3480 3039 est,

1891 3058 2030 3112 sicut
2079 3072 2185 3110 non
2230 3055 2579 3111 dubitandum
2618 3067 2700 3112 est
2743 3058 2884 3128 quod
2935 3074 3056 3114 eum
3093 3061 3231 3116 Deus
3259 3062 3383 3129 det;
3413 3065 3484 3118 ita

1891 3147 2235 3220 quwrendum
2262 3158 2340 3204 est
2372 3147 2548 3204 adhuc
2579 3147 2718 3203 unde
2738 3148 2848 3215 det,
2873 3159 3049 3204 utrum
3074 3166 3141 3206 ex
3161 3154 3478 3224 pr0pagine,

1897 3239 2034 3295 sicut
2074 3239 2184 3308 ipse
2223 3239 2435 3310 quidem
2473 3240 2598 3307 dat,
2629 3240 2722 3296 sed
2753 3247 2929 3296 tamen
2973 3257 3038 3298 ex
3078 3245 3367 3316 propagine
3395 3245 3485 3301 dat

1891 3333 2134 3403 Corporis
2173 3332 2455 3396 membra;
2483 3347 2549 3384 an
2581 3347 2708 3386 vero
2743 3347 2934 3387 novum
2958 3373 2975 3398 ,
3005 3349 3179 3404 neque
3221 3351 3485 3408 pr0paga-

1895 3433 2008 3480 tum
2038 3424 2262 3496 singulis
2290 3423 2612 3479 insufﬂando
2649 3423 2935 3480 distribuat
2966 3442 2978 3478 :
3011 3426 3152 3495 quod
3175 3442 3278 3482 non
3309 3428 3484 3483 ambi-

1892 3533 2016 3588 gua,
2048 3519 2185 3572 sicut
2233 3517 2334 3571 iste
2364 3516 2528 3582 facit,
2572 3517 2665 3572 sed
2706 3517 2882 3587 aliqua
2905 3519 3201 3574 certissima
3241 3521 3485 3577 volumus

1893 3609 2192 3665 divinorum
2219 3607 2552 3679 eloquiorum
2583 3609 2903 3664 auctoritate
2920 3608 3162 3664 defendi.

1961 3701 2053 3756 21.
2079 3699 2278 3755 Eadem
2300 3699 2505 3754 ratione
2531 3709 2691 3754 etiam
2721 3700 2885 3779 quod
2911 3700 3040 3756 dicit
3069 3703 3228 3770 Deus,
3261 3703 3486 3770 Spiritus

1895 3793 2027 3846 enim
2053 3809 2084 3845 a
2104 3808 2182 3845 me
2207 3791 2368 3856 exiet,
2400 3801 2446 3844 et
2467 3807 2663 3845 omnem
2690 3792 2870 3860 ﬂatum
2893 3809 2984 3864 ego
3013 3795 3110 3865 [eri
3139 3793 3304 3867 (lsai.
3338 3813 3441 3852 Lvtt
3465 3839 3482 3864 ,

1897 3883 1986 3956 t6)
2017 3899 2029 3936 :
2053 3882 2120 3937 de
2143 3881 2340 3952 Spiritu
2368 3881 2583 3952 quidem
2611 3890 2797 3936 sancto
2825 3884 3192 3953 accipiendum
3233 3897 3316 3942 est
3343 3889 3484 3958 quod

1895 3974 2002 4041 ait,
2036 3972 2263 4044 Spiritus
2299 3989 2332 4026 α
2360 3989 2439 4025 me
2485 3973 2653 4036 exiet;
2680 3972 2749 4028 de
2795 3989 2903 4044 quo
2931 3985 2988 4031 et
3021 3975 3267 4033 Salvator
3292 3979 3365 4034 ait
3386 4020 3412 4057 ,_
3445 3982 3491 4034 Δ

1898 4067 2057 4123 Putre
2085 4068 2308 4139 procedit
2335 4067 2514 4136 (Joan.
2547 4084 2615 4124 xv
2635 4109 2652 4135 ,
2678 4068 2770 4140 9.6)
2801 4087 2815 4123 :
2844 4070 2938 4125 sed
2969 4072 3109 4142 quod
3139 4073 3336 4127 dictmn
3367 4084 3449 4128 est
3471 4116 3488 4138 ,

1901 4159 2113 4214 Omnem
2150 4161 2332 4231 ﬂatum
2370 4176 2461 4230 ego
2508 4161 2641 4230 feci,
2689 4159 2758 4216 de
2787 4161 2932 4215 omni
2961 4163 3137 4216 anima
3168 4163 3368 4218 dictum
3392 4182 3490 4220 ue-

1896 4252 2008 4323 gari
2041 4267 2146 4307 non
2191 4260 2386 4320 potest.
2432 4251 2536 4306 Sed
2567 4266 2728 4307 omne
2764 4252 2925 4306 etiam
2952 4267 3147 4322 corpus
3178 4254 3292 4324 ipse
3319 4254 3441 4309 facit
3475 4273 3488 4309 :

1898 4341 2039 4413 quod
2070 4351 2248 4397 autent
2291 4357 2355 4396 ex
2401 4343 2692 4412 prepagine
2729 4357 2926 4413 corpus
2967 4342 3256 4399 humanum
3297 4345 3488 4411 faciat,

1899 4434 2077 4489 nullus
2104 4435 2343 4505 ambigit.
2373 4434 2449 4489 Ae
2479 4449 2575 4502 per
2611 4435 2712 4490 hoc
2751 4435 2820 4490 de
2852 4435 3049 4499 anima,
3072 4451 3193 4491 cum
3219 4454 3338 4492 eam
3365 4454 3494 4493 con-

1901 4534 2005 4580 stet
2027 4525 2096 4578 ab
2139 4527 2229 4581 illo
2257 4525 2400 4589 ﬁeri,
2431 4524 2571 4580 unde
2599 4540 2719 4580 eam
2766 4525 2919 4581 faciat
2939 4566 2956 4591 ,
2987 4538 3163 4580 utrum
3192 4544 3254 4581 ex
3288 4545 3488 4599 propa-

1900 4618 2024 4688 gine
2047 4619 2184 4672 sicut
2205 4631 2402 4688 corpus
2424 4659 2440 4682 ,
2473 4632 2540 4671 an
2564 4616 2880 4672 iusuiﬂando
2908 4619 3046 4673 sicut
3073 4619 3296 4688 primatu
3326 4621 3449 4675 fecit
3475 4661 3494 4687 ,

1901 4709 2076 4764 adhuc
2106 4709 2288 4778 utique
2317 4707 2693 4778 requirendum
2722 4718 2826 4763 est.
3495 4774 3503 4781 _

1973 4800 2063 4854 22.
2096 4799 2304 4869 Adjecit
2329 4801 2488 4856 etiam
2531 4799 2746 4854 tertium
2789 4799 3182 4864 testimonium,
3212 4800 3331 4870 quia
3357 4801 3494 4856 scri-

1905 4903 2051 4962 ptum
2099 4900 2182 4946 est
2200 4931 2216 4955 ,
2243 4889 2344 4956 Qui
2368 4890 2513 4960 ﬁngit
2554 4889 2785 4958 spiritum
2833 4889 3046 4944 hominis
3074 4890 3126 4943 in
3156 4891 3267 4958 ipso
3297 4890 3315 4962 (
3332 4889 3496 4944 Zaclt.

1908 4999 1984 5038 xu
2004 5025 2018 5046 .
2043 4981 2117 5053 1).
2149 4981 2310 5050 Quasi
2339 4980 2443 5036 hoc
2461 4989 2722 5051 negetur:
2753 4979 2847 5034 sed
2877 4979 3016 5034 unde
3037 4995 3156 5035 eum
3188 4980 3371 5051 lingat,
3397 4982 3496 5037 hoc

1906 5073 2180 5146 quatritur.
2203 5071 2335 5126 Nam
2357 5081 2411 5126 ct
2426 5071 2756 5141 corporalem
2777 5071 3008 5127 hominis
3033 5072 3244 5127 oculum
3273 5074 3393 5144 quis
3413 5075 3496 5128 ni-

1907 5166 1952 5220 si
1975 5167 2114 5220 Deus
2135 5163 2319 5234 lingit?
2342 5163 2408 5217 Et
2429 5172 2557 5232 puto
2577 5162 2718 5232 quod
2743 5177 2846 5216 non
2873 5173 3041 5228 extra,
3061 5164 3154 5219 sed
3185 5165 3238 5219 in
3266 5165 3379 5236 ipso
3397 5165 3498 5239 (a);

1908 5267 1963 5312 et
1991 5267 2165 5312 tamen
2187 5296 2204 5323 ,
2234 5264 2294 5310 ut
2317 5264 2522 5311 certum
2551 5262 2662 5322 est,
2690 5271 2756 5309 ex
2791 5256 3102 5326 propagine.
3141 5251 3271 5312 Cum
3298 5272 3426 5327 ergo
3448 5267 3504 5312 et

1858 5422 1860 5424 _
1908 5349 2152 5418 spiritum
2201 5345 2434 5402 hominis
2477 5344 2529 5399 in
2573 5343 2692 5415 ipso
2739 5345 2930 5416 lingat,
2981 5347 3328 5417 quzercndum
3376 5358 3503 5413 est,

1911 5452 2086 5494 utrum
2135 5455 2267 5493 nova
2297 5437 2658 5492 insufﬂatiom
2681 5480 2696 5504 ,
2729 5453 2796 5493 an
2837 5449 3062 5494 tractum
3095 5455 3156 5492 ex
3188 5441 3500 5511 propagine.

1976 5556 1992 5588 ί
2027 5556 2100 5605 sic
2121 5555 2246 5605 forte
2269 5553 2511 5616 legendus
2540 5553 2624 5604 ille
2671 5551 2822 5614 locus,
2863 5550 3056 5603 audebit
3092 5551 3268 5616 aliquis
3301 5550 3507 5614 deﬁnire

1912 5617 2125 5668 animum
2161 5615 2233 5687 rel
2277 5614 2518 5687 sptittnu,
2559 5629 2654 5687 (ῃςο
2693 5623 2866 5687 natura
2889 5621 3054 5687 nostra
3073 5614 3257 5687 rit-it,_a
3275 5621 3507 5687 ilieo‘nois

1913 5692 1977 5729 ea:
2001 5677 2260 5742 propagine
2284 5672 2414 5742 dmi,
2440 5677 2541 5726 loco
2564 5672 2870 5742 illo_roluisse
2893 5672 3170 5742 signiﬁcare
3199 5674 3501 5742 prophetam.

1977 5735 2010 5813 ’ξ
2031 5735 2329 5808 adnuis-ama
2376 5735 2695 5802 pra’retlentis
2745 5735 2954 5804 generis:
2995 5735 3152 5784 tamen
3185 5735 3268 5783 dat
3313 5745 3506 5795 corpus,

1915 5815 2110 5857 omisso,
2134 5814 2250 5864 ipse.

1979 5866 2050 5920 (τι)
2084 5861 2307 5919 mutandi,
2332 5861 2496 5915 ﬂuant.
