4144 6532
618 422 720 476 ικτ

693 530 783 586 ‘25.
821 527 1074 585 Novinins
1114 524 1273 580 etiam
1324 519 1747 575 Machabmorum
1791 515 2042 588 jnvenum
2093 530 2209 568 ma-

624 634 779 684 trem,
814 617 1174 674 fecundiorem
1205 612 1486 669 virtutibus
1515 609 1728 681 quando
1760 609 1851 663 filii
1893 608 2031 678 passi
2063 614 2210 672 sunt,

624 727 781 783 quam
817 711 1007 765 fetibus
1031 705 1243 778 quando
1272 704 1379 763 nati
1423 711 1552 759 sunt
1571 742 1586 766 ,
1615 716 1709 757 eos
1735 700 1812 755 sic
1833 699 1995 754 fuisse
2021 696 2216 751 adhor-

628 815 788 858 tatam
815 846 829 865 ,
871 810 926 854 ut
952 799 1156 854 diceret
1181 813 1196 850 :
1225 794 1381 863 Filii,
1412 794 1579 849 nescio
1613 792 1864 863 quomodo
1895 790 2135 862 paruistis
2163 789 2216 843 in

627 906 844 951 ventrem
883 896 1111 948 meum‘.
1149 890 1328 963 Neque
1368 887 1501 943 enim
1539 902 1628 957 ego
1666 884 1897 955 spiritum
1919 892 1966 936 et
1995 882 2218 935 animam

628 987 811 1040 donavi
839 985 1003 1049 vobis,
1032 1000 1120 1038 nec
1142 982 1354 1052 singulis
1383 978 1519 1033 vobis
1546 975 1710 1031 vultus
1747 985 1793 1030 et
1834 973 2057 1027 membra
2104 976 2215 1045 for-

627 1078 758 1131 mavi
793 1092 812 1131 :
838 1075 926 1131 sed
958 1074 1093 1129 Deus
1117 1073 1204 1145 qui
1229 1072 1344 1145 fecit
1373 1068 1620 1124 mundum
1644 1076 1691 1121 et
1735 1062 1903 1121 omnia
1929 1080 2043 1135 qua:
2077 1064 2130 1121 in
2161 1080 2219 1117 eo

627 1178 781 1232 sunt,
828 1167 1040 1237 fecitque
1079 1165 1339 1219 hominum
1396 1177 1589 1233 genus,
1640 1167 1687 1212 et
1734 1156 1960 1211 omnium
2012 1155 2221 1226 inquirit

629 1271 796 1315 actum
817 1265 837 1295 ³
863 1303 878 1327 ,
907 1270 951 1315 et
980 1259 1087 1327 ipse
1132 1256 1270 1310 vobis
1295 1253 1530 1324 spiritum
1573 1259 1621 1305 et
1646 1250 1868 1303 animam
1905 1247 2079 1301 reddet
2107 1260 2221 1300 cum

631 1372 814 1427 magna
845 1349 1187 1408 misericordia
1214 1347 1280 1419 (ll
1307 1338 1549 1401 Machab.
1576 1359 1677 1406 vn,
1706 1341 1798 1406 22,
1826 1340 1942 1409 23).
1967 1337 2222 1394 Novimus

634 1450 747 1502 hrec
776 1446 1024 1517 quidem;
1056 1441 1148 1497 sed
1197 1439 1320 1494 huic
1358 1434 1628 1508 quomodo
1669 1432 2028 1502 suffragcntur
2071 1429 2135 1483 ad
2171 1429 2219 1483 id

633 1537 773 1611 quod
800 1536 1023 1602 asserit,
1051 1548 1157 1588 non
1183 1531 1442 1586 videmus.
1473 1527 1603 1597 Quis
1629 1526 1770 1582 enim
1795 1524 2220 1580 Christianorum

635 1638 791 1699 neget
825 1629 989 1683 Deum
1027 1624 1226 1680 donare
1249 1619 1557 1676 hominibus
1583 1617 1817 1673 animam
1855 1623 1910 1670 et
1935 1614 2224 1685 spiritum?

635 1721 739 1777 Sed
770 1719 957 1775 eodem
1004 1715 1166 1771 modo
1195 1712 1444 1769 existimo
1493 1710 1652 1766 istum
1689 1722 1882 1780 negare
1910 1721 2016 1761 non
2043 1720 2218 1776 posse,

638 1815 802 1867 Deum
841 1809 1040 1863 donare
1069 1804 1373 1860 hominibus
1414 1802 1649 1872 linguam
1676 1841 1690 1864 ,
1721 1814 1904 1853 aurem
1931 1838 1948 1862 ,
1970 1812 2184 1851 manum
2205 1838 2223 1864 ,

636 1905 824 1973 pedem
848 1944 863 1968 ,
907 1913 1200 1969 omnesque
1237 1895 1477 1964 corporis
1516 1907 1705 1949 sensus
1744 1903 1798 1947 et
1840 1893 2076 1946 omnium
2110 1890 2223 1946 for-

638 2012 776 2051 mam
810 2003 1162 2061 naturamque
1206 1988 1591 2045 membrorum.
1635 1983 1916 2054 Quomodo
1937 1984 2078 2040 enim
2110 1983 2225 2039 hmc

641 2088 731 2142 Dei
762 2086 900 2139 dona
928 2098 1049 2138 esse
1073 2089 1357 2152 negaturus
1382 2088 1486 2143 est,
1519 2078 1615 2132 nisi
1645 2092 1703 2132 se
1732 2076 2078 2130 obliviscatur
2106 2090 2225 2130 esse

635 2176 1023 2232 christianum?
1043 2173 1149 2229 Sed
1200 2174 1339 2226 sicut
1375 2178 1585 2225 constat
1628 2184 1690 2223 ex
1723 2167 2011 2239 propagine
2045 2166 2112 2220 ab
2135 2166 2226 2227 illo

639 2271 754 2325 iure
805 2268 916 2322 fieri
960 2276 1120 2336 atque
1159 2262 1345 2318 donari
1377 2263 1484 2316 :ita
1525 2259 1871 2330 qumrcndnm
1911 2266 1993 2312 est
2021 2258 2180 2312 etiam
2206 2297 2223 2324 ,

637 2362 855 2430 spiritus
896 2367 951 2413 et
986 2357 1161 2410 anima
1207 2353 1439 2408 hominis
1485 2351 1627 2405 unde.
1652 2350 1719 2403 ab
1756 2349 1846 2403 illo
1873 2347 2157 2416 efficiatur,
2188 2356 2221 2403 δ

636 2444 744 2523 quo
769 2449 1036 2506 efficiente
1082 2446 1340 2509 donatur;
1370 2453 1544 2497 utrum
1585 2457 1649 2497 ex
1690 2440 1995 2510 parentibus
2021 2480 2036 2505 ,
2068 2453 2133 2492 an
2159 2454 2227 2494 ex

641 2543 841 2607 nihilo;
869 2556 935 2596 an
961 2537 1100 2610 quod
1123 2538 1222 2591 istc
1251 2535 1518 2599 affirmat,
1547 2532 1639 2588 scd
1675 2531 1820 2586 omni
1848 2530 2006 2586 modo
2034 2546 2230 2586 caven-

637 2634 765 2688 dum
795 2641 876 2687 est
897 2672 913 2698 ,
946 2646 1010 2685 ex
1041 2629 1217 2699 aliqua
1243 2627 1399 2682 flatus
1422 2624 1538 2695 ejns
1570 2625 1833 2680 existente
1858 2631 2045 2678 natura
2072 2663 2087 2688 ,
2120 2634 2225 2676 non

637 2727 706 2782 de
732 2725 896 2781 nihilo
916 2731 1112 2789 creata,
1137 2721 1230 2775 sed
1259 2720 1327 2775 de
1348 2720 1483 2789 ipso.

710 2815 936 2873 CAPUT
962 2813 1078 2869 XV.
1100 2843 1169 2853 —-
1187 2812 1278 2867 ‘24.
1308 2810 1439 2865 Cum
1470 2809 1629 2880 igitur
1654 2806 2044 2877 Scripturarum
2078 2806 2228 2861 testi-

640 2909 815 2962 monia
841 2922 957 2977 quze
979 2908 1387 2964 commemorat,
1408 2914 1742 2970 nequaquam
1765 2899 1992 2953 doceant
2014 2899 2063 2952 id
2086 2897 2226 2968 quod

641 2998 960 3069 persuadere
987 3003 1208 3049 conatur
1237 2991 1416 3066 (quod
1443 2991 1583 3046 enim
1611 2988 1678 3044 ad
1711 2989 1847 3043 hanc
1876 2989 2224 3059 quaestionem

637 3091 848 3155 attinet,
880 3087 1099 3141 omnino
1128 3101 1231 3138 non
1263 3079 1621 3154 exprimunt);
1649 3080 1773 3152 quid
1798 3088 1881 3135 cst
1907 3079 2049 3151 quod
2076 3078 2222 3145 dicit,

602 3186 608 3191 '
638 3182 874 3235 Animam
899 3194 962 3233 ea:
984 3178 1112 3249 ﬂatu
1138 3175 1231 3230 Dei
1254 3181 1544 3228 constanter
1573 3172 1873 3236 asserimus,
1904 3186 2003 3224 non
2032 3186 2094 3225 ex
2118 3178 2228 3223 tra-

636 3275 790 3338 duce,
818 3270 938 3343 quia
962 3285 1023 3324 ea:
1052 3267 1161 3321 Deo
1187 3265 1381 3319 datur!
1409 3264 1570 3332 Quasi
1596 3277 1792 3333 corpus
1818 3277 1885 3318 ex
1913 3261 2020 3317 alio
2048 3261 2224 3329 detur,

636 3381 793 3433 quam
821 3377 887 3417 ex
918 3362 1006 3414 illo
1034 3374 1066 3413 a
1097 3374 1202 3429 quo
1229 3364 1461 3422 creatur,
1485 3371 1548 3410 ex
1571 3370 1676 3426 quo
1698 3352 1875 3408 omnia
1897 3392 1915 3421 ,
1948 3368 2041 3424 per
2066 3367 2225 3424 quem

634 3460 836 3519 omnia,
867 3454 917 3507 in
948 3466 1054 3522 quo
1080 3450 1257 3505 omnia
1285 3446 1462 3522 (Rom.
1490 3462 1565 3509 XI,
1598 3444 1690 3515 56)
1714 3462 1728 3499 :
1752 3444 1994 3515 quamvis
2025 3459 2130 3497 non
2158 3457 2225 3498 ex

636 3548 753 3615 ejus
768 3553 975 3609 natura,
995 3541 1170 3597 sedes
1186 3540 1302 3609 ejus
1314 3536 1545 3608 opificio.
1567 3533 1747 3608 Neque
1763 3551 1826 3588 ea:
1837 3534 2018 3600 nihilo,
2034 3534 2222 3605 inquit,

633 3639 752 3708 quia
771 3654 835 3693 ex
856 3635 961 3690 Deo
983 3632 1342 3706 proficiscitur.
1360 3630 1471 3684 lloc
1491 3626 1649 3697 plane
1666 3641 1770 3681 non
1792 3625 1964 3681 adhuc
1979 3640 2228 3696 qumren—

632 3728 759 3783 dum
783 3739 1081 3789 monemus,
1104 3731 1281 3776 utrum
1311 3722 1380 3775 ita
1408 3719 1478 3773 sit
1501 3734 1515 3771 :
1540 3716 1635 3772 sed
1664 3731 1880 3786 prorsus
1901 3731 2086 3770 verum
2118 3733 2225 3772 non

635 3833 755 3872 esse
777 3816 915 3884 quod
936 3815 1082 3877 dicit,
1107 3813 1157 3866 id
1176 3821 1283 3877 est,
1312 3810 1452 3881 quod
1483 3809 1658 3862 anima
1690 3822 1788 3862 nec
1811 3820 1874 3861 ex
1893 3807 2110 3863 traduce
2134 3808 2223 3873 sit,

646 3923 745 3961 nec
765 3921 830 3961 cx
850 3903 1183 3967 nihilo-,hoc,
1204 3902 1439 3970 inqttam,
1462 3912 1647 3952 verum
1677 3912 1781 3951 non
1808 3912 1927 3952 esse
1942 3897 2056 3952 sine
2082 3897 2229 3951 dubi-

641 4000 838 4050 tatione
863 3995 1154 4048 firmamus.
1173 3992 1349 4048 Unum
1380 3999 1463 4045 est
1490 3988 1632 4045 enint
1657 4004 1686 4044 e
1707 3987 1933 4053 duobus,
1956 3988 1999 4042 si
2025 4004 2087 4043 ex
2117 3998 2226 4042 tra-

642 4089 780 4143 duce
807 4102 912 4140 non
930 4097 1031 4150 eSt,
1050 4099 1115 4140 ex
1139 4082 1304 4138 nihilo
1332 4093 1443 4147 est;
1463 4097 1531 4137 ne
1548 4081 1617 4136 ita
1634 4081 1780 4137 sitex
1799 4081 1930 4147 Deo,
1951 4090 2003 4136 ut
2024 4092 2225 4136 natura!

639 4189 708 4235 stt
735 4178 849 4245 Dei,
876 4175 1019 4248 quod
1045 4177 1262 4230 omnino
1288 4159 1605 4244 sacrilegum
1634 4182 1717 4227 est
1739 4172 1980 4228 credere.
2003 4173 2106 4228 Sed
2131 4173 2225 4228 ad-

641 4273 744 4327 huc
769 4276 943 4326 utrum
973 4284 1078 4323 non
1105 4266 1172 4322 sit
1197 4283 1261 4322 ex
1291 4264 1507 4320 traduce
1525 4305 1542 4331 ,
1572 4273 1715 4319 certa
1744 4264 2043 4319 testimonia
2072 4263 2224 4335 flagi-

641 4379 816 4422 tamus
842 4372 935 4420 aut
962 4362 1249 4434 qumrimus
1275 4377 1288 4413 :
1317 4374 1423 4414 non
1452 4358 1627 4429 qualia
1662 4360 1764 4413 iste
1796 4357 1999 4428 posuit,
2032 4358 2224 4428 quibus

642 4461 743 4514 hoc
766 4456 905 4529 quod
936 4453 1222 4526 qumrimns
1248 4467 1351 4504 non
1376 4448 1700 4504 ostenditur.

707 4551 799 4607 25.
826 4548 926 4618 Qui
967 4546 1166 4601 utinam
1202 4543 1253 4597 in
1296 4550 1438 4596 tanta
1483 4538 1843 4609 profunditate
1882 4538 2222 4606 qurestionis,

636 4642 888 4715 quamdiu
919 4637 1040 4710 quid
1069 4636 1208 4690 dicat
1226 4635 1453 4703 ignorat,
1478 4630 1776 4685 imitaretur
1802 4629 2223 4683 Machabaeorum

637 4742 896 4788 matrem:
924 4745 1043 4800 qua:
1067 4742 1188 4782 cum
1216 4725 1376 4779 sciret
1402 4721 1470 4776 de
1493 4722 1609 4775 viro
1637 4734 1695 4775 se
1728 4720 1864 4773 filios
1891 4720 2220 4789 concepisse,

637 4836 691 4879 ct
719 4840 749 4878 a
773 4823 1026 4879 Creatore
1053 4815 1290 4872 omnimn
1310 4853 1327 4881 ,
1366 4812 1479 4868 sive
1519 4810 1809 4866 secundum
1850 4824 2075 4879 corpus,
2107 4810 2227 4865 sive

637 4913 929 4968 secundum
958 4908 1188 4963 animam
1218 4913 1274 4959 et
1304 4903 1546 4973 spiritum
1587 4900 1687 4954 sibi
1727 4909 1940 4955 creatos
1968 4915 2123 4966 esse,
2152 4901 2227 4955 ait

640 5015 855 5070 tamen,
896 5000 1083 5057 Nescio
1120 4997 1372 5071 quomodo
1415 4994 1655 5066 paruistis
1693 4993 1744 5046 in
1783 5002 1999 5047 ventrem
2038 5010 2222 5048 meum.

642 5094 843 5165 Vellem
888 5095 986 5149 iste
1018 5092 1250 5155 diceret,
1279 5089 1405 5160 quid
1449 5089 1548 5141 ista
1594 5085 1887 5141 nesciebat.
1923 5085 2045 5140 llaec
2081 5088 2222 5141 enim

641 5204 757 5259 qua:
789 5186 916 5251 dixi,
946 5185 1125 5254 utique
1151 5183 1387 5243 sciebat,
1418 5178 1685 5249 quomodo
1711 5178 2001 5232 secundum
2029 5192 2226 5247 corpus

704 5305 719 5335 ί
736 5308 808 5350 Er.
823 5297 968 5361 Lugd.
996 5304 1047 5347 et
1070 5304 1187 5345 Ven.
1207 5294 1286 5344 hic
1296 5301 1345 5361 et
1360 5292 1500 5361 paulo
1818 5291 2059 5361 quam;on
2073 5304 2226 5357 αρρα-

640 5361 803 5421 rm'stis
842 5353 1082 5421 iuvreutre
1110 5353 1452 5417 meo;\'ulgata
1489 5353 1600 5403 huic
1636 5353 1842 5421 lectioni
1864 5354 1994 5421 favet
2015 5353 2218 5421 dicens,

642 5414 808 5477 nescio
832 5420 1038 5486 qualiter
1059 5418 1111 5486 in
1144 5414 1289 5486 utero
1305 5414 1423 5486 meo
1463 5414 1857 5486 opparuistis._At
1890 5420 2030 5486 Low,
2064 5415 2226 5486 nescio

641 5475 874 5550 quomodo
890 5480 1116 5545 paruistis
1138 5479 1187 5531 in
1209 5484 1419 5550 vetarem
1440 5475 1598 5550 meum
1612 5489 1629 5537 ;
1645 5490 1762 5550 c_um_
1777 5475 1866 5524 bac
1876 5476 2192 5550 adnotatione
2206 5492 2218 5527 :

647 5535 670 5593 ἑ
700 5535 776 5597 ὲ,ἱο
796 5535 1072 5596 constanter
1088 5540 1396 5602 manuscripti
1430 5551 1524 5588 nun
1556 5535 1648 5588 hoc
1669 5546 1852 5588 tantum
1876 5535 2008 5597 loco,
2039 5539 2127 5587 sed
2153 5540 2223 5588 in-

646 5629 671 5655 ι
693 5613 762 5657 t‘ra
785 5606 895 5678 aliis
920 5613 1165 5678 praeterea
1200 5603 1390 5678 duobus
1413 5614 1448 5678 ε.
1466 5612 1563 5672 qua
1585 5602 1975 5678 versionemsum
2002 5604 2222 5678 augusti-

647 5683 806 5733 sntnn
829 5662 1064 5721 arbitror.
1105 5674 1161 5714 ut
1183 5662 1651 5733 _qu:e_sep_tuaginta
1688 5663 1912 5733 proxime
1951 5662 2220 5733 exprimat,

641 5748 659 5779 ι
694 5729 776 5779 ubi
807 5736 953 5793 etiam
990 5721 1289 5793 accusativus
1322 5721 1564 5793 legiturfs
1593 5721 1781 5773 Graecus
1826 5722 1945 5772 t'crt:
1974 5721 2077 5772 ouk
2120 5722 2222 5774 οἰκί’

643 5793 762 5858 opos
772 5791 842 5844 eis
853 5797 928 5840 ten
941 5789 1089 5858 emen
1102 5786 1331 5851 epltenate
1348 5783 1471 5858 liciti
1478 5797 1554 5858 an.
1620 5795 1674 5838 Μ.

711 5860 729 5888 ³
750 5856 1035 5916 Legendum
1050 5850 1259 5909 videtur,
1287 5854 1457 5899 ortum.
1488 5857 1677 5899 Caecus
1698 5850 1861 5908 lubet,
1883 5851 2090 5910 genesim

1503 397 1599 460 DE
1638 395 1845 460 ANIMA
1890 390 1974 457 ET
2014 390 2179 456 EJUS
2216 387 2515 461 ORICINE,
2556 398 2613 455 S.
2654 392 3026 458 AUGUSTI!“

3782 405 3874 464 1'38

2326 510 2378 563 in
2410 512 2523 581 ejus
2556 524 2760 567 uterum
2792 515 3063 573 venerint:
3094 514 3213 583 quia
3252 513 3319 570 de
3351 514 3461 570 viro
3507 531 3599 571 eos
3624 532 3679 575 se
3704 534 3875 578 conce-

2325 602 2462 671 pisse
2489 602 2730 658 dubitare
2757 620 2862 659 non
2897 614 3118 674 poterat.
3146 590 3508 663 Confitebatur
3542 610 3694 664 etiam
3716 653 3731 678 ,
3758 617 3868 684 quia

2319 703 2374 748 et
2405 694 2503 749 hoc
2532 695 2710 766 utique
2736 696 2956 759 sciebat,
2983 696 3125 769 quod
3154 697 3292 752 Deus
3317 699 3418 753 illis
3446 700 3675 755 animam
3707 713 3756 759 et
3780 707 3874 774 spi-

2323 786 2481 842 ritum
2519 789 2758 852 dederit,
2787 789 2926 859 quod
2959 790 3071 859 ipse
3112 791 3216 845 illis
3244 792 3420 847 vultus
3445 802 3499 849 et
3526 795 3756 850 membra
3782 796 3878 851 for-

2327 883 2567 937 maverit.
2600 882 2735 950 Quid
2765 898 2893 954 ergo
2925 885 3228 940 nesciebat?
3264 886 3345 940 An
3387 889 3520 945 forte
3557 890 3696 959 quod
3723 896 3878 947 nesci-

2329 988 2448 1027 mus
2473 983 2527 1030 et
2556 990 2653 1030 nos
2672 1017 2687 1039 ,
2717 984 2894 1030 utrum
2922 977 3153 1032 animam
3188 987 3242 1033 et
3276 979 3549 1057 Spiritum,
3572 997 3726 1052 quem
3758 984 3882 1039 Deus

2331 1066 2435 1120 illis
2453 1067 2571 1123 sine
2596 1066 2756 1122 dnhio
2787 1067 2965 1133 dedit,
2996 1068 3061 1123 de
3090 1071 3396 1139 parentibus
3427 1073 3676 1138 traxerit,
3703 1091 3765 1129 an
3794 1090 3875 1131 no-

2274 1173 2447 1246 {vum
2479 1158 2616 1213 sicut
2642 1158 2841 1213 homini
2872 1160 3044 1228 primo
3075 1160 3422 1217 insuliiaverit
3440 1163 3469 1217 ?
3495 1163 3604 1219 Sed
3629 1165 3735 1222 sive
3762 1166 3874 1233 hor,

2325 1248 2436 1302 sive
2463 1248 2601 1302 aliud
2635 1249 2829 1320 aliquid
2858 1250 2925 1306 dc
2953 1261 3156 1307 natura:
3182 1252 3427 1308 humanae
3458 1255 3780 1313 institutione
3808 1277 3887 1314 ner-

2328 1341 2556 1404 sciebat,
2587 1345 2791 1398 nescire
2815 1360 2873 1399 sc
2897 1345 3138 1411 dicebat;
3173 1364 3277 1400 non
3310 1348 3449 1418 quod
3483 1353 3778 1415 nesciebat,
3808 1363 3879 1409 te-

2330 1448 2476 1486 mere
2503 1432 2841 1490 defendebat.
2870 1435 2979 1492 Nec
3009 1446 3183 1493 tamen
3219 1439 3319 1495 iste
3358 1441 3478 1496 huic
3507 1441 3738 1506 diceret,
3764 1447 3887 1515 quod

2330 1526 2523 1581 nobis‘
2552 1526 2731 1583 dicere
2771 1544 2874 1583 non
2917 1530 3127 1586 erubuit
3154 1548 3168 1585 :
3202 1531 3368 1587 Homo
3408 1534 3460 1588 in
3491 1535 3680 1593 honore
3716 1539 3889 1608 positus

2341 1634 2441 1671 non
2470 1618 2749 1682 intellexit;
2784 1631 3109 1690 comparatus
3137 1631 3210 1677 est
3239 1624 3497 1694 pecoribus
3537 1626 3823 1685 inseasatis.
3850 1634 3889 1682 et

2329 1711 2509 1764 similis
2534 1712 2699 1778 factus
2724 1723 2793 1766 est
2814 1711 2918 1766 illis
2942 1712 3110 1786 (Psal.
3141 1731 3322 1783 XLVIII,
3353 1716 3444 1788 15)
3470 1736 3483 1774 :
3511 1718 3648 1774 Ecce
3678 1719 3769 1773 ista
3792 1736 3894 1773 mu-

2333 1801 2433 1855 lier
2461 1800 2596 1855 dixit
2636 1801 2704 1857 de
2747 1803 2868 1857 filiis
2906 1804 3015 1858 suis
3039 1845 3055 1868 ,
3090 1803 3276 1860 Nescio
3316 1810 3566 1879 quomodo
3595 1812 3823 1881 paruistis
3848 1812 3893 1865 iu

2333 1904 2550 1948 ventrem
2581 1912 2743 1949 meum
2766 1911 2785 1950 :
2806 1912 2904 1951 nec
2932 1906 3105 1953 tamen
3150 1911 3489 1968 comparatur
3528 1902 3799 1971 peooribns
3826 1904 3894 1956 in-

2334 1986 2580 2040 sensatis.
2609 1984 2814 2052 Nescio,
2840 1986 2972 2042 dixit
2996 2006 3007 2039 :
3033 1997 3087 2043 et
3114 1990 3261 2059 quasi
3289 1986 3591 2061 (μιαίνει-θυι
3619 1996 3686 2047 ab
3709 2009 3786 2056 ea,
3812 2009 3896 2048 cur

2333 2078 2581 2139 nesciret,
2607 2078 2865 2148 adjunxit,
2898 2078 3070 2151 Neque
3094 2081 3225 2135 enim
3254 2098 3347 2152 ego
3373 2082 3606 2150 spiritum
3629 2091 3676 2136 et
3694 2084 3896 2137 animam

2332 2166 2516 2220 donavi
2544 2167 2696 2222 vobis.
2729 2169 2819 2224 Ille
2850 2184 2977 2240 ergo
3002 2169 3093 2240 qui
3123 2170 3373 2235 donavit,
3405 2172 3506 2227 scit
3546 2173 3689 2229 unde
3731 2174 3896 2229 fecerit

2335 2257 2477 2327 quod
2506 2258 2755 2324 donavit,
2786 2270 2959 2315 utrum
2991 2278 3053 2316 ex
3088 2263 3374 2333 propagine
3399 2265 3695 2324 attraxerit,
3720 2281 3782 2319 an
3810 2281 3897 2320 no.

2331 2366 2453 2403 vum
2486 2351 2832 2407 insnfflaverit
2860 2370 2873 2405 :
2902 2352 3042 2423 quod
3070 2369 3199 2424 ego,
3224 2353 3419 2424 inquit,
3451 2357 3656 2411 nescio.
3685 2355 3788 2410 Nec
3806 2357 3898 2412 sin-

2337 2444 2473 2512 gulis
2516 2443 2653 2497 vobis
2697 2445 2861 2497 vultus
2905 2453 2951 2497 et
2998 2444 3222 2498 membra
3268 2446 3479 2516 formari
3509 2462 3529 2500 .'
3558 2446 3650 2502 ille
3687 2449 3783 2503 scit
3821 2449 3898 2520 qui

2347 2533 2611 2597 formavit,
2636 2545 2812 2588 utrum
2838 2534 2994 2589 simul
3017 2550 3136 2590 cum
3153 2536 3328 2590 anima
3352 2536 3682 2606 formaverit,
3704 2555 3767 2594 an
3787 2556 3900 2596 vero

2331 2624 2442 2696 jam
2473 2624 2714 2681 formatis
2740 2626 2970 2681 animam
3002 2626 3226 2684 dederit.
3247 2629 3363 2694 Quo
3388 2645 3516 2701 ergo
3539 2632 3719 2700 modo,
3741 2643 3898 2687 utrum

2350 2717 2441 2770 illo
2461 2732 2529 2771 an
2558 2717 2660 2771 isto
2685 2718 2736 2771 in
2764 2717 2880 2788 ejus
2908 2728 3148 2774 ventrem
3179 2720 3422 2775 venerint
3451 2721 3540 2775 filii
3560 2764 3576 2783 .
3612 2723 3897 2786 nesciebat;

2341 2815 2396 2861 et
2428 2805 2555 2860 illud
2588 2816 2762 2862 tamen
2791 2806 3028 2872 sciebat,
3058 2816 3225 2864 totum
3254 2809 3393 2880 quod
3420 2810 3565 2865 dedit
3588 2812 3883 2868 redditurun

2333 2913 2453 2953 esse
2476 2899 2563 2968 qui
2594 2897 2756 2953 dedit.
2785 2898 2888 2954 Sed
2915 2899 3074 2971 eligat
3104 2901 3203 2957 iste
3230 2902 3281 2955 in
3311 2913 3513 2957 natura:
3544 2903 3787 2959 humanae
3808 2915 3884 2960 tat.

2342 2986 2602 3059 profundo
2631 2988 2917 3060 abditoqne
2947 3003 3175 3057 secreto,
3207 2993 3330 3062 quid
3364 2993 3555 3048 mulier
3582 2994 3685 3055 ista
3713 2997 3902 3051 nescie-

2332 3079 2437 3135 rit:
2464 3088 2665 3136 tantum
2684 3096 2786 3135 non
2805 3080 3009 3153 judicet
3027 3084 3392 3151 mentientem,
3415 3102 3512 3143 nec
3535 3089 3817 3157 pecoribus
3834 3089 3903 3143 in-

2337 3174 2566 3228 scnsatis
2585 3182 2857 3244 comparet
2879 3175 3224 3230 nescientem.
3248 3177 3511 3249 Quidquid
3533 3190 3653 3235 erat
3672 3181 3807 3251 quod
3828 3181 3902 3236 illa

2338 3265 2639 3332 nesciebat,
2669 3263 2912 3337 profecto
2938 3266 3002 3320 ad
3036 3276 3277 3322 naturam
3318 3267 3547 3325 hominis
3574 3273 3901 3341 pertinebat:

2336 3355 2477 3426 quod
2508 3364 2683 3444 tamen
2723 3357 2838 3411 sine
2878 3355 3032 3425 culpa
3078 3357 3238 3412 homo
3267 3359 3556 3415 nesciebat.
3584 3366 3905 3435 Quapropter

2343 3450 2462 3504 diro
2490 3449 2648 3503 etiam
2679 3463 2777 3519 ego
2802 3446 2870 3504 de
2889 3451 3063 3503 anima
3091 3465 3225 3515 mea,
3256 3449 3445 3506 Nescio
3470 3455 3737 3522 quomodo
3760 3469 3902 3510 vene-

2345 3541 2491 3611 ritin
2522 3556 2715 3610 corpus
2742 3556 2953 3606 meum;
2984 3556 3155 3611 neque
3190 3542 3332 3597 enim
3362 3558 3459 3613 ego
3488 3546 3630 3600 illam
3662 3546 3786 3602 mihi
3814 3547 3901 3602 do-

2331 3633 2454 3688 navi
2480 3651 2492 3687 :
2521 3632 2622 3687 scit
2647 3631 2736 3686 ille
2763 3631 2850 3701 qui
2883 3631 3123 3696 donavit,
3154 3643 3329 3686 utrum
3359 3633 3501 3687 illam
3523 3635 3593 3691 de
3626 3647 3772 3706 parte
3796 3652 3902 3691 meo

2336 3724 2592 3787 traxerit,
2641 3736 2707 3775 an
2750 3722 2889 3775 sicut
2937 3722 3108 3790 primo
3155 3721 3354 3777 homini
3401 3738 3591 3779 novam
3632 3729 3898 3783 creaverit.

2331 3814 2506 3869 Sciam
2534 3813 2694 3870 etiam
2724 3826 2823 3884 ego
2850 3813 2894 3868 si
2924 3813 3036 3882 ipse
3064 3812 3323 3882 docuerit,
3352 3816 3792 3891 quandocumque
3816 3835 3901 3873 vo-

2338 3906 2514 3959 luerit.
2546 3904 2697 3959 Nnnc
2723 3913 2898 3958 autem
2933 3905 3113 3959 nescio
3133 3945 3148 3969 ,
3181 3920 3278 3960 nec
3303 3922 3388 3962 me
3415 3907 3610 3979 pudet,
3644 3921 3700 3965 ut
3727 3912 3899 3976 istum,

2333 3995 2483 4052 fateri
2514 3996 2719 4049 nescire
2748 3994 2888 4064 quod
2920 3995 3102 4049 nescio
3123 3997 3167 4049 '.

2403 4086 2629 4143 CAPUT
2655 4084 2796 4140 XVI.
2816 4085 2998 4139 -—-26.
3037 4084 3185 4140 Disce
3206 4128 3221 4151 ,
3258 4086 3459 4157 inquit,
3501 4105 3616 4143 ecce
3646 4090 3902 4162 Apostolus

2334 4179 2494 4231 docet.
2540 4179 2746 4232 Discam
2796 4177 2983 4244 plane,
3014 4177 3058 4229 si
3090 4178 3375 4246 Apostolus
3402 4180 3594 4233 docet:
3626 4198 3732 4235 non
3772 4184 3900 4237 enim

2336 4271 2433 4324 nisi
2469 4269 2605 4323 Deus
2633 4282 2730 4337 per
2756 4266 3069 4336 Apostolum
3100 4266 3273 4321 docet.
3302 4268 3405 4322 Sed
3441 4269 3565 4339 quid
3593 4281 3675 4326 est
3702 4271 3899 4325 tandem

2332 4363 2471 4431 quod
2501 4363 2655 4416 docet
2683 4362 3008 4432 Apostolus?
3038 4362 3197 4423 Ecce,
3230 4362 3431 4432 inquit,
3460 4382 3571 4417 cum
3593 4366 3901 4421 Atheniensi-

2330 4453 2420 4506 bus
2451 4452 2751 4523 loqueretur,
2781 4453 2873 4505 Itoc
2902 4462 3183 4506 constanter
3210 4454 3437 4518 exposuit
3455 4495 3471 4519 ,
3499 4456 3670 4510 dicens
3688 4499 3702 4519 ,
3740 4476 3758 4507 ε
3787 4455 3901 4512 Cum

2332 4544 2437 4611 ipse
2464 4544 2547 4597 det
2576 4544 2802 4597 omnibus
2841 4544 2995 4596 vitam
3029 4554 3074 4597 et
3118 4545 3370 4614 spiritum.
3413 4565 3432 4597 ι
3462 4546 3591 4613 Quis
3622 4550 3764 4604 enim
3810 4549 3902 4603 hoc

2329 4633 2528 4703 negat?
2547 4632 2651 4688 Sed
2675 4634 2919 4703 iutellige,
2944 4634 3128 4701 inquit,
3152 4634 3285 4703 quod
3310 4635 3380 4687 ait
3408 4636 3680 4704 Apostolus
3706 4654 3751 4692 ε(
3770 4640 3896 4701 ἀει.»

2328 4723 2524 4795 inquit;
2552 4741 2673 4801 non,
2707 4722 2892 4787 Dedit;
2917 4724 2982 4776 ad
3008 4723 3261 4793 iii/initum
3304 4734 3350 4777 et
3379 4726 3505 4797 juge
3535 4737 3732 4796 tempus
3768 4744 3902 4781 reen-

2331 4832 2470 4878 cans.
2503 4831 2602 4869 non
2631 4814 2694 4868 de
2719 4816 2972 4887 prmterito
2997 4825 3044 4868 et
3067 4817 3285 4886 perfecto
3318 4819 3671 4885 pronuntians.
3696 4820 3758 4873 Et
3777 4822 3900 4891 quod

2330 4908 2436 4962 sine
2461 4909 2737 4962 cessatione
2754 4906 2862 4971 dat,
2886 4923 3079 4977 semper
3103 4908 3187 4959 dat
3205 4922 3223 4960 :
3239 4907 3367 4960 sicut
3387 4926 3581 4978 semper
3602 4922 3676 4964 est
3702 4910 3808 4981 ipse
3824 4911 3904 4979 qui

2331 5000 2437 5054 dat.
2468 4998 2640 5054 Verba
2668 4999 2783 5068 ejus
2809 4999 2994 5069 posui,
3031 4998 3167 5054 sicut
3208 4999 3258 5052 in
3290 5014 3474 5053 eorum
3518 5018 3652 5071 quos
3689 5003 3897 5065 misisti,

2331 5091 2565 5148 secundo
2595 5091 2733 5145 libro
2760 5091 2878 5159 ejus
2904 5091 3099 5146 inveni.
3128 5089 3226 5147 Ubi
3254 5092 3482 5162 primum
3511 5094 3630 5149 vide
3657 5110 3765 5165 quo
3786 5110 3898 5165 pro-

2329 5199 2546 5254 gressus
2573 5181 2747 5245 fuerit,
2777 5180 2904 5236 dum
2927 5180 3111 5235 nititur
3131 5179 3398 5237 affirmare
3421 5184 3562 5254 quod
3592 5186 3781 5240 nescit.
3803 5187 3906 5239 Au-

2330 5287 2421 5327 sns
2446 5283 2525 5326 est
2550 5271 2693 5325 enim
2720 5269 2933 5333 dicere,
2959 5270 3122 5325 Deum
3151 5284 3259 5325 non
3300 5287 3439 5326 nunc
3467 5271 3639 5327 solum
3670 5289 3826 5345 atque
3854 5274 3895 5327 ii.

2331 5368 2432 5420 isto
2478 5363 2843 5418 tantummodo
2881 5363 3113 5427 stecnlo,
3155 5363 3249 5417 sed
3290 5380 3382 5432 per
3408 5363 3671 5420 infinitum
3703 5374 3891 5435 tempe

2330 5457 2444 5512 sine
2463 5456 2781 5516 cessatione,
2805 5462 2964 5522 atque
2988 5454 3205 5508 omnino
3226 5470 3438 5524 semper
3457 5457 3662 5510 animas
3688 5472 3897 5513 nascen-

2331 5550 2467 5603 tibus
2497 5547 2643 5601 tiare.
2671 5546 2902 5616 Semper,
2945 5546 3148 5618 inquit,
3181 5547 3297 5612 dat,
3330 5548 3458 5601 sicut
3481 5564 3677 5620 oempcr
3707 5559 3777 5605 est
3799 5549 3901 5620 ipse

2393 5727 2407 5758 ι
2444 5732 2650 5788 quatuor
2673 5731 2801 5773 Mm.
2825 5723 2953 5788 quod
2975 5722 3036 5775 de
3058 5723 3208 5776 nobis.

2389 5790 2411 5819 ι
2430 5794 2501 5835 t-tr.
2528 5787 2663 5854 Lugd,
2694 5792 2743 5834 et
2768 5786 2905 5846 rem,
2929 5799 3017 5836 nec
3031 5799 3107 5837 me
3129 5786 3292 5851 pudet,
3310 5791 3359 5837 ut
3380 5786 3515 5839 istud
3526 5787 3684 5850 fatear
3696 5787 3892 5850 uacus,

2331 5851 2456 5909 quod
2481 5861 2655 5898 nemo.
2720 5856 2777 5897 tt.
3900 5846 3907 5851 ’
