4096 6516
179 449 206 459 κ

266 334 361 390 439

267 449 345 516 qui
369 449 470 500 dat.
500 445 638 514 Quid
667 447 683 478 ⁸
713 446 1005 518 Apostolus
1031 447 1255 515 dixerit,
1287 450 1408 521 quia
1437 451 1565 505 satis
1592 462 1835 520 apertum

260 548 364 610 est,
392 552 471 592 me
503 537 828 608 intelligere,
858 538 997 594 absit
1027 549 1085 594 ut
1109 555 1298 610 negem
1325 558 1338 594 :
1369 542 1508 610 quod
1534 553 1711 598 autem
1740 543 1839 598 iSte

259 625 414 692 dicit,
443 625 606 681 debet
635 627 796 682 etiam
825 628 937 698 ipse
964 629 1262 701 intelligere
1299 643 1484 687 contra
1526 634 1686 688 fidem
1717 649 1837 690 esse

257 717 611 782 christianum,
636 729 796 788 atque
818 719 1041 775 ulterius
1063 737 1252 776 cavere
1273 739 1338 778 ne
1359 723 1517 778 dicat.
1536 723 1668 778 Cum
1691 724 1834 779 enim

255 809 436 863 mortui
462 811 876 874 resurrexerint,
895 811 1005 880 jam
1029 827 1186 868 nemo
1210 825 1458 870 nascetur
1485 834 1496 870 :
1525 825 1687 886 atque
1709 816 1832 874 ideo

251 908 366 954 tunc
393 915 497 954 non
525 899 674 955 dabit
705 904 1049 959 nascentibus
1075 905 1282 964 animas
1303 946 1316 972 ,
1347 906 1442 962 sed
1469 923 1562 963 eas
1587 923 1720 979 quas
1742 908 1834 963 dat

247 989 293 1042 in
339 990 442 1044 isto
485 991 684 1046 sarculo
715 1008 838 1047 cum
867 994 1184 1064 corporibus
1219 995 1498 1066 judicabit.
1541 997 1658 1054 Non
1704 1013 1832 1070 ergo

245 1095 452 1149 semper
475 1081 599 1146 dat,
629 1085 876 1153 quamvis
905 1084 1019 1154 ipse
1046 1100 1260 1156 semper
1303 1088 1374 1142 sit
1401 1088 1492 1160 qui
1534 1105 1674 1144 nunc
1717 1089 1827 1144 dat.

245 1170 342 1225 Nec
371 1181 550 1228 tamen
579 1175 834 1244 quoniam
857 1176 1045 1233 beatus
1067 1179 1356 1248 Apostolus
1389 1196 1491 1234 non
1521 1180 1689 1247 dixit,
1720 1181 1828 1236 De-

243 1260 312 1314 dit
335 1278 350 1327 ;
378 1263 476 1318 sed
497 1305 511 1328 ,
537 1265 658 1329 det;
689 1265 816 1328 inde
839 1267 1122 1322 conficitur
1148 1269 1292 1340 quod
1323 1271 1433 1324 vult
1463 1271 1566 1326 iste
1590 1272 1827 1328 eouliee-

245 1369 323 1420 re,
351 1370 458 1409 non
489 1371 610 1410 eum
641 1372 708 1412 ex
737 1361 1027 1428 prepagine
1054 1361 1263 1416 animas
1300 1361 1448 1416 dare.
1482 1361 1603 1433 ipse
1631 1363 1828 1433 quippe

242 1447 340 1511 dat,
361 1448 526 1502 etiam
543 1448 590 1503 si
610 1449 678 1506 de
701 1452 992 1522 propagine
1019 1453 1130 1508 dat.
1153 1455 1288 1522 Quia
1315 1465 1370 1511 et
1393 1460 1638 1527 corporis
1660 1473 1828 1529 meme

208 1527 214 1540 ’
241 1540 346 1605 bra,
366 1549 422 1596 et
448 1544 694 1612 corporis
730 1559 954 1609 sensus,
985 1557 1038 1602 et
1063 1548 1306 1618 corporis
1345 1547 1600 1616 formam,
1626 1561 1680 1606 et
1705 1566 1828 1606 eor-

240 1631 376 1700 poris
402 1635 630 1689 omnino
659 1635 1010 1692 substantiam
1041 1639 1153 1709 ipse
1175 1639 1479 1698 hominibus
1504 1642 1617 1710 dat,
1642 1659 1830 1714 quam-

237 1725 311 1778 vis
336 1741 398 1780 ex
432 1727 729 1799 propagine
757 1728 868 1784 det.
897 1730 1080 1800 Neque
1104 1731 1247 1788 enim
1280 1734 1405 1805 quia
1435 1735 1694 1792 Dominus
1719 1737 1824 1806 ait,

239 1816 295 1870 Si
312 1819 488 1888 fenum
513 1820 646 1890 agri,
677 1821 814 1891 quod
833 1821 983 1878 hodie
1003 1834 1074 1878 est
1099 1832 1145 1878 et
1175 1843 1288 1881 cras
1313 1827 1366 1881 in
1389 1827 1644 1884 clibani?!
1663 1831 1825 1885 uulsi-

236 1918 328 1975 tur,
359 1908 501 1964 Deus
531 1912 605 1966 sic
630 1913 772 1967 vestit
804 1912 824 1985 (
848 1913 1034 1970 Matth.
1064 1932 1136 1980 vr,
1167 1915 1306 1992 30);
1336 1935 1436 1975 nec
1461 1919 1555 1989 ait,
1580 1920 1825 1990 Vestiri;

233 2004 362 2056 sicut
385 2003 618 2071 primum
646 2005 860 2074 quando
888 2006 1152 2072 instituit;
1183 2009 1278 2065 sed
1303 2011 1398 2075 ait,
1421 2014 1582 2079 vestit,
1611 2015 1752 2084 quod
1773 2026 1825 2070 et

235 2109 367 2149 nunc
392 2094 559 2160 facit;
593 2095 718 2154 ideo
745 2099 1060 2168 negabimus
1089 2101 1196 2156 lilia
1228 2102 1296 2158 de
1321 2103 1528 2174 origine
1553 2105 1636 2162 sui
1662 2121 1826 2176 gene-

235 2187 303 2240 ris
327 2189 622 2257 procreari.
645 2188 784 2255 Quid
809 2191 852 2246 si
880 2207 1010 2261 ergo
1038 2194 1117 2247 sic
1144 2193 1304 2248 etiam
1330 2195 1510 2250 anima
1531 2205 1586 2250 et
1605 2198 1824 2266 spiritus

235 2275 456 2332 hominis
487 2287 545 2332 et
574 2293 604 2332 a
636 2281 744 2334 Deo
769 2279 945 2346 datur,
971 2282 1223 2353 quamdiu
1253 2284 1446 2350 datur;
1473 2297 1526 2342 et
1549 2295 1724 2342 tamen
1757 2304 1823 2350 ex

233 2371 518 2440 propagine
547 2370 628 2424 sui
655 2373 866 2441 generis
893 2373 1089 2429 datur?
1119 2373 1274 2444 Quod
1299 2392 1398 2448 ego
1429 2393 1529 2433 nec
1551 2377 1783 2433 defendo
1801 2419 1818 2446 ,

234 2474 323 2514 nec
347 2459 560 2516 refello.
585 2461 693 2516 Sed
714 2462 759 2516 si
781 2462 1179 2520 defendendum
1205 2475 1308 2534 est,
1331 2467 1414 2523 vel
1438 2467 1819 2536 refellendum,

231 2551 545 2622 pet-Spicuis,
567 2542 678 2606 non
701 2553 964 2625 ambiguis
985 2556 1307 2612 testimoniis
1335 2558 1389 2612 id
1415 2559 1680 2628 agendum
1701 2575 1822 2616 eSse

229 2657 563 2700 commoneo.
596 2643 1026 2717 NecprOpterea'
1068 2649 1355 2718 pecoribus
1385 2650 1673 2708 iusensatis
1701 2669 1821 2716 sum

226 2735 636 2809 comparandus,
671 2738 790 2808 quia
815 2739 915 2794 hoc
944 2755 1029 2794 me
1057 2741 1294 2796 nondum
1325 2743 1467 2798 scire
1494 2745 1819 2814 pronuntio;

227 2826 315 2880 sed
343 2829 524 2896 potius
551 2831 724 2882 cautis
765 2828 1102 2897 hominibus,
1132 2833 1256 2903 quia
1283 2849 1389 2894 non
1419 2833 1594 2892 audeo
1623 2836 1822 2894 docere

227 2917 360 2986 quod
382 2918 592 2973 nescio.
623 2919 787 2974 Istum
813 2931 992 2976 autem
1020 2938 1126 2976 non
1153 2939 1252 2994 ego
1274 2925 1530 2992 vicissim,
1557 2927 1708 2996 quasi
1731 2943 1818 2983 re-

225 3009 458 3079 pendens
504 3010 846 3066 maledictum
881 3029 977 3083 pro
1005 3014 1320 3081 maledicto,
1352 3017 1640 3087 pecoribus
1671 3033 1822 3077 com-

225 3113 381 3170 paro;
413 3101 518 3156 sed
551 3113 800 3172 tanquam
830 3105 994 3159 lilium
1028 3121 1242 3174 moneo,
1274 3117 1332 3160 ut
1358 3107 1502 3179 quod
1530 3110 1725 3176 nescit,
1757 3125 1818 3168 se

225 3194 422 3249 nescire
451 3194 717 3262 fateatur,
760 3212 933 3267 neque
959 3197 1011 3252 id
1037 3197 1179 3268 quod
1217 3199 1456 3256 nondum
1479 3201 1684 3268 didicit,
1717 3201 1817 3263 do-

225 3297 339 3339 cere
382 3286 642 3342 moliatur
673 3306 687 3343 :
717 3303 785 3344 ne
829 3301 1193 3360 comparetur,
1235 3308 1345 3352 non
1385 3295 1693 3364 pecoribus,
1722 3297 1816 3352 sed

223 3375 322 3430 illis
337 3378 650 3434 hominibus
674 3395 808 3448 quos
835 3379 962 3438 dicit
986 3382 1295 3454 Apostolus,
1319 3385 1540 3440 volentes
1563 3403 1669 3442 esse
1695 3387 1820 3459 legis

223 3466 466 3537 doctores,
505 3489 606 3526 non
632 3472 966 3544 intelligente:
991 3491 1150 3546 neque
1183 3493 1298 3546 qua:
1333 3477 1625 3549 loquuntur,
1656 3496 1820 3545 neque

222 3562 280 3616 tle
295 3564 474 3632 quibus
508 3563 759 3636 aﬂ‘irmant
789 3566 830 3638 (Ι
852 3565 987 3627 Tim.
1014 3584 1053 3634 l,
1083 3569 1163 3640 7).

207 3695 216 3701 .
285 3654 520 3712 CAPUT
546 3656 709 3713 XVll.
732 3658 910 3714 —27.
941 3658 1074 3715 Nam
1101 3659 1245 3718 unde
1267 3670 1372 3731 est,
1399 3663 1539 3734 quod
1571 3664 1644 3720 ita
1673 3663 1817 3722 Scri-

220 3754 429 3815 pturas,
461 3747 535 3801 de
559 3748 758 3818 quibus
798 3749 1058 3820 loquitur,
1089 3767 1194 3805 non
1227 3763 1379 3806 curat
1408 3753 1723 3820 advertere,
1756 3767 1816 3810 ut

219 3849 330 3890 cum
361 3838 560 3907 legerit
588 3837 835 3896 homines
865 3855 986 3896 esse
1011 3857 1077 3896 ex
1111 3841 1239 3922 Deo,
1272 3858 1376 3898 non
1403 3859 1497 3899 eos
1524 3845 1687 3900 etiam
1719 3863 1812 3902 se-

216 3929 442 3984 cundum
499 3944 726 3999 corpus,
775 3931 868 3987 sed
917 3941 1122 3988 tantum
1162 3935 1455 3990 secundum
1485 3938 1718 3993 animant
1759 3936 1834 3994 et'

215 4021 453 4090 spiritum
486 4038 554 4078 ex
579 4023 691 4078 Deo
710 4039 832 4081 esse
857 4026 1186 4081 contendat?
1211 4027 1364 4094 Quod
1395 4012 1545 4086 enim,
1569 4033 1645 4086 ait
1668 4033 1814 4101 Apo-

215 4115 396 4180 stolus,
436 4115 524 4168 Ea:
547 4116 662 4184 ipso
685 4132 858 4170 sumus
879 4117 1016 4186 (Act.
1050 4133 1176 4184 xvu,
1209 4118 1340 4190 28);
1367 4123 1472 4176 nun
1497 4123 1608 4178 vult
1629 4123 1730 4179 iste
1745 4124 1813 4188 ad

216 4219 426 4276 corpus,
459 4206 560 4262 sed
595 4195 798 4262 tantum
826 4208 891 4262 ad
915 4210 1148 4264 animam
1178 4219 1232 4266 et
1251 4213 1497 4283 spiritum
1524 4231 1645 4272 esse
1670 4215 1810 4280 refe-

215 4299 458 4352 rendum.
483 4298 540 4354 Si
574 4313 702 4368 ergo
729 4315 794 4354 ex
819 4299 932 4354 Deo
954 4317 1058 4355 non
1087 4312 1212 4356 sunt
1237 4317 1484 4377 corpora,
1512 4304 1705 4370 falsum
1730 4316 1813 4362 est

215 4389 347 4456 quod
377 4390 642 4460 scriptum
674 4401 776 4456 est,
813 4389 894 4444 Ea:
917 4407 1018 4463 quo
1047 4393 1237 4458 omnia,
1262 4410 1353 4464 per
1375 4411 1524 4464 quem
1543 4397 1734 4464 omnia,
1758 4397 1812 4452 in

212 4493 305 4545 quo
329 4479 507 4534 omnia
537 4479 714 4552 (Rom.
745 4497 818 4547 χι,
843 4480 960 4551 '56).
1007 4483 1208 4538 Deinde
1237 4485 1327 4538 ubi
1355 4485 1486 4540 dicit
1512 4486 1652 4542 idem
1683 4504 1812 4558 apo-

212 4571 395 4636 stolus,
428 4572 584 4626 Sicut
621 4573 756 4626 enim
793 4572 974 4626 mulier
993 4591 1058 4628 ex
1077 4576 1182 4629 viro
1201 4617 1215 4642 ,
1243 4576 1315 4630 ita
1344 4587 1390 4632 et
1419 4579 1495 4632 vir
1521 4596 1612 4648 per
1634 4582 1810 4636 mulie-

209 4673 339 4725 rem;
362 4673 603 4734 exponat
625 4663 778 4719 nobis
806 4663 906 4720 iste
937 4680 1094 4741 quam
1127 4670 1810 4739 prepaginetn'signilicare

212 4751 454 4818 voluerit,
489 4752 708 4818 animm,
743 4769 810 4808 an
839 4756 1105 4826 corporis,
1139 4772 1204 4811 an
1237 4758 1534 4830 utriusque.
1565 4760 1673 4818 Sed
1703 4779 1808 4818 non

209 4840 314 4896 vult
342 4859 469 4901 esse
495 4843 703 4896 animas
730 4859 796 4904 ex
819 4845 1131 4915 prepagine.
1153 4845 1340 4902 Restat
1365 4863 1514 4919 ergo,
1542 4860 1599 4904 ut
1617 4866 1810 4906 secun-

217 4929 329 4985 lutn
371 4933 554 5005 ipsum
595 4942 752 5002 atque
781 4948 970 4990 omnes
996 4935 1084 5006 qui
1115 4936 1415 4992 animarum
1458 4942 1804 5012 prepaginem

209 5019 260 5074 dt
275 5031 494 5076 struunt
514 5065 528 5087 ,
559 5037 754 5092 corpus
781 5032 987 5081 tantum
1019 5026 1370 5082 masculinum
1401 5039 1454 5084 ct
1484 5027 1802 5087 femininum

208 5111 592 5178 significaverit
613 5114 634 5146 ⁸
662 5114 950 5182 Apostolus
970 5157 985 5180 ,
1019 5115 1204 5171 dicens
1223 5161 1237 5184 ,
1266 5117 1414 5172 Sicut
1452 5121 1585 5174 enim
1625 5123 1807 5178 mulier

205 5217 267 5255 ea:
291 5205 399 5257 viro
419 5245 437 5270 ,
479 5205 554 5259 ita
595 5211 642 5258 et
678 5205 754 5257 vir
780 5222 870 5276 per
895 5205 1156 5262 mulierem
1185 5209 1344 5280 :quia
1372 5211 1566 5266 mulier
1592 5228 1657 5268 ex
1688 5214 1805 5270 viro

206 5294 337 5349 facta
366 5305 477 5363 est,
512 5305 568 5350 ut
593 5297 754 5351 etiam
783 5296 864 5351 vir
888 5280 986 5368 ρᾶ·
1013 5299 1294 5356 mulierem
1332 5313 1515 5372 postea
1548 5321 1804 5363 nascere-

205 5393 304 5439 tur.
331 5385 388 5440 Si
420 5401 554 5457 ergo
581 5386 696 5440 lucc
723 5386 1011 5456 Apostolus
1041 5388 1248 5454 dicens.
1275 5406 1383 5446 non
1411 5395 1572 5448 etiam
1595 5397 1804 5454 animas

204 5485 254 5530 et
277 5477 533 5548 spiritus,
576 5477 672 5532 sed
709 5485 909 5532 tantum
941 5494 1166 5550 corpora
1199 5482 1479 5553 utriusque
1517 5499 1678 5541 sexus
1707 5503 1805 5542 νυ-

205 5562 342 5622 lebat
363 5565 614 5638 iutelligi,
637 5581 731 5622 cur
748 5569 1000 5626 continuo
1021 5569 1315 5643 subjunxit,
1345 5572 1528 5630 Omnia
1547 5587 1716 5632 autem
1737 5595 1802 5642 ex

260 5729 276 5760 ι
313 5736 417 5778 nm
443 5737 576 5790 uss,
588 5731 746 5792 quod.

261 5791 282 5821 ⁸
313 5800 363 5840 tu
388 5799 532 5849 διδ,
553 5790 868 5855 signiﬁcaret.

461 5881 738 5943 Panos.
778 5883 990 5948 XLIV.

1636 337 1840 395 LIBER
1881 337 2148 427 l’iililUS.
2221 367 2246 386 ε

3431 361 3536 418 490

1945 451 2054 512 Deo
2085 456 2102 523 (
2127 453 2141 505 l
2173 455 2292 510 Lor.
2321 471 2370 508 χι
2393 497 2408 523 ,
2439 457 2572 526 {2);
2603 462 2702 516 nisi
2729 462 2853 534 quia
2873 472 2930 524 et
2949 481 3173 540 corpora
3192 486 3262 527 ex
3282 473 3428 532 Deo?
3458 477 3532 530 Ita

1940 545 2138 613 quippe
2161 547 2236 600 ait
2257 564 2271 599 :
2296 548 2438 602 Sicut
2464 553 2597 608 enim
2617 553 2802 611 mulier
2818 574 2884 614 ex
2899 559 3028 627 uiro,
3047 562 3118 615 ita
3139 572 3184 616 et
3211 564 3295 618 vir
3311 581 3401 634 per
3418 583 3533 620 mtt-

1940 634 2140 702 lierem;
2171 640 2339 693 omnia
2365 651 2533 696 autem
2557 661 2623 699 ea:
2643 645 2769 702 Deo.
2802 649 2976 722 Eligat
2999 667 3128 724 ergo
3159 655 3258 710 iste
3285 657 3426 712 unde
3459 658 3532 712 sit

1938 726 2158 786 dictum.
2187 729 2243 786 Si
2268 730 2337 790 de
2364 737 2700 804 corporibus,
2733 741 2974 809 profecto
2997 755 3052 799 et
3077 760 3302 814 corpora
3324 763 3389 802 ex
3415 749 3524 804 Deo

1936 827 2079 909 sunt.
2103 818 2240 889 Quid
2260 833 2506 896 estergo,
2529 828 2671 898 quod
2697 831 3018 904 ubicumque
3039 837 3138 892 iste
3158 838 3210 892 in
3235 837 3529 909 Scripturis

1937 907 2085 980 legit,
2117 928 2180 966 ea:
2205 911 2314 968 Deo
2336 957 2350 979 ,
2391 917 2605 987 quando
2633 919 2704 976 de
2731 921 3040 982 hominibus
3081 927 3273 997 agitur,
3319 907 3426 993 non
3474 941 3530 984 et

1933 1015 2180 1071 corpora,
2211 1005 2304 1059 sed
2335 1017 2539 1066 tantum
2571 1010 2778 1066 animas
2802 1023 2858 1069 et
2879 1016 3102 1084 spiritus
3128 1019 3238 1076 vult
3265 1019 3531 1090 intelligi?

1931 1091 1988 1146 Si
2017 1109 2144 1150 vero
2172 1095 2314 1166 quod
2343 1097 2546 1160 dictum
2572 1111 2692 1170 est,
2720 1103 2908 1162 Omnia
2931 1117 3099 1168 autem
3121 1126 3185 1164 ea:
3206 1109 3350 1174 Deo;
3379 1123 3435 1168 ct
3463 1113 3532 1167 de

1931 1197 2158 1266 corpore
2176 1186 2449 1260 utriusque
2469 1205 2650 1261 sexus,
2670 1201 2724 1248 et
2742 1194 2811 1250 de
2834 1197 3010 1252 anima
3033 1213 3095 1254 ac
3110 1201 3301 1270 Spiritu
3329 1202 3529 1256 dictum

1932 1281 2052 1328 est:
2079 1291 2210 1346 ergo
2233 1278 2530 1338 secundum
2549 1283 2729 1337 omnia
2748 1293 2831 1340 est
2861 1289 3058 1346 mulier
3079 1305 3145 1352 ex
3171 1291 3306 1350 viro.
3334 1292 3528 1346 Mulier

1931 1365 2064 1420 enim
2099 1383 2162 1421 ea:
2185 1368 2324 1438 uiro,
2352 1370 2428 1424 uir
2454 1389 2546 1444 per
2568 1375 2868 1442 mulierem;
2891 1380 3064 1440 omnia
3100 1391 3266 1435 autem
3302 1399 3366 1436 ea:
3396 1382 3523 1438 Deo.

1898 1505 1902 1509 .
1930 1455 2061 1532 Qua:
2083 1459 2286 1526 omnia,
2321 1461 2424 1518 nisi
2451 1462 2521 1518 de
2549 1465 2744 1535 quibus
2775 1467 3112 1540 loquebatur,
3143 1471 3193 1526 id
3221 1484 3326 1539 est,
3358 1483 3411 1528 et
3441 1476 3526 1530 ille

1929 1548 2012 1600 vir
2039 1563 2104 1604 ex
2129 1565 2236 1621 quo
2265 1551 2474 1620 mulier,
2506 1564 2560 1610 et
2587 1556 2677 1612 illa
2708 1561 2901 1616 mulier
2925 1578 3046 1632 qua:
3073 1579 3137 1620 ex
3173 1567 3314 1629 viro,
3351 1577 3406 1622 et
3438 1569 3526 1622 ille

1928 1639 2010 1694 vir
2033 1639 2122 1712 qui
2153 1655 2250 1710 per
2277 1644 2557 1701 mulierem
2579 1647 2602 1702 ?
2621 1647 2807 1721 Neque
2829 1653 2973 1707 enim
3003 1654 3090 1710 ille
3114 1655 3196 1710 vir
3216 1673 3313 1728 per
3339 1659 3527 1714 mulie-

1927 1744 2064 1795 rem,
2088 1747 2152 1786 ex
2175 1749 2282 1804 quo
2308 1735 2424 1790 viro
2445 1737 2638 1794 mulier
2664 1758 2678 1794 :
2711 1741 2804 1796 sed
2825 1745 2909 1798 vir
2934 1745 3026 1814 qui
3052 1755 3210 1800 natus
3231 1758 3316 1802 est
3339 1759 3522 1817 postea

1928 1835 1993 1876 ex
2027 1821 2140 1877 viro
2165 1839 2262 1894 per
2291 1826 2573 1884 mulierem
2599 1869 2615 1897 ,
2653 1833 3110 1902 quemadmodum
3140 1838 3403 1911 hodieque
3431 1858 3526 1896 ua-
3621 1835 3625 1839 ’

1926 1924 2166 1978 scuntur.
2187 1917 2265 1980 Ac
2293 1933 2388 1994 per
2413 1919 2515 1976 hoc
2539 1921 2583 1980 si
2605 1938 2726 1988 cum
2755 1925 2854 1988 ista
2884 1927 3089 1983 diceret
3113 1917 3419 1998 ApaStolus,
3453 1932 3522 1989 de

1926 2007 2242 2076 corporibus
2272 2009 2613 2079 loquebatur.
2646 2017 2832 2084 procul
2870 2019 3033 2074 dubio
3061 2037 3286 2092 corpora
3319 2027 3521 2082 utrius-

1925 2113 2030 2167 que
2054 2113 2215 2158 sexus
2241 2117 2304 2166 ex
2329 2103 2460 2160 Deo.
2487 2105 2654 2162 Porro
2683 2109 2728 2164 si
2757 2126 2868 2166 non
2893 2113 3007 2167 vult
3035 2129 3156 2192 esse
3183 2133 3248 2171 ex
3279 2117 3392 2172 Deo
3423 2118 3522 2174 lto-

1925 2189 2126 2250 minam
2153 2191 2253 2256 nisi
2277 2195 2484 2257 animas
2513 2207 2569 2253 et
2594 2199 2847 2270 spiritus;
2875 2203 3114 2273 profecto
3136 2189 3302 2271 etiam
3328 2226 3524 2267 securi.-

1925 2279 2050 2338 dum
2079 2284 2310 2340 animam
2337 2295 2394 2342 et
2421 2289 2669 2358 Spiritum
2701 2293 2890 2354 mulier
2917 2311 2982 2360 ex
3005 2297 3141 2362 viro,
3165 2309 3218 2354 et
3245 2301 3376 2356 nihil
3405 2303 3517 2374 jam

1924 2371 2258 2442 relinquetur
2285 2377 2364 2430 eis
2393 2378 2480 2448 qui
2507 2389 2694 2440 contra
2711 2383 3007 2446 animarum
3033 2391 3380 2462 prepaginem
3404 2371 3522 2452 dis-
3601 2457 3612 2466 ,

1924 2470 2133 2530 putant.
2151 2464 2206 2520 Si
2227 2476 2404 2522 autem
2425 2469 2494 2522 ita
2517 2469 2728 2541 dividit,
2751 2482 2810 2529 ut
2826 2475 2970 2536 dicat
3003 2479 3285 2539 mulierem
3308 2499 3375 2540 ex
3405 2487 3522 2543 viro

1924 2563 2049 2608 esse
2072 2556 2367 2614 secundum
2393 2575 2608 2630 corpus,
2639 2579 2704 2619 ex
2737 2565 2850 2622 Deo
2868 2577 3050 2624 autem
3081 2573 3374 2629 secundum
3408 2577 3526 2632 ani-

1922 2659 2067 2708 mam
2116 2655 2172 2702 et
2213 2649 2496 2718 Spiritum;
2549 2655 2820 2726 quomodo
2866 2658 2970 2714 erit
3014 2676 3198 2718 verum
3250 2667 3392 2736 quod
3449 2671 3526 2723 ait

1922 2735 2240 2804 Apostolus,
2277 2739 2462 2794 Omnia
2498 2754 2666 2802 autem
2694 2762 2758 2802 ex
2783 2746 2928 2816 Deo,
2961 2752 3005 2807 si
3043 2735 3286 2817 mulieris
3325 2773 3523 2829 corpus

1921 2823 1996 2888 ita
2013 2835 2096 2882 est
2119 2843 2187 2884 ex
2207 2830 2342 2897 viro,
2365 2840 2424 2886 ut
2451 2849 2552 2890 non
2577 2835 2647 2890 sit
2671 2851 2738 2900 ex
2765 2837 2913 2896 Deo?
2934 2841 3274 2918 Quapropter
3297 2857 3357 2903 ut
3376 2823 3515 2920 Apo-

1921 2913 2093 2972 stolus
2137 2919 2316 2988 potius
2360 2938 2543 2980 verum
2590 2925 2858 2997 loquatur,
2902 2913 3070 3002 quam
3117 2913 3218 2992 iste
3260 2913 3520 3010 Apustolo

1920 3007 2255 3087 prmferatur,
2285 3014 2476 3074 mulier
2505 3031 2569 3075 ex
2598 3019 2712 3074 viro
2739 3031 2842 3088 est,
2874 3024 2987 3080 sive
3011 3007 3325 3084 secuuduur
3337 3033 3512 3088 solum

1920 3112 2154 3171 corpus,
2183 3102 2295 3158 sive
2323 3105 2618 3162 secundum
2663 3116 2832 3164 totum
2853 3152 2868 3176 ,
2907 3129 3014 3184 quo
3052 3129 3263 3174 constat
3287 3119 3520 3188 humana

1919 3202 2110 3250 natura
2140 3193 2308 3268 (nihil
2335 3199 2476 3254 enim
2507 3198 2700 3257 horum
2745 3211 2995 3276 tanquam
3035 3222 3241 3268 certum
3282 3213 3521 3272 affirma-

1919 3298 2061 3350 mus,
2080 3286 2174 3344 sed
2201 3287 2326 3355 quid
2356 3287 2546 3345 borum
2574 3305 2762 3350 verum
2789 3294 2858 3349 sit
2881 3297 3057 3354 adhuc
3083 3304 3395 3378 qurrintus)
3425 3325 3438 3362 :
3464 3318 3521 3363 et

1919 3376 2002 3432 vir
2026 3393 2122 3447 per
2145 3379 2448 3448 mulierem,
2475 3383 2591 3440 sive
2614 3399 2682 3442 ex
2706 3397 2856 3457 patre
2881 3391 2898 3422 ί
2923 3401 3032 3447 tota
3064 3393 3296 3466 beluinis
3319 3376 3512 3460 natura

1917 3465 2162 3532 ducatur,
2191 3485 2310 3539 qua:
2339 3486 2436 3540 per
2464 3473 2745 3556 mulierem
2775 3481 3030 3548 nascitur,
3059 3487 3173 3544 sive
3214 3487 3328 3542 sola
3358 3503 3510 3564 caro,

1917 3557 2059 3614 unde
2088 3557 2263 3614 adhuc
2285 3564 2512 3630 qua-stic
2538 3574 2659 3621 est:
2691 3569 2872 3624 omnia
2901 3579 3078 3636 tamen
3108 3591 3171 3630 ex
3205 3577 3336 3646 Deo,
3372 3557 3516 3636 unde

1916 3651 2061 3706 nulla
2089 3654 2314 3723 quaestio
2339 3665 2442 3721 est,
2473 3657 2526 3712 id
2551 3669 2654 3724 est,
2681 3668 2738 3716 et
2762 3675 2960 3732 corpus
2986 3675 3042 3721 et
3066 3667 3243 3724 anima
3269 3681 3325 3726 et
3353 3673 3517 3741 spiri-

1919 3749 2004 3795 tus
2023 3783 2036 3804 ,
2065 3755 2120 3797 et
2150 3743 2246 3796 viri
2276 3755 2329 3799 et
2359 3746 2619 3812 mulieris.
2652 3750 2720 3806 Et
2745 3751 2790 3805 si
2825 3754 2968 3809 enim
3000 3772 3105 3812 non
3142 3774 3209 3814 ex
3237 3760 3348 3816 Deo
3380 3774 3507 3825 nata

1915 3833 2002 3888 vel
2034 3843 2198 3896 tracta
2225 3845 2371 3904 sunt,
2396 3838 2480 3894 vel
2505 3851 2812 3908 manarunt,
2833 3845 2903 3899 ita
2923 3855 2980 3902 ut
2998 3848 3115 3920 ejus
3140 3865 3343 3906 natura:
3366 3856 3510 3928 sint;

1917 3933 2092 3985 tamen
2120 3942 2185 3980 ex
2209 3927 2319 3984 Deo
2341 3939 2482 3984 sunt.
2515 3932 2558 3994 A
2585 3949 2690 4003 quo
2715 3935 2860 4000 enim
2885 3949 3084 4006 creant,
3113 3943 3348 4018 condita,
3378 3927 3510 4014 facta

1921 4025 2068 4082 sunt,
2097 4015 2165 4072 ab
2191 4015 2280 4079 illo
2313 4019 2511 4086 habent
2537 4033 2598 4099 ut
2625 4024 2751 4079 sint.

1987 4107 2080 4199 28.
2119 4125 2138 4162 ι
2175 4107 2280 4164 Sed
2305 4109 2552 4176 dicendo.
2579 4133 2600 4166 ι
2623 4117 2843 4188 inquit,t
2868 4122 3176 4194 Apostolus,
3200 4124 3263 4179 Et
3293 4127 3401 4199 ipse
3426 4129 3513 4184 det

1915 4198 2146 4257 omnibus
2170 4199 2323 4254 vitam
2352 4211 2396 4256 et
2423 4204 2692 4274 spiritum;
2722 4208 2916 4266 deinde
2959 4213 3205 4271 addendo
3223 4257 3238 4282 ,
3271 4198 3512 4291 Fecitque

1915 4305 1980 4344 ea:
2003 4305 2104 4344 uno
2143 4292 2392 4362 sanguine
2417 4309 2565 4349 omne
2601 4313 2759 4369 genus
2789 4303 3048 4358 hominum
3079 4308 3215 4375 (Act.
3248 4325 3382 4378 xvn,
3409 4316 3503 4380 2‘5,

1913 4377 2005 4449 εδ)
2033 4380 2302 4436 :auituam
2327 4391 2380 4437 et
2403 4385 2646 4457 spiritum
2677 4389 3007 4460 originaliter
3025 4398 3204 4453 retulit
3226 4401 3294 4464 ad
3319 4377 3507 4459 aucto.

1915 4485 2051 4537 rem,
2077 4486 2274 4542 corpus
2300 4473 2366 4528 ad
2408 4476 2708 4534 traducem.
2747 4499 2766 4534 ι
2801 4481 2916 4539 [tuo
2957 4501 3084 4544 vero
3125 4489 3216 4562 qui
3261 4507 3365 4546 non
3395 4495 3511 4550 vult

1913 4569 2116 4618 temere
2159 4565 2456 4620 animarum
2495 4575 3090 4646 negarepropagiuem,
3117 4589 3401 4652 antequam
3441 4586 3508 4640 li-

1912 4653 2074 4724 quido
2101 4655 2298 4710 clareat
2325 4666 2500 4714 utrum
2523 4658 2618 4731 ita,
2645 4677 2711 4723 an
2743 4680 2848 4721 non
2873 4668 2951 4730 ita
2975 4669 3064 4738 sit,
3090 4671 3250 4728 habet
3277 4675 3416 4744 quod
3450 4679 3503 4736 in

1911 4743 2030 4798 istis
2053 4747 2232 4801 verbis
2267 4747 2508 4816 Apostoli
2539 4751 2830 4830 intelligat,
2860 4774 2924 4812 ea:
2949 4775 3051 4818 uno
3093 4777 3216 4824 eum
3260 4743 3508 4837 sanguine

1909 4836 2110 4892 dixisse
2133 4878 2148 4902 ,
2178 4853 2242 4894 ex
2277 4857 2382 4901 uno
2427 4842 2678 4915 homine,
2707 4863 2738 4902 a
2775 4859 2924 4917 parte
2961 4857 3130 4905 totum
3173 4836 3508 4926 significante

1909 4925 2192 4987 locutionis
2221 4931 2403 4994 modo.
2437 4934 2493 4988 Si
2523 4937 2664 4990 enim
2692 4937 2790 5008 ipsi
2818 4939 2942 4996 licet
2966 4941 3262 5016 intelligere
3291 4964 3319 5002 a
3351 4963 3504 5022 parte

1909 5024 2078 5070 totum
2119 5020 2258 5090 quod
2288 5022 2544 5092 scriptum
2575 5036 2657 5081 est
2675 5069 2689 5093 ,
2718 5027 2788 5082 Et
2815 5031 2982 5098 {actus
3009 5045 3083 5088 est
3122 5037 3274 5094 homo
3303 5020 3368 5097 irt—
3387 5048 3504 5100 anis

1909 5124 2044 5165 mam
2071 5111 2230 5165 vivam
2261 5111 2414 5185 (Gen.
2446 5131 2504 5180 ll,
2535 5117 2629 5188 7);
2658 5130 2718 5174 ut
2741 5121 2850 5178 illic
2887 5123 3212 5200 intelligatur
3239 5143 3296 5190 et
3337 5139 3502 5208 spiris

1909 5207 2026 5264 tus,
2055 5201 2122 5256 de
2159 5218 2264 5272 quo
2293 5201 2564 5274 Scriptura
2591 5209 2665 5264 ibi
2705 5215 2868 5269 tacuit
2891 5233 3027 5280 {cur
3050 5221 3171 5278 aliis
3199 5241 3306 5282 non
3347 5201 3506 5296 liceat.

1907 5291 1986 5379 sic
2013 5295 2256 5366 accipere
2277 5297 2416 5367 quod
2438 5299 2637 5356 dictum
2665 5313 2766 5376 est,
2791 5323 2854 5362 ex
2877 5325 2978 5364 uno
3003 5322 3249 5384 sangunie
3263 5333 3284 5383 ;
3315 5330 3370 5376 ut
3394 5323 3503 5379 illic

1907 5393 1962 5438 et
1988 5388 2163 5440 anima
2211 5397 2268 5442 et
2293 5390 2515 5460 Spiritus
2557 5397 2720 5464 possit
2749 5399 3010 5472 intelligi,
3057 5410 3310 5476 quoniam
3338 5411 3502 5470 homo

1905 5475 2234 5555 signilicatus
2263 5482 2478 5538 nomine
2519 5489 2792 5558 sanguinis
2814 5533 2829 5556 ,
2861 5509 2964 5548 non
2997 5475 3170 5552 solum
3203 5513 3410 5558 constat
3435 5521 3502 5572 ex

1902 5583 2168 5642 corpore,
2221 5587 2407 5630 verum
2439 5577 2598 5634 etiam
2648 5597 2714 5636 ex
2759 5585 2936 5640 anima
2976 5597 3031 5644 et
3073 5592 3308 5661 spiritu?
3349 5595 3502 5664 Sicut

1901 5658 2043 5713 enim
2081 5662 2170 5732 qui
2201 5667 2540 5738 propaginem
2572 5671 2808 5746 defendit
2837 5658 3136 5736 animarum
3163 5723 3176 5744 ,
3210 5700 3314 5738 non
3365 5687 3490 5742 ltine

1965 5774 1986 5856 1
2169 5785 2415 5856 ceperim
2432 5781 2652 5856 Plerique
2677 5791 2804 5856 Ms_s.,
2829 5801 2894 5840 ea:
2914 5785 3054 5854 patre
3073 5804 3092 5842 :
3115 5793 3321 5856 melius,
3343 5805 3394 5847 ut
3417 5811 3498 5854 δη.

1903 5845 2004 5901 Ρτῦ
2025 5848 2074 5896 n.-
2096 5834 2174 5906 33,
2197 5834 2260 5890 de
2279 5849 2418 5898 patre
2440 5857 2544 5894 meo
2562 5834 2804 5916 iraa-eff}:
2831 5834 2888 5840 ’”
2914 5834 3050 5976 μὲ*
3115 5834 3292 5994 "‘3'"
3306 5834 3321 5856 ι
3344 5834 3394 5847 -ο
3417 5834 3465 5861 ηεξ

2945 5927 2986 5992 ί.
3031 5933 3080 5983 σε
3094 5936 3177 5983 :c.

2945 5927 3080 5992 {S02
3094 5936 3177 5983 :e,
