4096 6560
531 387 640 448 Wl

539 506 698 560 istum
740 502 898 558 debet
926 499 1228 571 opprimere
1247 538 1263 565 ,
1291 497 1413 568 quia
1445 496 1517 554 de
1546 497 1718 568 primo
1748 496 1965 552 homine
1998 496 2130 551 scri-

542 610 690 666 ptum
715 601 817 660 est,
841 589 908 646 In
931 607 1030 656 quo
1053 605 1226 644 omnes
1253 597 1578 660 peccaverunt
1596 585 1770 658 (Rom.
1796 603 1852 652 v,
1879 585 1966 659 12)
1988 603 2001 641 :
2026 601 2132 642 non

532 685 684 742 enim
712 683 912 740 dictum
942 689 1044 750 est,
1078 681 1133 735 ln
1157 696 1262 752 quo
1291 678 1531 736 omnium
1561 693 1687 734 caro
1712 677 1985 750 peccavit;
2014 677 2132 744 sed,

538 793 712 833 omnes
741 776 940 831 dictum
967 783 1068 838 est,
1099 772 1152 828 id
1176 781 1278 840 est,
1304 784 1494 826 omnes
1519 769 1794 836 homines;
1825 784 1945 826 cum
1971 767 2134 824 homo

539 883 650 924 non
678 868 788 923 sola
817 867 885 922 sit
912 880 1038 921 caro
1062 881 1075 919 :
1099 865 1238 920 sicut
1262 877 1390 934 ergo
1415 860 1542 916 hinc
1568 861 1672 916 iste
1711 875 1817 914 non
1846 858 2006 915 debet
2033 873 2132 929 op-

538 961 718 1031 primi,
751 959 872 1030 quia
901 958 1039 1013 forte
1067 957 1140 1011 ita
1169 955 1367 1011 dictum
1385 963 1487 1020 est,
1525 951 1726 1010 Omnes
1761 951 2004 1007 homines
2027 991 2043 1016 ,
2077 957 2135 1005 ut

539 1051 832 1108 secundum
863 1050 1031 1106 solam
1056 1063 1271 1104 carnem
1311 1046 1763 1116 intelligerentur;
1796 1043 1874 1098 sic
1900 1041 1999 1098 iste
2023 1055 2132 1096 non

539 1143 666 1199 hinc
693 1143 850 1199 debet
875 1156 1119 1212 premere
1143 1138 1458 1194 defensores
1479 1129 1786 1206 propaginis
1808 1134 2130 1199 animarum,

536 1238 660 1307 quia
683 1235 883 1291 dictum
902 1243 1004 1297 est,
1030 1247 1178 1286 omne
1191 1247 1349 1303 genus
1375 1228 1632 1284 hominum
1657 1242 1720 1282 ea:
1742 1241 1844 1280 uno
1862 1225 2128 1296 sanguine,

541 1338 789 1399 tanquam
833 1333 1112 1398 propterea
1156 1322 1269 1378 sola
1313 1335 1437 1376 caro
1465 1319 1731 1390 pertineat
1775 1316 1840 1371 ad
1878 1309 2132 1387 propagi-

535 1435 683 1474 nem.
707 1418 762 1474 Si
791 1417 932 1474 enim
964 1415 1065 1471 hoc
1089 1423 1171 1470 est
1191 1428 1398 1476 verum,
1416 1409 1555 1482 quod
1584 1409 1668 1464 isti
1693 1415 1940 1463 asserunt
1957 1404 2053 1479 (o),
2074 1414 2132 1460 ut

541 1527 646 1565 non
675 1511 746 1564 sit
773 1509 949 1564 anima
978 1523 1046 1564 cx
1075 1507 1249 1562 anima
1272 1547 1285 1570 ,
1317 1503 1413 1560 sed
1451 1515 1576 1558 caro
1614 1516 1682 1557 ex
1716 1514 1877 1555 carne
1905 1500 1976 1554 sit
2011 1507 2130 1552 Ian-

537 1614 651 1658 tum
677 1619 694 1670 ;
724 1603 793 1658 ita
821 1601 1020 1657 dictum
1052 1607 1134 1656 est
1157 1641 1171 1664 ,
1203 1613 1265 1654 ea:
1302 1611 1404 1650 uno
1431 1594 1711 1666 sanguine,
1743 1601 1802 1646 ut
1840 1606 1948 1646 non
1987 1599 2130 1646 tows

535 1697 702 1752 homo
732 1693 1120 1765 significaretur
1147 1707 1177 1746 a
1204 1699 1384 1762 parte,
1413 1687 1508 1743 sed
1531 1695 1737 1742 tantum
1768 1683 1921 1740 unius
1949 1682 2128 1738 homi-

536 1788 623 1842 nis
651 1801 815 1841 caro:
841 1783 970 1840 illud
1011 1798 1136 1839 vero
1162 1781 1303 1852 quod
1345 1779 1544 1835 dictum
1583 1785 1694 1842 est,
1735 1773 1802 1830 In
1831 1791 1928 1847 quo
1957 1790 2129 1830 omnes

537 1877 888 1945 peccaverunt,
920 1875 1033 1928 sola
1065 1871 1302 1927 omnium
1331 1869 1606 1925 hominum
1633 1882 1759 1924 caro
1785 1864 2128 1942 intelligenda

535 1981 638 2034 est,
669 1983 788 2039 qua:
817 1967 940 2022 inde
963 1963 1226 2021 transfusa
1253 1972 1354 2028 est,
1381 1977 1412 2017 a
1431 1970 1541 2018 toto
1562 1969 1765 2032 partem
1795 1957 2128 2030 signiﬁcante

528 2060 827 2130 Scriptura.
853 2057 908 2112 Si
936 2065 1114 2112 autem
1140 2054 1268 2110 illttd
1291 2063 1374 2110 est
1393 2067 1600 2118 verum,
1635 2049 1776 2122 quod
1805 2057 1946 2105 totus
1965 2049 2128 2105 homo

533 2168 600 2207 ex
629 2161 740 2206 toto
767 2149 982 2204 homine
1015 2157 1357 2219 propagatur,
1390 2144 1441 2200 id
1467 2153 1578 2210 est,
1605 2155 1801 2213 corpus
1827 2184 1842 2210 ,
1871 2141 2048 2197 anima
2073 2149 2130 2198 et

535 2243 793 2315 spiritus:
818 2241 892 2298 ibi
923 2240 1138 2312 proprie
1167 2240 1367 2295 dictmn
1395 2246 1496 2304 est,
1522 2237 1582 2292 In
1608 2253 1714 2308 quo
1743 2251 1930 2292 omnes
1951 2233 2128 2290 homi-

536 2350 634 2390 nes
665 2339 1048 2405 peccaverunt;
1082 2331 1167 2385 hic
1191 2339 1366 2384 autem
1397 2327 1618 2397 tropice,
1644 2342 1707 2381 ea:
1733 2342 1836 2380 uno
1861 2325 2125 2396 sanguine,

535 2435 707 2482 totum
733 2424 1063 2494 signiﬁcatur
1091 2437 1122 2476 a
1149 2429 1322 2492 parte,
1353 2416 1405 2474 id
1433 2426 1534 2482 est,
1563 2427 1706 2472 totus
1733 2418 1913 2493 homo,
1941 2415 2030 2487 qui
2060 2430 2128 2473 ex

529 2518 713 2572 anima
733 2523 942 2570 constat
964 2521 1018 2568 et
1042 2527 1223 2577 carne,
1255 2511 1334 2566 vel
1361 2511 1554 2580 potius,
1579 2519 1635 2563 ut
1665 2509 1764 2563 iste
1789 2516 1932 2562 amat
1957 2506 2128 2578 loqui.

537 2623 603 2662 cx
631 2607 804 2660 anima
833 2612 888 2659 et
914 2603 1099 2674 Spiritu
1125 2610 1180 2657 et
1207 2615 1388 2656 carne.
1422 2599 1552 2654 Nam
1583 2608 1636 2654 et
1667 2613 1732 2654 ex
1763 2605 1914 2668 parte
1932 2605 2126 2657 totum.

537 2707 592 2750 et
622 2712 685 2750 ex
717 2703 829 2749 toto
859 2703 1062 2764 partem
1102 2691 1282 2746 divina
1310 2688 1523 2760 eloquia
1563 2689 1861 2759 signiﬁcare
1903 2701 2130 2744 consuc-

537 2799 748 2843 verunt.
783 2788 855 2841 Ex
886 2793 1034 2856 parte
1062 2784 1202 2838 enim
1233 2789 1399 2837 totum
1427 2780 1779 2852 significatum
1806 2788 1908 2846 est,
1939 2779 2024 2834 ubi
2054 2783 2131 2834 ie-

538 2881 699 2948 gfttur,
727 2877 808 2930 Ad
836 2885 883 2930 te
905 2875 1067 2929 omnis
1095 2890 1214 2928 caro
1239 2873 1398 2928 veniet
1428 2871 1598 2944 (Psal.
1629 2887 1770 2936 thv,
1799 2871 1853 2942 '5)
1879 2887 1893 2924 :
1915 2869 2036 2942 quia
2061 2886 2128 2927 ex

531 2985 702 3026 carne
731 2967 1040 3038 intelligitur
1079 2973 1220 3021 totus
1263 2964 1444 3019 homo.
1491 2962 1570 3018 Ex
1610 2969 1720 3019 toto
1757 2972 1931 3018 autem
1971 2975 2126 3032 pars,

539 3077 664 3116 cum
704 3059 900 3116 dicitur
923 3057 1163 3112 Christus
1200 3054 1441 3124 sepultus
1465 3093 1481 3121 ,
1525 3068 1647 3109 cum
1685 3054 1797 3107 sola
1842 3050 1960 3122 ejus
2004 3065 2130 3107 cato

540 3151 748 3221 sepulta
778 3149 865 3202 sit.
904 3147 1022 3203 iam
1060 3145 1188 3200 illtnl
1219 3145 1361 3216 quod
1393 3144 1445 3200 in
1476 3143 1579 3199 hoc
1607 3142 1846 3214 Apostoli
1887 3142 2128 3198 testimo-

541 3244 630 3296 nio
661 3242 888 3312 positum
914 3248 1024 3307 est,
1051 3241 1175 3310 quia
1206 3239 1314 3310 ipse
1338 3237 1425 3290 ttat
1452 3237 1682 3292 omnibus
1721 3235 1875 3290 vitam
1905 3243 1951 3290 et
1975 3233 2130 3304 spiri-

542 3345 677 3400 tum,
707 3331 996 3388 secundum
1023 3331 1357 3400 superiorem
1387 3328 1799 3398 disputationem
1830 3336 1959 3398 puto
1985 3325 2130 3398 quod

543 3431 810 3482 neminem
844 3433 1071 3479 moveat.
1117 3423 1233 3492 Ipse
1263 3421 1403 3477 enim
1434 3420 1522 3476 dat
1547 3437 1560 3474 :
1583 3419 1676 3475 scd
1717 3419 1893 3474 adhuc
1932 3418 2132 3490 quaeri-

542 3535 662 3574 tnus
702 3519 840 3574 unde
879 3518 989 3581 det,
1027 3525 1203 3570 utrum
1244 3529 1309 3570 ex
1352 3528 1485 3568 nova
1531 3509 1919 3577 insufﬂatione,
1959 3525 2026 3565 an
2063 3525 2131 3567 ex

542 3613 852 3684 propagine.
885 3612 1004 3681 Ipse
1040 3610 1238 3679 quippe
1275 3607 1404 3662 dare
1457 3606 1617 3662 etiam
1643 3604 1834 3677 ,carnis
1885 3586 2134 3660 subsian-

545 3706 670 3757 tiam
713 3703 1005 3758 rectissime
1032 3701 1226 3756 dicitur
1251 3740 1266 3767 ,
1292 3711 1451 3768 quam
1470 3703 1656 3751 tamen
1685 3694 1813 3750 dare
1839 3707 1902 3750 ex
1932 3707 2131 3764 propa-

549 3797 672 3865 gine
704 3811 806 3850 non
842 3801 1080 3862 negatur.

618 3887 844 3942 CAPUT
876 3884 1060 3942 XV’lll.
1081 3882 1262 3938 —29.
1301 3881 1454 3936 Nunc
1475 3878 1752 3935 videamus
1776 3876 1908 3932 illud
1936 3874 2002 3932 de
2031 3875 2137 3932 Ge-

542 3979 665 4032 nesi
695 3979 1075 4040 testimonium,
1105 3973 1196 4030 ubi
1221 3973 1355 4029 facta
1381 3971 1574 4026 mulier
1597 3969 1664 4025 de
1688 3970 1858 4041 latere
1880 3967 2015 4032 viri,
2043 3966 2138 4022 ad-

549 4073 707 4124 ducta
747 4079 828 4123 est
865 4069 930 4123 ad
961 4083 1082 4122 eum
1107 4105 1123 4132 ,
1154 4074 1208 4120 et
1234 4063 1404 4119 dixit:
1432 4061 1546 4117 Hoc
1573 4075 1708 4115 nunc
1747 4075 1805 4114 os
1839 4074 1902 4114 α
1941 4057 2137 4112 ossibus

550 4163 706 4226 meis,
735 4172 782 4216 et
829 4175 947 4214 caro
986 4158 1050 4212 de
1076 4172 1228 4211 carne
1266 4170 1397 4210 mea.
1445 4153 1556 4209 Hoc
1584 4152 1781 4224 quippe
1807 4158 1956 4222 putat
1990 4147 2138 4216 istc,

549 4255 686 4328 quod
716 4255 880 4308 dicere
899 4250 1131 4306 debuerit
1157 4247 1342 4312 Adam,
1375 4245 1560 4300 Anima
1588 4259 1651 4298 ea:
1670 4243 1842 4296 animo
1869 4256 2010 4306 mea,
2039 4239 2136 4305 uel,

556 4347 778 4415 Spiritus
799 4344 870 4398 tte
909 4343 1089 4413 Spiritu
1117 4356 1258 4400 meo.
1298 4339 1341 4394 si
1385 4336 1536 4390 etiam
1563 4334 1658 4390 ltoc
1699 4335 1763 4387 de
1795 4331 1885 4387 illo
1925 4339 2141 4385 tractum

555 4447 699 4492 esset.
741 4436 848 4492 Sed
891 4434 964 4489 illi
1005 4432 1092 4504 qui
1141 4427 1480 4500 propaginem
1529 4433 1772 4480 asserunt
1808 4422 2140 4488 animarum,

554 4532 681 4586 hinc
721 4544 780 4584 se
825 4535 1010 4598 putant
1054 4523 1299 4578 ittvictius
1337 4534 1488 4575 suam
1531 4517 1742 4573 munire
1787 4514 2138 4577 sententiam,

556 4621 678 4692 quia
710 4636 830 4676 eum
860 4619 1115 4688 scriptum
1142 4614 1246 4681 sit,
1277 4610 1575 4668 detraxisse
1611 4609 1784 4664 Deum
1828 4615 2032 4662 costam
2063 4604 2143 4660 ‘de

555 4717 723 4770 latore
748 4713 844 4768 viri
867 4753 881 4776 ,
907 4724 1133 4780 eamque
1163 4707 1457 4761 mdilicasse
1497 4703 1550 4756 in
1580 4700 1860 4756 mulierem
1879 4739 1896 4763 ,
1922 4713 2032 4754 non
2060 4705 2146 4753 est

555 4806 796 4861 additum
823 4801 966 4873 qttod
998 4802 1048 4854 in
1089 4799 1205 4868 ejus
1236 4795 1422 4851 faciem
1451 4791 1744 4848 suillaverit
1769 4789 1950 4845 flatum
1975 4789 2102 4844 vita:
2127 4805 2141 4842 :

555 4897 692 4960 ideo,
728 4895 991 4964 inquiunt,
1016 4890 1137 4962 quia
1162 4887 1272 4959 jam
1300 4887 1368 4940 de
1389 4885 1503 4938 viro
1529 4881 1701 4938 fuerat
1725 4881 1981 4941 animata.
2011 4877 2144 4932 Nam

490 5015 498 5022 -
554 4989 598 5040 si
628 4988 967 5048 ttou'fuisset,
993 4994 1323 5050 nequaquam
1356 4991 1474 5040 nos,
1503 4975 1765 5046 inquiunt,
1796 4979 1978 5027 sancta
2003 4969 2150 5026 Seri-

561 5091 712 5146 ptura
746 5076 902 5143 hujus
945 5074 1020 5127 rei
1047 5073 1352 5140 cognitione
1395 5067 1706 5122 fraudasset.
1734 5063 1814 5118 Ad
1843 5061 1972 5116 illud
2016 5075 2148 5116 vero

558 5167 697 5234 quod
719 5169 797 5217 ait
822 5165 987 5218 Adam
1011 5204 1026 5228 ,
1063 5161 1172 5214 Hoc
1197 5176 1332 5214 nunc
1359 5175 1415 5213 os
1441 5174 1503 5212 ex
1532 5155 1725 5210 ossibus
1751 5153 1872 5207 meis
1893 5193 1908 5216 ,
1957 5160 2002 5206 et
2027 5166 2146 5204 caro

562 5263 625 5311 eti:
655 5273 808 5310 rttrne
835 5269 974 5316 mea;
1001 5271 1049 5307 Itt
1069 5269 1098 5307 c
1123 5254 1228 5316 ait,
1259 5252 1486 5322 Spiritus
1510 5250 1592 5304 vel
1623 5249 1797 5304 anima
1819 5288 1834 5312 ,
1863 5245 1930 5301 de
1959 5245 2148 5314 spiritu

566 5361 688 5400 tneo
719 5345 803 5398 vel
830 5344 897 5397 de
922 5343 1096 5396 anima
1128 5355 1244 5394 mea
1269 5357 1284 5393 :
1307 5341 1385 5394 sic
1409 5339 1477 5393 ab
1509 5339 1586 5393 eis
1615 5336 1924 5406 responderi
1953 5343 2147 5405 potest,

560 5433 1012 5507 quemadmodum
1036 5431 1720 5501 superiusdemonslratum
1741 5439 1841 5492 est,
1867 5436 1922 5482 ut
1946 5442 1974 5480 a
2005 5435 2152 5497 parte

565 5541 734 5583 totum
781 5524 1106 5592 intelligatur
1132 5520 1234 5575 hoc
1271 5521 1470 5574 dictum
1495 5561 1509 5584 ,
1538 5537 1592 5573 os
1627 5529 1674 5573 et
1710 5535 1828 5572 caro
1859 5533 2008 5582 mea;
2052 5516 2148 5571 sed

564 5637 684 5693 qua:
725 5618 956 5673 animata
1004 5614 1199 5670 fuerint
1235 5611 1474 5666 detracta
1499 5653 1514 5678 ,
1549 5627 1652 5665 non
1699 5620 1926 5664 mortua.
1971 5609 2155 5676 Neque

571 5715 737 5776 enim,
771 5710 872 5763 hoc
901 5706 1336 5776 Omnipotentcm
1366 5702 1538 5758 facere
1581 5702 1851 5775 potuisse,
1897 5701 2016 5756 ideo
2056 5715 2150 5755 ne-

621 5825 701 5884 μ)
725 5813 886 5884 Vorte,
908 5823 1098 5869 assem.

1417 385 1508 441 DE
1547 383 1758 440 ἈΝῘΜΑ
1798 383 1888 440 ΕΤ
1926 381 2092 440 EJUS
2127 379 2428 452 ORIGI‘NE,
2471 383 2530 440 S.
2571 383 2936 442 AUGUSTINI

3728 389 3833 449 l9!

2237 495 2469 568 gandum
2497 504 2598 566 est,
2627 498 2750 570 quia
2777 499 2954 554 nullus
2967 497 3246 554 hominum
3275 507 3452 570 potest
3475 500 3674 572 aliquid
3704 520 3829 560 cum

2235 589 2416 643 anima
2440 588 2507 645 de
2530 589 2762 645 humana
2787 605 2946 646 carne
2971 589 3283 661 praecidere.
3316 591 3448 647 Nam
3485 593 3627 664 quod
3654 593 3829 650 Adam

2235 689 2452 736 secutus
2495 681 2736 752 adjunxit
2754 721 2770 748 ,
2801 681 2928 737 Haec
2957 683 3215 738 vocabitur
3241 683 3444 753 mulier,
3469 686 3590 756 quia
3619 686 3683 740 de
3711 688 3825 742 uiro

2233 787 2327 826 suo
2354 781 2554 842 sumpta
2577 781 2648 828 est
2677 772 2826 844 (Gen.
2854 789 2914 840 ιι,
2935 773 3066 845 25);
3094 789 3190 830 cur
3215 790 3325 829 non
3355 776 3430 830 ait
3457 777 3654 847 potius,
3685 778 3830 833 unde

2235 863 2414 932 opinio
2441 862 2846 920 confirmaretur
2885 864 3107 920 istorum
3129 903 3145 930 ,
3173 864 3436 934 Quoniam
3479 865 3548 922 de
3587 868 3706 923 viro
3727 881 3832 922 suo

2234 968 2362 1010 caro
2385 953 2502 1025 ejus
2527 963 2736 1025 sumpta
2763 955 2879 1026 est?
2913 955 3012 1012 Hic
3033 955 3216 1027 itaque
3252 957 3327 1012 illi
3366 957 3456 1028 qui
3485 968 3670 1014 contra
3697 945 3830 1015 sen-

2235 1044 2372 1100 tiunt
2390 1086 2406 1112 ,
2433 1052 2657 1116 possunt
2685 1045 2864 1102 dicere
2882 1087 2898 1112 ,
2922 1047 3046 1118 quia
3077 1062 3185 1102 non
3207 1048 3466 1118 scriptum
3494 1057 3579 1105 est
3601 1064 3826 1105 carnem

2233 1137 2475 1193 mulieris
2494 1176 2509 1203 ,
2536 1136 2632 1193 sed
2657 1139 2934 1194 mulierem
2963 1139 3033 1195 de
3063 1139 3178 1195 viro
3203 1154 3302 1196 suo
3325 1149 3589 1213 sumptam
3607 1183 3623 1208 ,
3658 1153 3827 1219 tota_m

2231 1226 2432 1284 debere
2454 1228 2623 1300 accipi
2649 1245 2770 1284 cum
2796 1227 2976 1287 anima
3003 1239 3062 1287 et
3099 1232 3311 1302 spiritu.
3341 1233 3476 1288 Nam
3513 1235 3614 1291 etsi
3647 1237 3828 1292 anima

2232 1332 2365 1374 sexu
2389 1327 2555 1387 caret,
2585 1334 2693 1375 non
2724 1329 2900 1376 tamen
2935 1321 3148 1392 quando
3176 1323 3511 1392 appellantur
3539 1325 3824 1392 mulieres,

2232 1417 2452 1480 excepta
2477 1410 2654 1465 anima
2683 1425 2775 1468 eas
2802 1425 3024 1468 necesse
3049 1420 3132 1468 est
3158 1412 3404 1484 intelligi.
3434 1413 3688 1485 Alioquin
3715 1431 3824 1469 non

2234 1499 2306 1556 ita
2337 1515 2396 1557 se
2434 1501 2852 1558 admonerentur
2890 1518 3119 1560 ornare:
3145 1502 3268 1558 Non
3295 1505 3348 1559 in
3393 1515 3538 1560 torus
3563 1505 3824 1572 crinibus,

2229 1601 2319 1646 aut
2348 1609 2507 1660 auro,
2537 1594 2614 1648 vet
2643 1595 2961 1665 margaritis,
2991 1603 3080 1648 aut
3107 1605 3240 1650 ueste
3263 1603 3484 1666 pretiosa
3503 1637 3518 1660 ,
3550 1611 3638 1650 sea
3682 1601 3822 1666 quod

2230 1687 2391 1754 decet,
2422 1687 2611 1760 ittquit,
2653 1688 2906 1757 mulieres,
2951 1688 3298 1758 promittentes
3338 1690 3575 1754 pietatem
3614 1706 3706 1760 per
3736 1690 3828 1744 bo-

2230 1797 2351 1835 nam
2377 1781 2803 1836 conversationem
2843 1780 2884 1850 (l
2920 1779 3056 1834 Tim.
3094 1780 3234 1846 tt,.9,
3267 1778 3378 1854 l0).
3407 1779 3605 1852 Utique
3649 1783 3827 1852 pietas

2230 1872 2377 1928 intus
2405 1881 2490 1928 est
2527 1873 2580 1928 itt
2609 1872 2788 1928 anima
2817 1872 2903 1928 vel
2938 1872 2990 1928 in
3018 1873 3228 1942 spiritu,
3265 1880 3322 1927 et
3346 1883 3522 1928 tamen
3567 1875 3827 1931 mulier-es

2230 1966 2511 2038 appellatae
2540 1973 2685 2032 sunt,
2713 1965 2876 2022 etiam
2905 1973 3041 2022 utse
3061 1964 3210 2022 intus
3233 1975 3510 2036 ornarent,
3535 1967 3626 2023 ubi
3648 1967 3828 2024 nullus

2230 2067 2314 2114 est
2339 2073 2522 2114 sexus.

2301 2149 2392 2205 30.
2415 2148 2546 2205 Cum
2565 2149 2744 2220 itaque
2765 2147 2850 2204 isti
2873 2148 2952 2206 sic
2978 2149 3119 2204 inter
3157 2163 3217 2204 se
3246 2149 3546 2205 alternante
3570 2165 3827 2207 sermone

2229 2241 2589 2307 certaverint;
2623 2255 2723 2312 ego
2739 2242 2880 2296 inter
2905 2256 3000 2296 eos
3023 2242 3104 2296 sic
3129 2239 3332 2310 judico,
3362 2250 3421 2296 ut
3447 2256 3516 2297 ne
3536 2240 3826 2312 incognitis

2229 2333 2428 2399 fidant,
2459 2341 2515 2388 et
2553 2340 2756 2388 temere
2792 2330 3023 2387 audeant
3059 2331 3330 2388 affirmare
3357 2329 3498 2403 quod
3535 2319 3784 2386 nesciunt
3805 2372 3822 2396 ,

2231 2433 2482 2494 utrosque
2508 2437 2899 2479 comntoneam.
2925 2421 2982 2478 Si
3009 2422 3152 2478 enim
3175 2421 3434 2492 scriptum
3453 2430 3618 2487 esset,
3643 2421 3824 2476 lnsuf-

2230 2515 2381 2570 ﬂavit
2403 2513 2596 2570 'tiatum
2624 2515 2748 2570 vitae
2776 2513 2831 2569 in
2859 2512 3048 2569 faciem
3092 2511 3354 2580 mulieris,
3385 2521 3440 2567 et
3479 2511 3616 2568 facta
3647 2521 3732 2568 est
3771 2513 3825 2568 in

2228 2609 2462 2663 animam
2505 2609 2712 2672 vivam;
2759 2620 2858 2662 nec
2901 2605 2980 2661 sic
3017 2613 3162 2661 esset
3204 2603 3315 2674 jam
3359 2619 3719 2675 consequens,
3768 2611 3829 2659 ut

2231 2715 2335 2754 non
2364 2709 2746 2769 pr0pagaretur
2773 2713 2838 2752 ex
2860 2696 3174 2768 parentibus
3194 2697 3394 2763 anima,
3428 2695 3529 2751 nisi
3561 2696 3723 2751 etiam
3754 2695 3827 2753 de

2229 2789 2551 2844 tilioeorum
2593 2787 2701 2842 hoc
2740 2787 2997 2857 scriptum
3048 2785 3296 2840 similiter
3339 2784 3626 2854 legeretur.
3677 2784 3828 2840 Fieri

2229 2879 2372 2934 enim
2401 2878 2570 2950 potuit
2599 2887 2658 2946 ut
2686 2877 2982 2932 membrum
3009 2891 3115 2930 non
3151 2876 3445 2930 animatum
3482 2875 3552 2932 de
3594 2889 3830 2946 corpore

2230 2979 2526 3026 extractum
2554 2968 2815 3040 indigeret
2837 2968 3085 3034 animari,
3113 2968 3206 3022 lilii
3232 2983 3361 3024 vero
3387 2969 3562 3023 anima
3582 2983 3648 3023 ex
3673 2977 3833 3038 patro

2232 3077 2330 3134 per
2357 3073 2579 3116 matrem
2598 3061 2910 3134 propaginis
2943 3059 3303 3115 transfusione
3331 3059 3654 3115 traheretur.
3682 3061 3826 3118 Cum

2229 3171 2360 3212 vero
2387 3157 2605 3211 tacitum
2632 3164 2734 3222 est,
2767 3154 3086 3209 occultatum
3124 3163 3226 3217 est,
3256 3167 3362 3207 non
3389 3161 3681 3222 negatum;
3729 3152 3828 3207 sed

2233 3263 2408 3319 neque
2449 3247 2790 3301 affirmatum.
2823 3247 2900 3301 Ac
2927 3261 3018 3316 per
3047 3246 3150 3300 hoc
3177 3245 3342 3302 sicubi
3369 3245 3503 3300 forte
3549 3260 3657 3300 non
3695 3247 3834 3301 taci-

2233 3349 2346 3396 tum
2407 3348 2509 3405 est,
2556 3338 2874 3395 clarioribus
2919 3337 3255 3394 documentis
3300 3346 3384 3392 est
3443 3335 3822 3392 astruendum.

2231 3433 2386 3491 Unde
2405 3449 2508 3490 nec
2536 3433 2606 3488 illi
2637 3432 2726 3504 qui
2772 3430 3066 3487 defendunt
3106 3430 3403 3484 animarum
3448 3429 3822 3500 propaginem,

2233 3541 2298 3580 ex
2319 3540 2392 3580 eo
2419 3524 2559 3595 quod
2588 3537 2692 3578 non
2715 3521 2949 3578 sufﬂavit
2975 3521 3116 3576 Deus
3136 3520 3190 3575 in
3219 3519 3406 3574 faciem
3439 3520 3700 3584 mulieris,
3723 3519 3830 3574 ali-

2234 3615 2362 3687 quid
2392 3615 2744 3685 adjuvantur;
2791 3606 2892 3668 nec
2915 3613 2989 3667 illi
3013 3611 3103 3682 qui
3125 3626 3244 3668 eam
3265 3619 3482 3681 negant,
3527 3609 3654 3666 ideo
3703 3611 3834 3680 quia

2235 3722 2344 3788 non
2375 3706 2511 3761 dixit
2545 3704 2736 3769 Adam,
2760 3701 2952 3759 Anima
3001 3703 3070 3758 de
3107 3703 3284 3757 anima
3314 3717 3456 3767 mea,
3482 3701 3703 3756 .dcbent
3730 3703 3837 3756 sibi

2232 3797 2562 3868 persuadere
2605 3793 2744 3866 quod
2795 3794 3059 3848 nesciunt.
3113 3792 3262 3848 Sicut
3312 3793 3457 3848 enim
3494 3792 3684 3847 eadem
3727 3809 3837 3846 non

2241 3887 2437 3952 soluta,
2488 3886 2582 3942 sed
2617 3894 2866 3941 manente
2894 3884 3209 3956 qumstione,
3250 3884 3430 3955 potuit
3473 3892 3651 3938 tacere
3693 3882 3840 3938 Scri-

2241 3987 2415 4050 ptura,
2458 3977 2597 4049 quod
2627 3977 2818 4032 mulier
2843 3975 2950 4030 Deo
2975 3973 3222 4030 sufﬂante
3247 3975 3386 4028 sicut
3432 3975 3513 4028 vir
3533 3973 3652 4042 ejus
3681 3989 3842 4028 acce-

2240 4069 2378 4142 perit
2403 4069 2634 4124 animam
2669 4067 2790 4122 :sie
2831 4064 3019 4121 eadem
3059 4081 3167 4119 non
3215 4065 3408 4130 soluta,
3455 4063 3549 4118 sed
3581 4075 3840 4119 manente

2243 4159 2561 4230 qumstione,
2591 4158 2763 4229 patuit
2796 4167 2974 4212 tacere
3004 4157 3300 4238 Scriptura,
3333 4165 3388 4208 ut
3416 4153 3585 4209 Adam
3617 4168 3724 4209 nOn
3755 4154 3841 4209 di-

2232 4259 2410 4318 ceret,
2440 4249 2629 4305 Anima
2671 4249 2738 4304 de
2782 4248 2958 4302 anima
2990 4262 3128 4302 mea.
3161 4247 3238 4301 Ac
3273 4261 3366 4315 per
3415 4245 3519 4300 hoc
3557 4245 3606 4298 si
3650 4245 3842 4314 prima:

2245 4343 2484 4399 mulieris
2513 4342 2688 4402 anima
2725 4355 2798 4398 ex
2835 4340 2948 4394 viro
2975 4347 3078 4405 est,
3107 4354 3138 4392 a
3167 4345 3320 4406 parte
3361 4345 3527 4390 totum
3563 4335 3840 4412 significa-

2247 4443 2356 4489 tum
2385 4442 2489 4499 est,
2518 4429 2607 4485 ubi
2639 4430 2849 4500 legitur,
2902 4427 3015 4483 Hoc
3038 4442 3173 4482 nunc
3208 4443 3264 4482 os
3287 4443 3351 4480 ea:
3369 4426 3564 4481 ossibus
3605 4426 3749 4491 meis,
3791 4435 3842 4479 et

2245 4541 2364 4580 caro
2391 4524 2452 4578 de
2474 4539 2624 4578 carne
2647 4538 2798 4588 mea;
2842 4536 2964 4576 cum
2997 4529 3104 4575 tota
3127 4535 3195 4574 ex
3221 4519 3338 4574 viro
3356 4559 3371 4585 ,
3401 4534 3506 4573 non
3541 4533 3670 4573 euro
3721 4517 3842 4572 sola

2247 4617 2318 4672 sit
2341 4625 2570 4686 sumpta.
2597 4613 2654 4671 Si
2675 4623 2852 4669 autem
2881 4629 2988 4668 non
3012 4621 3096 4668 est
3132 4627 3203 4667 ex
3231 4613 3366 4678 viro,
3415 4610 3508 4666 sed
3530 4625 3648 4665 eam
3693 4592 3846 4665 liena

2249 4707 2540 4764 insufflavit
2561 4707 2698 4762 sicut
2724 4707 2873 4772 viro;
2913 4721 2944 4759 a
2973 4713 3083 4760 toto
3113 4719 3234 4774 pars
3273 4701 3569 4774 signiﬁcem
3603 4711 3706 4765 est,
3749 4703 3844 4757 ubi

2249 4799 2462 4869 legitur,
2508 4796 2588 4852 De
2614 4800 2718 4851 viro
2745 4813 2839 4854 suo
2859 4805 3060 4868 sumpta
3097 4804 3168 4849 est
3195 4811 3213 4851 .'
3239 4808 3359 4849 cunt
3399 4808 3526 4849 caro
3564 4793 3682 4862 ejus
3726 4783 3844 4848 non

2253 4900 2361 4946 tota
2391 4891 2461 4946 sit
2488 4898 2720 4961 sumpta.

2324 4983 2413 5037 51.
2431 4981 2790 5051 Quapropter,
2813 4993 2932 5035 cum
2969 4979 3050 5033 his
3083 4977 3426 5044 testimoniis,
3451 4975 3594 5044 quod
3616 4975 3683 5030 ad
3701 4976 3844 5030 hanc

2253 5089 2365 5128 rem
2386 5075 2633 5144 pertinet,
2661 5073 2842 5142 utique
2867 5070 3151 5140 ambiguis,
3175 5083 3278 5123 non
3305 5068 3542 5124 solvatur
3563 5066 3681 5122 haec
3697 5084 3850 5136 quae-

2255 5165 2395 5230 stio;
2426 5164 2552 5218 illud
2578 5173 2752 5218 tamen
2775 5163 2906 5228 seio,
2945 5163 3021 5218 sic
3046 5161 3403 5231 argumentari
3447 5159 3718 5226 homines,
3753 5162 3847 5229 qui

2255 5269 2319 5308 cx
2352 5255 2452 5308 hoc
2486 5263 2670 5319 putant
2705 5255 2936 5308 animant
2981 5252 3216 5307 mulieris
3256 5267 3358 5304 non
3388 5265 3509 5305 esse
3555 5249 3624 5303 de
3663 5252 3848 5304 anima

2257 5341 2377 5409 viri,
2410 5345 2526 5414 quia
2547 5360 2650 5396 non
2677 5353 2758 5397 est
2784 5343 3006 5410 dictum,
3039 5342 3228 5396 Anima
3246 5341 3314 5396 de
3341 5343 3515 5394 anima
3542 5355 3693 5403 mea;
3723 5343 3847 5402 sed,

2259 5453 2376 5490 caro
2423 5437 2484 5490 de
2520 5453 2669 5489 carne
2718 5454 2828 5488 nica
2864 5435 3352 5505 :tptemadmodum
3409 5443 3850 5504 argumentantur
3888 5472 3898 5482 .

2259 5527 2671 5594 Apollinaristm,
2698 5528 2776 5582 \‘el
2807 5528 3126 5596 quicumque
3146 5535 3268 5580 sunt
3292 5525 3403 5590 alii,
3440 5526 3700 5578 adversus
3727 5527 3854 5577 ani-

2260 5633 2400 5671 mam
2435 5619 2670 5682 Domitii;
2703 5635 2858 5686 quam
2893 5628 3172 5687 [implores
3202 5626 3412 5687 negant,
3436 5618 3556 5686 quia
3590 5619 3853 5685 scriptum

2266 5710 2476 5777 legunt,
2527 5709 2737 5764 Verbum
2771 5727 2890 5763 mro
2931 5714 3118 5781 factum
3171 5721 3238 5762 est
3296 5707 3494 5781 (lauit.
3523 5725 3558 5772 t,
3616 5709 3684 5761 Μ
3715 5709 3753 5774 ).
3796 5711 3854 5761 Si

2269 5806 2410 5857 enim
2444 5814 2491 5859 et
2520 5807 2712 5871 anima,
2747 5805 3009 5874 inquiunt,
3044 5803 3112 5858 ibi
3138 5811 3305 5868 esset,
3335 5801 3520 5857 debuit
3557 5801 3681 5864 dici,
3711 5800 3858 5856 Ver-
