4144 6572
321 403 426 459 ωδ

318 517 443 570 bum
471 515 632 573 hoino
670 513 871 569 factum
905 521 1007 567 est.
1042 510 1147 566 Sed
1194 510 1310 567 istis
1361 518 1642 579 propterea.
1686 502 1899 570 dicitur,

316 608 498 665 carnis
544 608 759 667 nomine
804 606 980 662 solere
1025 604 1358 674 Scripturam
1402 612 1572 658 totum
1634 601 1904 655 hominem

319 715 648 770 nuncupare,
699 699 837 756 sicut
888 699 981 765 ibi,
1014 699 1077 753 Et
1119 697 1302 753 videbit
1341 696 1507 751 omnis
1525 711 1646 751 caro
1684 694 1909 750 salutare

319 791 415 845 Dei
441 790 593 865 (Isai.
641 806 730 856 xc,
762 789 828 857 5;
879 787 1004 845 Luc.
1039 804 1118 853 In,
1166 785 1256 860 6);
1295 801 1402 841 non
1441 786 1585 841 enim
1625 799 1751 841 caro
1792 784 1909 839 sine

310 883 496 937 'auima
536 880 733 952 aliquid
761 879 943 934 videre
971 886 1147 949 potest
1173 878 1333 949 :quia
1369 877 1608 949 plurimis
1638 876 1759 932 aliis
1785 890 1909 930 san-

317 983 522 1030 ctarum
539 973 936 1044 Seripturarum
959 971 1108 1038 locis,
1140 987 1246 1026 non
1265 971 1437 1026 solum
1457 983 1695 1034 carnem,
1719 981 1907 1024 verum

319 1069 476 1127 etiam
514 1066 747 1120 animam
792 1063 1104 1130 humanam,
1149 1062 1204 1119 id
1250 1071 1350 1127 est,
1385 1061 1699 1124 rationalem
1731 1061 1909 1116 inesse

320 1156 521 1213 homini
546 1154 779 1221 Christo,
803 1155 919 1210 sine
933 1155 1038 1209 ulla
1058 1153 1402 1226 ambiguitate
1420 1160 1767 1209 monstratur.
1800 1150 1914 1207 Un-

320 1250 386 1304 de
418 1258 474 1303 et
500 1247 609 1313 isti,
640 1261 672 1301 a
716 1246 909 1317 quibus
951 1245 1249 1302 animarum
1292 1258 1529 1316 propago
1570 1242 1907 1313 defenditur,

323 1347 536 1409 possent
566 1337 810 1408 accipere
852 1353 883 1395 a
926 1346 1075 1408 parte
1124 1346 1296 1393 totum
1323 1351 1443 1395 esse
1488 1337 1714 1401 dictum,
1740 1333 1811 1390 Os
1848 1335 1912 1390 de

320 1430 513 1484 ossibus
538 1429 681 1493 meis,
707 1438 754 1483 et
773 1445 893 1484 caro
920 1428 984 1483 de
1005 1444 1158 1483 carne
1184 1445 1336 1495 mea;
1362 1438 1421 1484 ut
1446 1428 1556 1485 illic
1577 1428 1909 1499 intelligere-

320 1533 406 1577 tur
424 1531 478 1576 et
501 1522 697 1587 anima,
719 1520 1165 1593 quemadmodum
1195 1521 1426 1578 Verbum
1465 1536 1682 1579 carnem
1713 1520 1908 1577 factum

320 1628 425 1667 non
469 1612 585 1668 sine
625 1613 805 1668 anima
844 1613 1137 1683 accipimus
1165 1613 1256 1669 :si
1301 1612 1753 1684 quemadmodum
1806 1612 1910 1667 alia

320 1703 622 1758 testimonia
663 1702 858 1759 docent
894 1702 1093 1760 habere
1136 1704 1424 1758 humanam
1477 1704 1709 1758 animam
1751 1701 1910 1761 Chri-

318 1803 482 1862 stum,
513 1795 585 1850 ita
613 1804 668 1851 et
713 1795 800 1850 isti
840 1796 1108 1867 aliquibus
1144 1811 1251 1853 non
1295 1797 1559 1877 ambiguis
1591 1798 1912 1854 testimoniis

319 1885 668 1958 propaginem
708 1894 1021 1949 astruerent
1054 1888 1374 1947 animarum.
1420 1887 1546 1944 Pari
1592 1888 1707 1943 vice
1751 1887 1912 1959 igitur

318 1979 675 2041 admonemus
715 1980 874 2049 etiam
915 1978 1037 2047 hos,
1086 1980 1176 2050 qui
1227 1980 1525 2036 animarum
1563 1981 1908 2051 propaginem

318 2072 623 2139 destruunt,
652 2080 707 2137 ut
745 2086 911 2127 novas
933 2087 965 2126 a
997 2072 1110 2131 Deo
1151 2071 1352 2127 suﬂlari
1379 2072 1584 2128 animas
1626 2071 1786 2127 certis
1808 2071 1911 2126 dn-

318 2162 585 2219 cumeutis
602 2172 884 2229 asserant;
912 2171 971 2219 et
995 2170 1125 2220 tunc
1151 2162 1281 2221 illud
1304 2162 1447 2235 quod
1475 2163 1675 2225 dictum
1706 2171 1810 2230 est,
1840 2163 1912 2218 Os

316 2272 383 2312 ea:
405 2256 603 2312 ossibus
638 2258 783 2324 meis,
834 2266 882 2313 et
924 2274 1045 2315 caro
1077 2258 1147 2316 de
1182 2274 1336 2313 carne
1359 2274 1492 2321 mea,
1514 2271 1620 2313 non
1650 2257 1852 2327 tropice
1875 2272 1911 2313 a

314 2357 471 2418 parte
497 2356 687 2413 totum,
721 2358 779 2403 ut
805 2349 962 2404 simul
991 2349 1320 2419 intelligatur
1345 2358 1400 2405 et
1425 2349 1623 2415 anima,
1659 2348 1755 2405 sed
1785 2362 1909 2419 pro-

314 2438 435 2509 prie
454 2438 521 2494 de
534 2440 649 2495 sola
674 2455 837 2495 carne
860 2440 1061 2496 dictum
1087 2455 1208 2495 esse
1233 2439 1551 2496 defendant.

392 2529 619 2587 CAPUT
644 2529 991 2593 XIX—52.
1043 2531 1173 2599 Quae
1220 2547 1343 2588 cum
1369 2533 1440 2588 ita
1484 2532 1613 2597 sint,
1663 2532 1822 2589 video
1849 2533 1911 2589 li-

314 2620 477 2676 brum
518 2621 678 2676 istum
712 2622 823 2691 jam
870 2637 993 2679 esse
1018 2623 1399 2679 claudendum.
1447 2623 1640 2680 Omnia
1689 2625 1909 2697 quippe,

306 2728 442 2784 quae
469 2712 599 2768 mihi
628 2714 859 2769 maxime
894 2715 1200 2773 necessaria
1241 2715 1580 2783 videbantur,
1632 2716 1908 2780 continet;

311 2806 514 2874 quibus
543 2805 596 2860 hi
624 2805 715 2875 qui
743 2805 992 2876 legerint,
1030 2806 1206 2863 sciant
1249 2822 1309 2862 se
1345 2821 1539 2863 cavere
1578 2806 1793 2873 debere,
1841 2822 1912 2863 ne

310 2897 448 2954 huic
475 2898 698 2964 homini,
745 2898 896 2968 cujus
920 2899 1055 2954 duos
1108 2899 1273 2955 libros
1294 2900 1425 2954 mihi
1463 2899 1678 2966 misiSti,
1723 2894 1778 2954 id
1804 2898 1913 2956 hoc

304 2990 674 3057 consentiant,
707 2998 767 3045 ut
788 2991 1014 3046 credant
1038 2991 1244 3046 animas
1272 2990 1351 3046 sic
1379 3007 1446 3047 ex
1474 2990 1603 3047 ﬂatu
1629 2990 1726 3047 Dei
1766 3004 1909 3058 esse,

302 3091 369 3140 ω
396 3096 507 3135 non
536 3081 644 3135 sint
676 3097 744 3136 ex
774 3082 963 3136 nihilo.
999 3081 1116 3141 Hoc
1142 3083 1287 3138 enim
1312 3083 1401 3153 qui
1428 3082 1621 3150 credit,
1665 3083 1765 3138 etsi
1792 3098 1914 3138 ver-

303 3172 400 3228 bis
427 3180 607 3241 neget,
634 3186 694 3227 re
717 3173 829 3243 ipsa
857 3173 1053 3229 clamat
1076 3175 1284 3233 animas
1306 3175 1405 3231 Dei
1443 3176 1640 3232 habere
1665 3175 1912 3233 substan-

300 3261 472 3324 tiam,
503 3268 558 3316 et
583 3261 746 3330 ipsius
768 3277 941 3333 genus
971 3279 1110 3331 esse,
1143 3281 1250 3320 non
1288 3281 1536 3331 munere,
1574 3267 1671 3323 sed
1698 3275 1907 3323 natura.

298 3348 450 3405 Nam
481 3349 563 3406 de'
587 3366 693 3421 quo
719 3354 945 3424 quisque
974 3363 1177 3411 natura:
1204 3369 1317 3411 sua:
1351 3357 1613 3427 originem
1649 3356 1814 3425 ducit,
1842 3359 1911 3415 de

297 3440 403 3495 illo
465 3451 670 3496 natura
715 3457 827 3499 suae
870 3458 1042 3513 genus
1077 3444 1279 3502 ducere
1316 3447 1500 3517 negari
1549 3447 1735 3503 sobrie
1762 3449 1911 3503 nullo

290 3542 478 3601 pacto
503 3541 696 3602 potest.
734 3532 839 3589 lste
862 3543 1041 3591 autem
1070 3536 1140 3593 ita
1164 3536 1265 3593 sibi
1305 3546 1390 3593 est
1434 3537 1549 3609 ipse
1582 3533 1906 3607 contrarius,

291 3631 360 3678 ut
380 3638 567 3694 genus
594 3624 685 3679 Dei
712 3640 834 3681 esse
858 3627 1063 3683 animas
1084 3614 1392 3695 dicat,'non
1419 3636 1630 3697 natura,
1660 3631 1756 3686 sed
1793 3648 1912 3688 mu-

287 3731 480 3779 nere;
510 3724 564 3769 et
589 3726 764 3771 tamen
794 3732 901 3774 non
928 3716 1097 3777 {aetas
1125 3734 1190 3776 ex
1221 3720 1412 3788 nihilo,
1443 3721 1537 3776 sed
1566 3738 1633 3779 ex
1658 3712 1751 3778 illo
1769 3724 1911 3780 dicat

282 3808 578 3877 originem
606 3806 806 3865 ducere
837 3826 850 3863 :
883 3823 947 3864 ac
974 3810 1054 3866 sic
1080 3825 1216 3878 eas,-
1241 3812 1384 3883 quod
1419 3813 1568 3884 prius
1598 3826 1907 3891 negaverat,

278 3896 357 3953 ad
394 3897 509 3952 Dei
539 3906 780 3952 naturam
810 3915 1064 3959 revocare
1091 3917 1197 3958 non
1219 3902 1447 3961 dubitat.

358 3989 466 4045 55.
520 3988 828 4044 Animarum
852 4001 1030 4046 autem
1071 4008 1328 4053 novarum
1362 3996 1481 4052 sine
1514 4001 1806 4070 propagine
1830 4000 1911 4055 in-

276 4078 713 4146 sufltationem,
758 4081 971 4139 defendi
1016 4085 1230 4155 quidem
1269 4088 1489 4146 minime
1527 4090 1907 4162 prohibemus,

188 4188 199 4201 ·
274 4172 387 4229 sed
419 4172 503 4228 ab
533 4172 615 4228 eis
637 4174 726 4244 qui
754 4177 1021 4244 potuerint
1040 4178 1239 4249 aliquid
1269 4180 1531 4251 invenire,
1559 4184 1645 4241 vel
1670 4185 1722 4240 in
1745 4201 1908 4243 cano-

204 4310 221 4332 ,
274 4266 436 4321 uicis
469 4264 676 4330 Libris,
703 4267 845 4337 quod
867 4284 976 4328 non
999 4272 1067 4325 sit
1089 4272 1397 4345 ambiguum
1412 4275 1764 4335 dissolvendae
1787 4279 1909 4339 huic

266 4356 717 4427 obligatissimte
746 4360 1048 4429 quaistioni;
1069 4363 1151 4419 vel
1180 4364 1233 4419 in
1251 4367 1748 4425 ratiocinationibus
1767 4372 1904 4439 suis,

258 4450 438 4520 ,quod
464 4463 583 4504 non
606 4450 1008 4507 sitcontrariiun
1033 4455 1312 4515 catholica:
1329 4460 1536 4515 veritati
1557 4477 1571 4514 :
1592 4476 1698 4516 non
1735 4478 1765 4519 a
1785 4464 1907 4518 tali-

259 4542 383 4609 bus
403 4541 603 4612 qualis
628 4541 728 4597 iste
740 4546 1002 4612 apparuit,
1022 4545 1112 4615 qui
1130 4563 1239 4601 non
1262 4549 1581 4607 inveniendo
1608 4553 1736 4624 quid
1761 4554 1908 4612 dice-

256 4644 386 4701 ret,
408 4641 476 4689 et
488 4632 939 4690 deliberationem
967 4652 1116 4693 suam
1132 4640 1368 4695 nolendo
1390 4644 1738 4714 suspendere,
1767 4646 1906 4703 vires

255 4740 409 4782 Suas
435 4724 681 4780 omnino
720 4740 826 4793 non
865 4727 1123 4797 metiens,
1150 4745 1218 4786 ne
1241 4738 1480 4800 taceret,
1511 4749 1675 4790 ausus
1711 4745 1794 4792 est
1823 4737 1904 4793 di-

255 4832 430 4886 cere,
472 4812 807 4898 ¢_inquinart
838 4818 1071 4873 animam
1119 4822 1379 4878 meruisse
1418 4838 1516 4893 per
1560 4840 1779 4881 carnem
1806 4867 1820 4893 ,
1852 4837 1907 4885 et

252 4925 396 4967 esse
429 4909 722 4965 meruisse
755 4911 987 4966 animam
1035 4915 1420 4983 peccatricem;
1456 4935 1476 4969 ι
1507 4918 1662 4988 cujus
1698 4920 1903 4976 nullum

250 5002 583 5065 meritum,
617 4999 929 5059 seu'bonum
951 5018 1046 5059 seu
1074 5005 1273 5060 malum
1300 5048 1314 5071 ,
1342 5018 1467 5063 ante
1485 5023 1703 5064 carnem
1733 5012 1905 5080 potuit

248 5094 570 5148 invenire.
624 5089 693 5145 Et
742 5109 761 5144 ι
803 5094 1038 5162 parvulis
1092 5096 1209 5152 sine
1254 5097 1520 5168 baptismo
1564 5099 1634 5156 de
1676 5116 1903 5171 corpore

243 5184 629 5242 exeuntibus
652 5182 788 5241 solvi
809 5200 965 5257 posse
988 5187 1247 5257 originale
1274 5198 1569 5259 peccatum,
1591 5201 1644 5247 et
1669 5192 1897 5249 offeren-

239 5280 390 5333 dum
422 5291 542 5347 pro
576 5272 661 5327 eis
688 5275 1007 5331 sacrificium
1029 5279 1269 5347 corporis
1282 5279 1500 5347 Christi,
1530 5299 1550 5333 ι
1576 5282 1665 5352 qui
1685 5282 1902 5338 Christo

238 5388 367 5429 non
398 5376 560 5425 sunt
592 5367 915 5437 incorporati
944 5385 1039 5440 per
1064 5370 1183 5440 ejus
1204 5370 1549 5429 Sacramenta
1576 5376 1627 5429 in
1653 5374 1769 5457 ejus
1800 5378 1903 5432 Ec-

235 5467 430 5524 clesia
471 5481 489 5517 :
541 5479 567 5513 ‹
604 5474 804 5531 eosque
850 5462 967 5517 sine
996 5463 1210 5520 lavacro
1244 5467 1666 5536 regenerationis
1686 5470 1755 5524 de
1798 5468 1899 5524 hac

230 5563 356 5616 vita
390 5556 794 5623 emigrautes,
824 5568 934 5609 non
959 5553 1027 5609 ad
1062 5557 1299 5627 requiem
1328 5565 1532 5613 tantum
1562 5559 1640 5614 ire
1660 5601 1675 5625 ,
1705 5558 1798 5615 sed
1831 5562 1897 5615 ad

228 5666 500 5723 rvgnum
549 5644 828 5701 cmlorum
882 5661 1040 5717 posse
1082 5648 1243 5704 etiam
1288 5652 1587 5721 pervenire.
1621 5672 1640 5705 ι
1690 5653 1758 5709 Et
1795 5655 1895 5708 alia

229 5749 425 5803 multa
443 5735 736 5801 absurda,
756 5753 876 5808 quae
891 5738 1066 5794 omnia
1084 5742 1358 5812 colligere,
1378 5745 1604 5815 atquein
1631 5754 1735 5801 isto
1760 5746 1897 5801 libro

228 5840 526 5917 digerere
562 5834 799 5907 longum
824 5828 995 5885 visum
1022 5838 1123 5904 est.
1150 5831 1301 5887 Absit
1331 5848 1457 5904 ergo
1485 5846 1542 5897 ut
1586 5837 1888 5893 animarum

1703 394 1905 453 LlBER
1945 368 2220 450 ruimus.

3500 403 3526 453 ὅ
3539 398 3606 454 94

2024 521 2274 577 prepago,
2299 507 2342 561 si
2372 508 2497 563 falsa
2523 519 2624 576 est,
2646 524 2675 564 a
2691 510 2882 566 talibus
2909 511 3213 575 refellatur;
3236 520 3289 567 et
3305 513 3606 571 animarum

2015 613 2271 654 novarum
2297 599 2606 668 insufflatio,
2629 602 2675 656 si
2713 618 2838 657 vera
2856 611 2959 668 est,
2982 618 3011 657 a
3036 602 3233 658 talibus
3259 600 3602 661 defendatur.

2084 688 2175 743 5L
2197 688 2577 757 Quamobrem,
2599 692 2920 762 quicumque
2949 694 3133 749 volunt
3147 693 3435 751 defendere
3455 695 3602 767 quod

2014 778 2262 835 dicuntur
2287 780 2481 836 animae
2510 798 2661 837 nova:
2694 785 3035 853 nascentibus
3075 785 3374 855 iusufllar),
3405 802 3510 851 non
3538 786 3609 841 de

2014 870 2325 940 parentibus
2353 873 2520 941 trahi,
2547 874 2746 944 aliquid
2789 875 3000 930 illorum
3031 886 3260 947 quatuor
3297 894 3419 947 qua
3443 893 3609 949 supra

2013 963 2461 1030 commemoravi,
2492 974 2716 1020 caveant
2751 966 2898 1021 omni
2928 966 3089 1022 modo
3123 984 3136 1021 :
3167 966 3271 1022 hoc
3296 977 3399 1034 est,
3435 986 3502 1024 ne
3529 968 3611 1023 di-

2013 1061 2157 1117 cant,
2187 1067 2219 1107 a
2243 1053 2354 1108 Deo
2375 1052 2490 1109 fieri
2523 1056 2730 1111 animas
2757 1058 3080 1126 peccatriccs
3108 1074 3205 1130 per
3232 1060 3465 1116 alienum
3502 1062 3610 1114 ori-

2012 1146 2190 1217 ginale
2219 1157 2504 1219 peccatum
2529 1167 2541 1203 :
2574 1164 2644 1205 ne
2667 1150 2868 1219 dicant,
2894 1153 3142 1221 parvulos
3166 1153 3257 1223 qui
3286 1154 3402 1209 sine
3424 1154 3607 1223 Bapti-

2013 1251 2132 1293 smo
2175 1240 2436 1306 exierint,
2483 1241 2764 1310 pervenire
2809 1257 2966 1311 posse
3010 1242 3085 1305 ad
3131 1244 3293 1299 vitam
3348 1253 3607 1301 wtcrnam

2020 1343 2353 1400 regnumque
2381 1331 2664 1400 caelorum,
2694 1334 2939 1405 originali
2973 1344 3192 1405 peccato
3216 1352 3311 1405 per
3333 1337 3612 1407 quodlibet

2013 1421 2160 1477 aliud
2201 1424 2478 1479 resoluto:
2511 1442 2579 1482 ne
2615 1425 2833 1494 dicant,
2872 1427 3081 1482 animas
3119 1443 3370 1498 peccasse
3413 1429 3609 1485 alicubi

2013 1521 2138 1569 ante
2162 1528 2413 1582 carnem,
2442 1525 2495 1572 et
2538 1517 2639 1573 hoc
2677 1517 2871 1575 merito
2908 1518 2961 1573 in
3005 1533 3222 1574 carnem
3254 1521 3607 1590 peccatricem

2014 1602 2182 1661 fuisse
2223 1605 2468 1663 detrusas
2501 1626 2515 1662 :
2543 1622 2615 1664 ne
2655 1608 2855 1677 dicant,
2889 1619 3137 1680 peccata,
3168 1627 3286 1681 qua:
3327 1611 3378 1665 in
3424 1612 3503 1668 eis
3530 1613 3612 1667 in-

2014 1705 2175 1759 venta
2215 1712 2320 1752 non
2369 1708 2522 1767 sunt,
2550 1700 2674 1770 quia
2722 1702 2964 1771 praescita
3004 1711 3161 1770 sunt,
3204 1705 3396 1760 merito
3444 1703 3610 1761 fuisse

2017 1787 2201 1856 punita
2227 1830 2242 1854 ,
2267 1803 2391 1853 cum
2441 1789 2507 1844 ad
2554 1807 2671 1845 eam
2718 1793 2913 1861 vitam,
2942 1793 3032 1849 ubi
3075 1810 3138 1850 ea
3185 1796 3606 1861 committerent,

2014 1878 2288 1947 permissae
2315 1895 2420 1934 non
2467 1880 2665 1948 fuerint
2705 1884 3004 1953 pervenire.
3046 1885 3188 1953 Nihil
3225 1900 3353 1957 ergo
3376 1887 3602 1949 istorum

2020 1979 2252 2039 quatuor
2285 1970 2525 2035 dicentes
2545 2013 2561 2039 ,
2592 1962 2842 2045 quoniam
2874 1976 3152 2046 quodlibet
3191 1994 3373 2037 eorum
3416 1978 3608 2037 falsum

2013 2070 2172 2132 atque
2215 2062 2434 2133 impium
2464 2074 2579 2131 est;
2608 2050 2882 2135 inveniant
2907 2069 3068 2127 etiam
3107 2069 3500 2144 Scripturarum
3537 2073 3609 2130 de

2018 2149 2120 2217 hac
2169 2168 2229 2209 re
2278 2154 2577 2219 certissima
2622 2157 2948 2226 testimonia,
2994 2170 3048 2216 et
3102 2160 3240 2217 hanc
3286 2166 3607 2219 sententiam

2014 2260 2165 2307 suam
2190 2289 2206 2314 ,
2234 2263 2339 2315 non
2368 2249 2541 2307 solum
2582 2266 2669 2305 mc
2695 2266 2802 2319 non
2839 2261 3054 2313 vetante
3074 2296 3089 2321 ,
3114 2270 3299 2309 verum
3335 2258 3495 2312 etiam
3528 2257 3611 2312 fa-

2015 2346 2174 2392 vente
2201 2347 2257 2393 et
2277 2340 2475 2409 gratias
2497 2353 2690 2411 agente
2712 2384 2729 2417 ,
2757 2342 3062 2399 defendant.
3100 2344 3156 2400 Si
3183 2356 3360 2401 autem
3394 2364 3499 2402 non
3532 2350 3613 2404 in-

2014 2431 2234 2487 veniunt
2276 2432 2629 2497 certissimam
2668 2433 2737 2489 de
2782 2434 2880 2490 hac
2919 2451 2979 2490 re
3005 2437 3374 2493 auctoritatem
3406 2439 3613 2494 divino-

2013 2536 2132 2576 rum
2197 2522 2573 2592 eloqniorum,
2630 2535 2684 2580 et
2726 2526 2926 2596 aliquid
2973 2527 3184 2583 illorum
3235 2538 3464 2599 quatuor
3518 2548 3613 2603 per

2014 2612 2245 2684 inopiam
2293 2615 2474 2671 dicere
2512 2617 2936 2687 compelluntur;
2977 2619 3263 2676 cohibeunt
3297 2636 3392 2690 se,
3426 2639 3493 2679 ne
3518 2640 3612 2693 per

2013 2704 2181 2781 ipsam
2208 2706 2439 2777 inepiam
2467 2709 2624 2764 etiam
2650 2711 2987 2778 parvulorum
3018 2710 3226 2766 animas
3269 2728 3376 2768 non
3408 2713 3610 2771 habere

2013 2794 2271 2866 originale
2306 2808 2580 2867 peccatum
2603 2841 2617 2865 ,
2646 2800 2937 2856 secundum
2978 2801 3316 2875 Pelagianam
3359 2803 3607 2873 haeresim

2013 2889 2141 2943 olim
2173 2889 2528 2946 damnabilem
2552 2932 2566 2954 ,
2605 2894 3020 2964 nuperrimeque
3049 2895 3395 2966 damnatam,
3426 2898 3610 2955 dicere

2011 2982 2417 3053 compellantur.
2463 2982 2650 3038 Melius
2691 2995 2774 3043 est
2817 2987 2958 3050 enim
2992 2972 3193 3042 homini
3235 2986 3393 3048 fateri
3424 3006 3484 3045 se
3516 3008 3609 3045 ne-

2013 3070 2153 3128 scire
2192 3072 2333 3144 quod
2370 3075 2568 3140 nescit,
2594 3090 2754 3145 quam
2788 3076 2839 3130 in
2881 3077 3130 3141 hzrresim
3176 3078 3261 3135 vel
3302 3079 3609 3155 damnatam

2014 3164 2307 3230 incurrere,
2331 3166 2413 3220 vel
2439 3182 2628 3220 novam
2660 3168 2915 3232 condere,
2941 3169 3067 3223 dum
3098 3179 3298 3239 temere
3324 3172 3486 3241 audet
3514 3174 3612 3245 de-

2012 3253 2224 3312 fensare
2242 3257 2382 3327 quod
2405 3257 2594 3320 nescit.
2619 3258 2732 3327 Alia
2755 3258 2911 3329 hujus
2936 3260 3166 3326 hominis
3192 3261 3320 3331 falsa
3346 3272 3397 3317 et
3421 3265 3611 3335 absur-

2012 3348 2102 3417 da,
2144 3351 2198 3405 in
2248 3352 2438 3421 quibus
2477 3367 2583 3407 non
2630 3362 2736 3409 tam
2794 3354 3111 3425 periculose,
3168 3370 3533 3415 verumtamen
3577 3377 3609 3429 a

2015 3441 2225 3497 tramite
2274 3444 2514 3502 veritatis
2548 3443 2841 3517 exorbitat,
2875 3446 3126 3518 quoniam
3165 3450 3329 3503 multa
3365 3461 3520 3515 sunt,
3555 3464 3610 3508 ct

2012 3530 2081 3600 ad
2102 3533 2274 3604 ipsum
2291 3534 2472 3607 etiam,
2506 3536 2549 3591 si
2579 3536 2834 3607 Dominus
2850 3538 3101 3607 voluerit,
3134 3540 3331 3610 aliquid
3360 3542 3426 3596 do
3458 3543 3610 3598 libris

2014 3614 2130 3692 ejus
2166 3624 2292 3681 volo
2327 3626 2563 3681 scribere
2584 3669 2597 3689 ,
2626 3626 2697 3681 ibi
2738 3626 2959 3683 forsitan
3000 3631 3209 3697 omnia,
3236 3632 3318 3686 vel
3353 3634 3397 3688 si
3429 3637 3608 3709 omnia

2013 3728 2119 3771 non
2152 3723 2400 3785 potuero,
2428 3717 2654 3787 plurima
2677 3719 2981 3774 ostendam.

2083 3792 2312 3864 CAPUT
2351 3796 2471 3863 xx.
2523 3839 2593 3849 —
2641 3810 2732 3867 ss.
2785 3810 2946 3866 Istum
2973 3821 3151 3867 autem
3182 3814 3395 3884 librum,
3448 3834 3609 3895 quem

2010 3897 2081 3965 ad
2126 3908 2178 3955 te
2221 3901 2434 3970 potius,
2464 3902 2553 3972 qui
2601 3918 2787 3958 curam
2820 3913 2873 3959 et
2904 3904 3026 3961 ﬁdei
3082 3920 3277 3962 nosine
3323 3921 3375 3964 et
3426 3914 3609 3983 cristi-

2014 3990 2262 4046 malionis
2316 4007 2484 4060 meze,
2538 4003 2593 4048 ut
2627 4010 2786 4050 verus
2829 3996 3128 4052 catholicus
3176 4006 3231 4053 et
3267 4000 3437 4070 bonus
3474 4007 3605 4073 ami-

2014 4096 2143 4148 cus,
2196 4082 2423 4139 ﬁdeliter
2463 4083 2797 4157 benigneque
2846 4088 3097 4159 gessisti,
3127 4106 3287 4165 quam
3326 4092 3391 4147 ad
3444 4095 3606 4165 aliuzn

2015 4190 2333 4247 quemquam
2390 4176 2731 4232 scribendum
2792 4179 3008 4256 putavi,
3060 4190 3113 4235 tu
3161 4182 3440 4257 legendum
3509 4186 3609 4242 da-

2014 4266 2204 4322 hisch
2254 4267 2668 4341 describendum
2721 4270 2914 4342 quibus
2959 4273 3229 4351 potueris,
3276 4277 3362 4331 vel
3414 4277 3609 4349 quibus

2014 4357 2246 4412 dandum
2300 4373 2419 4414 esse
2475 4359 2824 4430 judicaveris.
2901 4362 2956 4439 in
3016 4381 3123 4435 quo
3186 4367 3339 4429 istius
3396 4371 3609 4442 juvenis

2012 4452 2482 4521 praesumptionem
2529 4452 2598 4508 ita
2642 4455 3036 4535 reprimendum
3081 4465 3136 4527 et
3180 4460 3605 4531 redarguenda":

2015 4541 2215 4609 putavi,
2256 4552 2312 4596 ut
2356 4551 2535 4613 tamen
2584 4559 2706 4607 cum
2752 4545 3004 4619 diligam;
3044 4563 3148 4622 nec
3188 4550 3468 4623 damnari,
3513 4556 3606 4611 sed

2013 4632 2288 4687 emendari
2320 4635 2481 4690 velim
2514 4651 2527 4688 :
2550 4644 2708 4706 atque
2733 4637 2805 4696 ita
2832 4639 3097 4715 prolicere
3125 4640 3176 4694 in
3204 4640 3367 4702 domo
3392 4659 3604 4714 magna,

2010 4738 2132 4793 quae
2173 4733 2257 4780 est
2293 4725 2531 4794 Ecclesia
2574 4728 2867 4793 catholica,
2915 4744 3023 4799 quo
3060 4745 3180 4784 eum
3239 4732 3605 4789 misericordia

2011 4815 2188 4868 divina
2211 4816 2487 4885 perduxit,
2517 4827 2575 4872 ut
2602 4817 2671 4873 sit
2701 4819 2752 4873 in
2795 4819 2885 4873 illa
2919 4836 3010 4875 vas
3034 4837 3084 4875 ιη
3121 4823 3324 4878 honore
3368 4827 3608 4881 sanctifi-

2009 4893 2222 4970 catum,
2256 4907 2385 4963 utile
2417 4908 2641 4963 Dmnino
2666 4951 2682 4976 ,
2705 4909 2772 4964 ad
2802 4926 2962 4981 omne
3000 4928 3134 4983 Opus
3162 4914 3359 4970 bonum
3390 4931 3605 4989 semper

2012 5008 2256 5068 paratum
2278 5040 2294 5065 ,
2316 5009 2369 5053 et
2400 4998 2538 5055 bene
2566 4998 2792 5056 vivendo
2815 5042 2831 5069 ,
2864 5011 2918 5057 et
2945 5020 3072 5058 sana
3098 5005 3342 5065 docendo
3372 5011 3410 5065 ².
3439 4990 3605 5079 Porro

2008 5100 2184 5146 autem
2213 5090 2258 5145 si
2287 5090 2457 5161 ipsum
2479 5101 2689 5161 oportet
2715 5102 2771 5148 ut
2795 5093 3013 5166 diligam
3032 5096 3169 5151 sicut
3204 5097 3343 5155 facio
3366 5116 3606 5174 ;,qnanto

2008 5183 2178 5254 magis
2224 5193 2307 5258 te,
2341 5181 2712 5256 frater,cnjns
2757 5201 2881 5257 erga
2931 5204 3017 5244 me
3062 5188 3523 5261 benevolentiam,
3553 5210 3605 5258 et

2008 5274 2160 5343 cujus
2196 5275 2512 5345 catholicam
2564 5277 2721 5332 tidem
2767 5287 2975 5334 cautam
3034 5291 3088 5335 et
3124 5282 3358 5357 sobriam
3404 5289 3605 5356 Optimo

2009 5364 2153 5419 novi.
2185 5364 2338 5420 Unde
2377 5366 2569 5421 factum
2609 5377 2776 5423 estut
2814 5384 2910 5424 eos
2946 5369 3112 5425 libros
3144 5373 3231 5441 qui
3280 5376 3373 5431 tibi
3412 5377 3601 5447 diSpli-

2008 5465 2252 5517 cuermit,
2278 5466 2332 5513 et
2359 5456 2411 5511 in
2434 5458 2623 5528 quibus
2650 5476 2844 5515 nomen
2877 5478 3051 5516 meum
3081 5463 3237 5520 aliter
3256 5482 3411 5543 quam
3437 5471 3604 5541 yelles

2010 5548 2238 5615 positum
2270 5550 2599 5619 comperisti,
2631 5551 2945 5627 describend
2972 5569 3014 5609 PS
3055 5557 3288 5627 mihique
3315 5559 3602 5616 mittendos

2008 5654 2133 5694 vere
2174 5640 2407 5694 fraterna
2457 5641 2723 5713 planeque
2770 5644 2976 5699 sincera
3024 5640 3309 5703 dilectione
3360 5664 3598 5721 curares,

2008 5731 2235 5786 Tantum
2265 5748 2391 5802 ergo
2418 5733 2568 5788 abest
2595 5743 2651 5789 ιιι
2679 5735 2801 5792 hinc
2832 5745 2933 5792 tua!
2963 5736 3206 5795 charitati
3234 5754 3595 5814 succenseant,

2075 5868 2092 5898 ι
2127 5873 2177 5914 ιιι
2199 5874 2322 5929 3:55.,
2346 5864 2565 5935 dicendo.
