  <div class='ocr_page' id='page_1' title='image "/cluster/home/n/w/nwhite01/storage/ocr_20150623/44-45/uc1.31175026792435/255.png"; bbox 0 0 4144 6528; ppageno 0'>
   <div class='ocr_carea' id='block_1_1' title="bbox 455 2409 486 2420">
    <p class='ocr_par' dir='ltr' id='par_1_1' title="bbox 455 2409 486 2420">
     <span class='ocr_line' id='line_1_1' title="bbox 455 2409 486 2420; baseline 0 -2"><span class='ocrx_word' id='word_1_1' title='bbox 455 2409 486 2420; x_wconf 54' lang='grc' dir='ltr'><em>η</em></span> 
     </span>
    </p>
   </div>
   <div class='ocr_carea' id='block_1_2' title="bbox 625 379 3874 457">
    <p class='ocr_par' dir='ltr' id='par_1_2' title="bbox 625 379 3874 457">
     <span class='ocr_line' id='line_1_2' title="bbox 625 379 3874 457; baseline 0.009 -31"><span class='ocrx_word' id='word_1_2' title='bbox 625 383 734 443; x_wconf 66' lang='grc' dir='ltr'><strong>ωε</strong></span> <span class='ocrx_word' id='word_1_3' title='bbox 1507 379 1594 436; x_wconf 86' lang='lat' dir='ltr'><strong>DE</strong></span> <span class='ocrx_word' id='word_1_4' title='bbox 1635 380 1844 436; x_wconf 73' lang='lat' dir='ltr'><strong>ANIllA</strong></span> <span class='ocrx_word' id='word_1_5' title='bbox 1886 379 1976 437; x_wconf 83' lang='lat' dir='ltr'><strong>ET</strong></span> <span class='ocrx_word' id='word_1_6' title='bbox 2004 379 2169 437; x_wconf 78' lang='lat' dir='ltr'><strong>EJUS</strong></span> <span class='ocrx_word' id='word_1_7' title='bbox 2206 379 2502 446; x_wconf 76' lang='lat' dir='ltr'><strong>ORIGINE,</strong></span> <span class='ocrx_word' id='word_1_8' title='bbox 2544 383 2602 439; x_wconf 88' lang='lat' dir='ltr'><strong>S.</strong></span> <span class='ocrx_word' id='word_1_9' title='bbox 2645 383 3016 442; x_wconf 81' lang='lat' dir='ltr'><strong>AUGUSTINI</strong></span> <span class='ocrx_word' id='word_1_10' title='bbox 3389 415 3392 418; x_wconf 57' lang='grc'><strong>’</strong></span> <span class='ocrx_word' id='word_1_11' title='bbox 3781 399 3874 457; x_wconf 73' lang='lat' dir='ltr'><strong>LM</strong></span> 
     </span>
    </p>
   </div>
   <div class='ocr_carea' id='block_1_3' title="bbox 625 489 2216 566">
    <p class='ocr_par' dir='ltr' id='par_1_3' title="bbox 625 489 2216 566">
     <span class='ocr_line' id='line_1_3' title="bbox 625 489 2216 566; baseline 0.002 -23"><span class='ocrx_word' id='word_1_12' title='bbox 625 495 749 566; x_wconf 80' lang='lat' dir='ltr'><strong>quia</strong></span> <span class='ocrx_word' id='word_1_13' title='bbox 772 489 973 558; x_wconf 86' lang='lat' dir='ltr'><strong>fecisti;</strong></span> <span class='ocrx_word' id='word_1_14' title='bbox 997 500 1056 548; x_wconf 91' lang='lat' dir='ltr'><strong>ut</strong></span> <span class='ocrx_word' id='word_1_15' title='bbox 1083 490 1259 562; x_wconf 89' lang='lat' dir='ltr'><strong>potius</strong></span> <span class='ocrx_word' id='word_1_16' title='bbox 1287 491 1388 547; x_wconf 88' lang='lat' dir='ltr'><strong>nisi</strong></span> <span class='ocrx_word' id='word_1_17' title='bbox 1411 489 1628 548; x_wconf 77' lang='lat' dir='ltr'><strong>fecisses</strong></span> <span class='ocrx_word' id='word_1_18' title='bbox 1649 533 1663 558; x_wconf 92' lang='lat'><strong>,</strong></span> <span class='ocrx_word' id='word_1_19' title='bbox 1697 492 1903 562; x_wconf 77' lang='lat' dir='ltr'><strong>integro</strong></span> <span class='ocrx_word' id='word_1_20' title='bbox 1925 490 2047 562; x_wconf 87' lang='lat' dir='ltr'><strong>jure</strong></span> <span class='ocrx_word' id='word_1_21' title='bbox 2083 492 2216 546; x_wconf 86' lang='lat' dir='ltr'><strong>ami-</strong></span> 
     </span>
    </p>
   </div>
   <div class='ocr_carea' id='block_1_4' title="bbox 625 580 2212 654">
    <p class='ocr_par' dir='ltr' id='par_1_4' title="bbox 625 580 2212 654">
     <span class='ocr_line' id='line_1_4' title="bbox 625 580 2212 654; baseline 0 -18"><span class='ocrx_word' id='word_1_22' title='bbox 625 582 765 637; x_wconf 73' lang='lat' dir='ltr'><strong>citize</strong></span> <span class='ocrx_word' id='word_1_23' title='bbox 789 595 1106 638; x_wconf 85' lang='lat' dir='ltr'><strong>succensere</strong></span> <span class='ocrx_word' id='word_1_24' title='bbox 1141 581 1414 638; x_wconf 80' lang='lat' dir='ltr'><strong>deberem.</strong></span> <span class='ocrx_word' id='word_1_25' title='bbox 1447 583 1563 654; x_wconf 79' lang='lat' dir='ltr'><strong>Ago</strong></span> <span class='ocrx_word' id='word_1_26' title='bbox 1588 583 1765 653; x_wconf 93' lang='lat' dir='ltr'><strong>itaque</strong></span> <span class='ocrx_word' id='word_1_27' title='bbox 1787 583 1976 638; x_wconf 87' lang='lat' dir='ltr'><strong>uberes</strong></span> <span class='ocrx_word' id='word_1_28' title='bbox 1995 580 2212 654; x_wconf 73' lang='lat' dir='ltr'><strong>gratias.</strong></span> 
     </span>
    </p>
   </div>
   <div class='ocr_carea' id='block_1_5' title="bbox 625 672 2220 746">
    <p class='ocr_par' dir='ltr' id='par_1_5' title="bbox 625 672 2220 746">
     <span class='ocr_line' id='line_1_5' title="bbox 625 672 2220 746; baseline 0.001 -19"><span class='ocrx_word' id='word_1_29' title='bbox 625 675 1080 744; x_wconf 78' lang='lat' dir='ltr'><strong>Quemadmodum</strong></span> <span class='ocrx_word' id='word_1_30' title='bbox 1120 683 1296 730; x_wconf 86' lang='lat' dir='ltr'><strong>autem</strong></span> <span class='ocrx_word' id='word_1_31' title='bbox 1325 675 1628 746; x_wconf 88' lang='lat' dir='ltr'><strong>acceperim</strong></span> <span class='ocrx_word' id='word_1_32' title='bbox 1667 673 1860 730; x_wconf 87' lang='lat' dir='ltr'><strong>factum</strong></span> <span class='ocrx_word' id='word_1_33' title='bbox 1885 681 2060 742; x_wconf 89' lang='lat' dir='ltr'><strong>tuum,</strong></span> <span class='ocrx_word' id='word_1_34' title='bbox 2091 672 2220 728; x_wconf 87' lang='lat' dir='ltr'><strong>hinc</strong></span> 
     </span>
    </p>
   </div>
   <div class='ocr_carea' id='block_1_6' title="bbox 2321 494 3874 571">
    <p class='ocr_par' dir='ltr' id='par_1_6' title="bbox 2321 494 3874 571">
     <span class='ocr_line' id='line_1_6' title="bbox 2321 494 3874 571; baseline 0.014 -24"><span class='ocrx_word' id='word_1_35' title='bbox 2321 494 2652 550; x_wconf 79' lang='lat' dir='ltr'><strong>manifestius</strong></span> <span class='ocrx_word' id='word_1_36' title='bbox 2694 496 2920 553; x_wconf 84' lang='lat' dir='ltr'><strong>iudicavi</strong></span> <span class='ocrx_word' id='word_1_37' title='bbox 2944 502 2985 565; x_wconf 83' lang='lat'><strong>‘,</strong></span> <span class='ocrx_word' id='word_1_38' title='bbox 3011 497 3152 568; x_wconf 88' lang='lat' dir='ltr'><strong>quod</strong></span> <span class='ocrx_word' id='word_1_39' title='bbox 3183 497 3323 555; x_wconf 90' lang='lat' dir='ltr'><strong>hunc</strong></span> <span class='ocrx_word' id='word_1_40' title='bbox 3351 498 3417 555; x_wconf 90' lang='lat' dir='ltr'><strong>ad</strong></span> <span class='ocrx_word' id='word_1_41' title='bbox 3449 508 3500 557; x_wconf 89' lang='lat' dir='ltr'><strong>te</strong></span> <span class='ocrx_word' id='word_1_42' title='bbox 3525 501 3738 571; x_wconf 88' lang='lat' dir='ltr'><strong>librum.</strong></span> <span class='ocrx_word' id='word_1_43' title='bbox 3763 529 3874 570; x_wconf 72' lang='lat' dir='ltr'><strong>tuo:</strong></span> 
     </span>
    </p>
   </div>
   <div class='ocr_carea' id='block_1_7' title="bbox 2322 587 3644 666">
    <p class='ocr_par' dir='ltr' id='par_1_7' title="bbox 2322 587 3644 666">
     <span class='ocr_line' id='line_1_7' title="bbox 2322 587 3644 666; baseline 0.007 -25"><span class='ocrx_word' id='word_1_44' title='bbox 2322 596 2380 641; x_wconf 97' lang='grc' dir='ltr'><strong>ιιι</strong></span> <span class='ocrx_word' id='word_1_45' title='bbox 2406 587 2526 642; x_wconf 91' lang='lat' dir='ltr'><strong>illos</strong></span> <span class='ocrx_word' id='word_1_46' title='bbox 2553 587 2678 659; x_wconf 81' lang='lat' dir='ltr'><strong>legi,</strong></span> <span class='ocrx_word' id='word_1_47' title='bbox 2711 590 2826 646; x_wconf 90' lang='lat' dir='ltr'><strong>sine</strong></span> <span class='ocrx_word' id='word_1_48' title='bbox 2849 590 3025 660; x_wconf 86' lang='lat' dir='ltr'><strong>aliqua</strong></span> <span class='ocrx_word' id='word_1_49' title='bbox 3055 590 3308 648; x_wconf 77' lang='lat' dir='ltr'><strong>dilatione</strong></span> <span class='ocrx_word' id='word_1_50' title='bbox 3333 595 3644 666; x_wconf 88' lang='lat' dir='ltr'><strong>conscripsi.</strong></span> 
     </span>
    </p>
   </div>
   <div class='ocr_carea' id='block_1_8' title="bbox 2389 699 3104 765">
    <p class='ocr_par' dir='ltr' id='par_1_8' title="bbox 2389 699 3104 765">
     <span class='ocr_line' id='line_1_8' title="bbox 2389 699 3104 765; baseline 0.006 -18"><span class='ocrx_word' id='word_1_51' title='bbox 2389 701 2406 732; x_wconf 78' lang='grc' dir='ltr'><strong>ι</strong></span> <span class='ocrx_word' id='word_1_52' title='bbox 2443 700 2696 750; x_wconf 83' lang='lat' dir='ltr'><strong>Vaticanus</strong></span> <span class='ocrx_word' id='word_1_53' title='bbox 2717 708 2820 762; x_wconf 80' lang='lat' dir='ltr'><strong>tus.,</strong></span> <span class='ocrx_word' id='word_1_54' title='bbox 2830 699 3104 765; x_wconf 69' lang='lat' dir='ltr'><strong>judicatus.</strong></span> 
     </span>
    </p>
   </div>
   <div class='ocr_carea' id='block_1_9' title="bbox 639 823 3872 848">
    <p class='ocr_par' dir='ltr' id='par_1_9' title="bbox 639 823 3872 848">
     <span class='ocr_line' id='line_1_9' title="bbox 639 823 3872 848; baseline 0.003 -11"><span class='ocrx_word' id='word_1_55' title='bbox 639 823 3872 848; x_wconf 49' lang='lat' dir='ltr'>ww</span> 
     </span>
    </p>
   </div>
   <div class='ocr_carea' id='block_1_10' title="bbox 1563 919 2972 1034">
    <p class='ocr_par' dir='ltr' id='par_1_10' title="bbox 1563 919 2972 1034">
     <span class='ocr_line' id='line_1_10' title="bbox 1563 919 2972 1034; baseline -0.001 -1"><span class='ocrx_word' id='word_1_56' title='bbox 1563 923 2043 1034; x_wconf 87' lang='lat' dir='ltr'><strong><em>LIBER</em></strong></span> <span class='ocrx_word' id='word_1_57' title='bbox 2085 919 2972 1030; x_wconf 68' lang='lat' dir='ltr'><strong>SECUNDUS.</strong></span> 
     </span>
    </p>
   </div>
   <div class='ocr_carea' id='block_1_11' title="bbox 1700 1103 2816 1172">
    <p class='ocr_par' dir='ltr' id='par_1_11' title="bbox 1700 1103 2816 1172">
     <span class='ocr_line' id='line_1_11' title="bbox 1700 1103 2816 1172; baseline -0.004 -1"><span class='ocrx_word' id='word_1_58' title='bbox 1700 1109 1808 1172; x_wconf 84' lang='lat' dir='ltr'><strong>AD</strong></span> <span class='ocrx_word' id='word_1_59' title='bbox 1849 1105 2172 1170; x_wconf 76' lang='lat' dir='ltr'><strong>PETRUM</strong></span> <span class='ocrx_word' id='word_1_60' title='bbox 2213 1103 2791 1168; x_wconf 79' lang='lat' dir='ltr'><strong>PRESBYTERUM</strong></span> <span class='ocrx_word' id='word_1_61' title='bbox 2801 1150 2816 1166; x_wconf 93' lang='lat'><strong>.</strong></span> 
     </span>
    </p>
   </div>
   <div class='ocr_carea' id='block_1_12' title="bbox 687 1226 3891 1306">
    <p class='ocr_par' dir='ltr' id='par_1_12' title="bbox 687 1226 3891 1306">
     <span class='ocr_line' id='line_1_12' title="bbox 687 1226 3891 1306; baseline -0.004 -16"><span class='ocrx_word' id='word_1_62' title='bbox 687 1247 880 1306; x_wconf 77' lang='lat' dir='ltr'><strong>Petrum</strong></span> <span class='ocrx_word' id='word_1_63' title='bbox 915 1239 1144 1288; x_wconf 86' lang='lat' dir='ltr'><strong>admonet</strong></span> <span class='ocrx_word' id='word_1_64' title='bbox 1182 1237 1531 1306; x_wconf 74' lang='lat' dir='ltr'><strong>Augustinus,_</strong></span> <span class='ocrx_word' id='word_1_65' title='bbox 1557 1245 1622 1282; x_wconf 91' lang='lat' dir='ltr'><strong>ne</strong></span> <span class='ocrx_word' id='word_1_66' title='bbox 1658 1227 1951 1306; x_wconf 45' lang='lat' dir='ltr'><strong>comi-iuuat,</strong></span> <span class='ocrx_word' id='word_1_67' title='bbox 1983 1236 2040 1306; x_wconf 76' lang='lat' dir='ltr'><strong>ut</strong></span> <span class='ocrx_word' id='word_1_68' title='bbox 2064 1226 2877 1306; x_wconf 10' lang='lat' dir='ltr'><strong>geg‘animaei‘priginea</strong></span> <span class='ocrx_word' id='word_1_69' title='bbox 2922 1231 3171 1306; x_wconf 70' lang='lat' dir='ltr'><strong>Vincentio</strong></span> <span class='ocrx_word' id='word_1_70' title='bbox 3211 1235 3400 1306; x_wconf 58' lang='lat' dir='ltr'><strong>victine</strong></span> <span class='ocrx_word' id='word_1_71' title='bbox 3430 1235 3506 1306; x_wconf 38' lang='lat' dir='ltr'><strong>ad.</strong></span> <span class='ocrx_word' id='word_1_72' title='bbox 3549 1250 3662 1306; x_wconf 65' lang='lat' dir='ltr'><strong>eum</strong></span> <span class='ocrx_word' id='word_1_73' title='bbox 3703 1245 3891 1306; x_wconf 54' lang='lat' dir='ltr'><strong>3.31pm</strong></span> 
     </span>
    </p>
   </div>
   <div class='ocr_carea' id='block_1_13' title="bbox 625 1289 3893 1365">
    <p class='ocr_par' dir='ltr' id='par_1_13' title="bbox 625 1289 3893 1365">
     <span class='ocr_line' id='line_1_13' title="bbox 625 1289 3893 1365; baseline 0.001 -14"><span class='ocrx_word' id='word_1_74' title='bbox 625 1289 860 1351; x_wconf 79' lang='lat' dir='ltr'><strong>laudando</strong></span> <span class='ocrx_word' id='word_1_75' title='bbox 889 1303 1213 1365; x_wconf 71' lang='lat' dir='ltr'><strong>approbasse,</strong></span> <span class='ocrx_word' id='word_1_76' title='bbox 1247 1289 1328 1365; x_wconf 62' lang='lat' dir='ltr'><strong>aut</strong></span> <span class='ocrx_word' id='word_1_77' title='bbox 1365 1311 1476 1365; x_wconf 68' lang='lat' dir='ltr'><strong>quae</strong></span> <span class='ocrx_word' id='word_1_78' title='bbox 1497 1289 1708 1346; x_wconf 55' lang='lat' dir='ltr'><strong>&#39;tentcre</strong></span> <span class='ocrx_word' id='word_1_79' title='bbox 1739 1293 1824 1343; x_wconf 88' lang='lat' dir='ltr'><strong>ille</strong></span> <span class='ocrx_word' id='word_1_80' title='bbox 1853 1293 2044 1365; x_wconf 76' lang='lat' dir='ltr'><strong>scripsit</strong></span> <span class='ocrx_word' id='word_1_81' title='bbox 2063 1290 2174 1340; x_wconf 81' lang='lat' dir='ltr'><strong>ﬁdei</strong></span> <span class='ocrx_word' id='word_1_82' title='bbox 2201 1289 2487 1365; x_wconf 56' lang='lat' dir='ltr'><strong>christiath</strong></span> <span class='ocrx_word' id='word_1_83' title='bbox 2509 1289 2775 1365; x_wconf 40' lang='lat' dir='ltr'><strong>muttiant),</strong></span> <span class='ocrx_word' id='word_1_84' title='bbox 2811 1305 2900 1365; x_wconf 82' lang='lat' dir='ltr'><strong>pro</strong></span> <span class='ocrx_word' id='word_1_85' title='bbox 2935 1293 3244 1365; x_wconf 69' lang='lat' dir='ltr'><strong>dogmatibus</strong></span> <span class='ocrx_word' id='word_1_86' title='bbox 3286 1297 3536 1365; x_wconf 60' lang='lat' dir='ltr'><strong>tmtholieis</strong></span> <span class='ocrx_word' id='word_1_87' title='bbox 3577 1289 3757 1365; x_wconf 73' lang='lat' dir='ltr'><strong>habere</strong></span> <span class='ocrx_word' id='word_1_88' title='bbox 3782 1289 3893 1355; x_wconf 55' lang='lat' dir='ltr'><strong>iiii:</strong></span> 
     </span>
    </p>
   </div>
   <div class='ocr_carea' id='block_1_14' title="bbox 621 1351 3893 1424">
    <p class='ocr_par' dir='ltr' id='par_1_14' title="bbox 621 1351 3893 1424">
     <span class='ocr_line' id='line_1_14' title="bbox 621 1351 3893 1424; baseline 0.001 -12"><span class='ocrx_word' id='word_1_89' title='bbox 621 1365 864 1412; x_wconf 87' lang='lat' dir='ltr'><strong>stimetur.</strong></span> <span class='ocrx_word' id='word_1_90' title='bbox 900 1351 1098 1411; x_wconf 51' lang='grc' dir='ltr'><strong>[ἔνιοι-εδ</strong></span> <span class='ocrx_word' id='word_1_91' title='bbox 1127 1351 1532 1424; x_wconf 17' lang='grc' dir='ltr'><strong>γιςίονὶείινὰνίῳ,</strong></span> <span class='ocrx_word' id='word_1_92' title='bbox 1573 1369 1760 1420; x_wconf 89' lang='lat' dir='ltr'><strong>eosque</strong></span> <span class='ocrx_word' id='word_1_93' title='bbox 1789 1351 2097 1420; x_wconf 71' lang='lat' dir='ltr'><strong>gravissimos</strong></span> <span class='ocrx_word' id='word_1_94' title='bbox 2135 1359 2298 1411; x_wconf 79' lang='lat' dir='ltr'><strong>notat,</strong></span> <span class='ocrx_word' id='word_1_95' title='bbox 2341 1357 2393 1400; x_wconf 89' lang='lat' dir='ltr'><strong>et</strong></span> <span class='ocrx_word' id='word_1_96' title='bbox 2425 1351 2591 1400; x_wconf 78' lang='lat' dir='ltr'><strong>verbis</strong></span> <span class='ocrx_word' id='word_1_97' title='bbox 2618 1351 2831 1402; x_wconf 69' lang='lat' dir='ltr'><strong>comunt</strong></span> <span class='ocrx_word' id='word_1_98' title='bbox 2869 1351 3049 1416; x_wconf 68' lang='lat' dir='ltr'><strong>paucis.</strong></span> <span class='ocrx_word' id='word_1_99' title='bbox 3093 1362 3232 1407; x_wconf 79' lang='lat' dir='ltr'><strong>Petro</strong></span> <span class='ocrx_word' id='word_1_100' title='bbox 3267 1357 3463 1408; x_wconf 86' lang='lat' dir='ltr'><strong>demum</strong></span> <span class='ocrx_word' id='word_1_101' title='bbox 3502 1363 3592 1424; x_wconf 83' lang='lat' dir='ltr'><strong>ipsi</strong></span> <span class='ocrx_word' id='word_1_102' title='bbox 3629 1351 3893 1424; x_wconf 28' lang='lat' dir='ltr'><strong>suadetidt</strong></span> 
     </span>
    </p>
   </div>
   <div class='ocr_carea' id='block_1_15' title="bbox 2025 1475 2507 1554">
    <p class='ocr_par' dir='ltr' id='par_1_15' title="bbox 2025 1475 2507 1554">
     <span class='ocr_line' id='line_1_15' title="bbox 2025 1475 2507 1554; baseline 0.002 -24"><span class='ocrx_word' id='word_1_103' title='bbox 2025 1475 2507 1554; x_wconf 51' lang='grc' dir='ltr'>ψ</span> 
     </span>
    </p>
   </div>
   <div class='ocr_carea' id='block_1_16' title="bbox 627 1420 1638 1485">
    <p class='ocr_par' dir='ltr' id='par_1_16' title="bbox 627 1420 1638 1485">
     <span class='ocr_line' id='line_1_16' title="bbox 627 1420 1638 1485; baseline -0.004 -14"><span class='ocrx_word' id='word_1_104' title='bbox 627 1425 864 1475; x_wconf 67' lang='lat' dir='ltr'><strong>Victorem</strong></span> <span class='ocrx_word' id='word_1_105' title='bbox 893 1425 950 1474; x_wconf 85' lang='lat' dir='ltr'><strong>ad</strong></span> <span class='ocrx_word' id='word_1_106' title='bbox 985 1437 1072 1474; x_wconf 84' lang='lat' dir='ltr'><strong>eos</strong></span> <span class='ocrx_word' id='word_1_107' title='bbox 1088 1423 1400 1485; x_wconf 81' lang='lat' dir='ltr'><strong>corrigendos</strong></span> <span class='ocrx_word' id='word_1_108' title='bbox 1421 1420 1638 1470; x_wconf 80' lang='lat' dir='ltr'><strong>adducat.</strong></span> 
     </span>
    </p>
   </div>
   <div class='ocr_carea' id='block_1_17' title="bbox 626 1601 2206 1676">
    <p class='ocr_par' dir='ltr' id='par_1_17' title="bbox 626 1601 2206 1676">
     <span class='ocr_line' id='line_1_17' title="bbox 626 1601 2206 1676; baseline -0.006 -11"><span class='ocrx_word' id='word_1_109' title='bbox 626 1611 850 1665; x_wconf 78' lang='lat' dir='ltr'><strong>Domino</strong></span> <span class='ocrx_word' id='word_1_110' title='bbox 880 1609 1223 1664; x_wconf 85' lang='lat' dir='ltr'><strong>dilectissimo</strong></span> <span class='ocrx_word' id='word_1_111' title='bbox 1257 1607 1403 1663; x_wconf 90' lang='lat' dir='ltr'><strong>fratri</strong></span> <span class='ocrx_word' id='word_1_112' title='bbox 1445 1615 1501 1662; x_wconf 93' lang='lat' dir='ltr'><strong>et</strong></span> <span class='ocrx_word' id='word_1_113' title='bbox 1530 1603 1968 1676; x_wconf 87' lang='lat' dir='ltr'><strong>compreshytero</strong></span> <span class='ocrx_word' id='word_1_114' title='bbox 1988 1601 2171 1656; x_wconf 77' lang='lat' dir='ltr'><strong>Perna</strong></span> <span class='ocrx_word' id='word_1_115' title='bbox 2191 1641 2206 1668; x_wconf 94' lang='lat'><strong>,</strong></span> 
     </span>
    </p>
   </div>
   <div class='ocr_carea' id='block_1_18' title="bbox 776 1695 2052 1772">
    <p class='ocr_par' dir='ltr' id='par_1_18' title="bbox 776 1695 2052 1772">
     <span class='ocr_line' id='line_1_18' title="bbox 776 1695 2052 1772; baseline -0.008 -16"><span class='ocrx_word' id='word_1_116' title='bbox 776 1704 1112 1758; x_wconf 76' lang='lat' dir='ltr'><strong>AUGUSTINUS</strong></span> <span class='ocrx_word' id='word_1_117' title='bbox 1137 1701 1438 1772; x_wconf 87' lang='lat' dir='ltr'><strong>episcopus,</strong></span> <span class='ocrx_word' id='word_1_118' title='bbox 1468 1699 1521 1754; x_wconf 90' lang='lat' dir='ltr'><strong>in</strong></span> <span class='ocrx_word' id='word_1_119' title='bbox 1546 1697 1774 1752; x_wconf 90' lang='lat' dir='ltr'><strong>Domino</strong></span> <span class='ocrx_word' id='word_1_120' title='bbox 1803 1695 2052 1750; x_wconf 88' lang='lat' dir='ltr'><strong>salutem.</strong></span> 
     </span>
    </p>
   </div>
   <div class='ocr_carea' id='block_1_19' title="bbox 695 1823 2210 1890">
    <p class='ocr_par' dir='ltr' id='par_1_19' title="bbox 695 1823 2210 1890">
     <span class='ocr_line' id='line_1_19' title="bbox 695 1823 2210 1890; baseline -0.007 0"><span class='ocrx_word' id='word_1_121' title='bbox 695 1833 920 1890; x_wconf 85' lang='lat' dir='ltr'><strong>CAPUT</strong></span> <span class='ocrx_word' id='word_1_122' title='bbox 958 1833 1244 1889; x_wconf 77' lang='lat' dir='ltr'><strong>PRIMUM.</strong></span> <span class='ocrx_word' id='word_1_123' title='bbox 1282 1833 1431 1888; x_wconf 79' lang='grc'><strong>-1.</strong></span> <span class='ocrx_word' id='word_1_124' title='bbox 1478 1831 1841 1887; x_wconf 83' lang='lat' dir='ltr'><strong>Perveneram</strong></span> <span class='ocrx_word' id='word_1_125' title='bbox 1877 1826 1942 1882; x_wconf 92' lang='lat' dir='ltr'><strong>ad</strong></span> <span class='ocrx_word' id='word_1_126' title='bbox 1976 1840 2064 1881; x_wconf 91' lang='lat' dir='ltr'><strong>me</strong></span> <span class='ocrx_word' id='word_1_127' title='bbox 2102 1823 2210 1880; x_wconf 87' lang='lat' dir='ltr'><strong>duo</strong></span> 
     </span>
    </p>
   </div>
   <div class='ocr_carea' id='block_1_20' title="bbox 622 1919 2210 2002">
    <p class='ocr_par' dir='ltr' id='par_1_20' title="bbox 622 1919 2210 2002">
     <span class='ocr_line' id='line_1_20' title="bbox 622 1919 2210 2002; baseline -0.007 -23"><span class='ocrx_word' id='word_1_128' title='bbox 622 1924 741 1980; x_wconf 85' lang='lat' dir='ltr'><strong>libri</strong></span> <span class='ocrx_word' id='word_1_129' title='bbox 790 1923 1051 1978; x_wconf 74' lang='lat' dir='ltr'><strong>Vincentii</strong></span> <span class='ocrx_word' id='word_1_130' title='bbox 1095 1923 1358 1991; x_wconf 78' lang='lat' dir='ltr'><strong>Victoris,</strong></span> <span class='ocrx_word' id='word_1_131' title='bbox 1385 1936 1520 1994; x_wconf 87' lang='lat' dir='ltr'><strong>quos</strong></span> <span class='ocrx_word' id='word_1_132' title='bbox 1567 1920 1636 1976; x_wconf 90' lang='lat' dir='ltr'><strong>ad</strong></span> <span class='ocrx_word' id='word_1_133' title='bbox 1676 1919 2022 1976; x_wconf 85' lang='lat' dir='ltr'><strong>Sanctitatem</strong></span> <span class='ocrx_word' id='word_1_134' title='bbox 2066 1924 2210 2002; x_wconf 86' lang='lat' dir='ltr'><strong>tuam</strong></span> 
     </span>
    </p>
   </div>
   <div class='ocr_carea' id='block_1_21' title="bbox 621 2005 2210 2084">
    <p class='ocr_par' dir='ltr' id='par_1_21' title="bbox 621 2005 2210 2084">
     <span class='ocr_line' id='line_1_21' title="bbox 621 2005 2210 2084; baseline -0.005 -16"><span class='ocrx_word' id='word_1_135' title='bbox 621 2015 854 2084; x_wconf 76' lang='lat' dir='ltr'><strong>St&#39;t’ipsil,</strong></span> <span class='ocrx_word' id='word_1_136' title='bbox 883 2014 1128 2069; x_wconf 84' lang='lat' dir='ltr'><strong>mittente</strong></span> <span class='ocrx_word' id='word_1_137' title='bbox 1156 2014 1284 2068; x_wconf 91' lang='lat' dir='ltr'><strong>mihi</strong></span> <span class='ocrx_word' id='word_1_138' title='bbox 1321 2028 1414 2070; x_wconf 88' lang='lat' dir='ltr'><strong>eos</strong></span> <span class='ocrx_word' id='word_1_139' title='bbox 1444 2012 1607 2066; x_wconf 78' lang='lat' dir='ltr'><strong>fratre</strong></span> <span class='ocrx_word' id='word_1_140' title='bbox 1636 2018 1822 2066; x_wconf 90' lang='lat' dir='ltr'><strong>nostro</strong></span> <span class='ocrx_word' id='word_1_141' title='bbox 1852 2008 2078 2070; x_wconf 84' lang='lat' dir='ltr'><strong>chato,</strong></span> <span class='ocrx_word' id='word_1_142' title='bbox 2108 2005 2210 2060; x_wconf 90' lang='lat' dir='ltr'><strong>ho-</strong></span> 
     </span>
    </p>
   </div>
   <div class='ocr_carea' id='block_1_22' title="bbox 623 2101 2211 2177">
    <p class='ocr_par' dir='ltr' id='par_1_22' title="bbox 623 2101 2211 2177">
     <span class='ocr_line' id='line_1_22' title="bbox 623 2101 2211 2177; baseline -0.005 -17"><span class='ocrx_word' id='word_1_143' title='bbox 623 2109 766 2160; x_wconf 89' lang='lat' dir='ltr'><strong>mine</strong></span> <span class='ocrx_word' id='word_1_144' title='bbox 812 2105 1027 2177; x_wconf 82' lang='lat' dir='ltr'><strong>quidem</strong></span> <span class='ocrx_word' id='word_1_145' title='bbox 1067 2105 1235 2171; x_wconf 85' lang='lat' dir='ltr'><strong>laico,</strong></span> <span class='ocrx_word' id='word_1_146' title='bbox 1264 2105 1356 2159; x_wconf 91' lang='lat' dir='ltr'><strong>sed</strong></span> <span class='ocrx_word' id='word_1_147' title='bbox 1392 2119 1489 2175; x_wconf 90' lang='lat' dir='ltr'><strong>pro</strong></span> <span class='ocrx_word' id='word_1_148' title='bbox 1515 2117 1612 2160; x_wconf 90' lang='lat' dir='ltr'><strong>sua</strong></span> <span class='ocrx_word' id='word_1_149' title='bbox 1640 2101 1742 2158; x_wconf 83' lang='lat' dir='ltr'><strong>ﬁde</strong></span> <span class='ocrx_word' id='word_1_150' title='bbox 1781 2109 1835 2156; x_wconf 91' lang='lat' dir='ltr'><strong>et</strong></span> <span class='ocrx_word' id='word_1_151' title='bbox 1862 2113 2048 2154; x_wconf 91' lang='lat' dir='ltr'><strong>eorum</strong></span> <span class='ocrx_word' id='word_1_152' title='bbox 2077 2110 2211 2168; x_wconf 85' lang='lat' dir='ltr'><strong>quos</strong></span> 
     </span>
    </p>
   </div>
   <div class='ocr_carea' id='block_1_23' title="bbox 615 2187 2210 2268">
    <p class='ocr_par' dir='ltr' id='par_1_23' title="bbox 615 2187 2210 2268">
     <span class='ocr_line' id='line_1_23' title="bbox 615 2187 2210 2268; baseline -0.008 -16"><span class='ocrx_word' id='word_1_153' title='bbox 615 2197 814 2268; x_wconf 74' lang='lat' dir='ltr'><strong>dligit.</strong></span> <span class='ocrx_word' id='word_1_154' title='bbox 839 2197 1129 2268; x_wconf 88' lang='lat' dir='ltr'><strong>prudenter</strong></span> <span class='ocrx_word' id='word_1_155' title='bbox 1157 2195 1510 2266; x_wconf 78' lang='lat' dir='ltr'><strong>religioseque</strong></span> <span class='ocrx_word' id='word_1_156' title='bbox 1539 2192 1790 2249; x_wconf 89' lang='lat' dir='ltr'><strong>sollicito.</strong></span> <span class='ocrx_word' id='word_1_157' title='bbox 1822 2189 2027 2258; x_wconf 79' lang='lat' dir='ltr'><strong>Quibus</strong></span> <span class='ocrx_word' id='word_1_158' title='bbox 2056 2187 2210 2242; x_wconf 83' lang='lat' dir='ltr'><strong>lectis</strong></span> 
     </span>
    </p>
   </div>
   <div class='ocr_carea' id='block_1_24' title="bbox 621 2282 2212 2357">
    <p class='ocr_par' dir='ltr' id='par_1_24' title="bbox 621 2282 2212 2357">
     <span class='ocr_line' id='line_1_24' title="bbox 621 2282 2212 2357; baseline -0.004 -17"><span class='ocrx_word' id='word_1_159' title='bbox 621 2289 727 2342; x_wconf 72' lang='lat' dir='ltr'><strong>ridi</strong></span> <span class='ocrx_word' id='word_1_160' title='bbox 758 2287 1024 2342; x_wconf 88' lang='lat' dir='ltr'><strong>hominem</strong></span> <span class='ocrx_word' id='word_1_161' title='bbox 1061 2287 1115 2341; x_wconf 88' lang='lat' dir='ltr'><strong>itt</strong></span> <span class='ocrx_word' id='word_1_162' title='bbox 1147 2301 1398 2342; x_wconf 85' lang='lat' dir='ltr'><strong>sermone</strong></span> <span class='ocrx_word' id='word_1_163' title='bbox 1422 2285 1635 2357; x_wconf 86' lang='lat' dir='ltr'><strong>quidem</strong></span> <span class='ocrx_word' id='word_1_164' title='bbox 1659 2325 1675 2350; x_wconf 92' lang='lat'><strong>,</strong></span> <span class='ocrx_word' id='word_1_165' title='bbox 1706 2297 1810 2338; x_wconf 91' lang='lat' dir='ltr'><strong>non</strong></span> <span class='ocrx_word' id='word_1_166' title='bbox 1837 2282 2009 2336; x_wconf 90' lang='lat' dir='ltr'><strong>solum</strong></span> <span class='ocrx_word' id='word_1_167' title='bbox 2043 2293 2212 2349; x_wconf 86' lang='lat' dir='ltr'><strong>usque</strong></span> 
     </span>
    </p>
   </div>
   <div class='ocr_carea' id='block_1_25' title="bbox 620 2371 2209 2448">
    <p class='ocr_par' dir='ltr' id='par_1_25' title="bbox 620 2371 2209 2448">
     <span class='ocr_line' id='line_1_25' title="bbox 620 2371 2209 2448; baseline -0.004 -15"><span class='ocrx_word' id='word_1_168' title='bbox 620 2381 686 2433; x_wconf 88' lang='lat' dir='ltr'><strong>ad</strong></span> <span class='ocrx_word' id='word_1_169' title='bbox 710 2379 1102 2444; x_wconf 80' lang='lat' dir='ltr'><strong>sufﬁcientiam,</strong></span> <span class='ocrx_word' id='word_1_170' title='bbox 1129 2394 1314 2434; x_wconf 81' lang='lat' dir='ltr'><strong>verum</strong></span> <span class='ocrx_word' id='word_1_171' title='bbox 1343 2378 1504 2433; x_wconf 89' lang='lat' dir='ltr'><strong>etiam</strong></span> <span class='ocrx_word' id='word_1_172' title='bbox 1526 2391 1691 2448; x_wconf 90' lang='lat' dir='ltr'><strong>usque</strong></span> <span class='ocrx_word' id='word_1_173' title='bbox 1711 2374 1783 2432; x_wconf 87' lang='lat' dir='ltr'><strong>ad</strong></span> <span class='ocrx_word' id='word_1_174' title='bbox 1804 2371 2209 2430; x_wconf 87' lang='lat' dir='ltr'><strong>redundantiam</strong></span> 
     </span>
    </p>
   </div>
   <div class='ocr_carea' id='block_1_26' title="bbox 623 2463 2204 2547">
    <p class='ocr_par' dir='ltr' id='par_1_26' title="bbox 623 2463 2204 2547">
     <span class='ocr_line' id='line_1_26' title="bbox 623 2463 2204 2547; baseline -0.005 -24"><span class='ocrx_word' id='word_1_175' title='bbox 623 2471 1015 2543; x_wconf 85' lang='lat' dir='ltr'><strong>proﬂuentem;</strong></span> <span class='ocrx_word' id='word_1_176' title='bbox 1063 2469 1156 2547; x_wconf 81' lang='lat' dir='ltr'><strong>sed</strong></span> <span class='ocrx_word' id='word_1_177' title='bbox 1195 2471 1246 2524; x_wconf 92' lang='lat' dir='ltr'><strong>in</strong></span> <span class='ocrx_word' id='word_1_178' title='bbox 1289 2469 1452 2524; x_wconf 88' lang='lat' dir='ltr'><strong>rebus</strong></span> <span class='ocrx_word' id='word_1_179' title='bbox 1491 2468 1560 2523; x_wconf 91' lang='lat' dir='ltr'><strong>de</strong></span> <span class='ocrx_word' id='word_1_180' title='bbox 1605 2469 1796 2538; x_wconf 79' lang='lat' dir='ltr'><strong>quibus</strong></span> <span class='ocrx_word' id='word_1_181' title='bbox 1841 2463 1988 2534; x_wconf 89' lang='lat' dir='ltr'><strong>loqui</strong></span> <span class='ocrx_word' id='word_1_182' title='bbox 2023 2463 2204 2529; x_wconf 84' lang='lat' dir='ltr'><strong>voluit,</strong></span> 
     </span>
    </p>
   </div>
   <div class='ocr_carea' id='block_1_27' title="bbox 621 2555 2212 2632">
    <p class='ocr_par' dir='ltr' id='par_1_27' title="bbox 621 2555 2212 2632">
     <span class='ocr_line' id='line_1_27' title="bbox 621 2555 2212 2632; baseline -0.006 -14"><span class='ocrx_word' id='word_1_183' title='bbox 621 2563 858 2618; x_wconf 89' lang='lat' dir='ltr'><strong>nondum</strong></span> <span class='ocrx_word' id='word_1_184' title='bbox 893 2564 1028 2618; x_wconf 85' lang='lat' dir='ltr'><strong>sicut</strong></span> <span class='ocrx_word' id='word_1_185' title='bbox 1071 2571 1282 2632; x_wconf 88' lang='lat' dir='ltr'><strong>oportet</strong></span> <span class='ocrx_word' id='word_1_186' title='bbox 1320 2561 1633 2617; x_wconf 90' lang='lat' dir='ltr'><strong>instructum</strong></span> <span class='ocrx_word' id='word_1_187' title='bbox 1663 2577 1676 2612; x_wconf 90' lang='lat'>:</span> <span class='ocrx_word' id='word_1_188' title='bbox 1708 2557 1849 2630; x_wconf 87' lang='lat' dir='ltr'><strong>quod</strong></span> <span class='ocrx_word' id='word_1_189' title='bbox 1885 2557 1930 2611; x_wconf 89' lang='lat' dir='ltr'><strong>si</strong></span> <span class='ocrx_word' id='word_1_190' title='bbox 1965 2555 2016 2612; x_wconf 92' lang='lat' dir='ltr'><strong>ci</strong></span> <span class='ocrx_word' id='word_1_191' title='bbox 2054 2555 2212 2610; x_wconf 89' lang='lat' dir='ltr'><strong>fuerit</strong></span> 
     </span>
    </p>
   </div>
   <div class='ocr_carea' id='block_1_28' title="bbox 620 2647 2206 2722">
    <p class='ocr_par' dir='ltr' id='par_1_28' title="bbox 620 2647 2206 2722">
     <span class='ocr_line' id='line_1_28' title="bbox 620 2647 2206 2722; baseline -0.006 -13"><span class='ocrx_word' id='word_1_192' title='bbox 620 2655 849 2709; x_wconf 85' lang='lat' dir='ltr'><strong>Domino</strong></span> <span class='ocrx_word' id='word_1_193' title='bbox 877 2653 1109 2708; x_wconf 80' lang='lat' dir='ltr'><strong>donante</strong></span> <span class='ocrx_word' id='word_1_194' title='bbox 1123 2653 1397 2717; x_wconf 91' lang='lat' dir='ltr'><strong>collatum,</strong></span> <span class='ocrx_word' id='word_1_195' title='bbox 1423 2651 1618 2722; x_wconf 88' lang='lat' dir='ltr'><strong>poterit</strong></span> <span class='ocrx_word' id='word_1_196' title='bbox 1641 2665 1762 2706; x_wconf 83' lang='lat' dir='ltr'><strong>esse</strong></span> <span class='ocrx_word' id='word_1_197' title='bbox 1780 2648 1924 2704; x_wconf 91' lang='lat' dir='ltr'><strong>utilis</strong></span> <span class='ocrx_word' id='word_1_198' title='bbox 1945 2647 2206 2718; x_wconf 82' lang='lat' dir='ltr'><strong>pluribus.</strong></span> 
     </span>
    </p>
   </div>
   <div class='ocr_carea' id='block_1_29' title="bbox 621 2739 2212 2810">
    <p class='ocr_par' dir='ltr' id='par_1_29' title="bbox 621 2739 2212 2810">
     <span class='ocr_line' id='line_1_29' title="bbox 621 2739 2212 2810; baseline -0.006 -10"><span class='ocrx_word' id='word_1_199' title='bbox 621 2746 792 2800; x_wconf 87' lang='lat' dir='ltr'><strong>llabet</strong></span> <span class='ocrx_word' id='word_1_200' title='bbox 825 2744 967 2798; x_wconf 88' lang='lat' dir='ltr'><strong>enim</strong></span> <span class='ocrx_word' id='word_1_201' title='bbox 1001 2759 1104 2798; x_wconf 91' lang='lat' dir='ltr'><strong>non</strong></span> <span class='ocrx_word' id='word_1_202' title='bbox 1139 2743 1418 2798; x_wconf 84' lang='lat' dir='ltr'><strong>minimum</strong></span> <span class='ocrx_word' id='word_1_203' title='bbox 1457 2741 1722 2797; x_wconf 80' lang='lat' dir='ltr'><strong>facultatis</strong></span> <span class='ocrx_word' id='word_1_204' title='bbox 1745 2783 1760 2808; x_wconf 93' lang='lat'><strong>,</strong></span> <span class='ocrx_word' id='word_1_205' title='bbox 1787 2755 1890 2810; x_wconf 90' lang='lat' dir='ltr'><strong>qua</strong></span> <span class='ocrx_word' id='word_1_206' title='bbox 1924 2739 2087 2808; x_wconf 92' lang='lat' dir='ltr'><strong>possit</strong></span> <span class='ocrx_word' id='word_1_207' title='bbox 2116 2753 2212 2792; x_wconf 78' lang='lat' dir='ltr'><strong>ex-</strong></span> 
     </span>
    </p>
   </div>
   <div class='ocr_carea' id='block_1_30' title="bbox 623 2830 2209 2906">
    <p class='ocr_par' dir='ltr' id='par_1_30' title="bbox 623 2830 2209 2906">
     <span class='ocr_line' id='line_1_30' title="bbox 623 2830 2209 2906; baseline -0.001 -21"><span class='ocrx_word' id='word_1_208' title='bbox 623 2836 821 2906; x_wconf 76' lang='lat' dir='ltr'><strong>plicare</strong></span> <span class='ocrx_word' id='word_1_209' title='bbox 845 2845 1002 2905; x_wconf 86' lang='lat' dir='ltr'><strong>atque</strong></span> <span class='ocrx_word' id='word_1_210' title='bbox 1032 2849 1226 2889; x_wconf 90' lang='lat' dir='ltr'><strong>ornare</strong></span> <span class='ocrx_word' id='word_1_211' title='bbox 1266 2850 1384 2905; x_wconf 66' lang='lat' dir='ltr'><strong>qua:</strong></span> <span class='ocrx_word' id='word_1_212' title='bbox 1419 2833 1602 2898; x_wconf 83' lang='lat' dir='ltr'><strong>sentit,</strong></span> <span class='ocrx_word' id='word_1_213' title='bbox 1633 2833 1676 2886; x_wconf 91' lang='lat' dir='ltr'><strong>si</strong></span> <span class='ocrx_word' id='word_1_214' title='bbox 1707 2834 1849 2902; x_wconf 88' lang='lat' dir='ltr'><strong>prius</strong></span> <span class='ocrx_word' id='word_1_215' title='bbox 1868 2830 1960 2886; x_wconf 91' lang='lat' dir='ltr'><strong>det</strong></span> <span class='ocrx_word' id='word_1_216' title='bbox 1991 2844 2209 2898; x_wconf 88' lang='lat' dir='ltr'><strong>operam</strong></span> 
     </span>
    </p>
   </div>
   <div class='ocr_carea' id='block_1_31' title="bbox 623 2921 2204 2996">
    <p class='ocr_par' dir='ltr' id='par_1_31' title="bbox 623 2921 2204 2996">
     <span class='ocr_line' id='line_1_31' title="bbox 623 2921 2204 2996; baseline -0.003 -18"><span class='ocrx_word' id='word_1_217' title='bbox 623 2935 765 2982; x_wconf 76' lang='lat' dir='ltr'><strong>tecta</strong></span> <span class='ocrx_word' id='word_1_218' title='bbox 795 2925 1011 2980; x_wconf 83' lang='lat' dir='ltr'><strong>sentire.</strong></span> <span class='ocrx_word' id='word_1_219' title='bbox 1045 2925 1209 2980; x_wconf 80' lang='lat' dir='ltr'><strong>Valde</strong></span> <span class='ocrx_word' id='word_1_220' title='bbox 1237 2925 1430 2996; x_wconf 86' lang='lat' dir='ltr'><strong>quippe</strong></span> <span class='ocrx_word' id='word_1_221' title='bbox 1451 2935 1573 2979; x_wconf 85' lang='lat' dir='ltr'><strong>sunt</strong></span> <span class='ocrx_word' id='word_1_222' title='bbox 1603 2925 1756 2978; x_wconf 78' lang='lat' dir='ltr'><strong>noxia</strong></span> <span class='ocrx_word' id='word_1_223' title='bbox 1788 2939 1944 2993; x_wconf 81' lang='lat' dir='ltr'><strong>prava</strong></span> <span class='ocrx_word' id='word_1_224' title='bbox 1973 2921 2204 2987; x_wconf 79' lang='lat' dir='ltr'><strong>diserta;</strong></span> 
     </span>
    </p>
   </div>
   <div class='ocr_carea' id='block_1_32' title="bbox 621 3015 2204 3089">
    <p class='ocr_par' dir='ltr' id='par_1_32' title="bbox 621 3015 2204 3089">
     <span class='ocr_line' id='line_1_32' title="bbox 621 3015 2204 3089; baseline -0.003 -18"><span class='ocrx_word' id='word_1_225' title='bbox 621 3020 743 3089; x_wconf 88' lang='lat' dir='ltr'><strong>quia</strong></span> <span class='ocrx_word' id='word_1_226' title='bbox 776 3017 1080 3072; x_wconf 81' lang='lat' dir='ltr'><strong>hominibus</strong></span> <span class='ocrx_word' id='word_1_227' title='bbox 1101 3018 1276 3071; x_wconf 87' lang='lat' dir='ltr'><strong>minus</strong></span> <span class='ocrx_word' id='word_1_228' title='bbox 1301 3017 1524 3072; x_wconf 84' lang='lat' dir='ltr'><strong>eruditis</strong></span> <span class='ocrx_word' id='word_1_229' title='bbox 1545 3058 1560 3084; x_wconf 93' lang='lat'><strong>,</strong></span> <span class='ocrx_word' id='word_1_230' title='bbox 1587 3032 1654 3072; x_wconf 89' lang='lat' dir='ltr'><strong>eo</strong></span> <span class='ocrx_word' id='word_1_231' title='bbox 1681 3015 1821 3086; x_wconf 89' lang='lat' dir='ltr'><strong>quod</strong></span> <span class='ocrx_word' id='word_1_232' title='bbox 1843 3015 2038 3070; x_wconf 83' lang='lat' dir='ltr'><strong>diserta</strong></span> <span class='ocrx_word' id='word_1_233' title='bbox 2063 3021 2204 3077; x_wconf 89' lang='lat' dir='ltr'><strong>sunt,</strong></span> 
     </span>
    </p>
   </div>
   <div class='ocr_carea' id='block_1_33' title="bbox 621 3093 2208 3176">
    <p class='ocr_par' dir='ltr' id='par_1_33' title="bbox 621 3093 2208 3176">
     <span class='ocr_line' id='line_1_33' title="bbox 621 3093 2208 3176; baseline -0.001 -16"><span class='ocrx_word' id='word_1_234' title='bbox 621 3109 868 3163; x_wconf 85' lang='lat' dir='ltr'><strong>\identur</strong></span> <span class='ocrx_word' id='word_1_235' title='bbox 886 3119 946 3162; x_wconf 83' lang='lat' dir='ltr'><strong>et</strong></span> <span class='ocrx_word' id='word_1_236' title='bbox 975 3124 1120 3162; x_wconf 75' lang='lat' dir='ltr'><strong>vera.</strong></span> <span class='ocrx_word' id='word_1_237' title='bbox 1150 3107 1431 3176; x_wconf 85' lang='lat' dir='ltr'><strong>Quomodo</strong></span> <span class='ocrx_word' id='word_1_238' title='bbox 1461 3093 1640 3162; x_wconf 89' lang='lat' dir='ltr'><strong>autem</strong></span> <span class='ocrx_word' id='word_1_239' title='bbox 1663 3105 1878 3161; x_wconf 87' lang='lat' dir='ltr'><strong>eosdem</strong></span> <span class='ocrx_word' id='word_1_240' title='bbox 1906 3103 2069 3158; x_wconf 87' lang='lat' dir='ltr'><strong>libros</strong></span> <span class='ocrx_word' id='word_1_241' title='bbox 2095 3103 2208 3172; x_wconf 86' lang='lat' dir='ltr'><strong>ipse</strong></span> 
     </span>
    </p>
   </div>
   <div class='ocr_carea' id='block_1_34' title="bbox 620 3193 2208 3268">
    <p class='ocr_par' dir='ltr' id='par_1_34' title="bbox 620 3193 2208 3268">
     <span class='ocr_line' id='line_1_34' title="bbox 620 3193 2208 3268; baseline -0.001 -16"><span class='ocrx_word' id='word_1_242' title='bbox 620 3199 926 3268; x_wconf 83' lang='lat' dir='ltr'><strong>acceperis,</strong></span> <span class='ocrx_word' id='word_1_243' title='bbox 959 3199 1182 3253; x_wconf 85' lang='lat' dir='ltr'><strong>nescio:</strong></span> <span class='ocrx_word' id='word_1_244' title='bbox 1229 3209 1595 3253; x_wconf 71' lang='lat' dir='ltr'><strong>verumtamen</strong></span> <span class='ocrx_word' id='word_1_245' title='bbox 1638 3197 1681 3252; x_wconf 88' lang='lat' dir='ltr'><strong>si</strong></span> <span class='ocrx_word' id='word_1_246' title='bbox 1719 3211 1904 3251; x_wconf 80' lang='lat' dir='ltr'><strong>verum</strong></span> <span class='ocrx_word' id='word_1_247' title='bbox 1944 3203 2028 3250; x_wconf 86' lang='lat' dir='ltr'><strong>est</strong></span> <span class='ocrx_word' id='word_1_248' title='bbox 2067 3193 2208 3266; x_wconf 80' lang='lat' dir='ltr'><strong>quod</strong></span> 
     </span>
    </p>
   </div>
   <div class='ocr_carea' id='block_1_35' title="bbox 619 3287 2209 3355">
    <p class='ocr_par' dir='ltr' id='par_1_35' title="bbox 619 3287 2209 3355">
     <span class='ocr_line' id='line_1_35' title="bbox 619 3287 2209 3355; baseline -0.001 -13"><span class='ocrx_word' id='word_1_249' title='bbox 619 3289 796 3342; x_wconf 77' lang='lat' dir='ltr'><strong>audivi</strong></span> <span class='ocrx_word' id='word_1_250' title='bbox 818 3331 832 3355; x_wconf 91' lang='lat'><strong>,</strong></span> <span class='ocrx_word' id='word_1_251' title='bbox 862 3289 1053 3342; x_wconf 85' lang='lat' dir='ltr'><strong>diceris</strong></span> <span class='ocrx_word' id='word_1_252' title='bbox 1084 3289 1166 3343; x_wconf 87' lang='lat' dir='ltr'><strong>eis</strong></span> <span class='ocrx_word' id='word_1_253' title='bbox 1201 3289 1436 3344; x_wconf 85' lang='lat' dir='ltr'><strong>recitatis</strong></span> <span class='ocrx_word' id='word_1_254' title='bbox 1468 3289 1537 3342; x_wconf 86' lang='lat' dir='ltr'><strong>ita</strong></span> <span class='ocrx_word' id='word_1_255' title='bbox 1583 3287 1868 3342; x_wconf 76' lang='lat' dir='ltr'><strong>exsiluisse</strong></span> <span class='ocrx_word' id='word_1_256' title='bbox 1907 3287 2086 3341; x_wconf 68' lang='lat' dir='ltr'><strong>ltetitia</strong></span> <span class='ocrx_word' id='word_1_257' title='bbox 2106 3329 2121 3351; x_wconf 91' lang='lat'><strong>,</strong></span> <span class='ocrx_word' id='word_1_258' title='bbox 2149 3295 2209 3341; x_wconf 92' lang='lat' dir='ltr'><strong>ut</strong></span> 
     </span>
    </p>
   </div>
   <div class='ocr_carea' id='block_1_36' title="bbox 619 3381 2204 3452">
    <p class='ocr_par' dir='ltr' id='par_1_36' title="bbox 619 3381 2204 3452">
     <span class='ocr_line' id='line_1_36' title="bbox 619 3381 2204 3452; baseline 0.001 -19"><span class='ocrx_word' id='word_1_259' title='bbox 619 3393 776 3450; x_wconf 66' lang='lat' dir='ltr'><strong>caput</strong></span> <span class='ocrx_word' id='word_1_260' title='bbox 798 3381 1011 3450; x_wconf 79' lang='lat' dir='ltr'><strong>juvenis</strong></span> <span class='ocrx_word' id='word_1_261' title='bbox 1040 3382 1179 3436; x_wconf 87' lang='lat' dir='ltr'><strong>ilhus</strong></span> <span class='ocrx_word' id='word_1_262' title='bbox 1199 3397 1382 3447; x_wconf 82' lang='lat' dir='ltr'><strong>senex,</strong></span> <span class='ocrx_word' id='word_1_263' title='bbox 1405 3391 1459 3436; x_wconf 90' lang='lat' dir='ltr'><strong>et</strong></span> <span class='ocrx_word' id='word_1_264' title='bbox 1480 3381 1595 3438; x_wconf 89' lang='lat' dir='ltr'><strong>laici</strong></span> <span class='ocrx_word' id='word_1_265' title='bbox 1621 3382 1898 3452; x_wconf 78' lang='lat' dir='ltr'><strong>presbyter</strong></span> <span class='ocrx_word' id='word_1_266' title='bbox 1916 3381 2204 3448; x_wconf 84' lang='lat' dir='ltr'><strong>osculatus,</strong></span> 
     </span>
    </p>
   </div>
   <div class='ocr_carea' id='block_1_37' title="bbox 618 3471 2207 3544">
    <p class='ocr_par' dir='ltr' id='par_1_37' title="bbox 618 3471 2207 3544">
     <span class='ocr_line' id='line_1_37' title="bbox 618 3471 2207 3544; baseline -0.001 -18"><span class='ocrx_word' id='word_1_267' title='bbox 618 3473 874 3527; x_wconf 85' lang='lat' dir='ltr'><strong>didicisse</strong></span> <span class='ocrx_word' id='word_1_268' title='bbox 910 3483 958 3527; x_wconf 91' lang='lat' dir='ltr'><strong>te</strong></span> <span class='ocrx_word' id='word_1_269' title='bbox 981 3472 1123 3543; x_wconf 91' lang='lat' dir='ltr'><strong>quod</strong></span> <span class='ocrx_word' id='word_1_270' title='bbox 1163 3473 1442 3544; x_wconf 79' lang='lat' dir='ltr'><strong>ignorabas</strong></span> <span class='ocrx_word' id='word_1_271' title='bbox 1463 3513 1480 3540; x_wconf 89' lang='lat'><strong>,</strong></span> <span class='ocrx_word' id='word_1_272' title='bbox 1505 3473 1702 3544; x_wconf 81' lang='lat' dir='ltr'><strong>gratias</strong></span> <span class='ocrx_word' id='word_1_273' title='bbox 1733 3473 1924 3544; x_wconf 80' lang='lat' dir='ltr'><strong>egeris.</strong></span> <span class='ocrx_word' id='word_1_274' title='bbox 1956 3471 2054 3528; x_wconf 86' lang='lat' dir='ltr'><strong>Ubi</strong></span> <span class='ocrx_word' id='word_1_275' title='bbox 2086 3473 2207 3542; x_wconf 89' lang='lat' dir='ltr'><strong>qui-</strong></span> 
     </span>
    </p>
   </div>
   <div class='ocr_carea' id='block_1_38' title="bbox 616 3565 2204 3634">
    <p class='ocr_par' dir='ltr' id='par_1_38' title="bbox 616 3565 2204 3634">
     <span class='ocr_line' id='line_1_38' title="bbox 616 3565 2204 3634; baseline 0.001 -16"><span class='ocrx_word' id='word_1_276' title='bbox 616 3565 738 3619; x_wconf 86' lang='lat' dir='ltr'><strong>dem</strong></span> <span class='ocrx_word' id='word_1_277' title='bbox 760 3581 866 3619; x_wconf 89' lang='lat' dir='ltr'><strong>non</strong></span> <span class='ocrx_word' id='word_1_278' title='bbox 900 3566 1140 3634; x_wconf 90' lang='lat' dir='ltr'><strong>improbo</strong></span> <span class='ocrx_word' id='word_1_279' title='bbox 1172 3566 1522 3622; x_wconf 85' lang='lat' dir='ltr'><strong>humilitatem</strong></span> <span class='ocrx_word' id='word_1_280' title='bbox 1548 3574 1688 3620; x_wconf 90' lang='lat' dir='ltr'><strong>tuam</strong></span> <span class='ocrx_word' id='word_1_281' title='bbox 1709 3606 1724 3630; x_wconf 92' lang='lat'><strong>,</strong></span> <span class='ocrx_word' id='word_1_282' title='bbox 1752 3566 1860 3620; x_wconf 90' lang='lat' dir='ltr'><strong>imo</strong></span> <span class='ocrx_word' id='word_1_283' title='bbox 1886 3581 2014 3620; x_wconf 77' lang='lat' dir='ltr'><strong>vero</strong></span> <span class='ocrx_word' id='word_1_284' title='bbox 2047 3568 2204 3620; x_wconf 87' lang='lat' dir='ltr'><strong>etiam</strong></span> 
     </span>
    </p>
   </div>
   <div class='ocr_carea' id='block_1_39' title="bbox 616 3658 2202 3729">
    <p class='ocr_par' dir='ltr' id='par_1_39' title="bbox 616 3658 2202 3729">
     <span class='ocr_line' id='line_1_39' title="bbox 616 3658 2202 3729; baseline -0.001 -16"><span class='ocrx_word' id='word_1_285' title='bbox 616 3659 778 3713; x_wconf 91' lang='lat' dir='ltr'><strong>laudo</strong></span> <span class='ocrx_word' id='word_1_286' title='bbox 803 3660 942 3729; x_wconf 80' lang='lat' dir='ltr'><strong>quod</strong></span> <span class='ocrx_word' id='word_1_287' title='bbox 974 3661 1243 3714; x_wconf 89' lang='lat' dir='ltr'><strong>bonorasti</strong></span> <span class='ocrx_word' id='word_1_288' title='bbox 1265 3659 1536 3728; x_wconf 85' lang='lat' dir='ltr'><strong>doctorem</strong></span> <span class='ocrx_word' id='word_1_289' title='bbox 1577 3667 1760 3713; x_wconf 90' lang='lat' dir='ltr'><strong>tuum:</strong></span> <span class='ocrx_word' id='word_1_290' title='bbox 1790 3674 1889 3714; x_wconf 91' lang='lat' dir='ltr'><strong>nec</strong></span> <span class='ocrx_word' id='word_1_291' title='bbox 1910 3658 2202 3726; x_wconf 85' lang='lat' dir='ltr'><strong>hominem,</strong></span> 
     </span>
    </p>
   </div>
   <div class='ocr_carea' id='block_1_40' title="bbox 616 3750 2209 3822">
    <p class='ocr_par' dir='ltr' id='par_1_40' title="bbox 616 3750 2209 3822">
     <span class='ocr_line' id='line_1_40' title="bbox 616 3750 2209 3822; baseline 0.001 -19"><span class='ocrx_word' id='word_1_292' title='bbox 616 3751 709 3804; x_wconf 87' lang='lat' dir='ltr'><strong>sed</strong></span> <span class='ocrx_word' id='word_1_293' title='bbox 741 3751 908 3820; x_wconf 89' lang='lat' dir='ltr'><strong>ipsam</strong></span> <span class='ocrx_word' id='word_1_294' title='bbox 931 3767 1046 3821; x_wconf 78' lang='lat' dir='ltr'><strong>qua:</strong></span> <span class='ocrx_word' id='word_1_295' title='bbox 1077 3751 1169 3806; x_wconf 89' lang='lat' dir='ltr'><strong>tibi</strong></span> <span class='ocrx_word' id='word_1_296' title='bbox 1201 3767 1296 3822; x_wconf 88' lang='lat' dir='ltr'><strong>per</strong></span> <span class='ocrx_word' id='word_1_297' title='bbox 1325 3751 1471 3805; x_wconf 89' lang='lat' dir='ltr'><strong>illum</strong></span> <span class='ocrx_word' id='word_1_298' title='bbox 1504 3750 1645 3821; x_wconf 90' lang='lat' dir='ltr'><strong>loqui</strong></span> <span class='ocrx_word' id='word_1_299' title='bbox 1675 3751 1886 3822; x_wconf 77' lang='lat' dir='ltr'><strong>dignata</strong></span> <span class='ocrx_word' id='word_1_300' title='bbox 1913 3760 1996 3806; x_wconf 90' lang='lat' dir='ltr'><strong>est</strong></span> <span class='ocrx_word' id='word_1_301' title='bbox 2015 3751 2209 3806; x_wconf 77' lang='lat' dir='ltr'><strong>verita-</strong></span> 
     </span>
    </p>
   </div>
   <div class='ocr_carea' id='block_1_41' title="bbox 619 3841 2206 3912">
    <p class='ocr_par' dir='ltr' id='par_1_41' title="bbox 619 3841 2206 3912">
     <span class='ocr_line' id='line_1_41' title="bbox 619 3841 2206 3912; baseline 0.001 -17"><span class='ocrx_word' id='word_1_302' title='bbox 619 3852 756 3905; x_wconf 83' lang='lat' dir='ltr'><strong>tem;</strong></span> <span class='ocrx_word' id='word_1_303' title='bbox 784 3841 828 3895; x_wconf 88' lang='lat' dir='ltr'><strong>si</strong></span> <span class='ocrx_word' id='word_1_304' title='bbox 871 3851 1044 3896; x_wconf 77' lang='lat' dir='ltr'><strong>tmncn</strong></span> <span class='ocrx_word' id='word_1_305' title='bbox 1079 3843 1319 3912; x_wconf 86' lang='lat' dir='ltr'><strong>potueris</strong></span> <span class='ocrx_word' id='word_1_306' title='bbox 1356 3841 1753 3907; x_wconf 88' lang='lat' dir='ltr'><strong>demonstrare,</strong></span> <span class='ocrx_word' id='word_1_307' title='bbox 1786 3841 1911 3912; x_wconf 90' lang='lat' dir='ltr'><strong>quid</strong></span> <span class='ocrx_word' id='word_1_308' title='bbox 1933 3857 2030 3910; x_wconf 89' lang='lat' dir='ltr'><strong>per</strong></span> <span class='ocrx_word' id='word_1_309' title='bbox 2054 3841 2206 3898; x_wconf 88' lang='lat' dir='ltr'><strong>illum</strong></span> 
     </span>
    </p>
   </div>
   <div class='ocr_carea' id='block_1_42' title="bbox 618 3933 2204 4009">
    <p class='ocr_par' dir='ltr' id='par_1_42' title="bbox 618 3933 2204 4009">
     <span class='ocr_line' id='line_1_42' title="bbox 618 3933 2204 4009; baseline 0.004 -25"><span class='ocrx_word' id='word_1_310' title='bbox 618 3934 857 3988; x_wconf 68' lang='lat' dir='ltr'><strong>veritatis</strong></span> <span class='ocrx_word' id='word_1_311' title='bbox 881 3935 1172 4004; x_wconf 77' lang='lat' dir='ltr'><strong>acceperis.</strong></span> <span class='ocrx_word' id='word_1_312' title='bbox 1203 3933 1404 3989; x_wconf 87' lang='lat' dir='ltr'><strong>Vellem</strong></span> <span class='ocrx_word' id='word_1_313' title='bbox 1427 3933 1606 4004; x_wconf 87' lang='lat' dir='ltr'><strong>itaque</strong></span> <span class='ocrx_word' id='word_1_314' title='bbox 1630 3935 1904 4005; x_wconf 86' lang='lat' dir='ltr'><strong>rescriptis</strong></span> <span class='ocrx_word' id='word_1_315' title='bbox 1928 3935 2051 4002; x_wconf 86' lang='lat' dir='ltr'><strong>tuis,</strong></span> <span class='ocrx_word' id='word_1_316' title='bbox 2079 3935 2204 4009; x_wconf 87' lang='lat' dir='ltr'><strong>quid</strong></span> 
     </span>
    </p>
   </div>
   <div class='ocr_carea' id='block_1_43' title="bbox 619 4023 2204 4092">
    <p class='ocr_par' dir='ltr' id='par_1_43' title="bbox 619 4023 2204 4092">
     <span class='ocr_line' id='line_1_43' title="bbox 619 4023 2204 4092; baseline 0.003 -14"><span class='ocrx_word' id='word_1_317' title='bbox 619 4037 670 4078; x_wconf 74' lang='lat' dir='ltr'><strong>te.</strong></span> <span class='ocrx_word' id='word_1_318' title='bbox 695 4023 964 4092; x_wconf 57' lang='lat' dir='ltr'><strong>docuerit,</strong></span> <span class='ocrx_word' id='word_1_319' title='bbox 1001 4041 1086 4080; x_wconf 90' lang='lat' dir='ltr'><strong>me</strong></span> <span class='ocrx_word' id='word_1_320' title='bbox 1107 4025 1349 4080; x_wconf 89' lang='lat' dir='ltr'><strong>doceres.</strong></span> <span class='ocrx_word' id='word_1_321' title='bbox 1382 4026 1536 4079; x_wconf 86' lang='lat' dir='ltr'><strong>Absit</strong></span> <span class='ocrx_word' id='word_1_322' title='bbox 1561 4025 1703 4079; x_wconf 90' lang='lat' dir='ltr'><strong>enim</strong></span> <span class='ocrx_word' id='word_1_323' title='bbox 1749 4035 1806 4080; x_wconf 91' lang='grc' dir='ltr'><strong>ιιι</strong></span> <span class='ocrx_word' id='word_1_324' title='bbox 1845 4026 2204 4082; x_wconf 88' lang='lat' dir='ltr'><strong>erubescama</strong></span> 
     </span>
    </p>
   </div>
   <div class='ocr_carea' id='block_1_44' title="bbox 619 4116 2200 4189">
    <p class='ocr_par' dir='ltr' id='par_1_44' title="bbox 619 4116 2200 4189">
     <span class='ocr_line' id='line_1_44' title="bbox 619 4116 2200 4189; baseline 0.004 -21"><span class='ocrx_word' id='word_1_325' title='bbox 619 4117 928 4188; x_wconf 72' lang='lat' dir='ltr'><strong>presbytero</strong></span> <span class='ocrx_word' id='word_1_326' title='bbox 961 4116 1190 4181; x_wconf 81' lang='lat' dir='ltr'><strong>discere,</strong></span> <span class='ocrx_word' id='word_1_327' title='bbox 1221 4117 1263 4173; x_wconf 90' lang='lat' dir='ltr'><strong>si</strong></span> <span class='ocrx_word' id='word_1_328' title='bbox 1295 4132 1323 4171; x_wconf 88' lang='lat' dir='ltr'><strong>a</strong></span> <span class='ocrx_word' id='word_1_329' title='bbox 1354 4117 1486 4172; x_wconf 88' lang='lat' dir='ltr'><strong>laico</strong></span> <span class='ocrx_word' id='word_1_330' title='bbox 1513 4126 1569 4171; x_wconf 90' lang='lat' dir='ltr'><strong>tu</strong></span> <span class='ocrx_word' id='word_1_331' title='bbox 1609 4132 1712 4172; x_wconf 93' lang='lat' dir='ltr'><strong>non</strong></span> <span class='ocrx_word' id='word_1_332' title='bbox 1743 4118 1997 4174; x_wconf 85' lang='lat' dir='ltr'><strong>erubuiin</strong></span> <span class='ocrx_word' id='word_1_333' title='bbox 2023 4160 2037 4183; x_wconf 90' lang='lat'><strong>,</strong></span> <span class='ocrx_word' id='word_1_334' title='bbox 2062 4134 2200 4189; x_wconf 73' lang='lat' dir='ltr'><strong>prac-</strong></span> 
     </span>
    </p>
   </div>
   <div class='ocr_carea' id='block_1_45' title="bbox 619 4207 2202 4276">
    <p class='ocr_par' dir='ltr' id='par_1_45' title="bbox 619 4207 2202 4276">
     <span class='ocr_line' id='line_1_45' title="bbox 619 4207 2202 4276; baseline 0.002 -14"><span class='ocrx_word' id='word_1_335' title='bbox 619 4209 842 4264; x_wconf 88' lang='lat' dir='ltr'><strong>dicanda</strong></span> <span class='ocrx_word' id='word_1_336' title='bbox 885 4218 939 4263; x_wconf 89' lang='lat' dir='ltr'><strong>et</strong></span> <span class='ocrx_word' id='word_1_337' title='bbox 987 4209 1240 4264; x_wconf 88' lang='lat' dir='ltr'><strong>imitanda</strong></span> <span class='ocrx_word' id='word_1_338' title='bbox 1280 4207 1617 4276; x_wconf 88' lang='lat' dir='ltr'><strong>humilitate,</strong></span> <span class='ocrx_word' id='word_1_339' title='bbox 1649 4209 1694 4264; x_wconf 89' lang='lat' dir='ltr'><strong>si</strong></span> <span class='ocrx_word' id='word_1_340' title='bbox 1740 4225 1863 4264; x_wconf 73' lang='lat' dir='ltr'><strong>vera</strong></span> <span class='ocrx_word' id='word_1_341' title='bbox 1903 4211 2130 4265; x_wconf 87' lang='lat' dir='ltr'><strong>didicisti</strong></span> <span class='ocrx_word' id='word_1_342' title='bbox 2163 4212 2202 4266; x_wconf 74' lang='lat'><strong>‘.</strong></span> 
     </span>
    </p>
   </div>
   <div class='ocr_carea' id='block_1_46' title="bbox 689 4299 2206 4374">
    <p class='ocr_par' dir='ltr' id='par_1_46' title="bbox 689 4299 2206 4374">
     <span class='ocr_line' id='line_1_46' title="bbox 689 4299 2206 4374; baseline 0.001 -17"><span class='ocrx_word' id='word_1_343' title='bbox 689 4301 916 4357; x_wconf 74' lang='lat' dir='ltr'><strong>CAPUT</strong></span> <span class='ocrx_word' id='word_1_344' title='bbox 960 4299 1024 4355; x_wconf 72' lang='lat' dir='ltr'><strong>ll.~</strong></span> <span class='ocrx_word' id='word_1_345' title='bbox 1048 4333 1122 4342; x_wconf 93' lang='lat'><strong><em>—</em></strong></span> <span class='ocrx_word' id='word_1_346' title='bbox 1147 4303 1201 4356; x_wconf 73' lang='lat'><strong>2.</strong></span> <span class='ocrx_word' id='word_1_347' title='bbox 1229 4301 1478 4367; x_wconf 81' lang='lat' dir='ltr'><strong>Proinde,</strong></span> <span class='ocrx_word' id='word_1_348' title='bbox 1507 4300 1670 4356; x_wconf 89' lang='lat' dir='ltr'><strong>frater</strong></span> <span class='ocrx_word' id='word_1_349' title='bbox 1689 4301 2056 4370; x_wconf 87' lang='lat' dir='ltr'><strong>dilectissime,</strong></span> <span class='ocrx_word' id='word_1_350' title='bbox 2079 4304 2206 4374; x_wconf 89' lang='lat' dir='ltr'><strong>quid</strong></span> 
     </span>
    </p>
   </div>
   <div class='ocr_carea' id='block_1_47' title="bbox 619 4394 2229 4466">
    <p class='ocr_par' dir='ltr' id='par_1_47' title="bbox 619 4394 2229 4466">
     <span class='ocr_line' id='line_1_47' title="bbox 619 4394 2229 4466; baseline 0.003 -17"><span class='ocrx_word' id='word_1_351' title='bbox 619 4395 688 4449; x_wconf 85' lang='lat' dir='ltr'><strong>ah</strong></span> <span class='ocrx_word' id='word_1_352' title='bbox 719 4410 784 4448; x_wconf 89' lang='lat' dir='ltr'><strong>eo</strong></span> <span class='ocrx_word' id='word_1_353' title='bbox 819 4394 1070 4449; x_wconf 72' lang='lat' dir='ltr'><strong>didiceris</strong></span> <span class='ocrx_word' id='word_1_354' title='bbox 1093 4436 1109 4462; x_wconf 88' lang='lat'><strong>,</strong></span> <span class='ocrx_word' id='word_1_355' title='bbox 1135 4409 1293 4450; x_wconf 90' lang='lat' dir='ltr'><strong>nosse</strong></span> <span class='ocrx_word' id='word_1_356' title='bbox 1329 4397 1518 4464; x_wconf 81' lang='lat' dir='ltr'><strong>cupit),</strong></span> <span class='ocrx_word' id='word_1_357' title='bbox 1545 4403 1600 4447; x_wconf 91' lang='lat' dir='ltr'><strong>ut</strong></span> <span class='ocrx_word' id='word_1_358' title='bbox 1641 4395 1685 4448; x_wconf 93' lang='lat' dir='ltr'><strong>si</strong></span> <span class='ocrx_word' id='word_1_359' title='bbox 1712 4394 1822 4464; x_wconf 83' lang='lat' dir='ltr'><strong>jam</strong></span> <span class='ocrx_word' id='word_1_360' title='bbox 1852 4395 1903 4449; x_wconf 88' lang='lat' dir='ltr'><strong>id</strong></span> <span class='ocrx_word' id='word_1_361' title='bbox 1933 4397 2164 4452; x_wconf 90' lang='lat' dir='ltr'><strong>sciebam</strong></span> <span class='ocrx_word' id='word_1_362' title='bbox 2187 4439 2229 4466; x_wconf 88' lang='lat'><strong>,.</strong></span> 
     </span>
    </p>
   </div>
   <div class='ocr_carea' id='block_1_48' title="bbox 618 4482 2204 4555">
    <p class='ocr_par' dir='ltr' id='par_1_48' title="bbox 618 4482 2204 4555">
     <span class='ocr_line' id='line_1_48' title="bbox 618 4482 2204 4555; baseline 0.004 -19"><span class='ocrx_word' id='word_1_363' title='bbox 618 4485 852 4552; x_wconf 68' lang='lat' dir='ltr'><strong>gratuler</strong></span> <span class='ocrx_word' id='word_1_364' title='bbox 893 4500 985 4554; x_wconf 87' lang='lat' dir='ltr'><strong>pro</strong></span> <span class='ocrx_word' id='word_1_365' title='bbox 1021 4493 1104 4548; x_wconf 88' lang='lat' dir='ltr'><strong>te;</strong></span> <span class='ocrx_word' id='word_1_366' title='bbox 1137 4485 1180 4539; x_wconf 90' lang='lat' dir='ltr'><strong>si</strong></span> <span class='ocrx_word' id='word_1_367' title='bbox 1217 4491 1394 4538; x_wconf 89' lang='lat' dir='ltr'><strong>autem</strong></span> <span class='ocrx_word' id='word_1_368' title='bbox 1417 4483 1754 4551; x_wconf 79' lang='lat' dir='ltr'><strong>neSciebam,</strong></span> <span class='ocrx_word' id='word_1_369' title='bbox 1783 4482 1981 4540; x_wconf 87' lang='lat' dir='ltr'><strong>discam</strong></span> <span class='ocrx_word' id='word_1_370' title='bbox 2018 4496 2204 4555; x_wconf 86' lang='lat' dir='ltr'><strong>perte.</strong></span> 
     </span>
    </p>
   </div>
   <div class='ocr_carea' id='block_1_49' title="bbox 621 4576 2208 4650">
    <p class='ocr_par' dir='ltr' id='par_1_49' title="bbox 621 4576 2208 4650">
     <span class='ocr_line' id='line_1_49' title="bbox 621 4576 2208 4650; baseline 0.003 -20"><span class='ocrx_word' id='word_1_371' title='bbox 621 4577 768 4630; x_wconf 74' lang='lat' dir='ltr'><strong>itane</strong></span> <span class='ocrx_word' id='word_1_372' title='bbox 796 4586 850 4631; x_wconf 94' lang='lat' dir='ltr'><strong>tu</strong></span> <span class='ocrx_word' id='word_1_373' title='bbox 877 4576 1155 4646; x_wconf 78' lang='lat' dir='ltr'><strong>ignorabas</strong></span> <span class='ocrx_word' id='word_1_374' title='bbox 1175 4576 1281 4630; x_wconf 90' lang='lat' dir='ltr'><strong>duo</strong></span> <span class='ocrx_word' id='word_1_375' title='bbox 1315 4577 1557 4646; x_wconf 75' lang='lat' dir='ltr'><strong>quzrdam</strong></span> <span class='ocrx_word' id='word_1_376' title='bbox 1593 4593 1740 4641; x_wconf 90' lang='lat' dir='ltr'><strong>csse,</strong></span> <span class='ocrx_word' id='word_1_377' title='bbox 1767 4577 1997 4632; x_wconf 88' lang='lat' dir='ltr'><strong>animam</strong></span> <span class='ocrx_word' id='word_1_378' title='bbox 2027 4589 2079 4634; x_wconf 91' lang='lat' dir='ltr'><strong>et</strong></span> <span class='ocrx_word' id='word_1_379' title='bbox 2100 4581 2208 4650; x_wconf 87' lang='lat' dir='ltr'><strong>spi-</strong></span> 
     </span>
    </p>
   </div>
   <div class='ocr_carea' id='block_1_50' title="bbox 621 4667 2206 4739">
    <p class='ocr_par' dir='ltr' id='par_1_50' title="bbox 621 4667 2206 4739">
     <span class='ocr_line' id='line_1_50' title="bbox 621 4667 2206 4739; baseline 0.003 -18"><span class='ocrx_word' id='word_1_380' title='bbox 621 4672 780 4722; x_wconf 86' lang='lat' dir='ltr'><strong>ritum</strong></span> <span class='ocrx_word' id='word_1_381' title='bbox 807 4710 822 4734; x_wconf 87' lang='lat'><strong>,</strong></span> <span class='ocrx_word' id='word_1_382' title='bbox 850 4667 1145 4722; x_wconf 88' lang='lat' dir='ltr'><strong>secundum</strong></span> <span class='ocrx_word' id='word_1_383' title='bbox 1176 4667 1228 4722; x_wconf 90' lang='lat' dir='ltr'><strong>id</strong></span> <span class='ocrx_word' id='word_1_384' title='bbox 1256 4667 1398 4739; x_wconf 89' lang='lat' dir='ltr'><strong>quod</strong></span> <span class='ocrx_word' id='word_1_385' title='bbox 1426 4669 1678 4737; x_wconf 83' lang='lat' dir='ltr'><strong>scriptum</strong></span> <span class='ocrx_word' id='word_1_386' title='bbox 1705 4679 1785 4723; x_wconf 91' lang='lat' dir='ltr'><strong>est</strong></span> <span class='ocrx_word' id='word_1_387' title='bbox 1809 4709 1826 4736; x_wconf 90' lang='lat'><strong>,</strong></span> <span class='ocrx_word' id='word_1_388' title='bbox 1856 4669 2122 4725; x_wconf 80' lang='lat' dir='ltr'><strong>Absolvisti</strong></span> <span class='ocrx_word' id='word_1_389' title='bbox 2145 4672 2206 4725; x_wconf 83' lang='lat' dir='ltr'><strong>ab</strong></span> 
     </span>
    </p>
   </div>
   <div class='ocr_carea' id='block_1_51' title="bbox 620 4757 2211 4832">
    <p class='ocr_par' dir='ltr' id='par_1_51' title="bbox 620 4757 2211 4832">
     <span class='ocr_line' id='line_1_51' title="bbox 620 4757 2211 4832; baseline 0.002 -18"><span class='ocrx_word' id='word_1_390' title='bbox 620 4763 800 4830; x_wconf 80' lang='lat' dir='ltr'><strong>spiritu</strong></span> <span class='ocrx_word' id='word_1_391' title='bbox 841 4760 948 4814; x_wconf 77' lang='lat' dir='ltr'><strong>meo</strong></span> <span class='ocrx_word' id='word_1_392' title='bbox 989 4761 1210 4815; x_wconf 86' lang='lat' dir='ltr'><strong>animam</strong></span> <span class='ocrx_word' id='word_1_393' title='bbox 1254 4777 1415 4813; x_wconf 83' lang='lat' dir='ltr'><strong>nteant</strong></span> <span class='ocrx_word' id='word_1_394' title='bbox 1459 4757 1580 4830; x_wconf 81' lang='lat' dir='ltr'><strong>(Job</strong></span> <span class='ocrx_word' id='word_1_395' title='bbox 1644 4777 1750 4824; x_wconf 75' lang='lat' dir='ltr'><strong>vn,</strong></span> <span class='ocrx_word' id='word_1_396' title='bbox 1782 4777 1881 4816; x_wconf 79' lang='lat' dir='ltr'><strong>sec.</strong></span> <span class='ocrx_word' id='word_1_397' title='bbox 1908 4761 2115 4832; x_wconf 76' lang='lat' dir='ltr'><strong>LXX)?</strong></span> <span class='ocrx_word' id='word_1_398' title='bbox 2143 4763 2211 4817; x_wconf 79' lang='lat' dir='ltr'><strong>Et</strong></span> 
     </span>
    </p>
   </div>
   <div class='ocr_carea' id='block_1_52' title="bbox 624 4851 2208 4923">
    <p class='ocr_par' dir='ltr' id='par_1_52' title="bbox 624 4851 2208 4923">
     <span class='ocr_line' id='line_1_52' title="bbox 624 4851 2208 4923; baseline 0.002 -18"><span class='ocrx_word' id='word_1_399' title='bbox 624 4863 907 4923; x_wconf 89' lang='lat' dir='ltr'><strong>utrumque</strong></span> <span class='ocrx_word' id='word_1_400' title='bbox 955 4853 1019 4908; x_wconf 88' lang='lat' dir='ltr'><strong>ad</strong></span> <span class='ocrx_word' id='word_1_401' title='bbox 1060 4863 1302 4907; x_wconf 85' lang='lat' dir='ltr'><strong>naturam</strong></span> <span class='ocrx_word' id='word_1_402' title='bbox 1347 4851 1579 4907; x_wconf 89' lang='lat' dir='ltr'><strong>hominis</strong></span> <span class='ocrx_word' id='word_1_403' title='bbox 1627 4853 1932 4922; x_wconf 89' lang='lat' dir='ltr'><strong>pertinere,</strong></span> <span class='ocrx_word' id='word_1_404' title='bbox 1963 4865 2019 4907; x_wconf 91' lang='lat' dir='ltr'><strong>ut</strong></span> <span class='ocrx_word' id='word_1_405' title='bbox 2066 4862 2208 4908; x_wconf 85' lang='lat' dir='ltr'><strong>totus</strong></span> 
     </span>
    </p>
   </div>
   <div class='ocr_carea' id='block_1_53' title="bbox 623 4943 2208 5012">
    <p class='ocr_par' dir='ltr' id='par_1_53' title="bbox 623 4943 2208 5012">
     <span class='ocr_line' id='line_1_53' title="bbox 623 4943 2208 5012; baseline 0.004 -16"><span class='ocrx_word' id='word_1_406' title='bbox 623 4943 784 4997; x_wconf 83' lang='lat' dir='ltr'><strong>homo</strong></span> <span class='ocrx_word' id='word_1_407' title='bbox 805 4945 874 4996; x_wconf 85' lang='lat' dir='ltr'><strong>sit</strong></span> <span class='ocrx_word' id='word_1_408' title='bbox 907 4943 1128 5010; x_wconf 75' lang='lat' dir='ltr'><strong>Spiritus</strong></span> <span class='ocrx_word' id='word_1_409' title='bbox 1153 4951 1206 4996; x_wconf 76' lang='lat' dir='ltr'><strong>cl</strong></span> <span class='ocrx_word' id='word_1_410' title='bbox 1237 4943 1411 4996; x_wconf 89' lang='lat' dir='ltr'><strong>anima</strong></span> <span class='ocrx_word' id='word_1_411' title='bbox 1439 4953 1492 4996; x_wconf 92' lang='lat' dir='ltr'><strong>ct</strong></span> <span class='ocrx_word' id='word_1_412' title='bbox 1529 4958 1722 5012; x_wconf 89' lang='lat' dir='ltr'><strong>corpus</strong></span> <span class='ocrx_word' id='word_1_413' title='bbox 1751 4959 1762 4996; x_wconf 95' lang='lat'>:</span> <span class='ocrx_word' id='word_1_414' title='bbox 1796 4943 1889 4998; x_wconf 87' lang='lat' dir='ltr'><strong>sed</strong></span> <span class='ocrx_word' id='word_1_415' title='bbox 1923 4943 2208 5012; x_wconf 87' lang='lat' dir='ltr'><strong>aliquando</strong></span> 
     </span>
    </p>
   </div>
   <div class='ocr_carea' id='block_1_54' title="bbox 623 5032 2213 5106">
    <p class='ocr_par' dir='ltr' id='par_1_54' title="bbox 623 5032 2213 5106">
     <span class='ocr_line' id='line_1_54' title="bbox 623 5032 2213 5106; baseline 0.005 -22"><span class='ocrx_word' id='word_1_416' title='bbox 623 5034 730 5086; x_wconf 89' lang='lat' dir='ltr'><strong>duo</strong></span> <span class='ocrx_word' id='word_1_417' title='bbox 771 5033 868 5086; x_wconf 87' lang='lat' dir='ltr'><strong>ista</strong></span> <span class='ocrx_word' id='word_1_418' title='bbox 907 5032 1068 5087; x_wconf 90' lang='lat' dir='ltr'><strong>simul</strong></span> <span class='ocrx_word' id='word_1_419' title='bbox 1101 5032 1319 5088; x_wconf 90' lang='lat' dir='ltr'><strong>nomine</strong></span> <span class='ocrx_word' id='word_1_420' title='bbox 1351 5033 1544 5087; x_wconf 80' lang='lat' dir='ltr'><strong>anima:</strong></span> <span class='ocrx_word' id='word_1_421' title='bbox 1583 5035 1916 5104; x_wconf 88' lang='lat' dir='ltr'><strong>nuncupari,</strong></span> <span class='ocrx_word' id='word_1_422' title='bbox 1939 5036 2098 5106; x_wconf 88' lang='lat' dir='ltr'><strong>quale</strong></span> <span class='ocrx_word' id='word_1_423' title='bbox 2126 5047 2213 5092; x_wconf 85' lang='lat' dir='ltr'><strong>est</strong></span> 
     </span>
    </p>
   </div>
   <div class='ocr_carea' id='block_1_55' title="bbox 625 5123 2208 5202">
    <p class='ocr_par' dir='ltr' id='par_1_55' title="bbox 625 5123 2208 5202">
     <span class='ocr_line' id='line_1_55' title="bbox 625 5123 2208 5202; baseline 0.003 -22"><span class='ocrx_word' id='word_1_424' title='bbox 625 5125 772 5184; x_wconf 78' lang='lat' dir='ltr'><strong>illud.</strong></span> <span class='ocrx_word' id='word_1_425' title='bbox 808 5123 872 5178; x_wconf 87' lang='lat' dir='ltr'><strong>Et</strong></span> <span class='ocrx_word' id='word_1_426' title='bbox 899 5127 1063 5197; x_wconf 77' lang='lat' dir='ltr'><strong>factus</strong></span> <span class='ocrx_word' id='word_1_427' title='bbox 1089 5135 1160 5180; x_wconf 80' lang='lat' dir='ltr'><strong>est</strong></span> <span class='ocrx_word' id='word_1_428' title='bbox 1205 5125 1355 5180; x_wconf 79' lang='lat' dir='ltr'><strong>homo</strong></span> <span class='ocrx_word' id='word_1_429' title='bbox 1398 5126 1452 5180; x_wconf 87' lang='lat' dir='ltr'><strong>in</strong></span> <span class='ocrx_word' id='word_1_430' title='bbox 1491 5127 1715 5180; x_wconf 82' lang='lat' dir='ltr'><strong>animant</strong></span> <span class='ocrx_word' id='word_1_431' title='bbox 1743 5127 1906 5181; x_wconf 74' lang='lat' dir='ltr'><strong>vivam</strong></span> <span class='ocrx_word' id='word_1_432' title='bbox 1955 5127 2107 5202; x_wconf 76' lang='lat' dir='ltr'><strong>(Gen.</strong></span> <span class='ocrx_word' id='word_1_433' title='bbox 2153 5145 2208 5198; x_wconf 89' lang='lat' dir='ltr'><strong>tt,</strong></span> 
     </span>
    </p>
   </div>
   <div class='ocr_carea' id='block_1_56' title="bbox 625 5217 2208 5290">
    <p class='ocr_par' dir='ltr' id='par_1_56' title="bbox 625 5217 2208 5290">
     <span class='ocr_line' id='line_1_56' title="bbox 625 5217 2208 5290; baseline 0.003 -20"><span class='ocrx_word' id='word_1_434' title='bbox 625 5217 723 5286; x_wconf 84' lang='lat'><strong>7)?</strong></span> <span class='ocrx_word' id='word_1_435' title='bbox 773 5217 844 5270; x_wconf 89' lang='lat' dir='ltr'><strong>lhi</strong></span> <span class='ocrx_word' id='word_1_436' title='bbox 881 5218 1076 5288; x_wconf 89' lang='lat' dir='ltr'><strong>quippe</strong></span> <span class='ocrx_word' id='word_1_437' title='bbox 1109 5227 1161 5272; x_wconf 88' lang='lat' dir='ltr'><strong>ct</strong></span> <span class='ocrx_word' id='word_1_438' title='bbox 1203 5218 1419 5286; x_wconf 87' lang='lat' dir='ltr'><strong>spiritus</strong></span> <span class='ocrx_word' id='word_1_439' title='bbox 1472 5218 1800 5288; x_wconf 78' lang='lat' dir='ltr'><strong>intelligitur.</strong></span> <span class='ocrx_word' id='word_1_440' title='bbox 1839 5218 2078 5290; x_wconf 74' lang='lat' dir='ltr'><strong>itemque</strong></span> <span class='ocrx_word' id='word_1_441' title='bbox 2117 5222 2208 5276; x_wconf 89' lang='lat' dir='ltr'><strong>ali-</strong></span> 
     </span>
    </p>
   </div>
   <div class='ocr_carea' id='block_1_57' title="bbox 624 5309 2214 5381">
    <p class='ocr_par' dir='ltr' id='par_1_57' title="bbox 624 5309 2214 5381">
     <span class='ocr_line' id='line_1_57' title="bbox 624 5309 2214 5381; baseline 0.004 -19"><span class='ocrx_word' id='word_1_442' title='bbox 624 5309 838 5378; x_wconf 85' lang='lat' dir='ltr'><strong>quando</strong></span> <span class='ocrx_word' id='word_1_443' title='bbox 864 5321 1147 5379; x_wconf 88' lang='lat' dir='ltr'><strong>utrumque</strong></span> <span class='ocrx_word' id='word_1_444' title='bbox 1185 5311 1398 5366; x_wconf 89' lang='lat' dir='ltr'><strong>nomine</strong></span> <span class='ocrx_word' id='word_1_445' title='bbox 1424 5311 1640 5381; x_wconf 88' lang='lat' dir='ltr'><strong>spiritus</strong></span> <span class='ocrx_word' id='word_1_446' title='bbox 1669 5311 1795 5378; x_wconf 90' lang='lat' dir='ltr'><strong>dici,</strong></span> <span class='ocrx_word' id='word_1_447' title='bbox 1823 5312 1978 5368; x_wconf 88' lang='lat' dir='ltr'><strong>sicuti</strong></span> <span class='ocrx_word' id='word_1_448' title='bbox 2019 5322 2121 5380; x_wconf 88' lang='lat' dir='ltr'><strong>est,</strong></span> <span class='ocrx_word' id='word_1_449' title='bbox 2146 5312 2214 5368; x_wconf 85' lang='lat' dir='ltr'><strong>Et</strong></span> 
     </span>
    </p>
   </div>
   <div class='ocr_carea' id='block_1_58' title="bbox 625 5399 2212 5475">
    <p class='ocr_par' dir='ltr' id='par_1_58' title="bbox 625 5399 2212 5475">
     <span class='ocr_line' id='line_1_58' title="bbox 625 5399 2212 5475; baseline 0.005 -23"><span class='ocrx_word' id='word_1_450' title='bbox 625 5400 868 5452; x_wconf 80' lang='lat' dir='ltr'><strong>inclinato</strong></span> <span class='ocrx_word' id='word_1_451' title='bbox 894 5399 1056 5470; x_wconf 82' lang='lat' dir='ltr'><strong>capite</strong></span> <span class='ocrx_word' id='word_1_452' title='bbox 1089 5401 1299 5454; x_wconf 82' lang='lat' dir='ltr'><strong>tradidit</strong></span> <span class='ocrx_word' id='word_1_453' title='bbox 1332 5403 1566 5471; x_wconf 80' lang='lat' dir='ltr'><strong>spiritum</strong></span> <span class='ocrx_word' id='word_1_454' title='bbox 1601 5401 1777 5474; x_wconf 86' lang='lat' dir='ltr'><strong>(Joan.</strong></span> <span class='ocrx_word' id='word_1_455' title='bbox 1805 5419 1894 5458; x_wconf 80' lang='lat' dir='ltr'><strong>xtx</strong></span> <span class='ocrx_word' id='word_1_456' title='bbox 1915 5445 1932 5470; x_wconf 85' lang='lat'><strong>,</strong></span> <span class='ocrx_word' id='word_1_457' title='bbox 1963 5404 2096 5475; x_wconf 83' lang='lat'><strong>50)?</strong></span> <span class='ocrx_word' id='word_1_458' title='bbox 2128 5405 2212 5460; x_wconf 85' lang='lat' dir='ltr'><strong>ubi</strong></span> 
     </span>
    </p>
   </div>
   <div class='ocr_carea' id='block_1_59' title="bbox 626 5491 2215 5565">
    <p class='ocr_par' dir='ltr' id='par_1_59' title="bbox 626 5491 2215 5565">
     <span class='ocr_line' id='line_1_59' title="bbox 626 5491 2215 5565; baseline 0.004 -21"><span class='ocrx_word' id='word_1_459' title='bbox 626 5501 677 5544; x_wconf 88' lang='lat' dir='ltr'><strong>et</strong></span> <span class='ocrx_word' id='word_1_460' title='bbox 709 5491 882 5544; x_wconf 74' lang='grc' dir='ltr'>ιιιιὶιιιι</span> <span class='ocrx_word' id='word_1_461' title='bbox 917 5505 1136 5545; x_wconf 89' lang='lat' dir='ltr'><strong>necesse</strong></span> <span class='ocrx_word' id='word_1_462' title='bbox 1164 5503 1246 5546; x_wconf 88' lang='lat' dir='ltr'><strong>cst</strong></span> <span class='ocrx_word' id='word_1_463' title='bbox 1268 5491 1612 5562; x_wconf 80' lang='lat' dir='ltr'><strong>intelligatur.</strong></span> <span class='ocrx_word' id='word_1_464' title='bbox 1655 5493 1723 5548; x_wconf 84' lang='lat' dir='ltr'><strong>Et</strong></span> <span class='ocrx_word' id='word_1_465' title='bbox 1750 5505 2033 5565; x_wconf 86' lang='lat' dir='ltr'><strong>utrumque</strong></span> <span class='ocrx_word' id='word_1_466' title='bbox 2061 5497 2215 5550; x_wconf 86' lang='lat' dir='ltr'><strong>unius</strong></span> 
     </span>
    </p>
   </div>
   <div class='ocr_carea' id='block_1_60' title="bbox 627 5583 2212 5662">
    <p class='ocr_par' dir='ltr' id='par_1_60' title="bbox 627 5583 2212 5662">
     <span class='ocr_line' id='line_1_60' title="bbox 627 5583 2212 5662; baseline 0.006 -28"><span class='ocrx_word' id='word_1_467' title='bbox 627 5598 746 5638; x_wconf 83' lang='lat' dir='ltr'><strong>rsse</strong></span> <span class='ocrx_word' id='word_1_468' title='bbox 772 5583 1126 5638; x_wconf 63' lang='lat' dir='ltr'><strong>substantiae?</strong></span> <span class='ocrx_word' id='word_1_469' title='bbox 1153 5583 1286 5638; x_wconf 57' lang='grc' dir='ltr'>ιλιιιο</span> <span class='ocrx_word' id='word_1_470' title='bbox 1313 5585 1452 5662; x_wconf 89' lang='lat' dir='ltr'><strong>quod</strong></span> <span class='ocrx_word' id='word_1_471' title='bbox 1475 5584 1580 5640; x_wconf 90' lang='lat' dir='ltr'><strong>ista</strong></span> <span class='ocrx_word' id='word_1_472' title='bbox 1613 5585 1722 5656; x_wconf 87' lang='lat' dir='ltr'><strong>jam</strong></span> <span class='ocrx_word' id='word_1_473' title='bbox 1753 5588 1980 5642; x_wconf 86' lang='lat' dir='ltr'><strong>sciebas.</strong></span> <span class='ocrx_word' id='word_1_474' title='bbox 2023 5588 2077 5642; x_wconf 92' lang='lat' dir='ltr'><strong>Si</strong></span> <span class='ocrx_word' id='word_1_475' title='bbox 2117 5605 2212 5643; x_wconf 89' lang='lat' dir='ltr'><strong>au-</strong></span> 
     </span>
    </p>
   </div>
   <div class='ocr_carea' id='block_1_61' title="bbox 631 5676 2218 5754">
    <p class='ocr_par' dir='ltr' id='par_1_61' title="bbox 631 5676 2218 5754">
     <span class='ocr_line' id='line_1_61' title="bbox 631 5676 2218 5754; baseline 0.007 -25"><span class='ocrx_word' id='word_1_476' title='bbox 631 5686 738 5731; x_wconf 89' lang='lat' dir='ltr'><strong>tem</strong></span> <span class='ocrx_word' id='word_1_477' title='bbox 773 5676 1051 5734; x_wconf 89' lang='lat' dir='ltr'><strong>nesciebas</strong></span> <span class='ocrx_word' id='word_1_478' title='bbox 1074 5717 1090 5743; x_wconf 91' lang='lat'><strong>,</strong></span> <span class='ocrx_word' id='word_1_479' title='bbox 1113 5691 1219 5732; x_wconf 91' lang='lat' dir='ltr'><strong>non</strong></span> <span class='ocrx_word' id='word_1_480' title='bbox 1265 5685 1318 5733; x_wconf 89' lang='lat' dir='ltr'><strong>te</strong></span> <span class='ocrx_word' id='word_1_481' title='bbox 1349 5677 1546 5750; x_wconf 87' lang='lat' dir='ltr'><strong>aliquid</strong></span> <span class='ocrx_word' id='word_1_482' title='bbox 1577 5679 1720 5750; x_wconf 91' lang='lat' dir='ltr'><strong>quod</strong></span> <span class='ocrx_word' id='word_1_483' title='bbox 1761 5696 1954 5753; x_wconf 80' lang='lat' dir='ltr'><strong>magno</strong></span> <span class='ocrx_word' id='word_1_484' title='bbox 1979 5683 2218 5754; x_wconf 86' lang='lat' dir='ltr'><strong>periculo</strong></span> 
     </span>
    </p>
   </div>
   <div class='ocr_carea' id='block_1_62' title="bbox 629 5812 2218 5922">
    <p class='ocr_par' dir='ltr' id='par_1_62' title="bbox 629 5812 2218 5922">
     <span class='ocr_line' id='line_1_62' title="bbox 629 5812 2218 5922; baseline 0.009 -67"><span class='ocrx_word' id='word_1_485' title='bbox 629 5812 950 5922; x_wconf 46' lang='grc' dir='ltr'><strong><em>ὅ</em></strong></span> <span class='ocrx_word' id='word_1_486' title='bbox 977 5815 1028 5859; x_wconf 89' lang='lat' dir='ltr'><strong>et</strong></span> <span class='ocrx_word' id='word_1_487' title='bbox 1049 5814 1146 5877; x_wconf 67' lang='lat' dir='ltr'><strong>Mss,</strong></span> <span class='ocrx_word' id='word_1_488' title='bbox 1189 5816 1334 5864; x_wconf 57' lang='lat' dir='ltr'><strong>star.</strong></span> <span class='ocrx_word' id='word_1_489' title='bbox 1361 5821 1412 5866; x_wconf 87' lang='lat' dir='ltr'><strong>et</strong></span> <span class='ocrx_word' id='word_1_490' title='bbox 1449 5819 1582 5878; x_wconf 72' lang='grc' dir='ltr'><strong>ων..</strong></span> <span class='ocrx_word' id='word_1_491' title='bbox 1605 5821 1650 5866; x_wconf 86' lang='lat' dir='ltr'><strong>et</strong></span> <span class='ocrx_word' id='word_1_492' title='bbox 1681 5815 1915 5869; x_wconf 63' lang='lat' dir='ltr'><strong>inmunda</strong></span> <span class='ocrx_word' id='word_1_493' title='bbox 1951 5817 2218 5916; x_wconf 68' lang='lat' dir='ltr'><strong>[timiditate</strong></span> 
     </span>
    </p>
   </div>
   <div class='ocr_carea' id='block_1_63' title="bbox 2315 1597 3894 1678">
    <p class='ocr_par' dir='ltr' id='par_1_63' title="bbox 2315 1597 3894 1678">
     <span class='ocr_line' id='line_1_63' title="bbox 2315 1597 3894 1678; baseline 0.013 -27"><span class='ocrx_word' id='word_1_494' title='bbox 2315 1598 2572 1664; x_wconf 84' lang='lat' dir='ltr'><strong>uescitur,</strong></span> <span class='ocrx_word' id='word_1_495' title='bbox 2599 1597 2850 1658; x_wconf 88' lang='lat' dir='ltr'><strong>didicisse</strong></span> <span class='ocrx_word' id='word_1_496' title='bbox 2870 1602 3030 1658; x_wconf 82' lang='lat' dir='ltr'><strong>scias.</strong></span> <span class='ocrx_word' id='word_1_497' title='bbox 3059 1603 3127 1660; x_wconf 87' lang='lat' dir='ltr'><strong>Et</strong></span> <span class='ocrx_word' id='word_1_498' title='bbox 3151 1605 3195 1660; x_wconf 92' lang='lat' dir='ltr'><strong>si</strong></span> <span class='ocrx_word' id='word_1_499' title='bbox 3227 1605 3353 1678; x_wconf 89' lang='lat' dir='ltr'><strong>quid</strong></span> <span class='ocrx_word' id='word_1_500' title='bbox 3382 1607 3506 1664; x_wconf 92' lang='lat' dir='ltr'><strong>hinc</strong></span> <span class='ocrx_word' id='word_1_501' title='bbox 3526 1611 3768 1671; x_wconf 87' lang='lat' dir='ltr'><strong>subtilius</strong></span> <span class='ocrx_word' id='word_1_502' title='bbox 3792 1613 3894 1670; x_wconf 88' lang='lat' dir='ltr'><strong>dis-</strong></span> 
     </span>
    </p>
   </div>
   <div class='ocr_carea' id='block_1_64' title="bbox 2320 1687 3897 1775">
    <p class='ocr_par' dir='ltr' id='par_1_64' title="bbox 2320 1687 3897 1775">
     <span class='ocr_line' id='line_1_64' title="bbox 2320 1687 3897 1775; baseline 0.012 -34"><span class='ocrx_word' id='word_1_503' title='bbox 2320 1687 2614 1757; x_wconf 88' lang='lat' dir='ltr'><strong>putandum</strong></span> <span class='ocrx_word' id='word_1_504' title='bbox 2633 1700 2740 1756; x_wconf 90' lang='lat' dir='ltr'><strong>est,</strong></span> <span class='ocrx_word' id='word_1_505' title='bbox 2767 1693 2958 1748; x_wconf 86' lang='lat' dir='ltr'><strong>melius</strong></span> <span class='ocrx_word' id='word_1_506' title='bbox 2981 1709 3104 1750; x_wconf 90' lang='lat' dir='ltr'><strong>cum</strong></span> <span class='ocrx_word' id='word_1_507' title='bbox 3130 1695 3249 1766; x_wconf 89' lang='lat' dir='ltr'><strong>ipso</strong></span> <span class='ocrx_word' id='word_1_508' title='bbox 3287 1699 3480 1768; x_wconf 81' lang='lat' dir='ltr'><strong>agitur,</strong></span> <span class='ocrx_word' id='word_1_509' title='bbox 3509 1703 3662 1772; x_wconf 84' lang='lat' dir='ltr'><strong>cujus</strong></span> <span class='ocrx_word' id='word_1_510' title='bbox 3683 1705 3789 1775; x_wconf 80' lang='lat' dir='ltr'><strong>jam</strong></span> <span class='ocrx_word' id='word_1_511' title='bbox 3811 1720 3897 1760; x_wconf 80' lang='lat' dir='ltr'><strong>no-</strong></span> 
     </span>
    </p>
   </div>
   <div class='ocr_carea' id='block_1_65' title="bbox 2328 1779 3898 1861">
    <p class='ocr_par' dir='ltr' id='par_1_65' title="bbox 2328 1779 3898 1861">
     <span class='ocr_line' id='line_1_65' title="bbox 2328 1779 3898 1861; baseline 0.012 -30"><span class='ocrx_word' id='word_1_512' title='bbox 2328 1779 2501 1834; x_wconf 74' lang='lat' dir='ltr'><strong>vimus</strong></span> <span class='ocrx_word' id='word_1_513' title='bbox 2529 1790 2583 1835; x_wconf 90' lang='lat' dir='ltr'><strong>et</strong></span> <span class='ocrx_word' id='word_1_514' title='bbox 2610 1781 2882 1851; x_wconf 87' lang='lat' dir='ltr'><strong>eloquium</strong></span> <span class='ocrx_word' id='word_1_515' title='bbox 2907 1801 2921 1838; x_wconf 89' lang='lat'><strong>:</strong></span> <span class='ocrx_word' id='word_1_516' title='bbox 2961 1794 3137 1840; x_wconf 88' lang='lat' dir='ltr'><strong>utrum</strong></span> <span class='ocrx_word' id='word_1_517' title='bbox 3159 1801 3277 1842; x_wconf 89' lang='lat' dir='ltr'><strong>cum</strong></span> <span class='ocrx_word' id='word_1_518' title='bbox 3309 1789 3504 1846; x_wconf 87' lang='lat' dir='ltr'><strong>dicitur</strong></span> <span class='ocrx_word' id='word_1_519' title='bbox 3532 1794 3729 1861; x_wconf 89' lang='lat' dir='ltr'><strong>anima,</strong></span> <span class='ocrx_word' id='word_1_520' title='bbox 3753 1795 3818 1850; x_wconf 89' lang='lat' dir='ltr'><strong>ita</strong></span> <span class='ocrx_word' id='word_1_521' title='bbox 3845 1806 3898 1850; x_wconf 92' lang='lat' dir='ltr'><strong>ut</strong></span> 
     </span>
    </p>
   </div>
   <div class='ocr_carea' id='block_1_66' title="bbox 2319 1870 3895 1954">
    <p class='ocr_par' dir='ltr' id='par_1_66' title="bbox 2319 1870 3895 1954">
     <span class='ocr_line' id='line_1_66' title="bbox 2319 1870 3895 1954; baseline 0.011 -31"><span class='ocrx_word' id='word_1_522' title='bbox 2319 1870 2479 1924; x_wconf 86' lang='lat' dir='ltr'><strong>simul</strong></span> <span class='ocrx_word' id='word_1_523' title='bbox 2518 1871 2840 1944; x_wconf 80' lang='lat' dir='ltr'><strong>intelligatur</strong></span> <span class='ocrx_word' id='word_1_524' title='bbox 2876 1883 2932 1930; x_wconf 89' lang='lat' dir='ltr'><strong>et</strong></span> <span class='ocrx_word' id='word_1_525' title='bbox 2974 1876 3230 1946; x_wconf 88' lang='lat' dir='ltr'><strong>spiritus,</strong></span> <span class='ocrx_word' id='word_1_526' title='bbox 3260 1889 3548 1952; x_wconf 86' lang='lat' dir='ltr'><strong>utrumque</strong></span> <span class='ocrx_word' id='word_1_527' title='bbox 3585 1885 3760 1939; x_wconf 83' lang='lat' dir='ltr'><strong>anima</strong></span> <span class='ocrx_word' id='word_1_528' title='bbox 3806 1886 3895 1954; x_wconf 80' lang='lat' dir='ltr'><strong>sit,</strong></span> 
     </span>
    </p>
   </div>
   <div class='ocr_carea' id='block_1_67' title="bbox 2317 1961 3896 2040">
    <p class='ocr_par' dir='ltr' id='par_1_67' title="bbox 2317 1961 3896 2040">
     <span class='ocr_line' id='line_1_67' title="bbox 2317 1961 3896 2040; baseline 0.009 -24"><span class='ocrx_word' id='word_1_529' title='bbox 2317 1961 2534 2030; x_wconf 85' lang='lat' dir='ltr'><strong>spiritus</strong></span> <span class='ocrx_word' id='word_1_530' title='bbox 2559 1971 2738 2018; x_wconf 88' lang='lat' dir='ltr'><strong>autem</strong></span> <span class='ocrx_word' id='word_1_531' title='bbox 2775 1965 2973 2036; x_wconf 91' lang='lat' dir='ltr'><strong>aliquid</strong></span> <span class='ocrx_word' id='word_1_532' title='bbox 3003 1967 3197 2022; x_wconf 68' lang='lat' dir='ltr'><strong>animm</strong></span> <span class='ocrx_word' id='word_1_533' title='bbox 3230 1970 3320 2036; x_wconf 88' lang='lat' dir='ltr'><strong>sit;</strong></span> <span class='ocrx_word' id='word_1_534' title='bbox 3350 1987 3418 2026; x_wconf 88' lang='lat' dir='ltr'><strong>an</strong></span> <span class='ocrx_word' id='word_1_535' title='bbox 3438 2013 3456 2040; x_wconf 95' lang='lat'><strong>,</strong></span> <span class='ocrx_word' id='word_1_536' title='bbox 3487 1973 3625 2028; x_wconf 90' lang='lat' dir='ltr'><strong>sicut</strong></span> <span class='ocrx_word' id='word_1_537' title='bbox 3662 1974 3710 2030; x_wconf 90' lang='lat' dir='ltr'><strong>ei</strong></span> <span class='ocrx_word' id='word_1_538' title='bbox 3737 1976 3896 2030; x_wconf 79' lang='lat' dir='ltr'><strong>visum</strong></span> 
     </span>
    </p>
   </div>
   <div class='ocr_carea' id='block_1_68' title="bbox 2317 2058 3898 2127">
    <p class='ocr_par' dir='ltr' id='par_1_68' title="bbox 2317 2058 3898 2127">
     <span class='ocr_line' id='line_1_68' title="bbox 2317 2058 3898 2127; baseline 0.01 -23"><span class='ocrx_word' id='word_1_539' title='bbox 2317 2060 2428 2117; x_wconf 90' lang='lat' dir='ltr'><strong>est,</strong></span> <span class='ocrx_word' id='word_1_540' title='bbox 2455 2067 2484 2104; x_wconf 87' lang='lat' dir='ltr'><strong>a</strong></span> <span class='ocrx_word' id='word_1_541' title='bbox 2516 2063 2668 2122; x_wconf 90' lang='lat' dir='ltr'><strong>parte</strong></span> <span class='ocrx_word' id='word_1_542' title='bbox 2695 2062 2862 2110; x_wconf 91' lang='lat' dir='ltr'><strong>totum</strong></span> <span class='ocrx_word' id='word_1_543' title='bbox 2885 2058 3184 2127; x_wconf 88' lang='lat' dir='ltr'><strong>appelletur</strong></span> <span class='ocrx_word' id='word_1_544' title='bbox 3205 2058 3308 2116; x_wconf 90' lang='lat' dir='ltr'><strong>hoc</strong></span> <span class='ocrx_word' id='word_1_545' title='bbox 3333 2063 3549 2118; x_wconf 88' lang='lat' dir='ltr'><strong>nomine</strong></span> <span class='ocrx_word' id='word_1_546' title='bbox 3569 2081 3588 2119; x_wconf 87' lang='lat'><strong>:</strong></span> <span class='ocrx_word' id='word_1_547' title='bbox 3611 2066 3723 2120; x_wconf 86' lang='lat' dir='ltr'><strong>sive</strong></span> <span class='ocrx_word' id='word_1_548' title='bbox 3750 2067 3898 2120; x_wconf 85' lang='lat' dir='ltr'><strong>etiam</strong></span> 
     </span>
    </p>
   </div>
   <div class='ocr_carea' id='block_1_69' title="bbox 2317 2146 3897 2227">
    <p class='ocr_par' dir='ltr' id='par_1_69' title="bbox 2317 2146 3897 2227">
     <span class='ocr_line' id='line_1_69' title="bbox 2317 2146 3897 2227; baseline 0.011 -32"><span class='ocrx_word' id='word_1_549' title='bbox 2317 2150 2600 2214; x_wconf 89' lang='lat' dir='ltr'><strong>utrumque</strong></span> <span class='ocrx_word' id='word_1_550' title='bbox 2630 2146 2848 2216; x_wconf 83' lang='lat' dir='ltr'><strong>spiritus</strong></span> <span class='ocrx_word' id='word_1_551' title='bbox 2868 2147 2972 2215; x_wconf 90' lang='lat' dir='ltr'><strong>sit,</strong></span> <span class='ocrx_word' id='word_1_552' title='bbox 2998 2164 3120 2219; x_wconf 87' lang='lat' dir='ltr'><strong>pars</strong></span> <span class='ocrx_word' id='word_1_553' title='bbox 3157 2166 3286 2206; x_wconf 88' lang='lat' dir='ltr'><strong>vero</strong></span> <span class='ocrx_word' id='word_1_554' title='bbox 3313 2153 3430 2221; x_wconf 87' lang='lat' dir='ltr'><strong>ejus</strong></span> <span class='ocrx_word' id='word_1_555' title='bbox 3457 2154 3527 2209; x_wconf 88' lang='lat' dir='ltr'><strong>sit</strong></span> <span class='ocrx_word' id='word_1_556' title='bbox 3553 2170 3674 2225; x_wconf 66' lang='lat' dir='ltr'><strong>qua:</strong></span> <span class='ocrx_word' id='word_1_557' title='bbox 3695 2159 3897 2227; x_wconf 82' lang='lat' dir='ltr'><strong>proprie</strong></span> 
     </span>
    </p>
   </div>
   <div class='ocr_carea' id='block_1_70' title="bbox 2317 2232 3898 2314">
    <p class='ocr_par' dir='ltr' id='par_1_70' title="bbox 2317 2232 3898 2314">
     <span class='ocr_line' id='line_1_70' title="bbox 2317 2232 3898 2314; baseline 0.008 -27"><span class='ocrx_word' id='word_1_558' title='bbox 2317 2232 2511 2290; x_wconf 89' lang='lat' dir='ltr'><strong>dicitur</strong></span> <span class='ocrx_word' id='word_1_559' title='bbox 2553 2237 2765 2304; x_wconf 87' lang='lat' dir='ltr'><strong>anima;</strong></span> <span class='ocrx_word' id='word_1_560' title='bbox 2809 2254 2876 2293; x_wconf 90' lang='lat' dir='ltr'><strong>an</strong></span> <span class='ocrx_word' id='word_1_561' title='bbox 2925 2249 2985 2296; x_wconf 86' lang='lat' dir='ltr'><strong>et</strong></span> <span class='ocrx_word' id='word_1_562' title='bbox 3039 2241 3141 2298; x_wconf 91' lang='lat' dir='ltr'><strong>hoc</strong></span> <span class='ocrx_word' id='word_1_563' title='bbox 3182 2257 3212 2296; x_wconf 90' lang='lat' dir='ltr'><strong>a</strong></span> <span class='ocrx_word' id='word_1_564' title='bbox 3265 2254 3414 2314; x_wconf 87' lang='lat' dir='ltr'><strong>parte</strong></span> <span class='ocrx_word' id='word_1_565' title='bbox 3453 2255 3626 2300; x_wconf 89' lang='lat' dir='ltr'><strong>totum</strong></span> <span class='ocrx_word' id='word_1_566' title='bbox 3667 2258 3898 2314; x_wconf 78' lang='lat' dir='ltr'><strong>vocetur,</strong></span> 
     </span>
    </p>
   </div>
   <div class='ocr_carea' id='block_1_71' title="bbox 2316 2325 3898 2410">
    <p class='ocr_par' dir='ltr' id='par_1_71' title="bbox 2316 2325 3898 2410">
     <span class='ocr_line' id='line_1_71' title="bbox 2316 2325 3898 2410; baseline 0.011 -33"><span class='ocrx_word' id='word_1_567' title='bbox 2316 2325 2528 2394; x_wconf 87' lang='lat' dir='ltr'><strong>quando</strong></span> <span class='ocrx_word' id='word_1_568' title='bbox 2569 2327 2640 2382; x_wconf 91' lang='lat' dir='ltr'><strong>ita</strong></span> <span class='ocrx_word' id='word_1_569' title='bbox 2685 2328 2882 2384; x_wconf 89' lang='lat' dir='ltr'><strong>dicitur</strong></span> <span class='ocrx_word' id='word_1_570' title='bbox 2917 2332 3170 2402; x_wconf 88' lang='lat' dir='ltr'><strong>spiritus,</strong></span> <span class='ocrx_word' id='word_1_571' title='bbox 3198 2343 3256 2389; x_wconf 91' lang='lat' dir='ltr'><strong>ut</strong></span> <span class='ocrx_word' id='word_1_572' title='bbox 3293 2336 3454 2392; x_wconf 90' lang='lat' dir='ltr'><strong>simul</strong></span> <span class='ocrx_word' id='word_1_573' title='bbox 3493 2338 3819 2410; x_wconf 78' lang='lat' dir='ltr'><strong>intelligatur</strong></span> <span class='ocrx_word' id='word_1_574' title='bbox 3853 2350 3898 2395; x_wconf 89' lang='lat' dir='ltr'><strong>et</strong></span> 
     </span>
    </p>
   </div>
   <div class='ocr_carea' id='block_1_72' title="bbox 2313 2416 3902 2497">
    <p class='ocr_par' dir='ltr' id='par_1_72' title="bbox 2313 2416 3902 2497">
     <span class='ocr_line' id='line_1_72' title="bbox 2313 2416 3902 2497; baseline 0.011 -29"><span class='ocrx_word' id='word_1_575' title='bbox 2313 2416 2490 2470; x_wconf 90' lang='lat' dir='ltr'><strong>anima</strong></span> <span class='ocrx_word' id='word_1_576' title='bbox 2522 2435 2535 2471; x_wconf 91' lang='lat'><strong>:</strong></span> <span class='ocrx_word' id='word_1_577' title='bbox 2564 2417 2643 2475; x_wconf 90' lang='lat' dir='ltr'><strong>sic</strong></span> <span class='ocrx_word' id='word_1_578' title='bbox 2666 2420 2808 2474; x_wconf 91' lang='lat' dir='ltr'><strong>enim</strong></span> <span class='ocrx_word' id='word_1_579' title='bbox 2850 2420 2975 2478; x_wconf 84' lang='lat' dir='ltr'><strong>huic</strong></span> <span class='ocrx_word' id='word_1_580' title='bbox 3005 2424 3199 2493; x_wconf 82' lang='lat' dir='ltr'><strong>placet.</strong></span> <span class='ocrx_word' id='word_1_581' title='bbox 3232 2425 3426 2482; x_wconf 84' lang='lat' dir='ltr'><strong>Verum</strong></span> <span class='ocrx_word' id='word_1_582' title='bbox 3455 2429 3578 2494; x_wconf 86' lang='lat' dir='ltr'><strong>ista,</strong></span> <span class='ocrx_word' id='word_1_583' title='bbox 3610 2438 3670 2484; x_wconf 92' lang='lat' dir='ltr'><strong>ut</strong></span> <span class='ocrx_word' id='word_1_584' title='bbox 3696 2430 3825 2497; x_wconf 74' lang='lat' dir='ltr'><strong>dixi,</strong></span> <span class='ocrx_word' id='word_1_585' title='bbox 3850 2443 3902 2486; x_wconf 87' lang='lat' dir='ltr'><strong>et</strong></span> 
     </span>
    </p>
   </div>
   <div class='ocr_carea' id='block_1_73' title="bbox 2315 2507 3902 2579">
    <p class='ocr_par' dir='ltr' id='par_1_73' title="bbox 2315 2507 3902 2579">
     <span class='ocr_line' id='line_1_73' title="bbox 2315 2507 3902 2579; baseline 0.009 -18"><span class='ocrx_word' id='word_1_586' title='bbox 2315 2507 2578 2562; x_wconf 81' lang='lat' dir='ltr'><strong>subtiliter</strong></span> <span class='ocrx_word' id='word_1_587' title='bbox 2601 2508 2938 2566; x_wconf 83' lang='lat' dir='ltr'><strong>disseruntur</strong></span> <span class='ocrx_word' id='word_1_588' title='bbox 2958 2554 2974 2579; x_wconf 91' lang='lat'><strong>,</strong></span> <span class='ocrx_word' id='word_1_589' title='bbox 2997 2523 3054 2568; x_wconf 88' lang='lat' dir='ltr'><strong>et</strong></span> <span class='ocrx_word' id='word_1_590' title='bbox 3081 2515 3198 2570; x_wconf 83' lang='lat' dir='ltr'><strong>sine</strong></span> <span class='ocrx_word' id='word_1_591' title='bbox 3227 2515 3338 2572; x_wconf 83' lang='lat' dir='ltr'><strong>ullo</strong></span> <span class='ocrx_word' id='word_1_592' title='bbox 3365 2516 3451 2573; x_wconf 80' lang='lat' dir='ltr'><strong>vel</strong></span> <span class='ocrx_word' id='word_1_593' title='bbox 3483 2530 3634 2575; x_wconf 84' lang='lat' dir='ltr'><strong>certe</strong></span> <span class='ocrx_word' id='word_1_594' title='bbox 3655 2521 3772 2575; x_wconf 81' lang='lat' dir='ltr'><strong>sine</strong></span> <span class='ocrx_word' id='word_1_595' title='bbox 3795 2537 3902 2575; x_wconf 84' lang='lat' dir='ltr'><strong>ma-</strong></span> 
     </span>
    </p>
   </div>
   <div class='ocr_carea' id='block_1_74' title="bbox 2313 2599 3042 2668">
    <p class='ocr_par' dir='ltr' id='par_1_74' title="bbox 2313 2599 3042 2668">
     <span class='ocr_line' id='line_1_74' title="bbox 2313 2599 3042 2668; baseline 0.011 -18"><span class='ocrx_word' id='word_1_596' title='bbox 2313 2611 2418 2668; x_wconf 78' lang='lat' dir='ltr'><strong>gno</strong></span> <span class='ocrx_word' id='word_1_597' title='bbox 2445 2599 2682 2668; x_wconf 75' lang='lat' dir='ltr'><strong>periculo</strong></span> <span class='ocrx_word' id='word_1_598' title='bbox 2711 2603 3042 2658; x_wconf 91' lang='lat' dir='ltr'><strong>nesciuntur.</strong></span> 
     </span>
    </p>
   </div>
   <div class='ocr_carea' id='block_1_75' title="bbox 2383 2688 3902 2764">
    <p class='ocr_par' dir='ltr' id='par_1_75' title="bbox 2383 2688 3902 2764">
     <span class='ocr_line' id='line_1_75' title="bbox 2383 2688 3902 2764; baseline 0.006 -19"><span class='ocrx_word' id='word_1_599' title='bbox 2383 2688 2440 2745; x_wconf 75' lang='lat'><strong>3.</strong></span> <span class='ocrx_word' id='word_1_600' title='bbox 2479 2689 2718 2760; x_wconf 77' lang='lat' dir='ltr'><strong>itemque</strong></span> <span class='ocrx_word' id='word_1_601' title='bbox 2737 2691 2870 2747; x_wconf 90' lang='lat' dir='ltr'><strong>alios</strong></span> <span class='ocrx_word' id='word_1_602' title='bbox 2887 2708 3012 2749; x_wconf 89' lang='lat' dir='ltr'><strong>esse</strong></span> <span class='ocrx_word' id='word_1_603' title='bbox 3039 2696 3281 2764; x_wconf 84' lang='lat' dir='ltr'><strong>corporis</strong></span> <span class='ocrx_word' id='word_1_604' title='bbox 3299 2737 3315 2764; x_wconf 88' lang='lat'><strong>,</strong></span> <span class='ocrx_word' id='word_1_605' title='bbox 3343 2697 3477 2754; x_wconf 90' lang='lat' dir='ltr'><strong>alios</strong></span> <span class='ocrx_word' id='word_1_606' title='bbox 3507 2708 3694 2756; x_wconf 79' lang='lat' dir='ltr'><strong>autem</strong></span> <span class='ocrx_word' id='word_1_607' title='bbox 3719 2701 3902 2754; x_wconf 75' lang='lat' dir='ltr'><strong>anima:</strong></span> 
     </span>
    </p>
   </div>
   <div class='ocr_carea' id='block_1_76' title="bbox 2314 2782 3905 2855">
    <p class='ocr_par' dir='ltr' id='par_1_76' title="bbox 2314 2782 3905 2855">
     <span class='ocr_line' id='line_1_76' title="bbox 2314 2782 3905 2855; baseline 0.009 -20"><span class='ocrx_word' id='word_1_608' title='bbox 2314 2795 2526 2848; x_wconf 87' lang='lat' dir='ltr'><strong>sensus,</strong></span> <span class='ocrx_word' id='word_1_609' title='bbox 2548 2782 2716 2836; x_wconf 89' lang='lat' dir='ltr'><strong>miror</strong></span> <span class='ocrx_word' id='word_1_610' title='bbox 2751 2783 2796 2838; x_wconf 90' lang='lat' dir='ltr'><strong>si</strong></span> <span class='ocrx_word' id='word_1_611' title='bbox 2839 2784 2941 2840; x_wconf 90' lang='lat' dir='ltr'><strong>iste</strong></span> <span class='ocrx_word' id='word_1_612' title='bbox 2968 2794 3022 2841; x_wconf 90' lang='lat' dir='ltr'><strong>te</strong></span> <span class='ocrx_word' id='word_1_613' title='bbox 3047 2787 3264 2855; x_wconf 89' lang='lat' dir='ltr'><strong>docuit;</strong></span> <span class='ocrx_word' id='word_1_614' title='bbox 3293 2799 3351 2846; x_wconf 90' lang='lat' dir='ltr'><strong>et</strong></span> <span class='ocrx_word' id='word_1_615' title='bbox 3372 2798 3430 2846; x_wconf 91' lang='lat' dir='ltr'><strong>tu</strong></span> <span class='ocrx_word' id='word_1_616' title='bbox 3465 2792 3630 2850; x_wconf 87' lang='lat' dir='ltr'><strong>homo</strong></span> <span class='ocrx_word' id='word_1_617' title='bbox 3659 2793 3710 2849; x_wconf 90' lang='lat' dir='ltr'><strong>id</strong></span> <span class='ocrx_word' id='word_1_618' title='bbox 3740 2797 3905 2850; x_wconf 65' lang='lat' dir='ltr'><strong>anatis</strong></span> 
     </span>
    </p>
   </div>
   <div class='ocr_carea' id='block_1_77' title="bbox 2314 2872 3904 2954">
    <p class='ocr_par' dir='ltr' id='par_1_77' title="bbox 2314 2872 3904 2954">
     <span class='ocr_line' id='line_1_77' title="bbox 2314 2872 3904 2954; baseline 0.008 -30"><span class='ocrx_word' id='word_1_619' title='bbox 2314 2880 2369 2925; x_wconf 91' lang='lat' dir='ltr'><strong>et</strong></span> <span class='ocrx_word' id='word_1_620' title='bbox 2395 2872 2636 2940; x_wconf 80' lang='lat' dir='ltr'><strong>htlnoris,</strong></span> <span class='ocrx_word' id='word_1_621' title='bbox 2657 2882 2940 2944; x_wconf 86' lang='lat' dir='ltr'><strong>antequam</strong></span> <span class='ocrx_word' id='word_1_622' title='bbox 2963 2876 3121 2932; x_wconf 88' lang='lat' dir='ltr'><strong>istum</strong></span> <span class='ocrx_word' id='word_1_623' title='bbox 3140 2879 3372 2946; x_wconf 88' lang='lat' dir='ltr'><strong>audires,</strong></span> <span class='ocrx_word' id='word_1_624' title='bbox 3399 2898 3568 2936; x_wconf 88' lang='lat' dir='ltr'><strong>unum</strong></span> <span class='ocrx_word' id='word_1_625' title='bbox 3591 2892 3755 2954; x_wconf 87' lang='lat' dir='ltr'><strong>atque</strong></span> <span class='ocrx_word' id='word_1_626' title='bbox 3775 2884 3904 2939; x_wconf 86' lang='lat' dir='ltr'><strong>idem</strong></span> 
     </span>
    </p>
   </div>
   <div class='ocr_carea' id='block_1_78' title="bbox 2315 2963 3907 3046">
    <p class='ocr_par' dir='ltr' id='par_1_78' title="bbox 2315 2963 3907 3046">
     <span class='ocr_line' id='line_1_78' title="bbox 2315 2963 3907 3046; baseline 0.008 -29"><span class='ocrx_word' id='word_1_627' title='bbox 2315 2963 2538 3032; x_wconf 83' lang='lat' dir='ltr'><strong>putabas</strong></span> <span class='ocrx_word' id='word_1_628' title='bbox 2565 2980 2706 3031; x_wconf 88' lang='lat' dir='ltr'><strong>esse,</strong></span> <span class='ocrx_word' id='word_1_629' title='bbox 2731 2981 2839 3036; x_wconf 88' lang='lat' dir='ltr'><strong>quo</strong></span> <span class='ocrx_word' id='word_1_630' title='bbox 2861 2967 3038 3022; x_wconf 87' lang='lat' dir='ltr'><strong>album</strong></span> <span class='ocrx_word' id='word_1_631' title='bbox 3061 2969 3377 3042; x_wconf 80' lang='lat' dir='ltr'><strong>nigrumque</strong></span> <span class='ocrx_word' id='word_1_632' title='bbox 3395 2972 3747 3040; x_wconf 79' lang='lat' dir='ltr'><strong>discernitur,</strong></span> <span class='ocrx_word' id='word_1_633' title='bbox 3775 2975 3907 3046; x_wconf 85' lang='lat' dir='ltr'><strong>quod</strong></span> 
     </span>
    </p>
   </div>
   <div class='ocr_carea' id='block_1_79' title="bbox 2314 3053 3909 3136">
    <p class='ocr_par' dir='ltr' id='par_1_79' title="bbox 2314 3053 3909 3136">
     <span class='ocr_line' id='line_1_79' title="bbox 2314 3053 3909 3136; baseline 0.008 -28"><span class='ocrx_word' id='word_1_634' title='bbox 2314 3053 2592 3110; x_wconf 87' lang='lat' dir='ltr'><strong>nobiscum</strong></span> <span class='ocrx_word' id='word_1_635' title='bbox 2619 3055 2801 3111; x_wconf 83' lang='lat' dir='ltr'><strong>vident</strong></span> <span class='ocrx_word' id='word_1_636' title='bbox 2827 3059 2987 3113; x_wconf 90' lang='lat' dir='ltr'><strong>etiam</strong></span> <span class='ocrx_word' id='word_1_637' title='bbox 3036 3074 3281 3130; x_wconf 77' lang='lat' dir='ltr'><strong>passeres</strong></span> <span class='ocrx_word' id='word_1_638' title='bbox 3303 3063 3352 3128; x_wconf 75' lang='grc' dir='ltr'><strong>ις</strong></span> <span class='ocrx_word' id='word_1_639' title='bbox 3381 3073 3435 3118; x_wconf 88' lang='lat' dir='ltr'><strong>et</strong></span> <span class='ocrx_word' id='word_1_640' title='bbox 3463 3079 3576 3134; x_wconf 87' lang='lat' dir='ltr'><strong>quo</strong></span> <span class='ocrx_word' id='word_1_641' title='bbox 3599 3066 3807 3136; x_wconf 85' lang='lat' dir='ltr'><strong>justum</strong></span> <span class='ocrx_word' id='word_1_642' title='bbox 3835 3077 3909 3119; x_wconf 86' lang='lat' dir='ltr'><strong>at-</strong></span> 
     </span>
    </p>
   </div>
   <div class='ocr_carea' id='block_1_80' title="bbox 2312 3146 3904 3228">
    <p class='ocr_par' dir='ltr' id='par_1_80' title="bbox 2312 3146 3904 3228">
     <span class='ocr_line' id='line_1_80' title="bbox 2312 3146 3904 3228; baseline 0.008 -29"><span class='ocrx_word' id='word_1_643' title='bbox 2312 3161 2416 3216; x_wconf 90' lang='lat' dir='ltr'><strong>que</strong></span> <span class='ocrx_word' id='word_1_644' title='bbox 2442 3146 2694 3216; x_wconf 84' lang='lat' dir='ltr'><strong>injustam</strong></span> <span class='ocrx_word' id='word_1_645' title='bbox 2721 3149 3064 3216; x_wconf 74' lang='lat' dir='ltr'><strong>diiudicatur,</strong></span> <span class='ocrx_word' id='word_1_646' title='bbox 3087 3153 3229 3222; x_wconf 85' lang='lat' dir='ltr'><strong>quod</strong></span> <span class='ocrx_word' id='word_1_647' title='bbox 3251 3155 3463 3210; x_wconf 83' lang='lat' dir='ltr'><strong>videbat</strong></span> <span class='ocrx_word' id='word_1_648' title='bbox 3486 3155 3694 3213; x_wconf 86' lang='lat' dir='ltr'><strong>Tobias</strong></span> <span class='ocrx_word' id='word_1_649' title='bbox 3713 3159 3735 3190; x_wconf 83' lang='grc'><strong><em>²</em></strong></span> <span class='ocrx_word' id='word_1_650' title='bbox 3762 3155 3904 3228; x_wconf 78' lang='lat' dir='ltr'><strong>(Tob.</strong></span> 
     </span>
    </p>
   </div>
   <div class='ocr_carea' id='block_1_81' title="bbox 2308 3237 3906 3318">
    <p class='ocr_par' dir='ltr' id='par_1_81' title="bbox 2308 3237 3906 3318">
     <span class='ocr_line' id='line_1_81' title="bbox 2308 3237 3906 3318; baseline 0.008 -28"><span class='ocrx_word' id='word_1_651' title='bbox 2308 3237 2388 3308; x_wconf 79' lang='grc' dir='ltr'><strong>ιν)</strong></span> <span class='ocrx_word' id='word_1_652' title='bbox 2439 3237 2601 3292; x_wconf 88' lang='lat' dir='ltr'><strong>etiam</strong></span> <span class='ocrx_word' id='word_1_653' title='bbox 2625 3241 2806 3318; x_wconf 77' lang='lat' dir='ltr'><strong>carnis</strong></span> <span class='ocrx_word' id='word_1_654' title='bbox 2847 3240 3134 3298; x_wconf 89' lang='lat' dir='ltr'><strong>luminibus</strong></span> <span class='ocrx_word' id='word_1_655' title='bbox 3165 3244 3404 3314; x_wconf 87' lang='lat' dir='ltr'><strong>perditis.</strong></span> <span class='ocrx_word' id='word_1_656' title='bbox 3437 3247 3556 3303; x_wconf 83' lang='lat' dir='ltr'><strong>Hoc</strong></span> <span class='ocrx_word' id='word_1_657' title='bbox 3611 3249 3659 3304; x_wconf 91' lang='lat' dir='ltr'><strong>si</strong></span> <span class='ocrx_word' id='word_1_658' title='bbox 3707 3250 3780 3304; x_wconf 90' lang='lat' dir='ltr'><strong>ita</strong></span> <span class='ocrx_word' id='word_1_659' title='bbox 3811 3260 3906 3312; x_wconf 83' lang='lat' dir='ltr'><strong>est,</strong></span> 
     </span>
    </p>
   </div>
   <div class='ocr_carea' id='block_1_82' title="bbox 2315 3327 3909 3408">
    <p class='ocr_par' dir='ltr' id='par_1_82' title="bbox 2315 3327 3909 3408">
     <span class='ocr_line' id='line_1_82' title="bbox 2315 3327 3909 3408; baseline 0.008 -25"><span class='ocrx_word' id='word_1_660' title='bbox 2315 3327 2553 3398; x_wconf 76' lang='lat' dir='ltr'><strong>profecto</strong></span> <span class='ocrx_word' id='word_1_661' title='bbox 2582 3331 2794 3400; x_wconf 82' lang='lat' dir='ltr'><strong>quando</strong></span> <span class='ocrx_word' id='word_1_662' title='bbox 2818 3334 3074 3390; x_wconf 81' lang='lat' dir='ltr'><strong>audiebas</strong></span> <span class='ocrx_word' id='word_1_663' title='bbox 3098 3336 3182 3391; x_wconf 86' lang='lat' dir='ltr'><strong>vel</strong></span> <span class='ocrx_word' id='word_1_664' title='bbox 3201 3337 3437 3408; x_wconf 76' lang='lat' dir='ltr'><strong>legebas,</strong></span> <span class='ocrx_word' id='word_1_665' title='bbox 3463 3338 3724 3396; x_wconf 80' lang='lat' dir='ltr'><strong>Illumina</strong></span> <span class='ocrx_word' id='word_1_666' title='bbox 3746 3342 3909 3396; x_wconf 68' lang='lat' dir='ltr'><strong>oculos</strong></span> 
     </span>
    </p>
   </div>
   <div class='ocr_carea' id='block_1_83' title="bbox 2313 3427 3908 3510">
    <p class='ocr_par' dir='ltr' id='par_1_83' title="bbox 2313 3427 3908 3510">
     <span class='ocr_line' id='line_1_83' title="bbox 2313 3427 3908 3510; baseline 0.008 -33"><span class='ocrx_word' id='word_1_667' title='bbox 2313 3440 2471 3492; x_wconf 77' lang='lat' dir='ltr'><strong>meos,</strong></span> <span class='ocrx_word' id='word_1_668' title='bbox 2499 3441 2565 3479; x_wconf 82' lang='lat' dir='ltr'><strong>ne</strong></span> <span class='ocrx_word' id='word_1_669' title='bbox 2585 3441 2809 3494; x_wconf 83' lang='lat' dir='ltr'><strong>unquam</strong></span> <span class='ocrx_word' id='word_1_670' title='bbox 2829 3427 3142 3510; x_wconf 72' lang='lat' dir='ltr'><strong>obdormiam</strong></span> <span class='ocrx_word' id='word_1_671' title='bbox 3167 3431 3220 3484; x_wconf 79' lang='lat' dir='ltr'><strong>in</strong></span> <span class='ocrx_word' id='word_1_672' title='bbox 3238 3441 3448 3485; x_wconf 81' lang='lat' dir='ltr'><strong>mortem</strong></span> <span class='ocrx_word' id='word_1_673' title='bbox 3467 3431 3529 3503; x_wconf 85' lang='grc'><strong>⁸(</strong></span> <span class='ocrx_word' id='word_1_674' title='bbox 3540 3432 3692 3488; x_wconf 75' lang='lat' dir='ltr'><strong>Psal.</strong></span> <span class='ocrx_word' id='word_1_675' title='bbox 3715 3450 3808 3500; x_wconf 81' lang='lat' dir='ltr'><strong>xu,</strong></span> <span class='ocrx_word' id='word_1_676' title='bbox 3835 3431 3908 3506; x_wconf 66' lang='lat'><strong>4):</strong></span> 
     </span>
    </p>
   </div>
   <div class='ocr_carea' id='block_1_84' title="bbox 2311 3517 3908 3592">
    <p class='ocr_par' dir='ltr' id='par_1_84' title="bbox 2311 3517 3908 3592">
     <span class='ocr_line' id='line_1_84' title="bbox 2311 3517 3908 3592; baseline 0.004 -21"><span class='ocrx_word' id='word_1_677' title='bbox 2311 3517 2528 3572; x_wconf 87' lang='lat' dir='ltr'><strong>nonnisi</strong></span> <span class='ocrx_word' id='word_1_678' title='bbox 2557 3519 2736 3574; x_wconf 88' lang='lat' dir='ltr'><strong>carnis</strong></span> <span class='ocrx_word' id='word_1_679' title='bbox 2757 3521 2944 3576; x_wconf 90' lang='lat' dir='ltr'><strong>oculos</strong></span> <span class='ocrx_word' id='word_1_680' title='bbox 2972 3523 3264 3592; x_wconf 82' lang='lat' dir='ltr'><strong>cogitabas.</strong></span> <span class='ocrx_word' id='word_1_681' title='bbox 3291 3525 3398 3578; x_wconf 83' lang='lat' dir='ltr'><strong>Aut</strong></span> <span class='ocrx_word' id='word_1_682' title='bbox 3419 3525 3463 3578; x_wconf 90' lang='lat' dir='ltr'><strong>si</strong></span> <span class='ocrx_word' id='word_1_683' title='bbox 3495 3527 3606 3581; x_wconf 90' lang='lat' dir='ltr'><strong>hoc</strong></span> <span class='ocrx_word' id='word_1_684' title='bbox 3631 3527 3908 3580; x_wconf 87' lang='lat' dir='ltr'><strong>obscurum</strong></span> 
     </span>
    </p>
   </div>
   <div class='ocr_carea' id='block_1_85' title="bbox 2311 3609 3912 3685">
    <p class='ocr_par' dir='ltr' id='par_1_85' title="bbox 2311 3609 3912 3685">
     <span class='ocr_line' id='line_1_85' title="bbox 2311 3609 3912 3685; baseline 0.006 -25"><span class='ocrx_word' id='word_1_685' title='bbox 2311 3615 2424 3674; x_wconf 81' lang='lat' dir='ltr'><strong>est,</strong></span> <span class='ocrx_word' id='word_1_686' title='bbox 2449 3618 2597 3664; x_wconf 89' lang='lat' dir='ltr'><strong>certe</strong></span> <span class='ocrx_word' id='word_1_687' title='bbox 2623 3609 2838 3680; x_wconf 87' lang='lat' dir='ltr'><strong>quando</strong></span> <span class='ocrx_word' id='word_1_688' title='bbox 2867 3611 2994 3666; x_wconf 89' lang='lat' dir='ltr'><strong>illud</strong></span> <span class='ocrx_word' id='word_1_689' title='bbox 3020 3614 3262 3682; x_wconf 87' lang='lat' dir='ltr'><strong>Apostoli</strong></span> <span class='ocrx_word' id='word_1_690' title='bbox 3292 3615 3597 3685; x_wconf 85' lang='lat' dir='ltr'><strong>recolebas,</strong></span> <span class='ocrx_word' id='word_1_691' title='bbox 3639 3615 3912 3671; x_wconf 81' lang='lat' dir='ltr'><strong>Illutnina-</strong></span> 
     </span>
    </p>
   </div>
   <div class='ocr_carea' id='block_1_86' title="bbox 2315 3699 3908 3777">
    <p class='ocr_par' dir='ltr' id='par_1_86' title="bbox 2315 3699 3908 3777">
     <span class='ocr_line' id='line_1_86' title="bbox 2315 3699 3908 3777; baseline 0.007 -28"><span class='ocrx_word' id='word_1_692' title='bbox 2315 3705 2394 3751; x_wconf 82' lang='lat' dir='ltr'><strong>tos</strong></span> <span class='ocrx_word' id='word_1_693' title='bbox 2417 3699 2590 3753; x_wconf 82' lang='lat' dir='ltr'><strong>oculos</strong></span> <span class='ocrx_word' id='word_1_694' title='bbox 2615 3701 2781 3756; x_wconf 79' lang='lat' dir='ltr'><strong>cordis</strong></span> <span class='ocrx_word' id='word_1_695' title='bbox 2807 3702 2954 3757; x_wconf 76' lang='lat' dir='ltr'><strong>uestri</strong></span> <span class='ocrx_word' id='word_1_696' title='bbox 2979 3701 3194 3774; x_wconf 78' lang='lat' dir='ltr'><strong>(Ephes.</strong></span> <span class='ocrx_word' id='word_1_697' title='bbox 3225 3706 3282 3767; x_wconf 82' lang='grc' dir='ltr'><strong>ι.’</strong></span> <span class='ocrx_word' id='word_1_698' title='bbox 3299 3705 3385 3777; x_wconf 75' lang='lat' dir='ltr'><strong>i3)</strong></span> <span class='ocrx_word' id='word_1_699' title='bbox 3409 3721 3425 3772; x_wconf 92' lang='lat'><strong>;</strong></span> <span class='ocrx_word' id='word_1_700' title='bbox 3459 3722 3562 3762; x_wconf 90' lang='lat' dir='ltr'><strong>nos</strong></span> <span class='ocrx_word' id='word_1_701' title='bbox 3608 3707 3712 3762; x_wconf 89' lang='lat' dir='ltr'><strong>sub</strong></span> <span class='ocrx_word' id='word_1_702' title='bbox 3739 3706 3908 3760; x_wconf 84' lang='lat' dir='ltr'><strong>fronte</strong></span> 
     </span>
    </p>
   </div>
   <div class='ocr_carea' id='block_1_87' title="bbox 2309 3791 3912 3860">
    <p class='ocr_par' dir='ltr' id='par_1_87' title="bbox 2309 3791 3912 3860">
     <span class='ocr_line' id='line_1_87' title="bbox 2309 3791 3912 3860; baseline 0.007 -17"><span class='ocrx_word' id='word_1_703' title='bbox 2309 3798 2366 3843; x_wconf 92' lang='lat' dir='ltr'><strong>et</strong></span> <span class='ocrx_word' id='word_1_704' title='bbox 2395 3805 2557 3860; x_wconf 86' lang='lat' dir='ltr'><strong>supra</strong></span> <span class='ocrx_word' id='word_1_705' title='bbox 2595 3791 2791 3848; x_wconf 83' lang='lat' dir='ltr'><strong>buccas</strong></span> <span class='ocrx_word' id='word_1_706' title='bbox 2829 3808 2925 3848; x_wconf 87' lang='lat' dir='ltr'><strong>cor</strong></span> <span class='ocrx_word' id='word_1_707' title='bbox 2969 3795 3165 3850; x_wconf 87' lang='lat' dir='ltr'><strong>habere</strong></span> <span class='ocrx_word' id='word_1_708' title='bbox 3193 3795 3474 3852; x_wconf 88' lang='lat' dir='ltr'><strong>credebas.</strong></span> <span class='ocrx_word' id='word_1_709' title='bbox 3510 3801 3670 3853; x_wconf 81' lang='lat' dir='ltr'><strong>Absit</strong></span> <span class='ocrx_word' id='word_1_710' title='bbox 3699 3808 3758 3854; x_wconf 92' lang='lat' dir='ltr'><strong>ut</strong></span> <span class='ocrx_word' id='word_1_711' title='bbox 3781 3799 3846 3854; x_wconf 90' lang='lat' dir='ltr'><strong>de</strong></span> <span class='ocrx_word' id='word_1_712' title='bbox 3867 3808 3912 3854; x_wconf 87' lang='lat' dir='ltr'><strong>te</strong></span> 
     </span>
    </p>
   </div>
   <div class='ocr_carea' id='block_1_88' title="bbox 2311 3878 3643 3956">
    <p class='ocr_par' dir='ltr' id='par_1_88' title="bbox 2311 3878 3643 3956">
     <span class='ocr_line' id='line_1_88' title="bbox 2311 3878 3643 3956; baseline 0.008 -24"><span class='ocrx_word' id='word_1_713' title='bbox 2311 3878 2416 3935; x_wconf 93' lang='lat' dir='ltr'><strong>hoc</strong></span> <span class='ocrx_word' id='word_1_714' title='bbox 2435 3881 2684 3936; x_wconf 85' lang='lat' dir='ltr'><strong>sentiam.</strong></span> <span class='ocrx_word' id='word_1_715' title='bbox 2708 3881 2892 3954; x_wconf 85' lang='lat' dir='ltr'><strong>Neque</strong></span> <span class='ocrx_word' id='word_1_716' title='bbox 2917 3884 3019 3939; x_wconf 90' lang='lat' dir='ltr'><strong>hoc</strong></span> <span class='ocrx_word' id='word_1_717' title='bbox 3045 3893 3099 3940; x_wconf 90' lang='lat' dir='ltr'><strong>te</strong></span> <span class='ocrx_word' id='word_1_718' title='bbox 3125 3885 3282 3956; x_wconf 82' lang='lat' dir='ltr'><strong>igitur</strong></span> <span class='ocrx_word' id='word_1_719' title='bbox 3307 3889 3405 3941; x_wconf 81' lang='lat' dir='ltr'><strong>iste</strong></span> <span class='ocrx_word' id='word_1_720' title='bbox 3433 3887 3643 3942; x_wconf 83' lang='lat' dir='ltr'><strong>docuit.</strong></span> 
     </span>
    </p>
   </div>
   <div class='ocr_carea' id='block_1_89' title="bbox 2380 3971 3914 4050">
    <p class='ocr_par' dir='ltr' id='par_1_89' title="bbox 2380 3971 3914 4050">
     <span class='ocr_line' id='line_1_89' title="bbox 2380 3971 3914 4050; baseline 0.004 -23"><span class='ocrx_word' id='word_1_721' title='bbox 2380 3971 2435 4027; x_wconf 70' lang='grc'><strong>4.</strong></span> <span class='ocrx_word' id='word_1_722' title='bbox 2475 3973 2544 4026; x_wconf 81' lang='lat' dir='ltr'><strong>At</strong></span> <span class='ocrx_word' id='word_1_723' title='bbox 2573 3973 2619 4027; x_wconf 91' lang='lat' dir='ltr'><strong>si</strong></span> <span class='ocrx_word' id='word_1_724' title='bbox 2647 3973 2784 4029; x_wconf 89' lang='lat' dir='ltr'><strong>forte</strong></span> <span class='ocrx_word' id='word_1_725' title='bbox 2826 3984 2951 4030; x_wconf 88' lang='lat' dir='ltr'><strong>ante</strong></span> <span class='ocrx_word' id='word_1_726' title='bbox 2999 3975 3155 4046; x_wconf 88' lang='lat' dir='ltr'><strong>hujus</strong></span> <span class='ocrx_word' id='word_1_727' title='bbox 3199 3976 3516 4044; x_wconf 88' lang='lat' dir='ltr'><strong>doctrinam,</strong></span> <span class='ocrx_word' id='word_1_728' title='bbox 3552 3995 3719 4050; x_wconf 88' lang='lat' dir='ltr'><strong>quam</strong></span> <span class='ocrx_word' id='word_1_729' title='bbox 3763 3980 3914 4036; x_wconf 85' lang='lat' dir='ltr'><strong>modo</strong></span> 
     </span>
    </p>
   </div>
   <div class='ocr_carea' id='block_1_90' title="bbox 2313 4066 3914 4142">
    <p class='ocr_par' dir='ltr' id='par_1_90' title="bbox 2313 4066 3914 4142">
     <span class='ocr_line' id='line_1_90' title="bbox 2313 4066 3914 4142; baseline 0.004 -22"><span class='ocrx_word' id='word_1_730' title='bbox 2313 4074 2365 4120; x_wconf 90' lang='lat' dir='ltr'><strong>te</strong></span> <span class='ocrx_word' id='word_1_731' title='bbox 2393 4066 2660 4121; x_wconf 76' lang='lat' dir='ltr'><strong>invenisse</strong></span> <span class='ocrx_word' id='word_1_732' title='bbox 2686 4067 2909 4133; x_wconf 69' lang='lat' dir='ltr'><strong>laetaris,</strong></span> <span class='ocrx_word' id='word_1_733' title='bbox 2939 4067 3132 4124; x_wconf 74' lang='lat' dir='ltr'><strong>anima:</strong></span> <span class='ocrx_word' id='word_1_734' title='bbox 3157 4081 3398 4125; x_wconf 83' lang='lat' dir='ltr'><strong>naturain</strong></span> <span class='ocrx_word' id='word_1_735' title='bbox 3426 4072 3522 4126; x_wconf 85' lang='lat' dir='ltr'><strong>Dei</strong></span> <span class='ocrx_word' id='word_1_736' title='bbox 3551 4074 3783 4142; x_wconf 85' lang='lat' dir='ltr'><strong>putabas</strong></span> <span class='ocrx_word' id='word_1_737' title='bbox 3805 4087 3914 4127; x_wconf 84' lang='lat' dir='ltr'><strong>esse</strong></span> 
     </span>
    </p>
   </div>
   <div class='ocr_carea' id='block_1_91' title="bbox 2311 4155 3915 4233">
    <p class='ocr_par' dir='ltr' id='par_1_91' title="bbox 2311 4155 3915 4233">
     <span class='ocr_line' id='line_1_91' title="bbox 2311 4155 3915 4233; baseline 0.005 -26"><span class='ocrx_word' id='word_1_738' title='bbox 2311 4155 2647 4224; x_wconf 84' lang='lat' dir='ltr'><strong>partionem;</strong></span> <span class='ocrx_word' id='word_1_739' title='bbox 2680 4156 2784 4233; x_wconf 68' lang='lat' dir='ltr'><strong>hoc</strong></span> <span class='ocrx_word' id='word_1_740' title='bbox 2823 4159 2980 4228; x_wconf 88' lang='lat' dir='ltr'><strong>plane</strong></span> <span class='ocrx_word' id='word_1_741' title='bbox 3006 4174 3128 4216; x_wconf 89' lang='lat' dir='ltr'><strong>cum</strong></span> <span class='ocrx_word' id='word_1_742' title='bbox 3151 4159 3421 4216; x_wconf 89' lang='lat' dir='ltr'><strong>horrendo</strong></span> <span class='ocrx_word' id='word_1_743' title='bbox 3447 4163 3700 4232; x_wconf 85' lang='lat' dir='ltr'><strong>periculo</strong></span> <span class='ocrx_word' id='word_1_744' title='bbox 3732 4165 3915 4219; x_wconf 86' lang='lat' dir='ltr'><strong>falsum</strong></span> 
     </span>
    </p>
   </div>
   <div class='ocr_carea' id='block_1_92' title="bbox 2310 4245 3918 4324">
    <p class='ocr_par' dir='ltr' id='par_1_92' title="bbox 2310 4245 3918 4324">
     <span class='ocr_line' id='line_1_92' title="bbox 2310 4245 3918 4324; baseline 0.006 -24"><span class='ocrx_word' id='word_1_745' title='bbox 2310 4260 2432 4302; x_wconf 83' lang='lat' dir='ltr'><strong>esse</strong></span> <span class='ocrx_word' id='word_1_746' title='bbox 2456 4245 2752 4303; x_wconf 88' lang='lat' dir='ltr'><strong>nesciebas.</strong></span> <span class='ocrx_word' id='word_1_747' title='bbox 2776 4249 2844 4303; x_wconf 86' lang='lat' dir='ltr'><strong>Et</strong></span> <span class='ocrx_word' id='word_1_748' title='bbox 2864 4250 2906 4303; x_wconf 87' lang='lat' dir='ltr'><strong>si</strong></span> <span class='ocrx_word' id='word_1_749' title='bbox 2934 4251 3002 4305; x_wconf 92' lang='lat' dir='ltr'><strong>ab</strong></span> <span class='ocrx_word' id='word_1_750' title='bbox 3025 4251 3129 4305; x_wconf 90' lang='lat' dir='ltr'><strong>isto</strong></span> <span class='ocrx_word' id='word_1_751' title='bbox 3147 4249 3376 4307; x_wconf 72' lang='lat' dir='ltr'><strong>dididsti</strong></span> <span class='ocrx_word' id='word_1_752' title='bbox 3399 4253 3542 4323; x_wconf 84' lang='lat' dir='ltr'><strong>quod</strong></span> <span class='ocrx_word' id='word_1_753' title='bbox 3588 4256 3775 4308; x_wconf 86' lang='lat' dir='ltr'><strong>anima</strong></span> <span class='ocrx_word' id='word_1_754' title='bbox 3805 4269 3918 4324; x_wconf 82' lang='lat' dir='ltr'><strong>por—</strong></span> 
     </span>
    </p>
   </div>
   <div class='ocr_carea' id='block_1_93' title="bbox 2314 4336 3919 4414">
    <p class='ocr_par' dir='ltr' id='par_1_93' title="bbox 2314 4336 3919 4414">
     <span class='ocr_line' id='line_1_93' title="bbox 2314 4336 3919 4414; baseline 0.004 -24"><span class='ocrx_word' id='word_1_755' title='bbox 2314 4336 2388 4392; x_wconf 90' lang='lat' dir='ltr'><strong>tio</strong></span> <span class='ocrx_word' id='word_1_756' title='bbox 2421 4337 2514 4392; x_wconf 88' lang='lat' dir='ltr'><strong>Dei</strong></span> <span class='ocrx_word' id='word_1_757' title='bbox 2545 4352 2648 4392; x_wconf 90' lang='lat' dir='ltr'><strong>non</strong></span> <span class='ocrx_word' id='word_1_758' title='bbox 2679 4340 2779 4404; x_wconf 89' lang='lat' dir='ltr'><strong>sit;</strong></span> <span class='ocrx_word' id='word_1_759' title='bbox 2805 4355 2905 4411; x_wconf 79' lang='lat' dir='ltr'><strong>age</strong></span> <span class='ocrx_word' id='word_1_760' title='bbox 2942 4341 3052 4396; x_wconf 90' lang='lat' dir='ltr'><strong>Deo</strong></span> <span class='ocrx_word' id='word_1_761' title='bbox 3080 4343 3278 4412; x_wconf 76' lang='lat' dir='ltr'><strong>gratias</strong></span> <span class='ocrx_word' id='word_1_762' title='bbox 3302 4351 3530 4413; x_wconf 88' lang='lat' dir='ltr'><strong>quantas</strong></span> <span class='ocrx_word' id='word_1_763' title='bbox 3563 4354 3752 4414; x_wconf 89' lang='lat' dir='ltr'><strong>potes,</strong></span> <span class='ocrx_word' id='word_1_764' title='bbox 3785 4343 3919 4414; x_wconf 87' lang='lat' dir='ltr'><strong>quod</strong></span> 
     </span>
    </p>
   </div>
   <div class='ocr_carea' id='block_1_94' title="bbox 2313 4428 3920 4502">
    <p class='ocr_par' dir='ltr' id='par_1_94' title="bbox 2313 4428 3920 4502">
     <span class='ocr_line' id='line_1_94' title="bbox 2313 4428 3920 4502; baseline 0.004 -23"><span class='ocrx_word' id='word_1_765' title='bbox 2313 4440 2416 4480; x_wconf 90' lang='lat' dir='ltr'><strong>non</strong></span> <span class='ocrx_word' id='word_1_766' title='bbox 2439 4437 2722 4498; x_wconf 85' lang='lat' dir='ltr'><strong>antequam</strong></span> <span class='ocrx_word' id='word_1_767' title='bbox 2743 4428 2847 4484; x_wconf 89' lang='lat' dir='ltr'><strong>hoc</strong></span> <span class='ocrx_word' id='word_1_768' title='bbox 2869 4431 3120 4497; x_wconf 89' lang='lat' dir='ltr'><strong>didicisti,</strong></span> <span class='ocrx_word' id='word_1_769' title='bbox 3147 4431 3215 4486; x_wconf 89' lang='lat' dir='ltr'><strong>de</strong></span> <span class='ocrx_word' id='word_1_770' title='bbox 3240 4447 3465 4502; x_wconf 87' lang='lat' dir='ltr'><strong>corpore</strong></span> <span class='ocrx_word' id='word_1_771' title='bbox 3494 4436 3684 4492; x_wconf 81' lang='lat' dir='ltr'><strong>existi.</strong></span> <span class='ocrx_word' id='word_1_772' title='bbox 3708 4436 3920 4490; x_wconf 72' lang='lat' dir='ltr'><strong>Exisses</strong></span> 
     </span>
    </p>
   </div>
   <div class='ocr_carea' id='block_1_95' title="bbox 2311 4517 3919 4592">
    <p class='ocr_par' dir='ltr' id='par_1_95' title="bbox 2311 4517 3919 4592">
     <span class='ocr_line' id='line_1_95' title="bbox 2311 4517 3919 4592; baseline 0.004 -20"><span class='ocrx_word' id='word_1_773' title='bbox 2311 4517 2455 4572; x_wconf 85' lang='lat' dir='ltr'><strong>enim</strong></span> <span class='ocrx_word' id='word_1_774' title='bbox 2482 4531 2706 4588; x_wconf 76' lang='lat' dir='ltr'><strong>magnus</strong></span> <span class='ocrx_word' id='word_1_775' title='bbox 2729 4521 3008 4575; x_wconf 78' lang='lat' dir='ltr'><strong>lucreticus</strong></span> <span class='ocrx_word' id='word_1_776' title='bbox 3027 4561 3043 4587; x_wconf 91' lang='lat'><strong>,</strong></span> <span class='ocrx_word' id='word_1_777' title='bbox 3075 4531 3131 4576; x_wconf 91' lang='lat' dir='ltr'><strong>et</strong></span> <span class='ocrx_word' id='word_1_778' title='bbox 3159 4521 3567 4592; x_wconf 83' lang='lat' dir='ltr'><strong>blasphematur</strong></span> <span class='ocrx_word' id='word_1_779' title='bbox 3600 4526 3919 4580; x_wconf 81' lang='lat' dir='ltr'><strong>horrendus.</strong></span> 
     </span>
    </p>
   </div>
   <div class='ocr_carea' id='block_1_96' title="bbox 2311 4603 3919 4676">
    <p class='ocr_par' dir='ltr' id='par_1_96' title="bbox 2311 4603 3919 4676">
     <span class='ocr_line' id='line_1_96' title="bbox 2311 4603 3919 4676; baseline 0.004 -17"><span class='ocrx_word' id='word_1_780' title='bbox 2311 4603 2468 4659; x_wconf 78' lang='lat' dir='ltr'><strong>Nullo</strong></span> <span class='ocrx_word' id='word_1_781' title='bbox 2511 4607 2671 4664; x_wconf 89' lang='lat' dir='ltr'><strong>modo</strong></span> <span class='ocrx_word' id='word_1_782' title='bbox 2723 4621 2900 4666; x_wconf 89' lang='lat' dir='ltr'><strong>tamen</strong></span> <span class='ocrx_word' id='word_1_783' title='bbox 2946 4612 3106 4666; x_wconf 82' lang='lat' dir='ltr'><strong>etiam</strong></span> <span class='ocrx_word' id='word_1_784' title='bbox 3155 4612 3207 4667; x_wconf 89' lang='lat' dir='ltr'><strong>id</strong></span> <span class='ocrx_word' id='word_1_785' title='bbox 3251 4613 3318 4669; x_wconf 90' lang='lat' dir='ltr'><strong>de</strong></span> <span class='ocrx_word' id='word_1_786' title='bbox 3362 4623 3414 4670; x_wconf 86' lang='lat' dir='ltr'><strong>te</strong></span> <span class='ocrx_word' id='word_1_787' title='bbox 3453 4615 3919 4676; x_wconf 70' lang='lat' dir='ltr'><strong>existimat-crint,</strong></span> 
     </span>
    </p>
   </div>
   <div class='ocr_carea' id='block_1_97' title="bbox 2311 4697 3923 4780">
    <p class='ocr_par' dir='ltr' id='par_1_97' title="bbox 2311 4697 3923 4780">
     <span class='ocr_line' id='line_1_97' title="bbox 2311 4697 3923 4780; baseline 0.009 -30"><span class='ocrx_word' id='word_1_788' title='bbox 2311 4697 2456 4766; x_wconf 89' lang='lat' dir='ltr'><strong>quod</strong></span> <span class='ocrx_word' id='word_1_789' title='bbox 2493 4697 2657 4755; x_wconf 87' lang='lat' dir='ltr'><strong>homo</strong></span> <span class='ocrx_word' id='word_1_790' title='bbox 2681 4701 2977 4758; x_wconf 88' lang='lat' dir='ltr'><strong>catholicus</strong></span> <span class='ocrx_word' id='word_1_791' title='bbox 2998 4743 3014 4770; x_wconf 92' lang='lat'><strong>,</strong></span> <span class='ocrx_word' id='word_1_792' title='bbox 3044 4718 3216 4773; x_wconf 89' lang='lat' dir='ltr'><strong>neque</strong></span> <span class='ocrx_word' id='word_1_793' title='bbox 3240 4707 3671 4778; x_wconf 86' lang='lat' dir='ltr'><strong>contemptibilis</strong></span> <span class='ocrx_word' id='word_1_794' title='bbox 3701 4709 3923 4780; x_wconf 81' lang='lat' dir='ltr'><strong>presby-</strong></span> 
     </span>
    </p>
   </div>
   <div class='ocr_carea' id='block_1_98' title="bbox 2314 4793 3919 4866">
    <p class='ocr_par' dir='ltr' id='par_1_98' title="bbox 2314 4793 3919 4866">
     <span class='ocr_line' id='line_1_98' title="bbox 2314 4793 3919 4866; baseline 0.004 -22"><span class='ocrx_word' id='word_1_795' title='bbox 2314 4797 2416 4858; x_wconf 89' lang='lat' dir='ltr'><strong>ter,</strong></span> <span class='ocrx_word' id='word_1_796' title='bbox 2461 4793 2654 4848; x_wconf 64' lang='lat' dir='ltr'><strong>animae</strong></span> <span class='ocrx_word' id='word_1_797' title='bbox 2699 4804 2945 4850; x_wconf 85' lang='lat' dir='ltr'><strong>naturam</strong></span> <span class='ocrx_word' id='word_1_798' title='bbox 2993 4797 3288 4866; x_wconf 89' lang='lat' dir='ltr'><strong>portionem</strong></span> <span class='ocrx_word' id='word_1_799' title='bbox 3331 4797 3428 4854; x_wconf 89' lang='lat' dir='ltr'><strong>Dei</strong></span> <span class='ocrx_word' id='word_1_800' title='bbox 3455 4801 3742 4859; x_wconf 86' lang='lat' dir='ltr'><strong>sentiebas</strong></span> <span class='ocrx_word' id='word_1_801' title='bbox 3785 4815 3919 4854; x_wconf 89' lang='lat' dir='ltr'><strong>esse.</strong></span> 
     </span>
    </p>
   </div>
   <div class='ocr_carea' id='block_1_99' title="bbox 2311 4873 3925 4956">
    <p class='ocr_par' dir='ltr' id='par_1_99' title="bbox 2311 4873 3925 4956">
     <span class='ocr_line' id='line_1_99' title="bbox 2311 4873 3925 4956; baseline 0.002 -16"><span class='ocrx_word' id='word_1_802' title='bbox 2311 4883 2468 4940; x_wconf 81' lang='lat' dir='ltr'><strong>Unde</strong></span> <span class='ocrx_word' id='word_1_803' title='bbox 2507 4884 2678 4940; x_wconf 91' lang='lat' dir='ltr'><strong>fateor</strong></span> <span class='ocrx_word' id='word_1_804' title='bbox 2726 4887 3002 4943; x_wconf 90' lang='lat' dir='ltr'><strong>Dilectioni</strong></span> <span class='ocrx_word' id='word_1_805' title='bbox 3052 4897 3178 4956; x_wconf 70' lang='lat' dir='ltr'><strong>tuae,</strong></span> <span class='ocrx_word' id='word_1_806' title='bbox 3225 4889 3386 4945; x_wconf 91' lang='lat' dir='ltr'><strong>timeo</strong></span> <span class='ocrx_word' id='word_1_807' title='bbox 3429 4873 3498 4945; x_wconf 89' lang='lat' dir='ltr'><strong>ne</strong></span> <span class='ocrx_word' id='word_1_808' title='bbox 3545 4891 3692 4948; x_wconf 80' lang='lat' dir='ltr'><strong>forte</strong></span> <span class='ocrx_word' id='word_1_809' title='bbox 3735 4893 3841 4946; x_wconf 86' lang='lat' dir='ltr'><strong>hoc</strong></span> <span class='ocrx_word' id='word_1_810' title='bbox 3876 4899 3925 4944; x_wconf 87' lang='lat' dir='ltr'><strong>te</strong></span> 
     </span>
    </p>
   </div>
   <div class='ocr_carea' id='block_1_100' title="bbox 2315 4975 3924 5050">
    <p class='ocr_par' dir='ltr' id='par_1_100' title="bbox 2315 4975 3924 5050">
     <span class='ocr_line' id='line_1_100' title="bbox 2315 4975 3924 5050; baseline 0 -18"><span class='ocrx_word' id='word_1_811' title='bbox 2315 4975 2417 5032; x_wconf 78' lang='lat' dir='ltr'><strong>iste</strong></span> <span class='ocrx_word' id='word_1_812' title='bbox 2442 4975 2704 5043; x_wconf 87' lang='lat' dir='ltr'><strong>docuerit,</strong></span> <span class='ocrx_word' id='word_1_813' title='bbox 2728 4977 2872 5048; x_wconf 91' lang='lat' dir='ltr'><strong>quod</strong></span> <span class='ocrx_word' id='word_1_814' title='bbox 2895 4979 3070 5048; x_wconf 87' lang='lat' dir='ltr'><strong>potius</strong></span> <span class='ocrx_word' id='word_1_815' title='bbox 3095 4979 3164 5034; x_wconf 90' lang='lat' dir='ltr'><strong>sit</strong></span> <span class='ocrx_word' id='word_1_816' title='bbox 3186 4981 3509 5034; x_wconf 88' lang='lat' dir='ltr'><strong>contrarium</strong></span> <span class='ocrx_word' id='word_1_817' title='bbox 3531 4981 3586 5036; x_wconf 90' lang='lat' dir='ltr'><strong>ei</strong></span> <span class='ocrx_word' id='word_1_818' title='bbox 3616 4984 3743 5037; x_wconf 88' lang='lat' dir='ltr'><strong>tidei</strong></span> <span class='ocrx_word' id='word_1_819' title='bbox 3769 4995 3924 5050; x_wconf 85' lang='lat' dir='ltr'><strong>quam</strong></span> 
     </span>
    </p>
   </div>
   <div class='ocr_carea' id='block_1_101' title="bbox 2316 5069 3262 5125">
    <p class='ocr_par' dir='ltr' id='par_1_101' title="bbox 2316 5069 3262 5125">
     <span class='ocr_line' id='line_1_101' title="bbox 2316 5069 3262 5125; baseline -0.005 0"><span class='ocrx_word' id='word_1_820' title='bbox 2316 5069 2558 5125; x_wconf 85' lang='lat' dir='ltr'><strong>tenebas.</strong></span> <span class='ocrx_word' id='word_1_821' title='bbox 3258 5117 3262 5120; x_wconf 81' lang='lat'><strong>.</strong></span> 
     </span>
    </p>
   </div>
   <div class='ocr_carea' id='block_1_102' title="bbox 2387 5157 3926 5218">
    <p class='ocr_par' dir='ltr' id='par_1_102' title="bbox 2387 5157 3926 5218">
     <span class='ocr_line' id='line_1_102' title="bbox 2387 5157 3926 5218; baseline 0 -4"><span class='ocrx_word' id='word_1_822' title='bbox 2387 5158 2612 5214; x_wconf 77' lang='lat' dir='ltr'><strong>CAPUT</strong></span> <span class='ocrx_word' id='word_1_823' title='bbox 2639 5157 2728 5214; x_wconf 81' lang='lat' dir='ltr'><strong>III.</strong></span> <span class='ocrx_word' id='word_1_824' title='bbox 2749 5189 2823 5200; x_wconf 88' lang='lat'>—</span> <span class='ocrx_word' id='word_1_825' title='bbox 2845 5159 2902 5216; x_wconf 87' lang='lat'><strong>5.</strong></span> <span class='ocrx_word' id='word_1_826' title='bbox 2933 5159 3080 5216; x_wconf 91' lang='lat' dir='ltr'><strong>Sicut</strong></span> <span class='ocrx_word' id='word_1_827' title='bbox 3121 5161 3264 5218; x_wconf 89' lang='lat' dir='ltr'><strong>enim</strong></span> <span class='ocrx_word' id='word_1_828' title='bbox 3307 5177 3412 5216; x_wconf 91' lang='lat' dir='ltr'><strong>non</strong></span> <span class='ocrx_word' id='word_1_829' title='bbox 3443 5161 3690 5218; x_wconf 89' lang='lat' dir='ltr'><strong>arbitror</strong></span> <span class='ocrx_word' id='word_1_830' title='bbox 3733 5173 3788 5218; x_wconf 90' lang='lat' dir='ltr'><strong>te</strong></span> <span class='ocrx_word' id='word_1_831' title='bbox 3830 5178 3926 5215; x_wconf 85' lang='lat' dir='ltr'><strong>un-</strong></span> 
     </span>
    </p>
   </div>
   <div class='ocr_carea' id='block_1_103' title="bbox 2317 5251 3926 5324">
    <p class='ocr_par' dir='ltr' id='par_1_103' title="bbox 2317 5251 3926 5324">
     <span class='ocr_line' id='line_1_103' title="bbox 2317 5251 3926 5324; baseline 0 -18"><span class='ocrx_word' id='word_1_832' title='bbox 2317 5268 2474 5322; x_wconf 90' lang='lat' dir='ltr'><strong>quam</strong></span> <span class='ocrx_word' id='word_1_833' title='bbox 2506 5252 2562 5306; x_wconf 89' lang='lat' dir='ltr'><strong>in</strong></span> <span class='ocrx_word' id='word_1_834' title='bbox 2588 5251 2862 5307; x_wconf 83' lang='lat' dir='ltr'><strong>Catholica</strong></span> <span class='ocrx_word' id='word_1_835' title='bbox 2907 5251 3139 5312; x_wconf 88' lang='lat' dir='ltr'><strong>animam</strong></span> <span class='ocrx_word' id='word_1_836' title='bbox 3184 5252 3478 5308; x_wconf 88' lang='lat' dir='ltr'><strong>credidisse</strong></span> <span class='ocrx_word' id='word_1_837' title='bbox 3507 5253 3608 5308; x_wconf 85' lang='lat' dir='ltr'><strong>Dei</strong></span> <span class='ocrx_word' id='word_1_838' title='bbox 3636 5269 3766 5308; x_wconf 87' lang='lat' dir='ltr'><strong>esse</strong></span> <span class='ocrx_word' id='word_1_839' title='bbox 3803 5267 3926 5324; x_wconf 82' lang='lat' dir='ltr'><strong>por-</strong></span> 
     </span>
    </p>
   </div>
   <div class='ocr_carea' id='block_1_104' title="bbox 2319 5343 3929 5408">
    <p class='ocr_par' dir='ltr' id='par_1_104' title="bbox 2319 5343 3929 5408">
     <span class='ocr_line' id='line_1_104' title="bbox 2319 5343 3929 5408; baseline 0.001 -12"><span class='ocrx_word' id='word_1_840' title='bbox 2319 5343 2538 5408; x_wconf 90' lang='lat' dir='ltr'><strong>tionem,</strong></span> <span class='ocrx_word' id='word_1_841' title='bbox 2571 5343 2654 5398; x_wconf 75' lang='lat' dir='ltr'><strong>vel</strong></span> <span class='ocrx_word' id='word_1_842' title='bbox 2685 5343 2792 5397; x_wconf 91' lang='lat' dir='ltr'><strong>ullo</strong></span> <span class='ocrx_word' id='word_1_843' title='bbox 2818 5343 2977 5398; x_wconf 90' lang='lat' dir='ltr'><strong>modo</strong></span> <span class='ocrx_word' id='word_1_844' title='bbox 3025 5344 3218 5398; x_wconf 66' lang='lat' dir='ltr'><strong>anima:</strong></span> <span class='ocrx_word' id='word_1_845' title='bbox 3271 5353 3327 5398; x_wconf 90' lang='lat' dir='ltr'><strong>et</strong></span> <span class='ocrx_word' id='word_1_846' title='bbox 3373 5344 3465 5399; x_wconf 89' lang='lat' dir='ltr'><strong>Dei</strong></span> <span class='ocrx_word' id='word_1_847' title='bbox 3505 5346 3772 5400; x_wconf 81' lang='lat' dir='ltr'><strong>eamdem</strong></span> <span class='ocrx_word' id='word_1_848' title='bbox 3814 5359 3929 5398; x_wconf 81' lang='lat' dir='ltr'><strong>esse</strong></span> 
     </span>
    </p>
   </div>
   <div class='ocr_carea' id='block_1_105' title="bbox 2321 5417 3926 5496">
    <p class='ocr_par' dir='ltr' id='par_1_105' title="bbox 2321 5417 3926 5496">
     <span class='ocr_line' id='line_1_105' title="bbox 2321 5417 3926 5496; baseline -0.001 -9"><span class='ocrx_word' id='word_1_849' title='bbox 2321 5417 2562 5487; x_wconf 73' lang='lat' dir='ltr'><strong>naturam</strong></span> <span class='ocrx_word' id='word_1_850' title='bbox 2585 5433 2688 5488; x_wconf 89' lang='lat' dir='ltr'><strong>:ita</strong></span> <span class='ocrx_word' id='word_1_851' title='bbox 2709 5441 2886 5488; x_wconf 86' lang='lat' dir='ltr'><strong>metuo</strong></span> <span class='ocrx_word' id='word_1_852' title='bbox 2913 5449 2979 5489; x_wconf 88' lang='lat' dir='ltr'><strong>ne</strong></span> <span class='ocrx_word' id='word_1_853' title='bbox 3005 5432 3142 5488; x_wconf 86' lang='lat' dir='ltr'><strong>forte</strong></span> <span class='ocrx_word' id='word_1_854' title='bbox 3169 5435 3502 5488; x_wconf 89' lang='lat' dir='ltr'><strong>consenseris</strong></span> <span class='ocrx_word' id='word_1_855' title='bbox 3536 5434 3673 5488; x_wconf 83' lang='lat' dir='ltr'><strong>huic</strong></span> <span class='ocrx_word' id='word_1_856' title='bbox 3706 5435 3926 5496; x_wconf 83' lang='lat' dir='ltr'><strong>homini,</strong></span> 
     </span>
    </p>
   </div>
   <div class='ocr_carea' id='block_1_106' title="bbox 2327 5522 3927 5594">
    <p class='ocr_par' dir='ltr' id='par_1_106' title="bbox 2327 5522 3927 5594">
     <span class='ocr_line' id='line_1_106' title="bbox 2327 5522 3927 5594; baseline 0.001 -20"><span class='ocrx_word' id='word_1_857' title='bbox 2327 5542 2345 5574; x_wconf 79' lang='grc' dir='ltr'><strong>ι</strong></span> <span class='ocrx_word' id='word_1_858' title='bbox 2371 5522 2510 5594; x_wconf 90' lang='lat' dir='ltr'><strong>quod</strong></span> <span class='ocrx_word' id='word_1_859' title='bbox 2539 5523 2769 5580; x_wconf 88' lang='lat' dir='ltr'><strong>animam</strong></span> <span class='ocrx_word' id='word_1_860' title='bbox 2801 5525 2941 5580; x_wconf 88' lang='lat' dir='ltr'><strong>Deus</strong></span> <span class='ocrx_word' id='word_1_861' title='bbox 2965 5540 3070 5580; x_wconf 92' lang='lat' dir='ltr'><strong>non</strong></span> <span class='ocrx_word' id='word_1_862' title='bbox 3097 5525 3166 5581; x_wconf 88' lang='lat' dir='ltr'><strong>de</strong></span> <span class='ocrx_word' id='word_1_863' title='bbox 3191 5526 3356 5580; x_wconf 88' lang='lat' dir='ltr'><strong>nihilo</strong></span> <span class='ocrx_word' id='word_1_864' title='bbox 3376 5524 3596 5591; x_wconf 80' lang='lat' dir='ltr'><strong>fecerit,</strong></span> <span class='ocrx_word' id='word_1_865' title='bbox 3639 5530 3737 5581; x_wconf 85' lang='lat' dir='ltr'><strong>sed</strong></span> <span class='ocrx_word' id='word_1_866' title='bbox 3769 5531 3837 5580; x_wconf 86' lang='lat' dir='ltr'><strong>ita</strong></span> <span class='ocrx_word' id='word_1_867' title='bbox 3865 5542 3927 5576; x_wconf 62' lang='lat' dir='ltr'><strong>es</strong></span> 
     </span>
    </p>
   </div>
   <div class='ocr_carea' id='block_1_107' title="bbox 2385 5632 3926 5700">
    <p class='ocr_par' dir='ltr' id='par_1_107' title="bbox 2385 5632 3926 5700">
     <span class='ocr_line' id='line_1_107' title="bbox 2385 5632 3926 5700; baseline 0.001 -16"><span class='ocrx_word' id='word_1_868' title='bbox 2385 5635 2403 5666; x_wconf 74' lang='grc'>⁸</span> <span class='ocrx_word' id='word_1_869' title='bbox 2437 5632 2541 5684; x_wconf 85' lang='lat' dir='ltr'><strong>Sola</strong></span> <span class='ocrx_word' id='word_1_870' title='bbox 2567 5635 2716 5700; x_wconf 62' lang='lat' dir='ltr'><strong>qlitio</strong></span> <span class='ocrx_word' id='word_1_871' title='bbox 2734 5642 2863 5700; x_wconf 52' lang='grc' dir='ltr'>ωιτη</span> <span class='ocrx_word' id='word_1_872' title='bbox 2885 5637 3237 5700; x_wconf 67' lang='lat' dir='ltr'><strong>quonobixum</strong></span> <span class='ocrx_word' id='word_1_873' title='bbox 3253 5635 3410 5687; x_wconf 79' lang='lat' dir='ltr'><strong>eidem</strong></span> <span class='ocrx_word' id='word_1_874' title='bbox 3431 5645 3477 5688; x_wconf 82' lang='lat' dir='ltr'><strong>et</strong></span> <span class='ocrx_word' id='word_1_875' title='bbox 3508 5650 3766 5700; x_wconf 74' lang='lat' dir='ltr'><strong>passeres.</strong></span> <span class='ocrx_word' id='word_1_876' title='bbox 3789 5649 3842 5688; x_wconf 68' lang='lat' dir='ltr'><strong>Et</strong></span> <span class='ocrx_word' id='word_1_877' title='bbox 3864 5652 3926 5687; x_wconf 85' lang='lat' dir='ltr'><strong>m-</strong></span> 
     </span>
    </p>
   </div>
   <div class='ocr_carea' id='block_1_108' title="bbox 2320 5693 3870 5762">
    <p class='ocr_par' dir='ltr' id='par_1_108' title="bbox 2320 5693 3870 5762">
     <span class='ocr_line' id='line_1_108' title="bbox 2320 5693 3870 5762; baseline 0.003 -18"><span class='ocrx_word' id='word_1_878' title='bbox 2320 5693 2411 5762; x_wconf 83' lang='lat' dir='ltr'><strong>fra,</strong></span> <span class='ocrx_word' id='word_1_879' title='bbox 2434 5708 2528 5760; x_wconf 84' lang='lat' dir='ltr'><strong>quo</strong></span> <span class='ocrx_word' id='word_1_880' title='bbox 2545 5695 2732 5747; x_wconf 80' lang='lat' dir='ltr'><strong>uidebat</strong></span> <span class='ocrx_word' id='word_1_881' title='bbox 2755 5693 2934 5749; x_wconf 73' lang='lat' dir='ltr'><strong>Tobias.</strong></span> <span class='ocrx_word' id='word_1_882' title='bbox 2955 5708 3053 5748; x_wconf 68' lang='lat' dir='ltr'><strong>Non</strong></span> <span class='ocrx_word' id='word_1_883' title='bbox 3076 5699 3221 5761; x_wconf 85' lang='lat' dir='ltr'><strong>male,</strong></span> <span class='ocrx_word' id='word_1_884' title='bbox 3245 5693 3599 5750; x_wconf 67' lang='lat' dir='ltr'><strong>retereudo&#39;ad</strong></span> <span class='ocrx_word' id='word_1_885' title='bbox 3613 5736 3632 5762; x_wconf 84' lang='lat'><strong>,</strong></span> <span class='ocrx_word' id='word_1_886' title='bbox 3653 5715 3870 5753; x_wconf 73' lang='lat' dir='ltr'><strong>sensum.</strong></span> 
     </span>
    </p>
   </div>
   <div class='ocr_carea' id='block_1_109' title="bbox 2387 5761 3222 5819">
    <p class='ocr_par' dir='ltr' id='par_1_109' title="bbox 2387 5761 3222 5819">
     <span class='ocr_line' id='line_1_109' title="bbox 2387 5761 3222 5819; baseline 0.004 -13"><span class='ocrx_word' id='word_1_887' title='bbox 2387 5761 2407 5788; x_wconf 81' lang='grc'>³</span> <span class='ocrx_word' id='word_1_888' title='bbox 2443 5765 2489 5807; x_wconf 87' lang='lat' dir='ltr'><strong>In</strong></span> <span class='ocrx_word' id='word_1_889' title='bbox 2513 5768 2616 5808; x_wconf 81' lang='lat' dir='ltr'><strong>Mss.</strong></span> <span class='ocrx_word' id='word_1_890' title='bbox 2641 5767 2917 5810; x_wconf 81' lang='lat' dir='ltr'><strong>constanter</strong></span> <span class='ocrx_word' id='word_1_891' title='bbox 2939 5769 3016 5810; x_wconf 89' lang='lat' dir='ltr'><strong>est</strong></span> <span class='ocrx_word' id='word_1_892' title='bbox 3033 5795 3048 5819; x_wconf 88' lang='lat'><strong>,</strong></span> <span class='ocrx_word' id='word_1_893' title='bbox 3075 5762 3222 5812; x_wconf 60' lang='lat' dir='ltr'><strong>tubis.</strong></span> 
     </span>
    </p>
   </div>
   <div class='ocr_carea' id='block_1_110' title="bbox 2388 5821 3926 5887">
    <p class='ocr_par' dir='ltr' id='par_1_110' title="bbox 2388 5821 3926 5887">
     <span class='ocr_line' id='line_1_110' title="bbox 2388 5821 3926 5887; baseline 0 -16"><span class='ocrx_word' id='word_1_894' title='bbox 2388 5824 2410 5855; x_wconf 81' lang='grc'><em>³</em></span> <span class='ocrx_word' id='word_1_895' title='bbox 2440 5823 2590 5883; x_wconf 77' lang='lat' dir='ltr'><strong>uliti,</strong></span> <span class='ocrx_word' id='word_1_896' title='bbox 2623 5821 2673 5873; x_wconf 79' lang='lat' dir='ltr'><strong>in</strong></span> <span class='ocrx_word' id='word_1_897' title='bbox 2709 5827 2876 5872; x_wconf 80' lang='lat' dir='ltr'><strong>morte.</strong></span> <span class='ocrx_word' id='word_1_898' title='bbox 2915 5831 2970 5873; x_wconf 80' lang='lat' dir='ltr'><strong>At</strong></span> <span class='ocrx_word' id='word_1_899' title='bbox 3014 5823 3350 5886; x_wconf 81' lang='lat' dir='ltr'><strong>manuscripti,</strong></span> <span class='ocrx_word' id='word_1_900' title='bbox 3401 5821 3452 5874; x_wconf 66' lang='grc' dir='ltr'>ὰ</span> <span class='ocrx_word' id='word_1_901' title='bbox 3487 5830 3748 5887; x_wconf 67' lang='lat' dir='ltr'><strong>&quot;sortem;</strong></span> <span class='ocrx_word' id='word_1_902' title='bbox 3793 5823 3926 5887; x_wconf 68' lang='lat' dir='ltr'><strong>just:</strong></span> 
     </span>
    </p>
   </div>
   <div class='ocr_carea' id='block_1_111' title="bbox 2321 5898 2551 5945">
    <p class='ocr_par' dir='ltr' id='par_1_111' title="bbox 2321 5898 2551 5945">
     <span class='ocr_line' id='line_1_111' title="bbox 2321 5898 2551 5945; baseline 0.022 -16"><span class='ocrx_word' id='word_1_903' title='bbox 2321 5898 2551 5945; x_wconf 63' lang='lat' dir='ltr'><strong>g’l‘UJL&#39;Ui-il.</strong></span> 
     </span>
    </p>
   </div>
  </div>
