4144 6540
259 406 364 472 ι97

261 529 379 600 Ipso
406 526 498 595 sit,
531 533 588 581 ut
630 525 697 581 ab
741 524 858 597 ipso
897 523 1248 580 emanaverit.
1282 539 1300 575 t
1339 520 1450 577 lloc
1499 523 1641 579 enim
1690 521 1850 577 etiam

263 620 483 676 verbum
515 620 616 675 iste
643 618 816 688 posuit
844 617 985 674 inter
1012 626 1228 685 czetera,
1272 615 1464 685 quibus
1492 616 1544 670 in
1579 614 1678 671 hac
1703 632 1853 686 qua:-

261 712 438 769 stione
480 710 548 765 ad
576 711 806 765 immane
853 708 1203 780 prmcijiitittm
1247 706 1584 762 exorbitavit.
1629 708 1697 761 At
1727 720 1854 760 vero

262 800 363 858 hoc
392 801 436 856 si
466 809 517 856 te
544 799 763 867 docuit,
798 800 920 856 nolo
948 814 1034 854 me
1060 797 1296 854 doceas:
1328 797 1434 850 imo
1460 796 1620 851 etiam
1648 796 1768 851 volo
1798 802 1856 850 ut

261 890 403 962 quod
432 890 731 957 didiceras,
777 889 892 961 ipse
938 888 1201 944 dediscas.
1246 886 1441 942 Parum
1466 894 1551 941 est
1580 887 1719 941 enim
1749 900 1855 939 non

261 984 481 1039 credere
508 999 681 1054 neque
708 983 887 1038 dicere
915 980 1057 1052 quod
1087 995 1209 1051 pars
1232 979 1326 1034 Dei
1351 980 1419 1038 sit
1446 978 1642 1032 anima.
1671 977 1857 1047 Neque

263 1076 403 1130 enim
432 1085 486 1131 et
515 1075 706 1130 Filium
730 1074 814 1130 vel
843 1073 1099 1143 Spiritum
1123 1078 1364 1126 sanctum
1392 1078 1595 1141 partem
1620 1069 1712 1124 Dei
1735 1084 1857 1125 esse

263 1168 488 1223 dicimus
512 1184 526 1221 :
552 1177 607 1222 et
629 1176 804 1223 tamen
834 1167 1060 1223 dicimus
1082 1166 1294 1220 Patrem
1319 1172 1375 1221 et
1400 1162 1589 1218 Filium
1609 1172 1661 1218 et
1687 1162 1854 1232 Spiri-

268 1267 372 1312 tum
405 1267 648 1313 sanctum
681 1258 837 1312 unius
874 1256 1223 1326 ejusdemque
1260 1269 1383 1313 esse
1407 1262 1633 1308 naturze.
1664 1253 1854 1308 Parnm

266 1356 344 1402 est
371 1362 499 1417 ergo
528 1356 583 1401 ut
608 1363 712 1402 non
744 1347 985 1403 dicamus
1023 1346 1256 1400 animam
1298 1360 1424 1402 esse
1467 1353 1672 1416 partem
1720 1345 1853 1400 Dei:

264 1438 358 1495 sed
383 1440 485 1494 hoc
514 1441 675 1494 etiam
695 1454 829 1509 Opus
849 1447 1006 1495 estut
1032 1438 1293 1503 dicamus,
1326 1453 1430 1492 non
1459 1453 1575 1492 eam
1606 1446 1662 1493 et
1687 1436 1855 1492 Deum

265 1531 422 1585 unius
440 1530 787 1601 ejusdemque
811 1545 931 1587 esse
949 1538 1181 1585 naturae.
1206 1528 1358 1586 Unde
1371 1529 1460 1585 ille
1479 1537 1625 1585 recte
1643 1529 1856 1599 quidem

265 1624 363 1687 ait,
397 1641 417 1674 ι
449 1638 618 1693 genus
648 1623 739 1677 Dei
769 1638 889 1678 esse
913 1623 1142 1691 animas.
1183 1637 1407 1677 munere
1430 1663 1444 1688 ,
1477 1638 1581 1678 non
1611 1629 1850 1687 natura,»

265 1730 329 1770 ac
358 1731 452 1784 per
482 1715 583 1771 hoc
612 1730 717 1770 non
746 1717 982 1771 omnium
1010 1757 1026 1781 ,
1057 1714 1155 1772 sed
1201 1716 1435 1771 fidelium
1479 1734 1493 1770 :
1537 1716 1634 1772 sed
1672 1732 1859 1773 rursus

264 1806 331 1859 ad
360 1805 410 1860 id
438 1805 579 1877 quod
605 1806 965 1862 declinaverat
986 1806 1269 1873 devolutus
1292 1817 1396 1875 est,
1428 1816 1482 1863 et
1508 1807 1673 1863 Deum
1697 1817 1859 1879 atque

264 1900 498 1953 animam
540 1898 778 1969 ejusdem
809 1900 942 1955 dixit
965 1915 1087 1955 esse
1125 1910 1363 1967 naturae;
1396 1917 1499 1955 non
1530 1901 1743 1972 quidem
1777 1904 1860 1957 his

265 1990 465 2057 verbis,
497 1988 593 2045 sed
617 2000 799 2060 aperta
828 1989 1215 2064 manifestaque
1244 1990 1526 2048 sententia.
1556 1993 1692 2049 Cum
1715 1994 1858 2048 enim

266 2084 500 2137 animam
524 2083 592 2137 ita
622 2099 741 2138 esse
764 2083 893 2138 dicit
917 2098 984 2138 ex
1011 2084 1154 2151 Deo,
1183 2092 1242 2139 ut
1269 2100 1388 2139 eam
1415 2100 1514 2140 nec
1542 2101 1606 2140 ex
1636 2085 1739 2140 alia
1767 2101 1862 2139 na-

269 2186 408 2237 tura,
442 2189 542 2229 nec
569 2189 636 2228 ex
663 2174 851 2240 nihilo,
880 2174 972 2229 scd
1004 2191 1070 2230 ex
1098 2176 1387 2246 semetipso
1413 2177 1705 2241 creaverit;
1734 2176 1860 2246 quid

268 2265 592 2336 persuadere
631 2278 878 2334 conatur,
921 2267 1020 2322 nisi
1060 2266 1111 2321 id
1153 2267 1295 2338 quod
1324 2268 1443 2322 aliis
1472 2267 1646 2323 verbis
1682 2275 1859 2337 negat,

268 2359 501 2412 animam
524 2357 728 2413 scilicet
747 2358 986 2428 ejusdem
1008 2357 1162 2427 cujus
1192 2358 1330 2413 Deus
1352 2367 1455 2421 est,
1482 2373 1601 2414 esse
1626 2357 1862 2412 naturae?

269 2452 456 2507 Omnis
479 2452 675 2524 quippe
704 2463 891 2507 natura
921 2453 1003 2507 vel
1034 2453 1171 2507 Deus
1198 2462 1280 2507 est
1305 2492 1320 2512 ,
1349 2452 1436 2521 qui
1479 2452 1679 2507 nullum
1708 2450 1865 2506 habet

269 2552 575 2606 auctorem;
604 2541 690 2596 vel
728 2558 793 2596 ex
825 2543 933 2596 Deo
960 2552 1041 2596 est
1062 2583 1076 2605 ,
1118 2541 1242 2611 quia
1286 2542 1457 2611 ipsum
1496 2541 1658 2596 habet
1681 2552 1866 2597 aucto-

271 2650 405 2688 rem.
425 2633 528 2689 Sed
554 2650 670 2704 qua:
695 2633 850 2689 habet
870 2642 1139 2689 auctorem
1168 2634 1331 2689 Deum
1349 2650 1415 2688 ex
1434 2650 1538 2703 quo
1562 2642 1664 2698 est,
1691 2634 1865 2706 aliqua

270 2724 407 2779 facta
439 2741 542 2779 non
585 2734 690 2792 est,
734 2724 910 2796 aliqua
940 2724 1075 2779 facta
1104 2734 1205 2779 est.
1255 2725 1421 2779 Porro
1447 2740 1565 2795 qua:
1595 2726 1728 2779 facta
1757 2742 1865 2782 non

269 2826 384 2881 est,
414 2828 470 2872 et
495 2827 669 2872 tamen
713 2834 777 2873 ex
818 2817 933 2888 ipso
975 2826 1078 2883 est,
1104 2824 1196 2872 aut
1228 2817 1404 2888 genita
1433 2825 1516 2872 est
1540 2818 1607 2872 ab
1636 2818 1745 2884 illo,
1773 2826 1868 2874 aut

272 2912 513 2981 procedit
544 2927 612 2967 ex
648 2912 737 2966 illo
770 2929 783 2966 :
812 2926 932 2981 qua:
956 2911 1132 2981 genita
1157 2920 1240 2967 est
1260 2950 1277 2978 ,
1326 2909 1491 2965 Filius
1520 2919 1604 2966 est
1641 2911 1863 2977 unicus;

272 3019 391 3074 qua":
420 3003 678 3074 procedit,
699 3003 933 3073 Spiritus
958 3014 1177 3058 sanctus
1198 3019 1215 3057 :
1236 3011 1287 3059 et
1313 3002 1427 3057 Ita‘c
1452 3002 1687 3058 Trinitas
1711 3002 1867 3057 unius

273 3105 358 3150 est
384 3095 728 3167 ejusdemque
776 3105 1000 3151 naturae.
1026 3096 1158 3151 Nam
1190 3095 1303 3153 haec
1325 3096 1422 3152 tria
1447 3113 1613 3152 unum
1632 3106 1784 3163 sunt,
1811 3107 1869 3154 et

273 3187 538 3257 singultim
565 3188 812 3258 quodque
843 3188 1001 3254 Deus,
1046 3196 1102 3244 et
1142 3188 1300 3243 simul
1340 3188 1516 3244 omnia
1561 3204 1699 3245 unus
1729 3190 1868 3245 Deus

274 3278 641 3346 immutabilis,
674 3279 1054 3347 sempiternus.
1101 3278 1219 3334 sine
1263 3280 1521 3348 temporis
1563 3280 1674 3334 ullo
1717 3279 1868 3336 initio

274 3372 388 3426 sive
419 3372 665 3427 termino.
694 3373 761 3427 At
788 3368 915 3427 vero
946 3371 1031 3426 illa
1057 3380 1246 3427 natura
1276 3388 1395 3443 qttze
1427 3368 1566 3428 facta
1587 3381 1686 3439 est,
1718 3388 1871 3429 crea-

281 3473 399 3519 tura
426 3474 759 3535 nuncupatur
800 3482 815 3519 :
859 3464 1082 3520 Creator
1117 3472 1294 3519 autem
1336 3465 1500 3531 Deus,
1545 3466 1634 3521 illa
1666 3465 1870 3522 scilicet

275 3554 531 3611 Trinitas.
550 3556 809 3613 .Creatura
836 3571 964 3628 ergo
990 3557 1062 3611 ita
1083 3566 1205 3612 esse
1233 3556 1426 3612 dicitur
1446 3573 1509 3613 ex
1532 3558 1662 3624 Deo,
1685 3568 1745 3614 ut
1762 3574 1869 3615 non

277 3662 346 3701 ex
372 3646 487 3717 ejus
515 3655 701 3701 natura
732 3646 868 3702 facta
896 3648 988 3702 sit.
1031 3647 1112 3702 Ex
1142 3648 1235 3702 illo
1260 3649 1402 3704 enim
1436 3659 1711 3720 pr0ptcrea
1738 3650 1869 3707 diei-

278 3748 387 3805 tur,
418 3740 539 3810 quia
567 3739 739 3812 ipsum
752 3753 1032 3795 attetorem
1063 3739 1220 3796 habet
1244 3752 1299 3795 ut
1327 3742 1395 3796 sit
1424 3758 1437 3795 :
1467 3759 1572 3798 non
1602 3743 1696 3807 ita,
1724 3752 1779 3798 ut
1801 3746 1869 3802 ab

278 3830 375 3884 illo
398 3840 518 3885 nata
546 3832 638 3897 sit,
668 3831 750 3886 vel
786 3832 1139 3902 processerit;
1167 3832 1261 3885 sed
1290 3832 1359 3887 ab
1385 3833 1475 3888 illo
1502 3846 1702 3902 creata,
1735 3850 1868 3890 con-

277 3920 409 3987 dita,
438 3920 575 3977 facta
603 3924 691 3990 sit,
716 3924 907 3993 partim
934 3939 997 3978 ex
1026 3924 1169 3980 nulla
1193 3923 1318 3991 alia,
1350 3923 1403 3979 id
1428 3934 1531 3991 est,
1564 3927 1782 3983 omnino
1801 3942 1867 3983 ex

276 4013 466 4079 nihilo,
502 4014 639 4070 sicut
687 4015 884 4071 ccelum
931 4024 985 4071 et
1036 4025 1216 4080 terra,
1261 4015 1347 4071 vel
1385 4015 1561 4086 potius
1605 4017 1870 4073 universa:

277 4105 562 4161 mundana:
590 4106 744 4161 molis
774 4090 1018 4161 universa
1051 4122 1174 4162 eum
1213 4106 1414 4162 mundo
1435 4118 1715 4164 concreata
1752 4125 1868 4169 ma:

277 4200 412 4253 teria
436 4214 451 4264 ;
477 4199 665 4269 partim
689 4213 817 4254 vero
844 4215 913 4255 ex
941 4200 1043 4254 alia
1065 4199 1177 4271 jam
1205 4208 1385 4255 creata
1415 4209 1573 4272 atque
1609 4201 1871 4258 existente

277 4300 492 4350 natura,
519 4282 656 4345 sicut
678 4290 761 4344 vir
790 4306 854 4345 ex
879 4289 1027 4356 limo,
1051 4289 1241 4345 mulier
1261 4305 1330 4346 ex
1357 4292 1494 4357 viro,
1521 4305 1592 4346 ex
1634 4292 1869 4361 parenti-

278 4378 379 4436 bus
409 4380 571 4435 homo
595 4399 607 4435 :
632 4390 877 4435 creatura
905 4389 1080 4434 tamen
1109 4379 1286 4434 omnis
1308 4396 1375 4435 ex
1406 4381 1533 4446 Deo,
1565 4380 1659 4436 sed
1687 4396 1873 4436 crean-

280 4480 334 4527 te
356 4471 438 4527 vel
466 4488 531 4527 ex
556 4472 720 4527 nihilo
750 4473 832 4528 vel
854 4488 917 4528 ex
940 4472 1142 4543 aliquo,
1168 4486 1274 4527 non
1296 4483 1472 4529 autem
1501 4474 1756 4545 gignente
1786 4475 1870 4529 vel

280 4562 607 4633 producente
632 4564 700 4634 de
726 4580 785 4620 se
811 4565 947 4635 ipso.

351 4656 407 4712 6.
435 4656 490 4712 Si
520 4657 635 4713 luce
660 4673 782 4713 eum
808 4649 1072 4714 catholico
1091 4657 1301 4731 loquor,
1330 4659 1497 4731 magis
1525 4674 1873 4717 commonens

280 4761 440 4813 quam
479 4746 701 4805 docens.
734 4749 915 4821 Neque
961 4748 1104 4804 enim
1134 4764 1254 4805 esse
1299 4749 1393 4804 tibi
1441 4750 1671 4805 arbitror
1712 4768 1868 4818 nova,

280 4840 364 4894 vel
390 4839 567 4895 audita
592 4840 803 4911 quidem
831 4851 884 4896 et
907 4850 1083 4908 antea,
1131 4856 1237 4896 non
1268 4850 1445 4896 tamen
1472 4843 1673 4899 credita
1707 4862 1720 4898 :
1753 4845 1869 4910 sed,

279 4942 338 4987 ut
367 4932 616 4988 existimo
636 4975 651 4997 ,
680 4934 757 4989 sic
785 4933 916 5005 legis
952 4934 1232 5005 epistolam
1263 4949 1434 4990 meam
1454 4974 1472 5000 ,
1499 4943 1555 4989 ut
1586 4934 1672 4990 hic
1699 4951 1868 5005 agno-

277 5037 399 5077 scas
425 5024 586 5078 etiam
614 5024 770 5079 fidem
798 5034 964 5091 tuam,
986 5041 1108 5095 quae
1138 5024 1292 5080 nobis
1320 5025 1369 5078 in
1397 5024 1657 5081 catholica
1687 5027 1873 5082 Eccle-

276 5114 379 5175 sia,
409 5113 636 5169 Domino
659 5114 889 5170 donante
908 5156 922 5179 ,
950 5116 1251 5170 communis
1279 5124 1381 5170 est.
1410 5113 1466 5171 Si
1493 5131 1621 5186 ergo
1648 5116 1783 5182 lucc,
1818 5126 1875 5172 ut

275 5206 459 5261 dicere
491 5222 781 5277 cmperam,
804 5224 925 5262 cum
956 5208 1220 5264 catholico
1244 5208 1459 5279 loquor;
1488 5208 1631 5265 unde
1650 5210 1875 5265 obsecro

274 5297 458 5353 credis
477 5313 599 5354 esse
624 5300 877 5367 animam,
902 5315 1007 5355 non
1031 5300 1444 5371 uniuscujusque
1467 5310 1707 5356 nostrum
1728 5302 1869 5370 dico,

277 5391 376 5446 sed
409 5390 634 5461 primam
664 5392 836 5462 primo
866 5393 940 5447 illi
974 5392 1175 5449 homini
1203 5393 1416 5449 datam?
1438 5394 1493 5449 Si
1520 5412 1588 5452 ex
1616 5397 1802 5465 nihilo,
1821 5408 1875 5454 et

274 5486 470 5540 factam
504 5493 680 5539 tamen
712 5484 1147 5567 insufflatamque
1173 5503 1203 5542 a
1234 5488 1383 5543 Deo:
1427 5488 1478 5543 id
1516 5490 1693 5546 credis
1732 5492 1873 5562 quod

274 5592 399 5647 ego.
428 5575 485 5631 Si
513 5588 693 5631 autem
720 5593 782 5631 ex
810 5576 984 5648 aliqua
1011 5579 1113 5634 alia
1144 5588 1410 5644 creatura,
1437 5596 1556 5650 qua:
1588 5580 1726 5636 unde
1755 5583 1872 5636 ani-

275 5686 359 5724 tna
392 5669 569 5732 fieret,
603 5679 853 5738 tanquam
882 5671 1135 5725 materies
1167 5670 1476 5740 Snbjacebat
1502 5673 1689 5726 artifici
1726 5673 1871 5741 Deo;

272 5762 411 5815 sicut
439 5760 615 5831 pulvis
658 5761 800 5815 unde
843 5759 993 5815 fieret
1022 5761 1223 5825 Adam,
1254 5761 1337 5815 vel
1382 5773 1527 5815 costa
1573 5764 1688 5832 ejus
1731 5766 1873 5820 unde

276 5854 405 5921 Eva,
441 5854 525 5908 vel
559 5853 698 5907 sicut
721 5869 869 5923 aqum
897 5853 1039 5909 unde
1063 5856 1233 5925 pisces
1263 5863 1314 5908 ct
1336 5854 1597 5922 volucres,
1632 5858 1713 5912 vcl
1736 5858 1871 5912 >lCl.l

1613 402 1812 459 LIBER
1849 404 2225 463 SECUNDUS.

3449 408 3554 465 493

1964 529 2104 576 terra
2136 520 2273 577 unde
2298 520 2547 578 animalia
2586 536 2810 594 qumque
2849 521 3122 579 terrestria
3157 542 3171 578 :
3201 538 3305 578 non
3344 530 3430 578 est
3467 538 3555 579 ca-

1963 614 2238 681 tholicum,
2264 630 2371 669 non
2400 624 2482 670 est
2512 630 2714 687 verum.
2757 615 2910 683 Quod
2952 617 2998 672 si
3040 632 3216 688 neque
3249 633 3315 672 ex
3359 617 3552 683 nihilo,

1963 721 2138 776 neque
2160 722 2227 762 ex
2247 706 2349 761 alia
2377 721 2716 777 quacumque
2753 717 3021 773 creatura,
3052 708 3148 764 sed
3174 724 3239 763 ex
3266 710 3554 779 semetipso

1962 796 2152 862 Deum,
2185 796 2287 852 huc
2316 805 2418 858 est,
2447 811 2511 852 ex
2551 806 2738 852 natura
2762 813 2857 855 sua
2889 798 3097 863 fecisse,
3125 798 3211 854 vel
3237 797 3412 855 facere
3439 799 3555 854 ani-

1962 905 2099 957 mas,
2134 889 2276 959 quod
2310 890 2467 957 absit,
2493 891 2766 946 existimas
2797 908 2812 945 :
2843 890 3181 961 bocquidem
3209 893 3275 945 ab
3299 891 3402 946 isto
3422 890 3557 946 didi-

1962 980 2116 1048 eisti;
2157 980 2253 1037 sed
2282 996 2388 1036 non
2420 981 2511 1038 tibi
2538 982 2793 1052 gratulor,
2828 996 3002 1053 neque
3038 982 3313 1047 blandior;
3357 982 3514 1050 longe
3538 984 3554 1014 ⁸

1961 1086 2083 1128 cum
2104 1073 2194 1128 illo
2213 1088 2243 1127 a
2267 1067 2368 1128 fide
2380 1073 2639 1129 catholica
2660 1073 2992 1150 exorbitasti.
3011 1073 3366 1130 Tolerabilius
3387 1075 3554 1139 enim;

1962 1163 2103 1234 quod
2123 1164 2340 1235 quidem
2372 1165 2560 1220 falsum
2591 1175 2708 1232 est;
2739 1173 2941 1243 tamen,
2966 1173 3022 1220 ut
3048 1164 3180 1232 dixi,
3206 1164 3554 1227 tolerabilius,

1963 1270 2028 1311 ex
2071 1257 2242 1326 aliqua
2291 1257 2393 1311 alia
2438 1266 2720 1323 creatura,
2767 1272 2926 1328 quam
2970 1256 3185 1329 quidem
3218 1258 3327 1325 jam
3359 1258 3557 1313 fecerat

1965 1346 2128 1413 Deus,
2149 1363 2309 1417 quam
2350 1363 2416 1404 ex
2460 1348 2550 1403 Dei
2582 1360 2771 1403 natura
2800 1349 3031 1404 animam
3068 1348 3336 1404 conditam
3363 1348 3556 1405 crede-

1964 1454 2073 1502 res,
2094 1447 2151 1493 nt
2169 1438 2311 1509 quod
2334 1449 2413 1496 est
2438 1440 2725 1504 mutabilis,
2748 1440 2888 1510 quod
2912 1448 3114 1510 pecul,
3130 1442 3269 1509 quod
3293 1440 3352 1495 fit
3372 1441 3553 1510 impia,

1963 1530 2106 1601 quod
2154 1532 2314 1587 etiam
2368 1534 2413 1588 si
2454 1533 2614 1602 impia
2666 1532 3031 1602 perduraverit
3061 1533 3113 1587 in
3143 1532 3272 1600 fine,
3297 1533 3413 1587 sine
3452 1532 3557 1588 fine

1963 1622 2325 1688 damnabitur,
2360 1639 2466 1679 non
2491 1624 2557 1680 ad
2601 1624 2691 1679 Dei
2731 1633 2970 1680 naturam
3000 1639 3122 1679 cum
3144 1622 3411 1679 horrenda
3439 1624 3554 1679 bla-

1963 1713 2205 1783 sphemia
2233 1714 2544 1770 referretur.
2577 1714 2798 1784 Abjice,
2830 1717 3025 1783 frater,
3056 1715 3229 1785 abjice
3251 1756 3265 1779 ,
3294 1717 3520 1770 obsecro
3542 1755 3555 1777 ,

1965 1804 2156 1872 istam,
2183 1820 2290 1859 non
2337 1806 2495 1873 plane
2524 1806 2704 1869 fidem,
2752 1807 2847 1861 sed
2886 1806 3230 1862 exsecranda:
3270 1806 3558 1875 impietatis

1963 1910 2227 1963 errorem,
2245 1912 2312 1951 ne
2338 1897 2498 1951 homo
2519 1897 2700 1967 gravis
2727 1896 3022 1952 scductusa
3047 1897 3270 1968 juvene,
3294 1909 3345 1953 et
3365 1915 3394 1952 a
3424 1900 3558 1953 laico

1966 1988 2262 2061 presbyter,
2284 2004 2405 2043 eum
2433 1990 2584 2043 istaut
2611 1989 2928 2045 catholicam
2951 1989 3108 2045 (idem
3125 2006 3246 2047 esse
3260 1991 3558 2058 arbitraris,

1965 2078 2033 2134 de
2060 2094 2283 2134 numero
2311 2079 2563 2144 fidelium,
2594 2078 2735 2148 quod
2761 2096 2789 2131 a
2820 2088 2871 2135 te
2894 2089 3099 2136 avertat
3127 2080 3403 2147 Dominus,
3459 2097 3558 2135 cx-

1966 2168 2166 2225 imaris.
2189 2168 2306 2224 Non
2333 2170 2476 2224 enim
2507 2170 2585 2224 sic
2610 2178 2785 2223 tccnm
2807 2170 3068 2239 agendum
3086 2180 3191 2236 est,
3215 2184 3272 2225 ut
3296 2188 3416 2226 cum
3444 2173 3557 2237 illo;

1966 2270 2057 2315 aut
2080 2276 2140 2316 ea
2176 2263 2329 2316 venia
2368 2270 2489 2316 tuus
2528 2262 2627 2317 iste
2666 2269 2773 2315 tam
2820 2261 3116 2317 horrendus
3141 2301 3161 2330 ,
3198 2279 3300 2333 qua
3343 2263 3558 2332 juvenis

1967 2351 2142 2415 illius,
2175 2352 2295 2407 licet
2322 2351 2389 2407 ab
2417 2352 2509 2406 illo
2533 2352 2598 2406 ad
2632 2361 2683 2405 te
2714 2353 3023 2419 transierit,
3051 2368 3206 2408 error
3232 2364 3314 2409 est
3342 2354 3557 2424 dignus.

1967 2442 2062 2497 llle
2099 2442 2223 2497 ovili
2268 2442 2532 2497 catholico
2575 2443 2843 2497 sanandus
2887 2456 3058 2510 nuper
3100 2443 3360 2507 accessit,
3408 2452 3460 2497 tu
3508 2444 3561 2496 in

1966 2534 2243 2589 catholicis
2282 2533 2582 2604 pastoribus
2620 2531 2913 2602 dcputaris.
2951 2531 3212 2588 Nolumus
3250 2534 3318 2588 ita
3346 2548 3564 2589 curetur

1968 2642 2087 2699 qua:
2111 2626 2256 2682 venit
2283 2626 2353 2682 ab
2381 2641 2565 2681 errore
2603 2625 2670 2679 ad
2710 2624 3034 2679 dominicum
3057 2640 3306 2695 gregem,
3331 2634 3387 2679 ut
3415 2626 3565 2696 prius

1968 2718 2220 2791 pestifera
2261 2718 2575 2790 contagione
2614 2716 2890 2787 disperdat
2931 2716 3049 2771 ovis
3095 2716 3336 2772 ulcerosa
3379 2725 3561 2786 pasto-

1968 2825 2107 2865 rem.

2041 2902 2098 2956 7.
2136 2898 2289 2969 Quod
2313 2899 2361 2957 si
2387 2897 2543 2963 dicis,
2572 2896 2687 2954 Hoc
2715 2913 2800 2954 me
2828 2898 2917 2954 ille
2942 2911 3051 2954 non
3080 2896 3282 2965 docuit,
3314 2912 3414 2952 nec
3441 2896 3565 2952 huic

1970 2990 2141 3047 errori
2161 2990 2277 3063 ejus
2304 2990 2413 3045 ullo
2443 2988 2623 3054 modo,
2652 2988 2943 3060 quamlibet
2968 2987 3153 3044 diserti
3172 2999 3227 3044 et
3254 2988 3425 3041 ornati
3453 3001 3566 3041 ser-

1971 3082 2149 3138 monis
2188 3082 2400 3138 illectus
2441 3081 2705 3137 suavitate
2733 3080 2982 3135 consensi
3013 3098 3027 3136 :
3057 3096 3158 3151 ago
3185 3080 3425 3151 ingentes
3457 3080 3566 3134 Deo

1967 3177 2191 3250 gratias.
2223 3175 2329 3233 Sed
2354 3189 2560 3247 quaero,
2593 3174 2735 3230 unde
2784 3174 2859 3227 illi
2901 3183 3062 3242 caput
3100 3172 3460 3238 exosculatus,
3508 3180 3568 3227 ut
3604 3248 3609 3253 ἢ

1970 3270 2166 3326 dicitur
2189 3310 2204 3334 ,
2235 3268 2433 3341 gratias
2458 3268 2634 3339 egeris
2661 3276 2712 3322 te
2738 3265 2987 3321 didicisse
3014 3264 3155 3336 quod
3185 3280 3354 3335 usque
3379 3263 3446 3319 ad
3472 3280 3568 3318 au-

1969 3360 2138 3416 ditam
2166 3359 2576 3431 disputationem
2620 3358 2764 3413 illius
2806 3356 3087 3427 ignorabas
3121 3374 3136 3411 :
3165 3368 3258 3410 aut
3282 3358 3327 3410 si
3372 3357 3565 3410 falsunt

1972 3461 2074 3517 est,
2104 3451 2207 3510 hoc
2249 3458 2301 3506 te
2338 3449 2534 3507 fecisse
2575 3458 2735 3520 atque
2764 3449 2962 3504 dixisse
2982 3449 3025 3512 ⁸,
3074 3448 3178 3503 hac
3226 3448 3398 3517 ipsum
3444 3458 3567 3517 peto

1972 3544 2129 3599 nobis
2155 3543 2405 3599 intimare
2432 3541 2672 3613 digneris
2693 3582 2708 3605 ,
2742 3552 2797 3594 ut
2822 3540 2999 3595 inanis
3024 3556 3206 3594 rumor
3234 3540 3336 3594 tuis
3377 3541 3568 3595 litteris

1971 3636 2265 3692 refellatur.
2298 3634 2355 3690 Si
2376 3643 2554 3689 autem
2583 3648 2770 3688 verum
2792 3641 2894 3696 est,
2920 3632 3007 3686 illa
3034 3630 3335 3686 humilitate
3361 3630 3567 3687 homini

1972 3730 2146 3801 egisse
2177 3737 2229 3784 te
2262 3728 2494 3809 gratias;
2520 3726 2730 3797 gaudeo
2760 3724 2974 3796 quidem
3002 3725 3049 3779 si
3076 3736 3126 3780 te
3164 3723 3291 3779 illud
3333 3740 3438 3780 non
3469 3725 3569 3779 do-

1972 3821 2105 3886 cuit,
2135 3819 2278 3890 qnod
2303 3819 2549 3888 superius
2574 3833 2732 3889 quam
2762 3818 2829 3872 sit
2851 3816 3223 3873 detestandum
3244 3818 3569 3873 cavendum-

1972 3925 2078 3982 que
2102 3909 2424 3974 monstravi;

2043 4000 2268 4058 CAPUT
2300 4000 2388 4057 ιν.
2418 4000 2589 4056 -Ει
2638 4016 2745 4055 non
2797 3999 3134 4070 reprehendo
3186 3976 3329 4070 ιιιῖοά
3385 4013 3570 4071 gratus

1973 4090 2138 4147 fueris
2162 4101 2305 4147 tanta
2330 4091 2632 4147 humilitate
2655 4090 2885 4155 doctori,
2915 4092 2957 4144 si
2987 4091 3189 4162 aliquid
3218 4093 3359 4146 aliud
3385 4093 3570 4162 dispu-

1975 4192 2120 4239 tante
2150 4183 2262 4248 illo,
2286 4197 2482 4259 verum
2511 4190 2674 4253 atque
2717 4181 2845 4237 utile
2872 4181 3104 4236 didicisti
3137 4199 3151 4236 :
3184 4182 3279 4237 sed
3311 4182 3410 4238 hoc
3441 4184 3566 4253 quid

1973 4277 2042 4332 sit
2072 4275 2317 4346 inquiro;
2347 4291 2414 4329 an
2456 4274 2593 4329 forte
2621 4274 2855 4329 animam
2886 4290 2992 4328 non
3020 4273 3264 4343 spiritum
3295 4291 3446 4340 esse,
3475 4276 3567 4328 sed

1972 4366 2201 4437 corpus?
2230 4365 2347 4420 Non
2393 4364 2608 4436 quidem
2658 4380 2909 4435 magnum
2959 4365 3218 4420 doctrina:
3262 4366 3568 4419 christiana:

1973 4460 2206 4514 arbitror
2247 4474 2369 4513 esse
2393 4458 2773 4513 detrimentum
2805 4457 2905 4511 ista
2932 4458 3138 4512 nescire
3164 4472 3176 4509 :
3205 4467 3260 4512 et
3283 4457 3326 4511 si
3357 4456 3425 4511 de
3450 4474 3569 4512 cor-

1976 4566 2164 4622 porum
2207 4549 2494 4622 generibus
2545 4549 2812 4604 subtiliter
2854 4548 3173 4617 disputetur,
3220 4549 3321 4603 hoc
3367 4551 3570 4620 majore

1973 4643 2289 4699 difficultate
2331 4658 2489 4714 quam
2522 4642 2748 4698 utilitate
2778 4642 3114 4712 perdiscitur.
3147 4641 3204 4696 Si
3241 4651 3419 4696 autem
3465 4646 3569 4696 υυ-

1973 4737 2151 4794 minus
2178 4738 2407 4793 voluerit
2436 4744 2495 4790 ttt
2533 4735 2601 4791 ad
2627 4736 2777 4789 illum
2823 4736 2993 4803 ipsmtt
3028 4737 3280 4804 juvenem
3310 4737 3565 4802 scribam,

1974 4829 2112 4883 sicut
2131 4828 2400 4895 desidero,
2420 4827 2492 4882 ibi
2514 4828 2645 4881 sciet
2667 4827 2889 4881 fortasse
2911 4827 3137 4881 Dilectio
3158 4836 3264 4891 tua,
3287 4827 3446 4882 etiam
3472 4830 3572 4885 hoc

1975 4936 2134 4991 quam
2161 4936 2266 4974 non
2298 4928 2350 4976 te
2376 4919 2659 4975 docuerit:
2692 4919 2738 4972 si
2784 4926 2960 4972 tamen
3012 4918 3065 4973 id
3114 4926 3166 4974 te
3211 4920 3280 4975 ab
3320 4921 3407 4975 illo
3436 4922 3569 4975 didi-

1975 5016 2114 5069 cisse
2136 5014 2350 5068 la3taris.
2374 5012 2480 5068 Sed
2505 5028 2572 5067 ne
2597 5010 2725 5083 quid
2752 5012 2888 5065 forte
2908 5010 3051 5066 aliud
3077 5012 3167 5077 sit,
3195 5014 3335 5083 quod
3363 5026 3573 5071 constat

1976 5120 2098 5161 esse
2123 5106 2286 5173 utile,
2316 5114 2371 5161 et
2394 5104 2461 5159 ad
2498 5104 2653 5160 fidem
2682 5106 3039 5169 necessariam
3069 5105 3091 5138 ³
3115 5107 3383 5177 pertinere
3403 5149 3417 5173 ,
3449 5120 3573 5179 pcto

1978 5201 2273 5257 rescribere
2300 5216 2405 5254 non
2432 5199 2691 5271 graveris.

2050 5293 2103 5348 8.
2144 5293 2276 5348 Nam
2309 5291 2439 5347 illud
2467 5291 2612 5363 quod
2651 5291 2951 5349 rectissime
2990 5302 3044 5348 et
3090 5294 3245 5349 valde
3289 5294 3574 5351 salubriter

1979 5385 2416 5456 crcdit,judicari
2454 5385 2662 5440 animas
2702 5400 2823 5439 cum
2864 5386 2932 5441 de
2974 5387 3292 5457 corporibus
3320 5390 3569 5452 exuerint,

1980 5486 2263 5548 antequam
2294 5478 2511 5534 veniant
2548 5476 2616 5532 ad
2646 5476 2775 5532 illud
2798 5478 3090 5549 judicium,
3113 5494 3220 5550 quo
3247 5496 3337 5535 eas
3364 5490 3571 5549 oportet

2044 5639 2062 5709 ξ
2097 5637 2231 5709 fiditi,
2257 5635 2394 5709 {ortae
2410 5637 2602 5709 quippe.
2628 5635 3009 5709 Abesttqt‘it'ppe,
3037 5650 3071 5709 a
3089 5637 3347 5708 manttstérij
3367 5637 3444 5709 tis.

2045 5702 2063 5731 ³
2096 5693 2313 5748 Nonnulli
2335 5693 2558 5757 culices,
2598 5709 2741 5759 atque
2778 5693 3023 5762 diaetae.
3060 5701 3311 5762 \atienms
3336 5693 3399 5762 ἰιι
3444 5693 3569 5761 antl-

1978 5765 2240 5826 qttissinms
2262 5764 2602 5826 _Itemigianns.
2631 5768 2737 5826 “aut
2762 5761 2815 5826 ei
2859 5762 3036 5826 ﬂtlsmu
3058 5767 3153 5820 est,
3193 5759 3279 5807 hoc
3304 5762 3347 5805 te
3369 5759 3538 5814 li’c‘ibw
3555 5786 3570 5812 ,

1980 5822 2117 5875 ι⁵‹·1ιιιι
2141 5822 2296 5873 immis
2320 5822 2483 5873 rumor
2507 5832 2540 5873 ιι
2561 5824 2600 5873 ἐς
2623 5823 2795 5874 litteris
2821 5822 3083 5884 refellatur.

2047 5892 2066 5919 ³
2099 5888 2170 5936 δια
2192 5896 2291 5936 Mss.
2318 5894 2371 5935 At
2390 5886 2527 5943 editi.
2551 5884 2889 5937 ua'cssarizmt.
