  <div class='ocr_page' id='page_1' title='image "/cluster/home/n/w/nwhite01/storage/ocr_20150623/44-45/uc1.31175026792435/258.png"; bbox 0 0 4144 6522; ppageno 0'>
   <div class='ocr_carea' id='block_1_1' title="bbox 620 346 647 354">
    <p class='ocr_par' dir='ltr' id='par_1_1' title="bbox 620 346 647 354">
     <span class='ocr_line' id='line_1_1' title="bbox 620 346 647 354; baseline 0 0"><span class='ocrx_word' id='word_1_1' title='bbox 620 346 647 354; x_wconf 49' lang='grc' dir='ltr'><strong>ἢ</strong></span> 
     </span>
    </p>
   </div>
   <div class='ocr_carea' id='block_1_2' title="bbox 267 415 360 473">
    <p class='ocr_par' dir='ltr' id='par_1_2' title="bbox 267 415 360 473">
     <span class='ocr_line' id='line_1_2' title="bbox 267 415 360 473; baseline -0.022 0"><span class='ocrx_word' id='word_1_2' title='bbox 267 415 360 473; x_wconf 71' lang='lat' dir='ltr'><strong>bili</strong></span> 
     </span>
    </p>
   </div>
   <div class='ocr_carea' id='block_1_3' title="bbox 266 514 1855 596">
    <p class='ocr_par' dir='ltr' id='par_1_3' title="bbox 266 514 1855 596">
     <span class='ocr_line' id='line_1_3' title="bbox 266 514 1855 596; baseline -0.012 -9"><span class='ocrx_word' id='word_1_3' title='bbox 266 542 470 587; x_wconf 89' lang='lat' dir='ltr'><strong>temere</strong></span> <span class='ocrx_word' id='word_1_4' title='bbox 491 524 763 583; x_wconf 74' lang='lat' dir='ltr'><strong>credidisti</strong></span> <span class='ocrx_word' id='word_1_5' title='bbox 797 522 939 596; x_wconf 90' lang='lat' dir='ltr'><strong>quod</strong></span> <span class='ocrx_word' id='word_1_6' title='bbox 983 523 1207 578; x_wconf 87' lang='lat' dir='ltr'><strong>libenter</strong></span> <span class='ocrx_word' id='word_1_7' title='bbox 1242 516 1457 584; x_wconf 80' lang='lat' dir='ltr'><strong>audisti,</strong></span> <span class='ocrx_word' id='word_1_8' title='bbox 1505 524 1559 571; x_wconf 94' lang='lat' dir='ltr'><strong>et</strong></span> <span class='ocrx_word' id='word_1_9' title='bbox 1586 514 1855 585; x_wconf 73' lang='lat' dir='ltr'><strong>subrepsit</strong></span> 
     </span>
    </p>
   </div>
   <div class='ocr_carea' id='block_1_4' title="bbox 267 606 1857 689">
    <p class='ocr_par' dir='ltr' id='par_1_4' title="bbox 267 606 1857 689">
     <span class='ocr_line' id='line_1_4' title="bbox 267 606 1857 689; baseline -0.011 -12"><span class='ocrx_word' id='word_1_10' title='bbox 267 623 360 678; x_wconf 89' lang='lat' dir='ltr'><strong>tibi</strong></span> <span class='ocrx_word' id='word_1_11' title='bbox 395 618 750 689; x_wconf 81' lang='lat' dir='ltr'><strong>falsiloquium</strong></span> <span class='ocrx_word' id='word_1_12' title='bbox 804 631 900 687; x_wconf 89' lang='lat' dir='ltr'><strong>per</strong></span> <span class='ocrx_word' id='word_1_13' title='bbox 941 612 1362 683; x_wconf 89' lang='lat' dir='ltr'><strong>suaviloquium.</strong></span> <span class='ocrx_word' id='word_1_14' title='bbox 1390 606 1544 679; x_wconf 83' lang='lat' dir='ltr'><strong>Quod</strong></span> <span class='ocrx_word' id='word_1_15' title='bbox 1574 622 1677 662; x_wconf 89' lang='lat' dir='ltr'><strong>non</strong></span> <span class='ocrx_word' id='word_1_16' title='bbox 1734 606 1857 661; x_wconf 90' lang='lat' dir='ltr'><strong>ideo</strong></span> 
     </span>
    </p>
   </div>
   <div class='ocr_carea' id='block_1_5' title="bbox 266 698 1855 781">
    <p class='ocr_par' dir='ltr' id='par_1_5' title="bbox 266 698 1855 781">
     <span class='ocr_line' id='line_1_5' title="bbox 266 698 1855 781; baseline -0.009 -13"><span class='ocrx_word' id='word_1_17' title='bbox 266 714 406 773; x_wconf 88' lang='lat' dir='ltr'><strong>dico,</strong></span> <span class='ocrx_word' id='word_1_18' title='bbox 431 711 553 781; x_wconf 85' lang='lat' dir='ltr'><strong>quia</strong></span> <span class='ocrx_word' id='word_1_19' title='bbox 580 709 766 765; x_wconf 90' lang='lat' dir='ltr'><strong>falsum</strong></span> <span class='ocrx_word' id='word_1_20' title='bbox 794 720 913 762; x_wconf 87' lang='lat' dir='ltr'><strong>esse</strong></span> <span class='ocrx_word' id='word_1_21' title='bbox 925 705 1035 776; x_wconf 88' lang='lat' dir='ltr'><strong>jam</strong></span> <span class='ocrx_word' id='word_1_22' title='bbox 1063 713 1241 761; x_wconf 89' lang='lat' dir='ltr'><strong>certus</strong></span> <span class='ocrx_word' id='word_1_23' title='bbox 1271 703 1391 765; x_wconf 88' lang='lat' dir='ltr'><strong>sim,</strong></span> <span class='ocrx_word' id='word_1_24' title='bbox 1435 701 1644 755; x_wconf 89' lang='lat' dir='ltr'><strong>animas</strong></span> <span class='ocrx_word' id='word_1_25' title='bbox 1677 698 1855 769; x_wconf 87' lang='lat' dir='ltr'><strong>potius</strong></span> 
     </span>
    </p>
   </div>
   <div class='ocr_carea' id='block_1_6' title="bbox 266 789 1852 869">
    <p class='ocr_par' dir='ltr' id='par_1_6' title="bbox 266 789 1852 869">
     <span class='ocr_line' id='line_1_6' title="bbox 266 789 1852 869; baseline -0.009 -11"><span class='ocrx_word' id='word_1_26' title='bbox 266 801 533 858; x_wconf 75' lang='lat' dir='ltr'><strong>insufﬂari</strong></span> <span class='ocrx_word' id='word_1_27' title='bbox 581 814 771 868; x_wconf 86' lang='lat' dir='ltr'><strong>novas,</strong></span> <span class='ocrx_word' id='word_1_28' title='bbox 810 813 968 869; x_wconf 91' lang='lat' dir='ltr'><strong>quam</strong></span> <span class='ocrx_word' id='word_1_29' title='bbox 996 796 1065 852; x_wconf 90' lang='lat' dir='ltr'><strong>de</strong></span> <span class='ocrx_word' id='word_1_30' title='bbox 1109 795 1315 866; x_wconf 79' lang='lat' dir='ltr'><strong>origine</strong></span> <span class='ocrx_word' id='word_1_31' title='bbox 1359 801 1637 863; x_wconf 89' lang='lat' dir='ltr'><strong>parentum</strong></span> <span class='ocrx_word' id='word_1_32' title='bbox 1679 789 1852 854; x_wconf 87' lang='lat' dir='ltr'><strong>trahi;</strong></span> 
     </span>
    </p>
   </div>
   <div class='ocr_carea' id='block_1_7' title="bbox 267 881 1854 959">
    <p class='ocr_par' dir='ltr' id='par_1_7' title="bbox 267 881 1854 959">
     <span class='ocr_line' id='line_1_7' title="bbox 267 881 1854 959; baseline -0.008 -12"><span class='ocrx_word' id='word_1_33' title='bbox 267 892 366 947; x_wconf 90' lang='lat' dir='ltr'><strong>hoc</strong></span> <span class='ocrx_word' id='word_1_34' title='bbox 384 893 528 949; x_wconf 92' lang='lat' dir='ltr'><strong>enim</strong></span> <span class='ocrx_word' id='word_1_35' title='bbox 560 890 735 946; x_wconf 89' lang='lat' dir='ltr'><strong>adhuc</strong></span> <span class='ocrx_word' id='word_1_36' title='bbox 779 889 846 944; x_wconf 91' lang='lat' dir='ltr'><strong>ab</strong></span> <span class='ocrx_word' id='word_1_37' title='bbox 875 889 952 944; x_wconf 91' lang='lat' dir='ltr'><strong>eis</strong></span> <span class='ocrx_word' id='word_1_38' title='bbox 981 888 1069 959; x_wconf 88' lang='lat' dir='ltr'><strong>qui</strong></span> <span class='ocrx_word' id='word_1_39' title='bbox 1098 887 1292 942; x_wconf 88' lang='lat' dir='ltr'><strong>docere</strong></span> <span class='ocrx_word' id='word_1_40' title='bbox 1321 884 1374 940; x_wconf 87' lang='lat' dir='ltr'><strong>id</strong></span> <span class='ocrx_word' id='word_1_41' title='bbox 1402 891 1644 955; x_wconf 87' lang='lat' dir='ltr'><strong>possunt,</strong></span> <span class='ocrx_word' id='word_1_42' title='bbox 1668 881 1854 938; x_wconf 88' lang='lat' dir='ltr'><strong>existi-</strong></span> 
     </span>
    </p>
   </div>
   <div class='ocr_carea' id='block_1_8' title="bbox 266 970 1853 1054">
    <p class='ocr_par' dir='ltr' id='par_1_8' title="bbox 266 970 1853 1054">
     <span class='ocr_line' id='line_1_8' title="bbox 266 970 1853 1054; baseline -0.006 -15"><span class='ocrx_word' id='word_1_43' title='bbox 266 1000 353 1039; x_wconf 85' lang='lat' dir='ltr'><strong>mn</strong></span> <span class='ocrx_word' id='word_1_44' title='bbox 399 982 779 1054; x_wconf 88' lang='lat' dir='ltr'><strong>requirendum</strong></span> <span class='ocrx_word' id='word_1_45' title='bbox 805 1000 819 1037; x_wconf 90' lang='lat'><strong>:</strong></span> <span class='ocrx_word' id='word_1_46' title='bbox 847 980 942 1037; x_wconf 89' lang='lat' dir='ltr'><strong>sed</strong></span> <span class='ocrx_word' id='word_1_47' title='bbox 971 980 1092 1051; x_wconf 86' lang='lat' dir='ltr'><strong>quia</strong></span> <span class='ocrx_word' id='word_1_48' title='bbox 1118 979 1221 1033; x_wconf 90' lang='lat' dir='ltr'><strong>iste</strong></span> <span class='ocrx_word' id='word_1_49' title='bbox 1252 977 1320 1032; x_wconf 91' lang='lat' dir='ltr'><strong>de</strong></span> <span class='ocrx_word' id='word_1_50' title='bbox 1358 970 1465 1031; x_wconf 86' lang='lat' dir='ltr'><strong>hac</strong></span> <span class='ocrx_word' id='word_1_51' title='bbox 1499 990 1557 1030; x_wconf 91' lang='lat' dir='ltr'><strong>re</strong></span> <span class='ocrx_word' id='word_1_52' title='bbox 1578 975 1655 1041; x_wconf 89' lang='lat' dir='ltr'><strong>ita</strong></span> <span class='ocrx_word' id='word_1_53' title='bbox 1681 974 1853 1029; x_wconf 67' lang='lat' dir='ltr'><strong>disse«</strong></span> 
     </span>
    </p>
   </div>
   <div class='ocr_carea' id='block_1_9' title="bbox 265 1064 1849 1140">
    <p class='ocr_par' dir='ltr' id='par_1_9' title="bbox 265 1064 1849 1140">
     <span class='ocr_line' id='line_1_9' title="bbox 265 1064 1849 1140; baseline -0.007 -11"><span class='ocrx_word' id='word_1_54' title='bbox 265 1076 391 1139; x_wconf 90' lang='lat' dir='ltr'><strong>ruit,</strong></span> <span class='ocrx_word' id='word_1_55' title='bbox 409 1083 468 1127; x_wconf 88' lang='lat' dir='ltr'><strong>ut</strong></span> <span class='ocrx_word' id='word_1_56' title='bbox 496 1089 599 1127; x_wconf 91' lang='lat' dir='ltr'><strong>non</strong></span> <span class='ocrx_word' id='word_1_57' title='bbox 621 1073 795 1128; x_wconf 90' lang='lat' dir='ltr'><strong>solum</strong></span> <span class='ocrx_word' id='word_1_58' title='bbox 833 1087 975 1137; x_wconf 90' lang='lat' dir='ltr'><strong>eam,</strong></span> <span class='ocrx_word' id='word_1_59' title='bbox 1022 1085 1142 1140; x_wconf 72' lang='lat' dir='ltr'><strong>qum</strong></span> <span class='ocrx_word' id='word_1_60' title='bbox 1171 1067 1347 1124; x_wconf 90' lang='lat' dir='ltr'><strong>adhuc</strong></span> <span class='ocrx_word' id='word_1_61' title='bbox 1387 1064 1720 1122; x_wconf 78' lang='lat' dir='ltr'><strong>discutienda</strong></span> <span class='ocrx_word' id='word_1_62' title='bbox 1746 1072 1849 1130; x_wconf 90' lang='lat' dir='ltr'><strong>est,</strong></span> 
     </span>
    </p>
   </div>
   <div class='ocr_carea' id='block_1_10' title="bbox 268 1157 1846 1236">
    <p class='ocr_par' dir='ltr' id='par_1_10' title="bbox 268 1157 1846 1236">
     <span class='ocr_line' id='line_1_10' title="bbox 268 1157 1846 1236; baseline -0.006 -15"><span class='ocrx_word' id='word_1_63' title='bbox 268 1182 372 1222; x_wconf 78' lang='lat' dir='ltr'><strong>non</strong></span> <span class='ocrx_word' id='word_1_64' title='bbox 400 1165 636 1220; x_wconf 83' lang='lat' dir='ltr'><strong>solveret</strong></span> <span class='ocrx_word' id='word_1_65' title='bbox 658 1164 1006 1236; x_wconf 69' lang='lat' dir='ltr'><strong>quarstionem</strong></span> <span class='ocrx_word' id='word_1_66' title='bbox 1028 1178 1043 1227; x_wconf 90' lang='lat'><strong>;</strong></span> <span class='ocrx_word' id='word_1_67' title='bbox 1065 1176 1248 1218; x_wconf 87' lang='lat' dir='ltr'><strong>verum</strong></span> <span class='ocrx_word' id='word_1_68' title='bbox 1277 1160 1439 1215; x_wconf 90' lang='lat' dir='ltr'><strong>etiam</strong></span> <span class='ocrx_word' id='word_1_69' title='bbox 1472 1159 1594 1213; x_wconf 89' lang='lat' dir='ltr'><strong>talia</strong></span> <span class='ocrx_word' id='word_1_70' title='bbox 1619 1157 1846 1221; x_wconf 88' lang='lat' dir='ltr'><strong>diceret,</strong></span> 
     </span>
    </p>
   </div>
   <div class='ocr_carea' id='block_1_11' title="bbox 269 1246 1848 1326">
    <p class='ocr_par' dir='ltr' id='par_1_11' title="bbox 269 1246 1848 1326">
     <span class='ocr_line' id='line_1_11' title="bbox 269 1246 1848 1326; baseline -0.003 -21"><span class='ocrx_word' id='word_1_71' title='bbox 269 1269 383 1326; x_wconf 66' lang='lat' dir='ltr'><strong>qum</strong></span> <span class='ocrx_word' id='word_1_72' title='bbox 416 1254 658 1309; x_wconf 77' lang='lat' dir='ltr'><strong>falsitatis</strong></span> <span class='ocrx_word' id='word_1_73' title='bbox 685 1268 794 1309; x_wconf 86' lang='lat' dir='ltr'><strong>non</strong></span> <span class='ocrx_word' id='word_1_74' title='bbox 844 1252 1078 1307; x_wconf 83' lang='lat' dir='ltr'><strong>habeant</strong></span> <span class='ocrx_word' id='word_1_75' title='bbox 1102 1250 1508 1305; x_wconf 85' lang='lat' dir='ltr'><strong>dubitationem.</strong></span> <span class='ocrx_word' id='word_1_76' title='bbox 1541 1247 1673 1302; x_wconf 90' lang='lat' dir='ltr'><strong>Cum</strong></span> <span class='ocrx_word' id='word_1_77' title='bbox 1704 1246 1848 1301; x_wconf 89' lang='lat' dir='ltr'><strong>enim</strong></span> 
     </span>
    </p>
   </div>
   <div class='ocr_carea' id='block_1_12' title="bbox 267 1340 1856 1417">
    <p class='ocr_par' dir='ltr' id='par_1_12' title="bbox 267 1340 1856 1417">
     <span class='ocr_line' id='line_1_12' title="bbox 267 1340 1856 1417; baseline -0.003 -18"><span class='ocrx_word' id='word_1_78' title='bbox 267 1347 425 1401; x_wconf 86' lang='lat' dir='ltr'><strong>vellet</strong></span> <span class='ocrx_word' id='word_1_79' title='bbox 463 1348 691 1417; x_wconf 87' lang='lat' dir='ltr'><strong>probare</strong></span> <span class='ocrx_word' id='word_1_80' title='bbox 746 1344 928 1413; x_wconf 90' lang='lat' dir='ltr'><strong>dubia,</strong></span> <span class='ocrx_word' id='word_1_81' title='bbox 987 1359 1147 1401; x_wconf 89' lang='lat' dir='ltr'><strong>ausus</strong></span> <span class='ocrx_word' id='word_1_82' title='bbox 1175 1354 1259 1399; x_wconf 90' lang='lat' dir='ltr'><strong>est</strong></span> <span class='ocrx_word' id='word_1_83' title='bbox 1304 1342 1485 1399; x_wconf 83' lang='lat' dir='ltr'><strong>dicere</strong></span> <span class='ocrx_word' id='word_1_84' title='bbox 1532 1342 1648 1396; x_wconf 84' lang='lat' dir='ltr'><strong>sine</strong></span> <span class='ocrx_word' id='word_1_85' title='bbox 1693 1340 1856 1397; x_wconf 86' lang='lat' dir='ltr'><strong>dubio</strong></span> 
     </span>
    </p>
   </div>
   <div class='ocr_carea' id='block_1_13' title="bbox 264 1437 619 1508">
    <p class='ocr_par' dir='ltr' id='par_1_13' title="bbox 264 1437 619 1508">
     <span class='ocr_line' id='line_1_13' title="bbox 264 1437 619 1508; baseline -0.008 -14"><span class='ocrx_word' id='word_1_86' title='bbox 264 1437 619 1508; x_wconf 90' lang='lat' dir='ltr'><strong>reprobanda.</strong></span> 
     </span>
    </p>
   </div>
   <div class='ocr_carea' id='block_1_14' title="bbox 334 1524 1853 1597">
    <p class='ocr_par' dir='ltr' id='par_1_14' title="bbox 334 1524 1853 1597">
     <span class='ocr_line' id='line_1_14' title="bbox 334 1524 1853 1597; baseline -0.003 -14"><span class='ocrx_word' id='word_1_87' title='bbox 334 1527 561 1587; x_wconf 75' lang='lat' dir='ltr'><strong>CAPUT</strong></span> <span class='ocrx_word' id='word_1_88' title='bbox 606 1528 711 1584; x_wconf 61' lang='grc' dir='ltr'>ιιι.</span> <span class='ocrx_word' id='word_1_89' title='bbox 738 1559 810 1570; x_wconf 92' lang='grc'><strong><em>-</em></strong></span> <span class='ocrx_word' id='word_1_90' title='bbox 825 1529 850 1585; x_wconf 83' lang='lat' dir='ltr'><strong>l</strong></span> <span class='ocrx_word' id='word_1_91' title='bbox 866 1530 883 1584; x_wconf 90' lang='lat' dir='ltr'><strong>l</strong></span> <span class='ocrx_word' id='word_1_92' title='bbox 900 1568 913 1581; x_wconf 95' lang='lat'><strong>.</strong></span> <span class='ocrx_word' id='word_1_93' title='bbox 933 1529 1013 1584; x_wconf 82' lang='lat' dir='ltr'><strong>An</strong></span> <span class='ocrx_word' id='word_1_94' title='bbox 1033 1543 1159 1584; x_wconf 89' lang='lat' dir='ltr'><strong>vero</strong></span> <span class='ocrx_word' id='word_1_95' title='bbox 1182 1537 1234 1582; x_wconf 90' lang='grc' dir='ltr'><strong>ιιι</strong></span> <span class='ocrx_word' id='word_1_96' title='bbox 1260 1527 1549 1597; x_wconf 89' lang='lat' dir='ltr'><strong>reprohare</strong></span> <span class='ocrx_word' id='word_1_97' title='bbox 1563 1524 1853 1594; x_wconf 82' lang='lat' dir='ltr'><strong>dubitabis,</strong></span> 
     </span>
    </p>
   </div>
   <div class='ocr_carea' id='block_1_15' title="bbox 262 1609 1854 1689">
    <p class='ocr_par' dir='ltr' id='par_1_15' title="bbox 262 1609 1854 1689">
     <span class='ocr_line' id='line_1_15' title="bbox 262 1609 1854 1689; baseline -0.003 -16"><span class='ocrx_word' id='word_1_98' title='bbox 262 1618 402 1689; x_wconf 88' lang='lat' dir='ltr'><strong>quod</strong></span> <span class='ocrx_word' id='word_1_99' title='bbox 430 1634 551 1674; x_wconf 89' lang='lat' dir='ltr'><strong>cum</strong></span> <span class='ocrx_word' id='word_1_100' title='bbox 574 1618 641 1675; x_wconf 92' lang='lat' dir='ltr'><strong>de</strong></span> <span class='ocrx_word' id='word_1_101' title='bbox 682 1609 867 1673; x_wconf 30' lang='lat' dir='ltr'><strong>anima.</strong></span> <span class='ocrx_word' id='word_1_102' title='bbox 891 1618 1218 1689; x_wconf 83' lang='lat' dir='ltr'><strong>loqueretur,</strong></span> <span class='ocrx_word' id='word_1_103' title='bbox 1256 1635 1276 1669; x_wconf 73' lang='grc' dir='ltr'><strong>ι</strong></span> <span class='ocrx_word' id='word_1_104' title='bbox 1327 1616 1444 1673; x_wconf 85' lang='grc' dir='ltr'>Νοιι</span> <span class='ocrx_word' id='word_1_105' title='bbox 1471 1616 1573 1680; x_wconf 85' lang='lat' dir='ltr'><strong>vis,</strong></span> <span class='ocrx_word' id='word_1_106' title='bbox 1612 1635 1630 1670; x_wconf 78' lang='grc' dir='ltr'><strong>ι</strong></span> <span class='ocrx_word' id='word_1_107' title='bbox 1661 1616 1854 1687; x_wconf 84' lang='lat' dir='ltr'><strong>inquit,</strong></span> 
     </span>
    </p>
   </div>
   <div class='ocr_carea' id='block_1_16' title="bbox 260 1694 1853 1780">
    <p class='ocr_par' dir='ltr' id='par_1_16' title="bbox 260 1694 1853 1780">
     <span class='ocr_line' id='line_1_16' title="bbox 260 1694 1853 1780; baseline -0.002 -16"><span class='ocrx_word' id='word_1_108' title='bbox 260 1710 495 1764; x_wconf 84' lang='lat' dir='ltr'><strong>animam</strong></span> <span class='ocrx_word' id='word_1_109' title='bbox 533 1725 597 1765; x_wconf 86' lang='lat' dir='ltr'><strong>ex</strong></span> <span class='ocrx_word' id='word_1_110' title='bbox 635 1725 795 1765; x_wconf 85' lang='lat' dir='ltr'><strong>carne</strong></span> <span class='ocrx_word' id='word_1_111' title='bbox 848 1694 1056 1780; x_wconf 79' lang='lat' dir='ltr'><strong>peccati</strong></span> <span class='ocrx_word' id='word_1_112' title='bbox 1090 1708 1409 1764; x_wconf 73' lang='lat' dir='ltr'><strong>contrahere</strong></span> <span class='ocrx_word' id='word_1_113' title='bbox 1470 1706 1853 1773; x_wconf 79' lang='lat' dir='ltr'><strong>valetudinem,</strong></span> 
     </span>
    </p>
   </div>
   <div class='ocr_carea' id='block_1_17' title="bbox 262 1800 1844 1872">
    <p class='ocr_par' dir='ltr' id='par_1_17' title="bbox 262 1800 1844 1872">
     <span class='ocr_line' id='line_1_17' title="bbox 262 1800 1844 1872; baseline 0.001 -16"><span class='ocrx_word' id='word_1_114' title='bbox 262 1802 331 1857; x_wconf 90' lang='lat' dir='ltr'><strong>ad</strong></span> <span class='ocrx_word' id='word_1_115' title='bbox 376 1818 535 1872; x_wconf 91' lang='lat' dir='ltr'><strong>quam</strong></span> <span class='ocrx_word' id='word_1_116' title='bbox 591 1802 1344 1862; x_wconf 86' lang='lat' dir='ltr'><strong>vicissim.sanctiﬁcationem</strong></span> <span class='ocrx_word' id='word_1_117' title='bbox 1388 1800 1570 1857; x_wconf 85' lang='lat' dir='ltr'><strong>videas</strong></span> <span class='ocrx_word' id='word_1_118' title='bbox 1614 1802 1844 1858; x_wconf 85' lang='lat' dir='ltr'><strong>transire</strong></span> 
     </span>
    </p>
   </div>
   <div class='ocr_carea' id='block_1_18' title="bbox 264 1894 1847 1965">
    <p class='ocr_par' dir='ltr' id='par_1_18' title="bbox 264 1894 1847 1965">
     <span class='ocr_line' id='line_1_18' title="bbox 264 1894 1847 1965; baseline 0 -17"><span class='ocrx_word' id='word_1_119' title='bbox 264 1910 360 1965; x_wconf 89' lang='lat' dir='ltr'><strong>per</strong></span> <span class='ocrx_word' id='word_1_120' title='bbox 378 1910 617 1961; x_wconf 87' lang='lat' dir='ltr'><strong>carnem,</strong></span> <span class='ocrx_word' id='word_1_121' title='bbox 640 1902 699 1950; x_wconf 91' lang='lat' dir='ltr'><strong>ut</strong></span> <span class='ocrx_word' id='word_1_122' title='bbox 733 1910 825 1964; x_wconf 90' lang='lat' dir='ltr'><strong>per</strong></span> <span class='ocrx_word' id='word_1_123' title='bbox 854 1894 1020 1965; x_wconf 84' lang='lat' dir='ltr'><strong>ipsam</strong></span> <span class='ocrx_word' id='word_1_124' title='bbox 1069 1902 1286 1965; x_wconf 81' lang='lat' dir='ltr'><strong>reparet</strong></span> <span class='ocrx_word' id='word_1_125' title='bbox 1322 1900 1537 1955; x_wconf 91' lang='lat' dir='ltr'><strong>statum,</strong></span> <span class='ocrx_word' id='word_1_126' title='bbox 1570 1908 1662 1963; x_wconf 84' lang='lat' dir='ltr'><strong>per</strong></span> <span class='ocrx_word' id='word_1_127' title='bbox 1685 1908 1847 1963; x_wconf 90' lang='lat' dir='ltr'><strong>quam</strong></span> 
     </span>
    </p>
   </div>
   <div class='ocr_carea' id='block_1_19' title="bbox 264 1983 1854 2056">
    <p class='ocr_par' dir='ltr' id='par_1_19' title="bbox 264 1983 1854 2056">
     <span class='ocr_line' id='line_1_19' title="bbox 264 1983 1854 2056; baseline 0 -16"><span class='ocrx_word' id='word_1_128' title='bbox 264 1985 571 2056; x_wconf 75' lang='lat' dir='ltr'><strong>perdiderat</strong></span> <span class='ocrx_word' id='word_1_129' title='bbox 617 1986 915 2041; x_wconf 82' lang='lat' dir='ltr'><strong>meritum?</strong></span> <span class='ocrx_word' id='word_1_130' title='bbox 945 1987 1050 2039; x_wconf 88' lang='lat' dir='ltr'><strong>Aut</strong></span> <span class='ocrx_word' id='word_1_131' title='bbox 1086 1983 1341 2055; x_wconf 87' lang='lat' dir='ltr'><strong>numquid</strong></span> <span class='ocrx_word' id='word_1_132' title='bbox 1403 1985 1526 2055; x_wconf 84' lang='lat' dir='ltr'><strong>quia</strong></span> <span class='ocrx_word' id='word_1_133' title='bbox 1582 1984 1854 2054; x_wconf 80' lang='lat' dir='ltr'><strong>Baptismo</strong></span> 
     </span>
    </p>
   </div>
   <div class='ocr_carea' id='block_1_20' title="bbox 263 2075 1848 2146">
    <p class='ocr_par' dir='ltr' id='par_1_20' title="bbox 263 2075 1848 2146">
     <span class='ocr_line' id='line_1_20' title="bbox 263 2075 1848 2146; baseline 0 -17"><span class='ocrx_word' id='word_1_134' title='bbox 263 2091 459 2146; x_wconf 88' lang='lat' dir='ltr'><strong>corpus</strong></span> <span class='ocrx_word' id='word_1_135' title='bbox 487 2076 739 2143; x_wconf 89' lang='lat' dir='ltr'><strong>abluitur,</strong></span> <span class='ocrx_word' id='word_1_136' title='bbox 774 2092 880 2131; x_wconf 92' lang='lat' dir='ltr'><strong>non</strong></span> <span class='ocrx_word' id='word_1_137' title='bbox 905 2076 1092 2131; x_wconf 85' lang='lat' dir='ltr'><strong>transit</strong></span> <span class='ocrx_word' id='word_1_138' title='bbox 1126 2075 1191 2130; x_wconf 88' lang='lat' dir='ltr'><strong>ad</strong></span> <span class='ocrx_word' id='word_1_139' title='bbox 1215 2075 1443 2130; x_wconf 90' lang='lat' dir='ltr'><strong>animam</strong></span> <span class='ocrx_word' id='word_1_140' title='bbox 1468 2076 1549 2130; x_wconf 88' lang='lat' dir='ltr'><strong>vel</strong></span> <span class='ocrx_word' id='word_1_141' title='bbox 1580 2076 1848 2146; x_wconf 77' lang='lat' dir='ltr'><strong>Spiritum,</strong></span> 
     </span>
    </p>
   </div>
   <div class='ocr_carea' id='block_1_21' title="bbox 257 2166 1853 2239">
    <p class='ocr_par' dir='ltr' id='par_1_21' title="bbox 257 2166 1853 2239">
     <span class='ocr_line' id='line_1_21' title="bbox 257 2166 1853 2239; baseline 0 -17"><span class='ocrx_word' id='word_1_142' title='bbox 257 2168 403 2239; x_wconf 88' lang='lat' dir='ltr'><strong>quod</strong></span> <span class='ocrx_word' id='word_1_143' title='bbox 420 2167 654 2222; x_wconf 87' lang='lat' dir='ltr'><strong>creditur</strong></span> <span class='ocrx_word' id='word_1_144' title='bbox 681 2166 908 2223; x_wconf 88' lang='lat' dir='ltr'><strong>conferri</strong></span> <span class='ocrx_word' id='word_1_145' title='bbox 938 2182 1034 2238; x_wconf 91' lang='lat' dir='ltr'><strong>per</strong></span> <span class='ocrx_word' id='word_1_146' title='bbox 1076 2166 1403 2237; x_wconf 87' lang='lat' dir='ltr'><strong>Baptismum</strong></span> <span class='ocrx_word' id='word_1_147' title='bbox 1428 2166 1451 2221; x_wconf 89' lang='lat'><strong>?</strong></span> <span class='ocrx_word' id='word_1_148' title='bbox 1484 2166 1673 2221; x_wconf 81' lang='lat' dir='ltr'><strong>Merito</strong></span> <span class='ocrx_word' id='word_1_149' title='bbox 1722 2182 1853 2236; x_wconf 84' lang='lat' dir='ltr'><strong>ergo</strong></span> 
     </span>
    </p>
   </div>
   <div class='ocr_carea' id='block_1_22' title="bbox 268 2256 1846 2327">
    <p class='ocr_par' dir='ltr' id='par_1_22' title="bbox 268 2256 1846 2327">
     <span class='ocr_line' id='line_1_22' title="bbox 268 2256 1846 2327; baseline 0.001 -17"><span class='ocrx_word' id='word_1_150' title='bbox 268 2273 366 2327; x_wconf 88' lang='lat' dir='ltr'><strong>per</strong></span> <span class='ocrx_word' id='word_1_151' title='bbox 395 2271 632 2323; x_wconf 84' lang='lat' dir='ltr'><strong>carnem,</strong></span> <span class='ocrx_word' id='word_1_152' title='bbox 659 2257 895 2327; x_wconf 79' lang='lat' dir='ltr'><strong>priscam</strong></span> <span class='ocrx_word' id='word_1_153' title='bbox 930 2267 1143 2327; x_wconf 88' lang='lat' dir='ltr'><strong>reparat</strong></span> <span class='ocrx_word' id='word_1_154' title='bbox 1172 2256 1558 2323; x_wconf 89' lang='lat' dir='ltr'><strong>habitudinem,</strong></span> <span class='ocrx_word' id='word_1_155' title='bbox 1581 2271 1741 2327; x_wconf 89' lang='lat' dir='ltr'><strong>quam</strong></span> <span class='ocrx_word' id='word_1_156' title='bbox 1773 2257 1846 2311; x_wconf 86' lang='lat' dir='ltr'><strong>vi-</strong></span> 
     </span>
    </p>
   </div>
   <div class='ocr_carea' id='block_1_23' title="bbox 263 2346 1846 2419">
    <p class='ocr_par' dir='ltr' id='par_1_23' title="bbox 263 2346 1846 2419">
     <span class='ocr_line' id='line_1_23' title="bbox 263 2346 1846 2419; baseline 0.001 -18"><span class='ocrx_word' id='word_1_157' title='bbox 263 2363 321 2401; x_wconf 88' lang='lat' dir='ltr'><strong>sa</strong></span> <span class='ocrx_word' id='word_1_158' title='bbox 356 2346 527 2402; x_wconf 88' lang='lat' dir='ltr'><strong>fuerat</strong></span> <span class='ocrx_word' id='word_1_159' title='bbox 564 2348 830 2418; x_wconf 84' lang='lat' dir='ltr'><strong>paulisper</strong></span> <span class='ocrx_word' id='word_1_160' title='bbox 857 2349 1100 2403; x_wconf 88' lang='lat' dir='ltr'><strong>amisisse</strong></span> <span class='ocrx_word' id='word_1_161' title='bbox 1120 2363 1215 2418; x_wconf 89' lang='lat' dir='ltr'><strong>per</strong></span> <span class='ocrx_word' id='word_1_162' title='bbox 1239 2362 1474 2412; x_wconf 89' lang='lat' dir='ltr'><strong>carnem,</strong></span> <span class='ocrx_word' id='word_1_163' title='bbox 1507 2356 1563 2402; x_wconf 92' lang='lat' dir='ltr'><strong>ut</strong></span> <span class='ocrx_word' id='word_1_164' title='bbox 1590 2364 1689 2419; x_wconf 90' lang='lat' dir='ltr'><strong>per</strong></span> <span class='ocrx_word' id='word_1_165' title='bbox 1725 2364 1846 2403; x_wconf 89' lang='lat' dir='ltr'><strong>eam</strong></span> 
     </span>
    </p>
   </div>
   <div class='ocr_carea' id='block_1_24' title="bbox 264 2438 1851 2513">
    <p class='ocr_par' dir='ltr' id='par_1_24' title="bbox 264 2438 1851 2513">
     <span class='ocr_line' id='line_1_24' title="bbox 264 2438 1851 2513; baseline -0.001 -18"><span class='ocrx_word' id='word_1_166' title='bbox 264 2440 479 2509; x_wconf 82' lang='lat' dir='ltr'><strong>incipiat</strong></span> <span class='ocrx_word' id='word_1_167' title='bbox 496 2440 726 2507; x_wconf 91' lang='lat' dir='ltr'><strong>renasci,</strong></span> <span class='ocrx_word' id='word_1_168' title='bbox 743 2457 836 2510; x_wconf 88' lang='lat' dir='ltr'><strong>per</strong></span> <span class='ocrx_word' id='word_1_169' title='bbox 851 2456 1006 2512; x_wconf 88' lang='lat' dir='ltr'><strong>quam</strong></span> <span class='ocrx_word' id='word_1_170' title='bbox 1022 2448 1290 2497; x_wconf 88' lang='lat' dir='ltr'><strong>meruerat</strong></span> <span class='ocrx_word' id='word_1_171' title='bbox 1310 2440 1572 2511; x_wconf 90' lang='lat' dir='ltr'><strong>inquinari</strong></span> <span class='ocrx_word' id='word_1_172' title='bbox 1602 2458 1622 2493; x_wconf 79' lang='grc' dir='ltr'><strong>ι</strong></span> <span class='ocrx_word' id='word_1_173' title='bbox 1654 2438 1851 2513; x_wconf 82' lang='lat' dir='ltr'><strong>(Infra,</strong></span> 
     </span>
    </p>
   </div>
   <div class='ocr_carea' id='block_1_25' title="bbox 264 2530 1857 2602">
    <p class='ocr_par' dir='ltr' id='par_1_25' title="bbox 264 2530 1857 2602">
     <span class='ocr_line' id='line_1_25' title="bbox 264 2530 1857 2602; baseline 0.003 -19"><span class='ocrx_word' id='word_1_174' title='bbox 264 2530 350 2584; x_wconf 81' lang='lat' dir='ltr'><strong>lib.</strong></span> <span class='ocrx_word' id='word_1_175' title='bbox 381 2531 435 2597; x_wconf 78' lang='grc' dir='ltr'><em>ὅ,</em></span> <span class='ocrx_word' id='word_1_176' title='bbox 470 2548 523 2584; x_wconf 83' lang='grc' dir='ltr'><strong>η.</strong></span> <span class='ocrx_word' id='word_1_177' title='bbox 565 2530 681 2601; x_wconf 81' lang='lat'><strong>9)?</strong></span> <span class='ocrx_word' id='word_1_178' title='bbox 707 2531 834 2587; x_wconf 82' lang='lat' dir='ltr'><strong>Vide</strong></span> <span class='ocrx_word' id='word_1_179' title='bbox 875 2532 927 2586; x_wconf 91' lang='lat' dir='ltr'><strong>in</strong></span> <span class='ocrx_word' id='word_1_180' title='bbox 979 2530 1062 2587; x_wconf 90' lang='lat' dir='ltr'><strong>his</strong></span> <span class='ocrx_word' id='word_1_181' title='bbox 1102 2531 1300 2597; x_wconf 82' lang='lat' dir='ltr'><strong>verbis,</strong></span> <span class='ocrx_word' id='word_1_182' title='bbox 1330 2541 1587 2602; x_wconf 90' lang='lat' dir='ltr'><strong>quantum</strong></span> <span class='ocrx_word' id='word_1_183' title='bbox 1608 2530 1709 2586; x_wconf 90' lang='lat' dir='ltr'><strong>iste</strong></span> <span class='ocrx_word' id='word_1_184' title='bbox 1735 2540 1857 2587; x_wconf 89' lang='lat' dir='ltr'><strong>tuus</strong></span> 
     </span>
    </p>
   </div>
   <div class='ocr_carea' id='block_1_26' title="bbox 226 2625 1852 2696">
    <p class='ocr_par' dir='ltr' id='par_1_26' title="bbox 226 2625 1852 2696">
     <span class='ocr_line' id='line_1_26' title="bbox 226 2625 1852 2696; baseline 0.001 -18"><span class='ocrx_word' id='word_1_185' title='bbox 226 2633 241 2651; x_wconf 82' lang='grc'>⁶</span> <span class='ocrx_word' id='word_1_186' title='bbox 263 2627 521 2680; x_wconf 87' lang='lat' dir='ltr'><strong>erraverit</strong></span> <span class='ocrx_word' id='word_1_187' title='bbox 559 2625 762 2680; x_wconf 89' lang='lat' dir='ltr'><strong>doctor.</strong></span> <span class='ocrx_word' id='word_1_188' title='bbox 813 2625 976 2693; x_wconf 81' lang='lat' dir='ltr'><strong>Dixit,</strong></span> <span class='ocrx_word' id='word_1_189' title='bbox 1012 2644 1030 2680; x_wconf 82' lang='grc' dir='ltr'><strong>ι</strong></span> <span class='ocrx_word' id='word_1_190' title='bbox 1058 2625 1291 2681; x_wconf 87' lang='lat' dir='ltr'><strong>animam</strong></span> <span class='ocrx_word' id='word_1_191' title='bbox 1322 2640 1417 2696; x_wconf 91' lang='lat' dir='ltr'><strong>per</strong></span> <span class='ocrx_word' id='word_1_192' title='bbox 1440 2640 1660 2681; x_wconf 90' lang='lat' dir='ltr'><strong>carnem</strong></span> <span class='ocrx_word' id='word_1_193' title='bbox 1693 2639 1852 2695; x_wconf 89' lang='lat' dir='ltr'><strong>repa-</strong></span> 
     </span>
    </p>
   </div>
   <div class='ocr_carea' id='block_1_27' title="bbox 262 2716 1855 2790">
    <p class='ocr_par' dir='ltr' id='par_1_27' title="bbox 262 2716 1855 2790">
     <span class='ocr_line' id='line_1_27' title="bbox 262 2716 1855 2790; baseline 0 -18"><span class='ocrx_word' id='word_1_194' title='bbox 262 2735 382 2773; x_wconf 79' lang='lat' dir='ltr'><strong>rare</strong></span> <span class='ocrx_word' id='word_1_195' title='bbox 407 2727 626 2785; x_wconf 77' lang='lat' dir='ltr'><strong>Statum,</strong></span> <span class='ocrx_word' id='word_1_196' title='bbox 656 2734 754 2788; x_wconf 90' lang='lat' dir='ltr'><strong>per</strong></span> <span class='ocrx_word' id='word_1_197' title='bbox 778 2734 936 2790; x_wconf 90' lang='lat' dir='ltr'><strong>quam</strong></span> <span class='ocrx_word' id='word_1_198' title='bbox 967 2718 1274 2788; x_wconf 85' lang='lat' dir='ltr'><strong>perdiderat</strong></span> <span class='ocrx_word' id='word_1_199' title='bbox 1309 2718 1579 2773; x_wconf 88' lang='lat' dir='ltr'><strong>meritum.</strong></span> <span class='ocrx_word' id='word_1_200' title='bbox 1616 2735 1637 2770; x_wconf 75' lang='grc' dir='ltr'><strong>ι</strong></span> <span class='ocrx_word' id='word_1_201' title='bbox 1663 2716 1855 2772; x_wconf 89' lang='lat' dir='ltr'><strong>llabuit</strong></span> 
     </span>
    </p>
   </div>
   <div class='ocr_carea' id='block_1_28' title="bbox 262 2807 1860 2880">
    <p class='ocr_par' dir='ltr' id='par_1_28' title="bbox 262 2807 1860 2880">
     <span class='ocr_line' id='line_1_28' title="bbox 262 2807 1860 2880; baseline 0.001 -18"><span class='ocrx_word' id='word_1_202' title='bbox 262 2824 393 2879; x_wconf 87' lang='lat' dir='ltr'><strong>ergo</strong></span> <span class='ocrx_word' id='word_1_203' title='bbox 416 2809 591 2864; x_wconf 88' lang='lat' dir='ltr'><strong>anima</strong></span> <span class='ocrx_word' id='word_1_204' title='bbox 621 2809 850 2880; x_wconf 86' lang='lat' dir='ltr'><strong>aliquem</strong></span> <span class='ocrx_word' id='word_1_205' title='bbox 882 2816 1078 2866; x_wconf 90' lang='lat' dir='ltr'><strong>statum</strong></span> <span class='ocrx_word' id='word_1_206' title='bbox 1149 2819 1204 2865; x_wconf 90' lang='lat' dir='ltr'><strong>et</strong></span> <span class='ocrx_word' id='word_1_207' title='bbox 1230 2807 1443 2879; x_wconf 84' lang='lat' dir='ltr'><strong>aliquod</strong></span> <span class='ocrx_word' id='word_1_208' title='bbox 1489 2809 1739 2864; x_wconf 90' lang='lat' dir='ltr'><strong>meritum</strong></span> <span class='ocrx_word' id='word_1_209' title='bbox 1761 2807 1860 2864; x_wconf 88' lang='lat' dir='ltr'><strong>bo-</strong></span> 
     </span>
    </p>
   </div>
   <div class='ocr_carea' id='block_1_29' title="bbox 266 2900 1849 2972">
    <p class='ocr_par' dir='ltr' id='par_1_29' title="bbox 266 2900 1849 2972">
     <span class='ocr_line' id='line_1_29' title="bbox 266 2900 1849 2972; baseline 0.001 -18"><span class='ocrx_word' id='word_1_210' title='bbox 266 2916 393 2954; x_wconf 91' lang='lat' dir='ltr'><strong>num</strong></span> <span class='ocrx_word' id='word_1_211' title='bbox 436 2910 559 2957; x_wconf 88' lang='lat' dir='ltr'><strong>ante</strong></span> <span class='ocrx_word' id='word_1_212' title='bbox 583 2916 798 2956; x_wconf 89' lang='lat' dir='ltr'><strong>carnem</strong></span> <span class='ocrx_word' id='word_1_213' title='bbox 827 2942 842 2967; x_wconf 94' lang='lat'><strong>,</strong></span> <span class='ocrx_word' id='word_1_214' title='bbox 872 2900 1014 2972; x_wconf 88' lang='lat' dir='ltr'><strong>quod</strong></span> <span class='ocrx_word' id='word_1_215' title='bbox 1040 2901 1154 2956; x_wconf 84' lang='lat' dir='ltr'><strong>vult</strong></span> <span class='ocrx_word' id='word_1_216' title='bbox 1180 2915 1298 2955; x_wconf 90' lang='lat' dir='ltr'><strong>eam</strong></span> <span class='ocrx_word' id='word_1_217' title='bbox 1329 2915 1579 2971; x_wconf 86' lang='lat' dir='ltr'><strong>reparare</strong></span> <span class='ocrx_word' id='word_1_218' title='bbox 1607 2915 1704 2969; x_wconf 89' lang='lat' dir='ltr'><strong>per</strong></span> <span class='ocrx_word' id='word_1_219' title='bbox 1731 2914 1849 2956; x_wconf 89' lang='lat' dir='ltr'><strong>car-</strong></span> 
     </span>
    </p>
   </div>
   <div class='ocr_carea' id='block_1_30' title="bbox 264 2990 1850 3063">
    <p class='ocr_par' dir='ltr' id='par_1_30' title="bbox 264 2990 1850 3063">
     <span class='ocr_line' id='line_1_30' title="bbox 264 2990 1850 3063; baseline 0.001 -18"><span class='ocrx_word' id='word_1_220' title='bbox 264 3006 411 3056; x_wconf 87' lang='lat' dir='ltr'><strong>nem,</strong></span> <span class='ocrx_word' id='word_1_221' title='bbox 439 2990 650 3061; x_wconf 87' lang='lat' dir='ltr'><strong>quando</strong></span> <span class='ocrx_word' id='word_1_222' title='bbox 715 3007 842 3047; x_wconf 89' lang='lat' dir='ltr'><strong>caro</strong></span> <span class='ocrx_word' id='word_1_223' title='bbox 886 2993 1097 3047; x_wconf 85' lang='lat' dir='ltr'><strong>lavacro</strong></span> <span class='ocrx_word' id='word_1_224' title='bbox 1137 2990 1557 3063; x_wconf 84' lang='lat' dir='ltr'><strong>regenerationis</strong></span> <span class='ocrx_word' id='word_1_225' title='bbox 1602 2991 1850 3047; x_wconf 85' lang='lat' dir='ltr'><strong>abluitur.</strong></span> 
     </span>
    </p>
   </div>
   <div class='ocr_carea' id='block_1_31' title="bbox 267 3081 1855 3154">
    <p class='ocr_par' dir='ltr' id='par_1_31' title="bbox 267 3081 1855 3154">
     <span class='ocr_line' id='line_1_31' title="bbox 267 3081 1855 3154; baseline 0.002 -19"><span class='ocrx_word' id='word_1_226' title='bbox 267 3081 483 3137; x_wconf 76' lang='lat' dir='ltr'><strong>Vixerat</strong></span> <span class='ocrx_word' id='word_1_227' title='bbox 514 3083 689 3154; x_wconf 87' lang='lat' dir='ltr'><strong>itaque</strong></span> <span class='ocrx_word' id='word_1_228' title='bbox 731 3083 924 3139; x_wconf 88' lang='lat' dir='ltr'><strong>alicubi</strong></span> <span class='ocrx_word' id='word_1_229' title='bbox 954 3093 1079 3139; x_wconf 88' lang='lat' dir='ltr'><strong>ante</strong></span> <span class='ocrx_word' id='word_1_230' title='bbox 1105 3098 1320 3139; x_wconf 86' lang='lat' dir='ltr'><strong>carnem</strong></span> <span class='ocrx_word' id='word_1_231' title='bbox 1348 3084 1400 3138; x_wconf 90' lang='lat' dir='ltr'><strong>in</strong></span> <span class='ocrx_word' id='word_1_232' title='bbox 1436 3092 1577 3140; x_wconf 88' lang='lat' dir='ltr'><strong>statu</strong></span> <span class='ocrx_word' id='word_1_233' title='bbox 1602 3093 1658 3140; x_wconf 87' lang='lat' dir='ltr'><strong>et</strong></span> <span class='ocrx_word' id='word_1_234' title='bbox 1684 3084 1855 3140; x_wconf 86' lang='lat' dir='ltr'><strong>meri-</strong></span> 
     </span>
    </p>
   </div>
   <div class='ocr_carea' id='block_1_32' title="bbox 269 3174 1844 3246">
    <p class='ocr_par' dir='ltr' id='par_1_32' title="bbox 269 3174 1844 3246">
     <span class='ocr_line' id='line_1_32' title="bbox 269 3174 1844 3246; baseline 0.003 -19"><span class='ocrx_word' id='word_1_235' title='bbox 269 3182 327 3227; x_wconf 85' lang='lat' dir='ltr'><strong>tu</strong></span> <span class='ocrx_word' id='word_1_236' title='bbox 353 3174 492 3228; x_wconf 91' lang='lat' dir='ltr'><strong>bono</strong></span> <span class='ocrx_word' id='word_1_237' title='bbox 526 3189 727 3244; x_wconf 85' lang='lat' dir='ltr'><strong>;quem</strong></span> <span class='ocrx_word' id='word_1_238' title='bbox 765 3183 961 3229; x_wconf 90' lang='lat' dir='ltr'><strong>statum</strong></span> <span class='ocrx_word' id='word_1_239' title='bbox 1005 3183 1060 3230; x_wconf 92' lang='lat' dir='ltr'><strong>et</strong></span> <span class='ocrx_word' id='word_1_240' title='bbox 1102 3174 1246 3245; x_wconf 85' lang='lat' dir='ltr'><strong>quod</strong></span> <span class='ocrx_word' id='word_1_241' title='bbox 1292 3176 1544 3231; x_wconf 89' lang='lat' dir='ltr'><strong>meritum</strong></span> <span class='ocrx_word' id='word_1_242' title='bbox 1590 3175 1844 3246; x_wconf 89' lang='lat' dir='ltr'><strong>perdidit,</strong></span> 
     </span>
    </p>
   </div>
   <div class='ocr_carea' id='block_1_33' title="bbox 263 3265 1843 3337">
    <p class='ocr_par' dir='ltr' id='par_1_33' title="bbox 263 3265 1843 3337">
     <span class='ocr_line' id='line_1_33' title="bbox 263 3265 1843 3337; baseline 0.003 -19"><span class='ocrx_word' id='word_1_243' title='bbox 263 3279 385 3319; x_wconf 90' lang='lat' dir='ltr'><strong>cum</strong></span> <span class='ocrx_word' id='word_1_244' title='bbox 408 3265 637 3321; x_wconf 81' lang='lat' dir='ltr'><strong>venisset</strong></span> <span class='ocrx_word' id='word_1_245' title='bbox 664 3266 716 3319; x_wconf 91' lang='lat' dir='ltr'><strong>in</strong></span> <span class='ocrx_word' id='word_1_246' title='bbox 744 3281 978 3321; x_wconf 87' lang='lat' dir='ltr'><strong>carnem.</strong></span> <span class='ocrx_word' id='word_1_247' title='bbox 998 3265 1160 3333; x_wconf 80' lang='lat' dir='ltr'><strong>Dixit,</strong></span> <span class='ocrx_word' id='word_1_248' title='bbox 1194 3284 1213 3318; x_wconf 77' lang='grc' dir='ltr'><strong>ι</strong></span> <span class='ocrx_word' id='word_1_249' title='bbox 1247 3281 1364 3322; x_wconf 91' lang='lat' dir='ltr'><strong>eam</strong></span> <span class='ocrx_word' id='word_1_250' title='bbox 1398 3281 1494 3337; x_wconf 91' lang='lat' dir='ltr'><strong>per</strong></span> <span class='ocrx_word' id='word_1_251' title='bbox 1514 3282 1731 3323; x_wconf 88' lang='lat' dir='ltr'><strong>carnem</strong></span> <span class='ocrx_word' id='word_1_252' title='bbox 1756 3280 1843 3323; x_wconf 86' lang='lat' dir='ltr'><strong>re-</strong></span> 
     </span>
    </p>
   </div>
   <div class='ocr_carea' id='block_1_34' title="bbox 264 3356 1851 3431">
    <p class='ocr_par' dir='ltr' id='par_1_34' title="bbox 264 3356 1851 3431">
     <span class='ocr_line' id='line_1_34' title="bbox 264 3356 1851 3431; baseline 0.003 -21"><span class='ocrx_word' id='word_1_253' title='bbox 264 3372 453 3427; x_wconf 89' lang='lat' dir='ltr'><strong>parare</strong></span> <span class='ocrx_word' id='word_1_254' title='bbox 478 3356 840 3416; x_wconf 84' lang='lat' dir='ltr'><strong>habitudinem</strong></span> <span class='ocrx_word' id='word_1_255' title='bbox 883 3359 1131 3429; x_wconf 88' lang='lat' dir='ltr'><strong>priscam,</strong></span> <span class='ocrx_word' id='word_1_256' title='bbox 1169 3374 1329 3431; x_wconf 91' lang='lat' dir='ltr'><strong>quam</strong></span> <span class='ocrx_word' id='word_1_257' title='bbox 1358 3361 1472 3415; x_wconf 85' lang='lat' dir='ltr'><strong>visa</strong></span> <span class='ocrx_word' id='word_1_258' title='bbox 1512 3358 1686 3415; x_wconf 81' lang='lat' dir='ltr'><strong>fuerat</strong></span> <span class='ocrx_word' id='word_1_259' title='bbox 1716 3374 1851 3431; x_wconf 83' lang='lat' dir='ltr'><strong>pau-</strong></span> 
     </span>
    </p>
   </div>
   <div class='ocr_carea' id='block_1_35' title="bbox 263 3450 1836 3523">
    <p class='ocr_par' dir='ltr' id='par_1_35' title="bbox 263 3450 1836 3523">
     <span class='ocr_line' id='line_1_35' title="bbox 263 3450 1836 3523; baseline 0.003 -19"><span class='ocrx_word' id='word_1_260' title='bbox 263 3450 428 3520; x_wconf 82' lang='lat' dir='ltr'><strong>lisper</strong></span> <span class='ocrx_word' id='word_1_261' title='bbox 467 3452 708 3515; x_wconf 85' lang='lat' dir='ltr'><strong>amisisse</strong></span> <span class='ocrx_word' id='word_1_262' title='bbox 735 3467 829 3522; x_wconf 91' lang='lat' dir='ltr'><strong>per</strong></span> <span class='ocrx_word' id='word_1_263' title='bbox 857 3467 1097 3508; x_wconf 92' lang='lat' dir='ltr'><strong>carnem.</strong></span> <span class='ocrx_word' id='word_1_264' title='bbox 1132 3470 1152 3506; x_wconf 73' lang='grc' dir='ltr'><strong>ι</strong></span> <span class='ocrx_word' id='word_1_265' title='bbox 1184 3452 1377 3507; x_wconf 92' lang='lat' dir='ltr'><strong>Habuit</strong></span> <span class='ocrx_word' id='word_1_266' title='bbox 1401 3467 1529 3523; x_wconf 85' lang='lat' dir='ltr'><strong>ergo</strong></span> <span class='ocrx_word' id='word_1_267' title='bbox 1556 3461 1681 3508; x_wconf 90' lang='lat' dir='ltr'><strong>ante</strong></span> <span class='ocrx_word' id='word_1_268' title='bbox 1718 3467 1836 3508; x_wconf 89' lang='lat' dir='ltr'><strong>car-</strong></span> 
     </span>
    </p>
   </div>
   <div class='ocr_carea' id='block_1_36' title="bbox 263 3541 1848 3614">
    <p class='ocr_par' dir='ltr' id='par_1_36' title="bbox 263 3541 1848 3614">
     <span class='ocr_line' id='line_1_36' title="bbox 263 3541 1848 3614; baseline 0.003 -19"><span class='ocrx_word' id='word_1_269' title='bbox 263 3557 388 3597; x_wconf 86' lang='lat' dir='ltr'><strong>nem</strong></span> <span class='ocrx_word' id='word_1_270' title='bbox 439 3541 801 3596; x_wconf 89' lang='lat' dir='ltr'><strong>babitudinem</strong></span> <span class='ocrx_word' id='word_1_271' title='bbox 831 3545 1151 3613; x_wconf 89' lang='lat' dir='ltr'><strong>antiquam;</strong></span> <span class='ocrx_word' id='word_1_272' title='bbox 1190 3543 1292 3599; x_wconf 87' lang='lat' dir='ltr'><strong>hoc</strong></span> <span class='ocrx_word' id='word_1_273' title='bbox 1347 3551 1431 3598; x_wconf 89' lang='lat' dir='ltr'><strong>est</strong></span> <span class='ocrx_word' id='word_1_274' title='bbox 1473 3544 1616 3598; x_wconf 90' lang='lat' dir='ltr'><strong>enim</strong></span> <span class='ocrx_word' id='word_1_275' title='bbox 1669 3561 1689 3596; x_wconf 73' lang='grc' dir='ltr'><strong>ι</strong></span> <span class='ocrx_word' id='word_1_276' title='bbox 1735 3543 1848 3614; x_wconf 91' lang='lat' dir='ltr'><strong>pri-</strong></span> 
     </span>
    </p>
   </div>
   <div class='ocr_carea' id='block_1_37' title="bbox 264 3632 1851 3705">
    <p class='ocr_par' dir='ltr' id='par_1_37' title="bbox 264 3632 1851 3705">
     <span class='ocr_line' id='line_1_37' title="bbox 264 3632 1851 3705; baseline 0.001 -18"><span class='ocrx_word' id='word_1_277' title='bbox 264 3646 446 3687; x_wconf 85' lang='lat' dir='ltr'><strong>scam:</strong></span> <span class='ocrx_word' id='word_1_278' title='bbox 484 3651 502 3683; x_wconf 78' lang='grc' dir='ltr'><strong>ι</strong></span> <span class='ocrx_word' id='word_1_279' title='bbox 537 3642 591 3687; x_wconf 92' lang='lat' dir='ltr'><strong>et</strong></span> <span class='ocrx_word' id='word_1_280' title='bbox 618 3632 716 3687; x_wconf 90' lang='lat' dir='ltr'><strong>ista</strong></span> <span class='ocrx_word' id='word_1_281' title='bbox 743 3634 913 3702; x_wconf 78' lang='lat' dir='ltr'><strong>qualis</strong></span> <span class='ocrx_word' id='word_1_282' title='bbox 937 3648 1056 3689; x_wconf 91' lang='lat' dir='ltr'><strong>esse</strong></span> <span class='ocrx_word' id='word_1_283' title='bbox 1102 3633 1295 3703; x_wconf 91' lang='lat' dir='ltr'><strong>potuit,</strong></span> <span class='ocrx_word' id='word_1_284' title='bbox 1345 3633 1448 3688; x_wconf 88' lang='lat' dir='ltr'><strong>nisi</strong></span> <span class='ocrx_word' id='word_1_285' title='bbox 1478 3632 1629 3689; x_wconf 90' lang='lat' dir='ltr'><strong>beata</strong></span> <span class='ocrx_word' id='word_1_286' title='bbox 1687 3641 1851 3705; x_wconf 89' lang='lat' dir='ltr'><strong>atque</strong></span> 
     </span>
    </p>
   </div>
   <div class='ocr_carea' id='block_1_38' title="bbox 264 3722 1853 3795">
    <p class='ocr_par' dir='ltr' id='par_1_38' title="bbox 264 3722 1853 3795">
     <span class='ocr_line' id='line_1_38' title="bbox 264 3722 1853 3795; baseline 0.003 -18"><span class='ocrx_word' id='word_1_287' title='bbox 264 3722 544 3778; x_wconf 89' lang='lat' dir='ltr'><strong>laudabilis</strong></span> <span class='ocrx_word' id='word_1_288' title='bbox 562 3723 812 3779; x_wconf 87' lang='lat' dir='ltr'><strong>habitudo</strong></span> <span class='ocrx_word' id='word_1_289' title='bbox 833 3724 857 3778; x_wconf 71' lang='grc' dir='ltr'><em>ἲ</em></span> <span class='ocrx_word' id='word_1_290' title='bbox 886 3725 1056 3792; x_wconf 84' lang='lat' dir='ltr'><strong>Quam</strong></span> <span class='ocrx_word' id='word_1_291' title='bbox 1077 3725 1312 3795; x_wconf 83' lang='lat' dir='ltr'><strong>reparari</strong></span> <span class='ocrx_word' id='word_1_292' title='bbox 1337 3740 1430 3794; x_wconf 88' lang='lat' dir='ltr'><strong>per</strong></span> <span class='ocrx_word' id='word_1_293' title='bbox 1456 3733 1853 3781; x_wconf 89' lang='lat' dir='ltr'><strong>sacramentum</strong></span> 
     </span>
    </p>
   </div>
   <div class='ocr_carea' id='block_1_39' title="bbox 265 3814 1844 3886">
    <p class='ocr_par' dir='ltr' id='par_1_39' title="bbox 265 3814 1844 3886">
     <span class='ocr_line' id='line_1_39' title="bbox 265 3814 1844 3886; baseline 0 -16"><span class='ocrx_word' id='word_1_294' title='bbox 265 3814 606 3884; x_wconf 84' lang='lat' dir='ltr'><strong>Baptismatis</strong></span> <span class='ocrx_word' id='word_1_295' title='bbox 635 3826 901 3871; x_wconf 81' lang='lat' dir='ltr'><strong>asseverat</strong></span> <span class='ocrx_word' id='word_1_296' title='bbox 932 3834 948 3883; x_wconf 87' lang='lat'><strong>;</strong></span> <span class='ocrx_word' id='word_1_297' title='bbox 974 3830 1096 3871; x_wconf 91' lang='lat' dir='ltr'><strong>cum</strong></span> <span class='ocrx_word' id='word_1_298' title='bbox 1132 3831 1249 3871; x_wconf 90' lang='lat' dir='ltr'><strong>eam</strong></span> <span class='ocrx_word' id='word_1_299' title='bbox 1282 3816 1416 3870; x_wconf 86' lang='lat' dir='ltr'><strong>nolit</strong></span> <span class='ocrx_word' id='word_1_300' title='bbox 1456 3830 1523 3870; x_wconf 89' lang='lat' dir='ltr'><strong>ex</strong></span> <span class='ocrx_word' id='word_1_301' title='bbox 1556 3816 1643 3870; x_wconf 91' lang='lat' dir='ltr'><strong>illa</strong></span> <span class='ocrx_word' id='word_1_302' title='bbox 1678 3816 1844 3886; x_wconf 86' lang='lat' dir='ltr'><strong>origi-</strong></span> 
     </span>
    </p>
   </div>
   <div class='ocr_carea' id='block_1_40' title="bbox 265 3906 1845 3980">
    <p class='ocr_par' dir='ltr' id='par_1_40' title="bbox 265 3906 1845 3980">
     <span class='ocr_line' id='line_1_40' title="bbox 265 3906 1845 3980; baseline 0 -17"><span class='ocrx_word' id='word_1_303' title='bbox 265 3923 389 3963; x_wconf 88' lang='lat' dir='ltr'><strong>nem</strong></span> <span class='ocrx_word' id='word_1_304' title='bbox 415 3906 624 3963; x_wconf 88' lang='lat' dir='ltr'><strong>trahere</strong></span> <span class='ocrx_word' id='word_1_305' title='bbox 670 3924 764 3978; x_wconf 92' lang='lat' dir='ltr'><strong>pcr</strong></span> <span class='ocrx_word' id='word_1_306' title='bbox 790 3909 1132 3980; x_wconf 81' lang='lat' dir='ltr'><strong>propaginem</strong></span> <span class='ocrx_word' id='word_1_307' title='bbox 1164 3910 1205 3976; x_wconf 76' lang='grc' dir='ltr'><strong>ί,</strong></span> <span class='ocrx_word' id='word_1_308' title='bbox 1238 3924 1395 3979; x_wconf 90' lang='lat' dir='ltr'><strong>quam</strong></span> <span class='ocrx_word' id='word_1_309' title='bbox 1426 3917 1636 3965; x_wconf 89' lang='lat' dir='ltr'><strong>constat</strong></span> <span class='ocrx_word' id='word_1_310' title='bbox 1659 3909 1710 3963; x_wconf 93' lang='lat' dir='ltr'><strong>in</strong></span> <span class='ocrx_word' id='word_1_311' title='bbox 1748 3924 1845 3979; x_wconf 86' lang='lat' dir='ltr'><strong>pa-</strong></span> 
     </span>
    </p>
   </div>
   <div class='ocr_carea' id='block_1_41' title="bbox 264 3998 1853 4072">
    <p class='ocr_par' dir='ltr' id='par_1_41' title="bbox 264 3998 1853 4072">
     <span class='ocr_line' id='line_1_41' title="bbox 264 3998 1853 4072; baseline 0.004 -19"><span class='ocrx_word' id='word_1_312' title='bbox 264 3998 448 4053; x_wconf 87' lang='lat' dir='ltr'><strong>radiso</strong></span> <span class='ocrx_word' id='word_1_313' title='bbox 472 3999 754 4069; x_wconf 89' lang='lat' dir='ltr'><strong>aliquando</strong></span> <span class='ocrx_word' id='word_1_314' title='bbox 789 4000 955 4056; x_wconf 89' lang='lat' dir='ltr'><strong>fuisse</strong></span> <span class='ocrx_word' id='word_1_315' title='bbox 982 4000 1210 4057; x_wconf 90' lang='lat' dir='ltr'><strong>felicem.</strong></span> <span class='ocrx_word' id='word_1_316' title='bbox 1237 4000 1518 4070; x_wconf 85' lang='lat' dir='ltr'><strong>Quomodo</strong></span> <span class='ocrx_word' id='word_1_317' title='bbox 1545 4002 1705 4072; x_wconf 79' lang='lat' dir='ltr'><strong>igitur</strong></span> <span class='ocrx_word' id='word_1_318' title='bbox 1736 4002 1853 4059; x_wconf 74' lang='lat' dir='ltr'><strong>alio</strong></span> 
     </span>
    </p>
   </div>
   <div class='ocr_carea' id='block_1_42' title="bbox 267 4089 1847 4159">
    <p class='ocr_par' dir='ltr' id='par_1_42' title="bbox 267 4089 1847 4159">
     <span class='ocr_line' id='line_1_42' title="bbox 267 4089 1847 4159; baseline 0.003 -15"><span class='ocrx_word' id='word_1_319' title='bbox 267 4089 389 4146; x_wconf 85' lang='lat' dir='ltr'><strong>loco</strong></span> <span class='ocrx_word' id='word_1_320' title='bbox 425 4108 445 4142; x_wconf 73' lang='grc' dir='ltr'><strong>ι</strong></span> <span class='ocrx_word' id='word_1_321' title='bbox 474 4091 706 4146; x_wconf 89' lang='lat' dir='ltr'><strong>animam</strong></span> <span class='ocrx_word' id='word_1_322' title='bbox 736 4112 755 4145; x_wconf 78' lang='grc' dir='ltr'><strong>ι</strong></span> <span class='ocrx_word' id='word_1_323' title='bbox 784 4107 843 4148; x_wconf 91' lang='lat' dir='ltr'><strong>se</strong></span> <span class='ocrx_word' id='word_1_324' title='bbox 887 4092 1013 4148; x_wconf 89' lang='lat' dir='ltr'><strong>dicit</strong></span> <span class='ocrx_word' id='word_1_325' title='bbox 1046 4110 1064 4145; x_wconf 87' lang='grc'><em>‹</em></span> <span class='ocrx_word' id='word_1_326' title='bbox 1103 4102 1412 4149; x_wconf 88' lang='lat' dir='ltr'><strong>constanter</strong></span> <span class='ocrx_word' id='word_1_327' title='bbox 1438 4108 1698 4159; x_wconf 86' lang='lat' dir='ltr'><strong>asserere,</strong></span> <span class='ocrx_word' id='word_1_328' title='bbox 1734 4108 1847 4150; x_wconf 88' lang='lat' dir='ltr'><strong>non</strong></span> 
     </span>
    </p>
   </div>
   <div class='ocr_carea' id='block_1_43' title="bbox 266 4182 1837 4258">
    <p class='ocr_par' dir='ltr' id='par_1_43' title="bbox 266 4182 1837 4258">
     <span class='ocr_line' id='line_1_43' title="bbox 266 4182 1837 4258; baseline 0.003 -20"><span class='ocrx_word' id='word_1_329' title='bbox 266 4198 333 4239; x_wconf 91' lang='lat' dir='ltr'><strong>ex</strong></span> <span class='ocrx_word' id='word_1_330' title='bbox 363 4182 599 4251; x_wconf 88' lang='lat' dir='ltr'><strong>traduce,</strong></span> <span class='ocrx_word' id='word_1_331' title='bbox 628 4200 802 4256; x_wconf 88' lang='lat' dir='ltr'><strong>neque</strong></span> <span class='ocrx_word' id='word_1_332' title='bbox 830 4202 895 4241; x_wconf 83' lang='lat' dir='ltr'><strong>ex</strong></span> <span class='ocrx_word' id='word_1_333' title='bbox 924 4185 1110 4253; x_wconf 81' lang='lat' dir='ltr'><strong>nihilo,</strong></span> <span class='ocrx_word' id='word_1_334' title='bbox 1134 4202 1308 4256; x_wconf 90' lang='lat' dir='ltr'><strong>neque</strong></span> <span class='ocrx_word' id='word_1_335' title='bbox 1337 4202 1434 4256; x_wconf 90' lang='lat' dir='ltr'><strong>per</strong></span> <span class='ocrx_word' id='word_1_336' title='bbox 1474 4188 1837 4258; x_wconf 86' lang='lat' dir='ltr'><strong>scmetipsam,</strong></span> 
     </span>
    </p>
   </div>
   <div class='ocr_carea' id='block_1_44' title="bbox 266 4277 1857 4347">
    <p class='ocr_par' dir='ltr' id='par_1_44' title="bbox 266 4277 1857 4347">
     <span class='ocr_line' id='line_1_44' title="bbox 266 4277 1857 4347; baseline 0.004 -18"><span class='ocrx_word' id='word_1_337' title='bbox 266 4289 443 4344; x_wconf 83' lang='lat' dir='ltr'><strong>neque</strong></span> <span class='ocrx_word' id='word_1_338' title='bbox 472 4283 599 4331; x_wconf 91' lang='lat' dir='ltr'><strong>ante</strong></span> <span class='ocrx_word' id='word_1_339' title='bbox 625 4277 870 4347; x_wconf 84' lang='lat' dir='ltr'><strong>corpus?</strong></span> <span class='ocrx_word' id='word_1_340' title='bbox 901 4296 919 4329; x_wconf 81' lang='grc' dir='ltr'><strong>ι</strong></span> <span class='ocrx_word' id='word_1_341' title='bbox 955 4277 1092 4333; x_wconf 85' lang='lat' dir='ltr'><strong>Ecce</strong></span> <span class='ocrx_word' id='word_1_342' title='bbox 1121 4277 1222 4332; x_wconf 91' lang='lat' dir='ltr'><strong>isto</strong></span> <span class='ocrx_word' id='word_1_343' title='bbox 1248 4277 1363 4333; x_wconf 93' lang='lat' dir='ltr'><strong>loco</strong></span> <span class='ocrx_word' id='word_1_344' title='bbox 1378 4279 1486 4333; x_wconf 91' lang='lat' dir='ltr'><strong>vult</strong></span> <span class='ocrx_word' id='word_1_345' title='bbox 1506 4277 1709 4334; x_wconf 88' lang='lat' dir='ltr'><strong>animas</strong></span> <span class='ocrx_word' id='word_1_346' title='bbox 1731 4288 1857 4336; x_wconf 86' lang='lat' dir='ltr'><strong>ante</strong></span> 
     </span>
    </p>
   </div>
   <div class='ocr_carea' id='block_1_45' title="bbox 267 4368 1858 4442">
    <p class='ocr_par' dir='ltr' id='par_1_45' title="bbox 267 4368 1858 4442">
     <span class='ocr_line' id='line_1_45' title="bbox 267 4368 1858 4442; baseline 0.003 -20"><span class='ocrx_word' id='word_1_347' title='bbox 267 4382 463 4437; x_wconf 87' lang='lat' dir='ltr'><strong>corpus</strong></span> <span class='ocrx_word' id='word_1_348' title='bbox 498 4368 695 4424; x_wconf 90' lang='lat' dir='ltr'><strong>alicubi</strong></span> <span class='ocrx_word' id='word_1_349' title='bbox 739 4371 917 4426; x_wconf 89' lang='lat' dir='ltr'><strong>vivere</strong></span> <span class='ocrx_word' id='word_1_350' title='bbox 946 4379 1052 4425; x_wconf 90' lang='lat' dir='ltr'><strong>tam</strong></span> <span class='ocrx_word' id='word_1_351' title='bbox 1086 4370 1275 4436; x_wconf 86' lang='lat' dir='ltr'><strong>beate,</strong></span> <span class='ocrx_word' id='word_1_352' title='bbox 1304 4381 1363 4425; x_wconf 91' lang='lat' dir='ltr'><strong>ut</strong></span> <span class='ocrx_word' id='word_1_353' title='bbox 1406 4371 1592 4425; x_wconf 85' lang='lat' dir='ltr'><strong>eadem</strong></span> <span class='ocrx_word' id='word_1_354' title='bbox 1622 4371 1726 4425; x_wconf 89' lang='lat' dir='ltr'><strong>illis</strong></span> <span class='ocrx_word' id='word_1_355' title='bbox 1761 4386 1858 4442; x_wconf 86' lang='lat' dir='ltr'><strong>per</strong></span> 
     </span>
    </p>
   </div>
   <div class='ocr_carea' id='block_1_46' title="bbox 270 4460 1857 4535">
    <p class='ocr_par' dir='ltr' id='par_1_46' title="bbox 270 4460 1857 4535">
     <span class='ocr_line' id='line_1_46' title="bbox 270 4460 1857 4535; baseline 0.003 -21"><span class='ocrx_word' id='word_1_356' title='bbox 270 4460 597 4530; x_wconf 88' lang='lat' dir='ltr'><strong>Baptismum</strong></span> <span class='ocrx_word' id='word_1_357' title='bbox 615 4461 890 4517; x_wconf 89' lang='lat' dir='ltr'><strong>beatitudo</strong></span> <span class='ocrx_word' id='word_1_358' title='bbox 921 4462 1192 4518; x_wconf 89' lang='lat' dir='ltr'><strong>reddatur.</strong></span> <span class='ocrx_word' id='word_1_359' title='bbox 1228 4462 1295 4518; x_wconf 88' lang='lat' dir='ltr'><strong>Et</strong></span> <span class='ocrx_word' id='word_1_360' title='bbox 1338 4472 1589 4535; x_wconf 84' lang='lat' dir='ltr'><strong>tanquam</strong></span> <span class='ocrx_word' id='word_1_361' title='bbox 1618 4464 1701 4518; x_wconf 90' lang='lat' dir='ltr'><strong>sui</strong></span> <span class='ocrx_word' id='word_1_362' title='bbox 1731 4480 1857 4519; x_wconf 90' lang='lat' dir='ltr'><strong>rur-</strong></span> 
     </span>
    </p>
   </div>
   <div class='ocr_carea' id='block_1_47' title="bbox 267 4551 1855 4624">
    <p class='ocr_par' dir='ltr' id='par_1_47' title="bbox 267 4551 1855 4624">
     <span class='ocr_line' id='line_1_47' title="bbox 267 4551 1855 4624; baseline 0.001 -18"><span class='ocrx_word' id='word_1_363' title='bbox 267 4565 361 4606; x_wconf 90' lang='lat' dir='ltr'><strong>sus</strong></span> <span class='ocrx_word' id='word_1_364' title='bbox 384 4552 577 4607; x_wconf 91' lang='lat' dir='ltr'><strong>oblitus</strong></span> <span class='ocrx_word' id='word_1_365' title='bbox 612 4551 849 4624; x_wconf 87' lang='lat' dir='ltr'><strong>adjungit</strong></span> <span class='ocrx_word' id='word_1_366' title='bbox 872 4561 926 4607; x_wconf 92' lang='lat' dir='ltr'><strong>et</strong></span> <span class='ocrx_word' id='word_1_367' title='bbox 962 4553 1089 4608; x_wconf 91' lang='lat' dir='ltr'><strong>dicit</strong></span> <span class='ocrx_word' id='word_1_368' title='bbox 1118 4570 1132 4607; x_wconf 87' lang='lat'><strong>:</strong></span> <span class='ocrx_word' id='word_1_369' title='bbox 1164 4572 1183 4607; x_wconf 78' lang='grc' dir='ltr'><strong>ι</strong></span> <span class='ocrx_word' id='word_1_370' title='bbox 1228 4552 1298 4609; x_wconf 90' lang='lat' dir='ltr'><strong>Ut</strong></span> <span class='ocrx_word' id='word_1_371' title='bbox 1327 4569 1422 4624; x_wconf 88' lang='lat' dir='ltr'><strong>per</strong></span> <span class='ocrx_word' id='word_1_372' title='bbox 1443 4569 1583 4619; x_wconf 90' lang='lat' dir='ltr'><strong>eam,</strong></span> <span class='ocrx_word' id='word_1_373' title='bbox 1622 4573 1641 4607; x_wconf 76' lang='grc' dir='ltr'><strong>ι</strong></span> <span class='ocrx_word' id='word_1_374' title='bbox 1678 4554 1728 4609; x_wconf 90' lang='lat' dir='ltr'><strong>id</strong></span> <span class='ocrx_word' id='word_1_375' title='bbox 1748 4563 1855 4621; x_wconf 89' lang='lat' dir='ltr'><strong>est,</strong></span> 
     </span>
    </p>
   </div>
   <div class='ocr_carea' id='block_1_48' title="bbox 269 4648 1850 4719">
    <p class='ocr_par' dir='ltr' id='par_1_48' title="bbox 269 4648 1850 4719">
     <span class='ocr_line' id='line_1_48' title="bbox 269 4648 1850 4719; baseline 0.003 -20"><span class='ocrx_word' id='word_1_376' title='bbox 269 4658 366 4713; x_wconf 90' lang='lat' dir='ltr'><strong>per</strong></span> <span class='ocrx_word' id='word_1_377' title='bbox 389 4659 626 4713; x_wconf 89' lang='lat' dir='ltr'><strong>carnem,</strong></span> <span class='ocrx_word' id='word_1_378' title='bbox 661 4664 680 4699; x_wconf 73' lang='grc' dir='ltr'><strong>ι</strong></span> <span class='ocrx_word' id='word_1_379' title='bbox 715 4648 934 4719; x_wconf 84' lang='lat' dir='ltr'><strong>incipiat</strong></span> <span class='ocrx_word' id='word_1_380' title='bbox 963 4648 1196 4713; x_wconf 89' lang='lat' dir='ltr'><strong>renasci,</strong></span> <span class='ocrx_word' id='word_1_381' title='bbox 1245 4662 1340 4718; x_wconf 88' lang='lat' dir='ltr'><strong>per</strong></span> <span class='ocrx_word' id='word_1_382' title='bbox 1373 4657 1850 4719; x_wconf 50' lang='lat' dir='ltr'><strong>quatiunteruerat</strong></span> 
     </span>
    </p>
   </div>
   <div class='ocr_carea' id='block_1_49' title="bbox 272 4733 1857 4808">
    <p class='ocr_par' dir='ltr' id='par_1_49' title="bbox 272 4733 1857 4808">
     <span class='ocr_line' id='line_1_49' title="bbox 272 4733 1857 4808; baseline 0.003 -19"><span class='ocrx_word' id='word_1_383' title='bbox 272 4733 565 4804; x_wconf 86' lang='lat' dir='ltr'><strong>inquinari.</strong></span> <span class='ocrx_word' id='word_1_384' title='bbox 607 4755 627 4790; x_wconf 76' lang='grc' dir='ltr'><strong>ι</strong></span> <span class='ocrx_word' id='word_1_385' title='bbox 651 4737 907 4808; x_wconf 90' lang='lat' dir='ltr'><strong>Superius</strong></span> <span class='ocrx_word' id='word_1_386' title='bbox 948 4738 1195 4793; x_wconf 91' lang='lat' dir='ltr'><strong>meritum</strong></span> <span class='ocrx_word' id='word_1_387' title='bbox 1228 4738 1622 4808; x_wconf 89' lang='lat' dir='ltr'><strong>signiﬁcaverat</strong></span> <span class='ocrx_word' id='word_1_388' title='bbox 1653 4739 1857 4793; x_wconf 89' lang='lat' dir='ltr'><strong>bonum</strong></span> 
     </span>
    </p>
   </div>
   <div class='ocr_carea' id='block_1_50' title="bbox 270 4825 1847 4900">
    <p class='ocr_par' dir='ltr' id='par_1_50' title="bbox 270 4825 1847 4900">
     <span class='ocr_line' id='line_1_50' title="bbox 270 4825 1847 4900; baseline 0.003 -21"><span class='ocrx_word' id='word_1_389' title='bbox 270 4825 537 4895; x_wconf 80' lang='lat' dir='ltr'><strong>perditum</strong></span> <span class='ocrx_word' id='word_1_390' title='bbox 590 4826 752 4884; x_wconf 92' lang='lat' dir='ltr'><strong>fuisse</strong></span> <span class='ocrx_word' id='word_1_391' title='bbox 778 4843 873 4899; x_wconf 86' lang='lat' dir='ltr'><strong>per</strong></span> <span class='ocrx_word' id='word_1_392' title='bbox 901 4842 1154 4884; x_wconf 85' lang='lat' dir='ltr'><strong>carnem:</strong></span> <span class='ocrx_word' id='word_1_393' title='bbox 1186 4843 1335 4884; x_wconf 86' lang='lat' dir='ltr'><strong>nunc</strong></span> <span class='ocrx_word' id='word_1_394' title='bbox 1376 4835 1552 4883; x_wconf 89' lang='lat' dir='ltr'><strong>autem</strong></span> <span class='ocrx_word' id='word_1_395' title='bbox 1581 4828 1847 4900; x_wconf 87' lang='lat' dir='ltr'><strong>signiﬁcat</strong></span> 
     </span>
    </p>
   </div>
   <div class='ocr_carea' id='block_1_51' title="bbox 267 4918 1856 4993">
    <p class='ocr_par' dir='ltr' id='par_1_51' title="bbox 267 4918 1856 4993">
     <span class='ocr_line' id='line_1_51' title="bbox 267 4918 1856 4993; baseline 0.004 -23"><span class='ocrx_word' id='word_1_396' title='bbox 267 4918 467 4973; x_wconf 89' lang='lat' dir='ltr'><strong>malum</strong></span> <span class='ocrx_word' id='word_1_397' title='bbox 500 4922 771 4989; x_wconf 89' lang='lat' dir='ltr'><strong>meritum,</strong></span> <span class='ocrx_word' id='word_1_398' title='bbox 803 4936 909 4993; x_wconf 90' lang='lat' dir='ltr'><strong>quo</strong></span> <span class='ocrx_word' id='word_1_399' title='bbox 937 4920 1134 4976; x_wconf 89' lang='lat' dir='ltr'><strong>factum</strong></span> <span class='ocrx_word' id='word_1_400' title='bbox 1155 4927 1239 4977; x_wconf 90' lang='lat' dir='ltr'><strong>est</strong></span> <span class='ocrx_word' id='word_1_401' title='bbox 1266 4930 1324 4975; x_wconf 90' lang='lat' dir='ltr'><strong>ut</strong></span> <span class='ocrx_word' id='word_1_402' title='bbox 1350 4921 1651 4977; x_wconf 87' lang='lat' dir='ltr'><strong>veniretvel</strong></span> <span class='ocrx_word' id='word_1_403' title='bbox 1680 4924 1856 4977; x_wconf 79' lang='lat' dir='ltr'><strong>mitte-</strong></span> 
     </span>
    </p>
   </div>
   <div class='ocr_carea' id='block_1_52' title="bbox 269 5012 1857 5085">
    <p class='ocr_par' dir='ltr' id='par_1_52' title="bbox 269 5012 1857 5085">
     <span class='ocr_line' id='line_1_52' title="bbox 269 5012 1857 5085; baseline 0.003 -21"><span class='ocrx_word' id='word_1_404' title='bbox 269 5020 419 5065; x_wconf 84' lang='lat' dir='ltr'><strong>retur</strong></span> <span class='ocrx_word' id='word_1_405' title='bbox 447 5012 499 5066; x_wconf 91' lang='lat' dir='ltr'><strong>in</strong></span> <span class='ocrx_word' id='word_1_406' title='bbox 528 5026 763 5080; x_wconf 89' lang='lat' dir='ltr'><strong>carnem,</strong></span> <span class='ocrx_word' id='word_1_407' title='bbox 792 5014 1040 5079; x_wconf 87' lang='lat' dir='ltr'><strong>dicendo,</strong></span> <span class='ocrx_word' id='word_1_408' title='bbox 1071 5032 1091 5068; x_wconf 77' lang='grc' dir='ltr'><strong>ι</strong></span> <span class='ocrx_word' id='word_1_409' title='bbox 1128 5029 1225 5084; x_wconf 89' lang='lat' dir='ltr'><strong>per</strong></span> <span class='ocrx_word' id='word_1_410' title='bbox 1262 5028 1422 5085; x_wconf 90' lang='lat' dir='ltr'><strong>quam</strong></span> <span class='ocrx_word' id='word_1_411' title='bbox 1454 5023 1723 5070; x_wconf 88' lang='lat' dir='ltr'><strong>meruerat</strong></span> <span class='ocrx_word' id='word_1_412' title='bbox 1776 5016 1857 5069; x_wconf 81' lang='lat' dir='ltr'><strong>in—</strong></span> 
     </span>
    </p>
   </div>
   <div class='ocr_carea' id='block_1_53' title="bbox 265 5103 1853 5180">
    <p class='ocr_par' dir='ltr' id='par_1_53' title="bbox 265 5103 1853 5180">
     <span class='ocr_line' id='line_1_53' title="bbox 265 5103 1853 5180; baseline 0.006 -26"><span class='ocrx_word' id='word_1_413' title='bbox 265 5103 498 5173; x_wconf 81' lang='lat' dir='ltr'><strong>quinari.</strong></span> <span class='ocrx_word' id='word_1_414' title='bbox 532 5124 550 5158; x_wconf 76' lang='grc' dir='ltr'><strong>ι</strong></span> <span class='ocrx_word' id='word_1_415' title='bbox 582 5105 637 5160; x_wconf 91' lang='lat' dir='ltr'><strong>Si</strong></span> <span class='ocrx_word' id='word_1_416' title='bbox 664 5107 804 5162; x_wconf 89' lang='lat' dir='ltr'><strong>enim</strong></span> <span class='ocrx_word' id='word_1_417' title='bbox 846 5118 1081 5164; x_wconf 86' lang='lat' dir='ltr'><strong>meretur</strong></span> <span class='ocrx_word' id='word_1_418' title='bbox 1118 5109 1402 5180; x_wconf 85' lang='lat' dir='ltr'><strong>inquinari,</strong></span> <span class='ocrx_word' id='word_1_419' title='bbox 1430 5123 1534 5163; x_wconf 85' lang='lat' dir='ltr'><strong>non</strong></span> <span class='ocrx_word' id='word_1_420' title='bbox 1561 5117 1643 5162; x_wconf 89' lang='lat' dir='ltr'><strong>est</strong></span> <span class='ocrx_word' id='word_1_421' title='bbox 1671 5108 1853 5177; x_wconf 88' lang='lat' dir='ltr'><strong>utique</strong></span> 
     </span>
    </p>
   </div>
   <div class='ocr_carea' id='block_1_54' title="bbox 262 5196 1856 5273">
    <p class='ocr_par' dir='ltr' id='par_1_54' title="bbox 262 5196 1856 5273">
     <span class='ocr_line' id='line_1_54' title="bbox 262 5196 1856 5273; baseline 0.003 -23"><span class='ocrx_word' id='word_1_422' title='bbox 262 5196 515 5252; x_wconf 88' lang='lat' dir='ltr'><strong>meritum</strong></span> <span class='ocrx_word' id='word_1_423' title='bbox 542 5197 761 5254; x_wconf 92' lang='lat' dir='ltr'><strong>bonum.</strong></span> <span class='ocrx_word' id='word_1_424' title='bbox 802 5200 955 5256; x_wconf 89' lang='lat' dir='ltr'><strong>Dicat</strong></span> <span class='ocrx_word' id='word_1_425' title='bbox 976 5243 993 5270; x_wconf 94' lang='lat'><strong>,</strong></span> <span class='ocrx_word' id='word_1_426' title='bbox 1022 5202 1149 5272; x_wconf 91' lang='lat' dir='ltr'><strong>quid</strong></span> <span class='ocrx_word' id='word_1_427' title='bbox 1178 5203 1411 5273; x_wconf 88' lang='lat' dir='ltr'><strong>peccavit</strong></span> <span class='ocrx_word' id='word_1_428' title='bbox 1443 5212 1731 5271; x_wconf 84' lang='lat' dir='ltr'><strong>antequam</strong></span> <span class='ocrx_word' id='word_1_429' title='bbox 1760 5216 1856 5271; x_wconf 91' lang='lat' dir='ltr'><strong>per</strong></span> 
     </span>
    </p>
   </div>
   <div class='ocr_carea' id='block_1_55' title="bbox 262 5290 1850 5366">
    <p class='ocr_par' dir='ltr' id='par_1_55' title="bbox 262 5290 1850 5366">
     <span class='ocr_line' id='line_1_55' title="bbox 262 5290 1850 5366; baseline 0.003 -23"><span class='ocrx_word' id='word_1_430' title='bbox 262 5303 481 5344; x_wconf 87' lang='lat' dir='ltr'><strong>carnem</strong></span> <span class='ocrx_word' id='word_1_431' title='bbox 509 5290 893 5361; x_wconf 90' lang='lat' dir='ltr'><strong>inquinaretur,</strong></span> <span class='ocrx_word' id='word_1_432' title='bbox 922 5303 979 5349; x_wconf 94' lang='lat' dir='ltr'><strong>ut</strong></span> <span class='ocrx_word' id='word_1_433' title='bbox 1009 5309 1105 5365; x_wconf 89' lang='lat' dir='ltr'><strong>per</strong></span> <span class='ocrx_word' id='word_1_434' title='bbox 1133 5310 1349 5350; x_wconf 88' lang='lat' dir='ltr'><strong>carnem</strong></span> <span class='ocrx_word' id='word_1_435' title='bbox 1367 5294 1630 5366; x_wconf 87' lang='lat' dir='ltr'><strong>inquinari</strong></span> <span class='ocrx_word' id='word_1_436' title='bbox 1661 5307 1850 5349; x_wconf 85' lang='lat' dir='ltr'><strong>mere-</strong></span> 
     </span>
    </p>
   </div>
   <div class='ocr_carea' id='block_1_56' title="bbox 262 5382 1854 5457">
    <p class='ocr_par' dir='ltr' id='par_1_56' title="bbox 262 5382 1854 5457">
     <span class='ocr_line' id='line_1_56' title="bbox 262 5382 1854 5457; baseline 0.001 -20"><span class='ocrx_word' id='word_1_437' title='bbox 262 5391 436 5437; x_wconf 87' lang='lat' dir='ltr'><strong>retur.</strong></span> <span class='ocrx_word' id='word_1_438' title='bbox 491 5382 660 5450; x_wconf 89' lang='lat' dir='ltr'><strong>Dicat,</strong></span> <span class='ocrx_word' id='word_1_439' title='bbox 691 5384 735 5439; x_wconf 90' lang='lat' dir='ltr'><strong>si</strong></span> <span class='ocrx_word' id='word_1_440' title='bbox 779 5394 980 5455; x_wconf 85' lang='lat' dir='ltr'><strong>potest,</strong></span> <span class='ocrx_word' id='word_1_441' title='bbox 1024 5386 1167 5457; x_wconf 88' lang='lat' dir='ltr'><strong>quod</strong></span> <span class='ocrx_word' id='word_1_442' title='bbox 1226 5386 1371 5442; x_wconf 89' lang='lat' dir='ltr'><strong>nullo</strong></span> <span class='ocrx_word' id='word_1_443' title='bbox 1424 5385 1583 5442; x_wconf 90' lang='lat' dir='ltr'><strong>modo</strong></span> <span class='ocrx_word' id='word_1_444' title='bbox 1634 5394 1854 5456; x_wconf 86' lang='lat' dir='ltr'><strong>potest;</strong></span> 
     </span>
    </p>
   </div>
   <div class='ocr_carea' id='block_1_57' title="bbox 260 5474 1855 5549">
    <p class='ocr_par' dir='ltr' id='par_1_57' title="bbox 260 5474 1855 5549">
     <span class='ocr_line' id='line_1_57' title="bbox 260 5474 1855 5549; baseline 0.002 -23"><span class='ocrx_word' id='word_1_445' title='bbox 260 5474 388 5544; x_wconf 80' lang='lat' dir='ltr'><strong>quia</strong></span> <span class='ocrx_word' id='word_1_446' title='bbox 441 5474 680 5532; x_wconf 82' lang='lat' dir='ltr'><strong>invenire</strong></span> <span class='ocrx_word' id='word_1_447' title='bbox 735 5476 821 5532; x_wconf 92' lang='lat' dir='ltr'><strong>hic</strong></span> <span class='ocrx_word' id='word_1_448' title='bbox 861 5477 996 5549; x_wconf 84' lang='lat' dir='ltr'><strong>quid</strong></span> <span class='ocrx_word' id='word_1_449' title='bbox 1024 5493 1209 5533; x_wconf 85' lang='lat' dir='ltr'><strong>verum</strong></span> <span class='ocrx_word' id='word_1_450' title='bbox 1263 5477 1429 5545; x_wconf 89' lang='lat' dir='ltr'><strong>dicat,</strong></span> <span class='ocrx_word' id='word_1_451' title='bbox 1472 5478 1693 5533; x_wconf 91' lang='lat' dir='ltr'><strong>omnino</strong></span> <span class='ocrx_word' id='word_1_452' title='bbox 1745 5489 1855 5530; x_wconf 85' lang='lat' dir='ltr'><strong>non</strong></span> 
     </span>
    </p>
   </div>
   <div class='ocr_carea' id='block_1_58' title="bbox 262 5577 461 5639">
    <p class='ocr_par' dir='ltr' id='par_1_58' title="bbox 262 5577 461 5639">
     <span class='ocr_line' id='line_1_58' title="bbox 262 5577 461 5639; baseline 0 -17"><span class='ocrx_word' id='word_1_453' title='bbox 262 5577 461 5639; x_wconf 85' lang='lat' dir='ltr'><strong>potest.</strong></span> 
     </span>
    </p>
   </div>
   <div class='ocr_carea' id='block_1_59' title="bbox 332 5656 1849 5733">
    <p class='ocr_par' dir='ltr' id='par_1_59' title="bbox 332 5656 1849 5733">
     <span class='ocr_line' id='line_1_59' title="bbox 332 5656 1849 5733; baseline 0 -20"><span class='ocrx_word' id='word_1_454' title='bbox 332 5656 563 5716; x_wconf 70' lang='lat' dir='ltr'><strong>CAPUT</strong></span> <span class='ocrx_word' id='word_1_455' title='bbox 590 5658 725 5715; x_wconf 69' lang='lat' dir='ltr'><strong>&#39;t&#39;lil.</strong></span> <span class='ocrx_word' id='word_1_456' title='bbox 750 5659 923 5715; x_wconf 69' lang='lat'><strong>~12.</strong></span> <span class='ocrx_word' id='word_1_457' title='bbox 945 5660 1074 5726; x_wconf 89' lang='lat' dir='ltr'><strong>ltcm</strong></span> <span class='ocrx_word' id='word_1_458' title='bbox 1091 5661 1363 5733; x_wconf 88' lang='lat' dir='ltr'><strong>aliquanto</strong></span> <span class='ocrx_word' id='word_1_459' title='bbox 1381 5660 1590 5731; x_wconf 89' lang='lat' dir='ltr'><strong>postait</strong></span> <span class='ocrx_word' id='word_1_460' title='bbox 1619 5680 1632 5714; x_wconf 88' lang='lat'>:</span> <span class='ocrx_word' id='word_1_461' title='bbox 1666 5677 1686 5713; x_wconf 76' lang='grc' dir='ltr'><strong>ι</strong></span> <span class='ocrx_word' id='word_1_462' title='bbox 1721 5658 1849 5714; x_wconf 82' lang='lat' dir='ltr'><strong>Ani-</strong></span> 
     </span>
    </p>
   </div>
   <div class='ocr_carea' id='block_1_60' title="bbox 299 5836 1865 5906">
    <p class='ocr_par' dir='ltr' id='par_1_60' title="bbox 299 5836 1865 5906">
     <span class='ocr_line' id='line_1_60' title="bbox 299 5836 1865 5906; baseline 0.003 -21"><span class='ocrx_word' id='word_1_463' title='bbox 299 5837 341 5906; x_wconf 74' lang='lat'><strong>_&#39;</strong></span> <span class='ocrx_word' id='word_1_464' title='bbox 376 5836 449 5886; x_wconf 81' lang='lat' dir='ltr'><strong>sic</strong></span> <span class='ocrx_word' id='word_1_465' title='bbox 490 5843 595 5887; x_wconf 85' lang='lat' dir='ltr'><strong>tres</strong></span> <span class='ocrx_word' id='word_1_466' title='bbox 632 5837 957 5901; x_wconf 86' lang='lat' dir='ltr'><strong>manuscripti.</strong></span> <span class='ocrx_word' id='word_1_467' title='bbox 1004 5838 1174 5889; x_wconf 56' lang='grc' dir='ltr'><strong>(κιρνὶ</strong></span> <span class='ocrx_word' id='word_1_468' title='bbox 1217 5848 1326 5887; x_wconf 87' lang='lat' dir='ltr'><strong>cum</strong></span> <span class='ocrx_word' id='word_1_469' title='bbox 1361 5839 1588 5899; x_wconf 74' lang='lat' dir='ltr'><strong>excusis,</strong></span> <span class='ocrx_word' id='word_1_470' title='bbox 1630 5849 1717 5902; x_wconf 60' lang='lat' dir='ltr'><strong>par</strong></span> <span class='ocrx_word' id='word_1_471' title='bbox 1764 5838 1865 5889; x_wconf 79' lang='lat' dir='ltr'><strong>ori-</strong></span> 
     </span>
    </p>
   </div>
   <div class='ocr_carea' id='block_1_61' title="bbox 260 5911 1327 5960">
    <p class='ocr_par' dir='ltr' id='par_1_61' title="bbox 260 5911 1327 5960">
     <span class='ocr_line' id='line_1_61' title="bbox 260 5911 1327 5960; baseline -0.005 -10"><span class='ocrx_word' id='word_1_472' title='bbox 260 5911 435 5960; x_wconf 60' lang='lat' dir='ltr'><strong>ginem.</strong></span> <span class='ocrx_word' id='word_1_473' title='bbox 1324 5939 1327 5945; x_wconf 42' lang='grc' dir='ltr'><strong><em>λ</em></strong></span> 
     </span>
    </p>
   </div>
   <div class='ocr_carea' id='block_1_62' title="bbox 1596 395 2211 455">
    <p class='ocr_par' dir='ltr' id='par_1_62' title="bbox 1596 395 2211 455">
     <span class='ocr_line' id='line_1_62' title="bbox 1596 395 2211 455; baseline -0.005 0"><span class='ocrx_word' id='word_1_474' title='bbox 1596 398 1795 455; x_wconf 77' lang='lat' dir='ltr'><strong>LIBER</strong></span> <span class='ocrx_word' id='word_1_475' title='bbox 1832 395 2211 454; x_wconf 83' lang='lat' dir='ltr'><strong>SECUNDUS.</strong></span> 
     </span>
    </p>
   </div>
   <div class='ocr_carea' id='block_1_63' title="bbox 2776 332 2859 341">
    <p class='ocr_par' dir='ltr' id='par_1_63' title="bbox 2776 332 2859 341">
     <span class='ocr_line' id='line_1_63' title="bbox 2776 332 2859 341; baseline -0.024 0"><span class='ocrx_word' id='word_1_476' title='bbox 2776 332 2859 341; x_wconf 57' lang='grc' dir='ltr'><strong>ην..</strong></span> 
     </span>
    </p>
   </div>
   <div class='ocr_carea' id='block_1_64' title="bbox 3451 401 3559 457">
    <p class='ocr_par' dir='ltr' id='par_1_64' title="bbox 3451 401 3559 457">
     <span class='ocr_line' id='line_1_64' title="bbox 3451 401 3559 457; baseline 0.009 -1"><span class='ocrx_word' id='word_1_477' title='bbox 3451 401 3559 457; x_wconf 57' lang='grc' dir='ltr'><strong>ΡΞιῖ</strong></span> 
     </span>
    </p>
   </div>
   <div class='ocr_carea' id='block_1_65' title="bbox 1963 513 3548 587">
    <p class='ocr_par' dir='ltr' id='par_1_65' title="bbox 1963 513 3548 587">
     <span class='ocr_line' id='line_1_65' title="bbox 1963 513 3548 587; baseline 0.005 -19"><span class='ocrx_word' id='word_1_478' title='bbox 1963 529 2048 568; x_wconf 90' lang='lat' dir='ltr'><strong>ma</strong></span> <span class='ocrx_word' id='word_1_479' title='bbox 2077 514 2254 585; x_wconf 79' lang='lat' dir='ltr'><strong>itaque</strong></span> <span class='ocrx_word' id='word_1_480' title='bbox 2284 513 2327 567; x_wconf 90' lang='lat' dir='ltr'><strong>si</strong></span> <span class='ocrx_word' id='word_1_481' title='bbox 2378 514 2643 583; x_wconf 81' lang='lat' dir='ltr'><strong>peccatrix</strong></span> <span class='ocrx_word' id='word_1_482' title='bbox 2684 528 2803 571; x_wconf 89' lang='lat' dir='ltr'><strong>esse</strong></span> <span class='ocrx_word' id='word_1_483' title='bbox 2854 513 3067 580; x_wconf 75' lang='lat' dir='ltr'><strong>meruit,</strong></span> <span class='ocrx_word' id='word_1_484' title='bbox 3099 530 3221 585; x_wconf 69' lang='lat' dir='ltr'><strong>qum</strong></span> <span class='ocrx_word' id='word_1_485' title='bbox 3272 524 3548 587; x_wconf 80' lang='lat' dir='ltr'><strong>peccatrix</strong></span> 
     </span>
    </p>
   </div>
   <div class='ocr_carea' id='block_1_66' title="bbox 1961 602 3547 677">
    <p class='ocr_par' dir='ltr' id='par_1_66' title="bbox 1961 602 3547 677">
     <span class='ocr_line' id='line_1_66' title="bbox 1961 602 3547 677; baseline 0.002 -17"><span class='ocrx_word' id='word_1_486' title='bbox 1961 602 2081 661; x_wconf 67' lang='lat' dir='ltr'><strong>esSe</strong></span> <span class='ocrx_word' id='word_1_487' title='bbox 2102 620 2206 659; x_wconf 76' lang='lat' dir='ltr'><strong>non</strong></span> <span class='ocrx_word' id='word_1_488' title='bbox 2237 604 2424 673; x_wconf 89' lang='lat' dir='ltr'><strong>potuit,</strong></span> <span class='ocrx_word' id='word_1_489' title='bbox 2481 613 2656 660; x_wconf 91' lang='lat' dir='ltr'><strong>tamen</strong></span> <span class='ocrx_word' id='word_1_490' title='bbox 2698 621 2872 675; x_wconf 87' lang='lat' dir='ltr'><strong>neque</strong></span> <span class='ocrx_word' id='word_1_491' title='bbox 2903 606 2956 660; x_wconf 92' lang='lat' dir='ltr'><strong>in</strong></span> <span class='ocrx_word' id='word_1_492' title='bbox 3002 615 3223 676; x_wconf 85' lang='lat' dir='ltr'><strong>peccato</strong></span> <span class='ocrx_word' id='word_1_493' title='bbox 3266 611 3547 677; x_wconf 83' lang='lat' dir='ltr'><strong>remansit,</strong></span> 
     </span>
    </p>
   </div>
   <div class='ocr_carea' id='block_1_67' title="bbox 1961 697 3546 771">
    <p class='ocr_par' dir='ltr' id='par_1_67' title="bbox 1961 697 3546 771">
     <span class='ocr_line' id='line_1_67' title="bbox 1961 697 3546 771; baseline 0.003 -18"><span class='ocrx_word' id='word_1_494' title='bbox 1961 698 2084 768; x_wconf 88' lang='lat' dir='ltr'><strong>quia</strong></span> <span class='ocrx_word' id='word_1_495' title='bbox 2113 699 2164 752; x_wconf 89' lang='lat' dir='ltr'><strong>in</strong></span> <span class='ocrx_word' id='word_1_496' title='bbox 2187 697 2403 754; x_wconf 87' lang='lat' dir='ltr'><strong>Christo</strong></span> <span class='ocrx_word' id='word_1_497' title='bbox 2426 697 2778 769; x_wconf 64' lang='lat' dir='ltr'><strong>przeﬁgurata,</strong></span> <span class='ocrx_word' id='word_1_498' title='bbox 2811 701 2864 754; x_wconf 93' lang='lat' dir='ltr'><strong>in</strong></span> <span class='ocrx_word' id='word_1_499' title='bbox 2886 709 3125 771; x_wconf 88' lang='lat' dir='ltr'><strong>peccato</strong></span> <span class='ocrx_word' id='word_1_500' title='bbox 3148 715 3271 757; x_wconf 90' lang='lat' dir='ltr'><strong>esse</strong></span> <span class='ocrx_word' id='word_1_501' title='bbox 3298 717 3404 756; x_wconf 93' lang='lat' dir='ltr'><strong>non</strong></span> <span class='ocrx_word' id='word_1_502' title='bbox 3447 701 3546 757; x_wconf 87' lang='lat' dir='ltr'><strong>de-</strong></span> 
     </span>
    </p>
   </div>
   <div class='ocr_carea' id='block_1_68' title="bbox 1961 787 3549 860">
    <p class='ocr_par' dir='ltr' id='par_1_68' title="bbox 1961 787 3549 860">
     <span class='ocr_line' id='line_1_68' title="bbox 1961 787 3549 860; baseline 0.004 -18"><span class='ocrx_word' id='word_1_503' title='bbox 1961 787 2092 852; x_wconf 87' lang='lat' dir='ltr'><strong>buit,</strong></span> <span class='ocrx_word' id='word_1_504' title='bbox 2117 787 2253 843; x_wconf 88' lang='lat' dir='ltr'><strong>sicut</strong></span> <span class='ocrx_word' id='word_1_505' title='bbox 2275 803 2394 843; x_wconf 87' lang='lat' dir='ltr'><strong>esse</strong></span> <span class='ocrx_word' id='word_1_506' title='bbox 2417 804 2521 842; x_wconf 88' lang='lat' dir='ltr'><strong>non</strong></span> <span class='ocrx_word' id='word_1_507' title='bbox 2550 788 2718 858; x_wconf 80' lang='lat' dir='ltr'><strong>putuit</strong></span> <span class='ocrx_word' id='word_1_508' title='bbox 2775 808 2794 841; x_wconf 75' lang='grc' dir='ltr'><strong>ι</strong></span> <span class='ocrx_word' id='word_1_509' title='bbox 2849 788 2869 860; x_wconf 94' lang='grc'>(</span> <span class='ocrx_word' id='word_1_510' title='bbox 2894 789 3088 860; x_wconf 88' lang='lat' dir='ltr'><strong>Supra,</strong></span> <span class='ocrx_word' id='word_1_511' title='bbox 3120 790 3207 845; x_wconf 79' lang='lat' dir='ltr'><strong>lib.</strong></span> <span class='ocrx_word' id='word_1_512' title='bbox 3239 793 3291 858; x_wconf 83' lang='lat' dir='ltr'><strong>i,</strong></span> <span class='ocrx_word' id='word_1_513' title='bbox 3325 809 3378 846; x_wconf 82' lang='grc' dir='ltr'><strong>η.</strong></span> <span class='ocrx_word' id='word_1_514' title='bbox 3412 794 3467 859; x_wconf 80' lang='lat'><strong>8&#39;,</strong></span> <span class='ocrx_word' id='word_1_515' title='bbox 3503 803 3549 848; x_wconf 81' lang='lat' dir='ltr'><strong>et</strong></span> 
     </span>
    </p>
   </div>
   <div class='ocr_carea' id='block_1_69' title="bbox 1958 877 3541 951">
    <p class='ocr_par' dir='ltr' id='par_1_69' title="bbox 1958 877 3541 951">
     <span class='ocr_line' id='line_1_69' title="bbox 1958 877 3541 951; baseline 0.004 -20"><span class='ocrx_word' id='word_1_516' title='bbox 1958 878 2115 947; x_wconf 77' lang='lat' dir='ltr'><strong>infra,</strong></span> <span class='ocrx_word' id='word_1_517' title='bbox 2146 877 2233 932; x_wconf 78' lang='lat' dir='ltr'><strong>lib.</strong></span> <span class='ocrx_word' id='word_1_518' title='bbox 2291 879 2346 947; x_wconf 79' lang='lat'><strong>5,</strong></span> <span class='ocrx_word' id='word_1_519' title='bbox 2376 896 2429 933; x_wconf 81' lang='grc' dir='ltr'><strong>η.</strong></span> <span class='ocrx_word' id='word_1_520' title='bbox 2460 879 2590 949; x_wconf 80' lang='grc'><strong>11).</strong></span> <span class='ocrx_word' id='word_1_521' title='bbox 2622 879 2773 950; x_wconf 83' lang='lat' dir='ltr'><strong>Rogo</strong></span> <span class='ocrx_word' id='word_1_522' title='bbox 2817 888 2891 946; x_wconf 90' lang='lat' dir='ltr'><strong>te,</strong></span> <span class='ocrx_word' id='word_1_523' title='bbox 2935 879 3123 947; x_wconf 85' lang='lat' dir='ltr'><strong>frater,</strong></span> <span class='ocrx_word' id='word_1_524' title='bbox 3168 890 3395 951; x_wconf 78' lang='lat' dir='ltr'><strong>putasne</strong></span> <span class='ocrx_word' id='word_1_525' title='bbox 3441 883 3541 937; x_wconf 75' lang='lat' dir='ltr'><strong>ista</strong></span> 
     </span>
    </p>
   </div>
   <div class='ocr_carea' id='block_1_70' title="bbox 1959 970 3553 1044">
    <p class='ocr_par' dir='ltr' id='par_1_70' title="bbox 1959 970 3553 1044">
     <span class='ocr_line' id='line_1_70' title="bbox 1959 970 3553 1044; baseline 0.003 -20"><span class='ocrx_word' id='word_1_526' title='bbox 1959 970 2149 1025; x_wconf 89' lang='lat' dir='ltr'><strong>saltem</strong></span> <span class='ocrx_word' id='word_1_527' title='bbox 2181 978 2364 1039; x_wconf 89' lang='lat' dir='ltr'><strong>postea</strong></span> <span class='ocrx_word' id='word_1_528' title='bbox 2384 970 2558 1040; x_wconf 84' lang='lat' dir='ltr'><strong>legisti</strong></span> <span class='ocrx_word' id='word_1_529' title='bbox 2586 979 2640 1025; x_wconf 91' lang='lat' dir='ltr'><strong>et</strong></span> <span class='ocrx_word' id='word_1_530' title='bbox 2661 972 3035 1038; x_wconf 87' lang='lat' dir='ltr'><strong>considerasti,</strong></span> <span class='ocrx_word' id='word_1_531' title='bbox 3076 973 3281 1044; x_wconf 83' lang='lat' dir='ltr'><strong>etquid</strong></span> <span class='ocrx_word' id='word_1_532' title='bbox 3318 974 3369 1028; x_wconf 90' lang='lat' dir='ltr'><strong>in</strong></span> <span class='ocrx_word' id='word_1_533' title='bbox 3415 976 3553 1029; x_wconf 86' lang='lat' dir='ltr'><strong>reci-</strong></span> 
     </span>
    </p>
   </div>
   <div class='ocr_carea' id='block_1_71' title="bbox 1960 1061 3550 1137">
    <p class='ocr_par' dir='ltr' id='par_1_71' title="bbox 1960 1061 3550 1137">
     <span class='ocr_line' id='line_1_71' title="bbox 1960 1061 3550 1137; baseline 0.002 -20"><span class='ocrx_word' id='word_1_534' title='bbox 1960 1068 2105 1118; x_wconf 88' lang='lat' dir='ltr'><strong>tante</strong></span> <span class='ocrx_word' id='word_1_535' title='bbox 2134 1061 2455 1126; x_wconf 89' lang='lat' dir='ltr'><strong>laudaveris,</strong></span> <span class='ocrx_word' id='word_1_536' title='bbox 2484 1061 2567 1118; x_wconf 88' lang='lat' dir='ltr'><strong>vel</strong></span> <span class='ocrx_word' id='word_1_537' title='bbox 2607 1062 2748 1119; x_wconf 89' lang='lat' dir='ltr'><strong>unde</strong></span> <span class='ocrx_word' id='word_1_538' title='bbox 2776 1073 2898 1134; x_wconf 90' lang='lat' dir='ltr'><strong>post</strong></span> <span class='ocrx_word' id='word_1_539' title='bbox 2941 1064 3309 1120; x_wconf 87' lang='lat' dir='ltr'><strong>recitationem</strong></span> <span class='ocrx_word' id='word_1_540' title='bbox 3352 1068 3550 1137; x_wconf 82' lang='lat' dir='ltr'><strong>gratias</strong></span> 
     </span>
    </p>
   </div>
   <div class='ocr_carea' id='block_1_72' title="bbox 1958 1153 3554 1235">
    <p class='ocr_par' dir='ltr' id='par_1_72' title="bbox 1958 1153 3554 1235">
     <span class='ocr_line' id='line_1_72' title="bbox 1958 1153 3554 1235; baseline 0.003 -26"><span class='ocrx_word' id='word_1_541' title='bbox 1958 1153 2133 1224; x_wconf 80' lang='lat' dir='ltr'><strong>egeris</strong></span> <span class='ocrx_word' id='word_1_542' title='bbox 2151 1154 2433 1226; x_wconf 88' lang='lat' dir='ltr'><strong>cogitasti?</strong></span> <span class='ocrx_word' id='word_1_543' title='bbox 2458 1154 2595 1224; x_wconf 86' lang='lat' dir='ltr'><strong>Quid</strong></span> <span class='ocrx_word' id='word_1_544' title='bbox 2645 1162 2750 1222; x_wconf 87' lang='lat' dir='ltr'><strong>est,</strong></span> <span class='ocrx_word' id='word_1_545' title='bbox 2792 1154 3019 1211; x_wconf 85' lang='lat' dir='ltr'><strong>obsecro</strong></span> <span class='ocrx_word' id='word_1_546' title='bbox 3052 1165 3124 1222; x_wconf 87' lang='lat' dir='ltr'><strong>te,</strong></span> <span class='ocrx_word' id='word_1_547' title='bbox 3158 1175 3178 1210; x_wconf 73' lang='grc' dir='ltr'><strong>ι</strong></span> <span class='ocrx_word' id='word_1_548' title='bbox 3215 1159 3408 1235; x_wconf 80' lang='lat' dir='ltr'><strong>Anima</strong></span> <span class='ocrx_word' id='word_1_549' title='bbox 3452 1160 3554 1213; x_wconf 87' lang='lat' dir='ltr'><strong>ita-</strong></span> 
     </span>
    </p>
   </div>
   <div class='ocr_carea' id='block_1_73' title="bbox 1958 1246 3545 1319">
    <p class='ocr_par' dir='ltr' id='par_1_73' title="bbox 1958 1246 3545 1319">
     <span class='ocr_line' id='line_1_73' title="bbox 1958 1246 3545 1319; baseline 0.004 -19"><span class='ocrx_word' id='word_1_550' title='bbox 1958 1261 2064 1315; x_wconf 90' lang='lat' dir='ltr'><strong>que</strong></span> <span class='ocrx_word' id='word_1_551' title='bbox 2089 1247 2133 1300; x_wconf 90' lang='lat' dir='ltr'><strong>si</strong></span> <span class='ocrx_word' id='word_1_552' title='bbox 2163 1246 2428 1316; x_wconf 89' lang='lat' dir='ltr'><strong>peceatrix</strong></span> <span class='ocrx_word' id='word_1_553' title='bbox 2454 1261 2575 1302; x_wconf 91' lang='lat' dir='ltr'><strong>esse</strong></span> <span class='ocrx_word' id='word_1_554' title='bbox 2599 1248 2819 1311; x_wconf 86' lang='lat' dir='ltr'><strong>meruit,</strong></span> <span class='ocrx_word' id='word_1_555' title='bbox 2851 1264 2971 1319; x_wconf 71' lang='lat' dir='ltr'><strong>qua:</strong></span> <span class='ocrx_word' id='word_1_556' title='bbox 3001 1249 3264 1318; x_wconf 87' lang='lat' dir='ltr'><strong>peccatrix</strong></span> <span class='ocrx_word' id='word_1_557' title='bbox 3293 1265 3414 1307; x_wconf 90' lang='lat' dir='ltr'><strong>esse</strong></span> <span class='ocrx_word' id='word_1_558' title='bbox 3440 1267 3545 1306; x_wconf 88' lang='lat' dir='ltr'><strong>non</strong></span> 
     </span>
    </p>
   </div>
   <div class='ocr_carea' id='block_1_74' title="bbox 1961 1338 3548 1413">
    <p class='ocr_par' dir='ltr' id='par_1_74' title="bbox 1961 1338 3548 1413">
     <span class='ocr_line' id='line_1_74' title="bbox 1961 1338 3548 1413; baseline 0.005 -22"><span class='ocrx_word' id='word_1_559' title='bbox 1961 1339 2172 1408; x_wconf 84' lang='lat' dir='ltr'><strong>potuit?</strong></span> <span class='ocrx_word' id='word_1_560' title='bbox 2198 1358 2216 1391; x_wconf 78' lang='grc' dir='ltr'><strong>ι</strong></span> <span class='ocrx_word' id='word_1_561' title='bbox 2241 1338 2378 1406; x_wconf 84' lang='lat' dir='ltr'><strong>Quid</strong></span> <span class='ocrx_word' id='word_1_562' title='bbox 2406 1348 2489 1394; x_wconf 89' lang='lat' dir='ltr'><strong>est</strong></span> <span class='ocrx_word' id='word_1_563' title='bbox 2517 1358 2534 1391; x_wconf 77' lang='grc' dir='ltr'><strong>ι</strong></span> <span class='ocrx_word' id='word_1_564' title='bbox 2569 1340 2788 1408; x_wconf 89' lang='lat' dir='ltr'><strong>meruit,</strong></span> <span class='ocrx_word' id='word_1_565' title='bbox 2827 1359 2847 1393; x_wconf 75' lang='grc' dir='ltr'><strong>ι</strong></span> <span class='ocrx_word' id='word_1_566' title='bbox 2880 1349 2933 1395; x_wconf 93' lang='lat' dir='ltr'><strong>et</strong></span> <span class='ocrx_word' id='word_1_567' title='bbox 2960 1358 2979 1392; x_wconf 78' lang='grc' dir='ltr'><strong>ι</strong></span> <span class='ocrx_word' id='word_1_568' title='bbox 3008 1355 3115 1396; x_wconf 94' lang='lat' dir='ltr'><strong>non</strong></span> <span class='ocrx_word' id='word_1_569' title='bbox 3147 1342 3350 1413; x_wconf 89' lang='lat' dir='ltr'><strong>potuit;</strong></span> <span class='ocrx_word' id='word_1_570' title='bbox 3387 1362 3405 1395; x_wconf 77' lang='grc' dir='ltr'><strong>ι</strong></span> <span class='ocrx_word' id='word_1_571' title='bbox 3426 1359 3548 1398; x_wconf 87' lang='lat' dir='ltr'><strong>cum</strong></span> 
     </span>
    </p>
   </div>
   <div class='ocr_carea' id='block_1_75' title="bbox 1960 1429 3547 1502">
    <p class='ocr_par' dir='ltr' id='par_1_75' title="bbox 1960 1429 3547 1502">
     <span class='ocr_line' id='line_1_75' title="bbox 1960 1429 3547 1502; baseline 0.002 -18"><span class='ocrx_word' id='word_1_572' title='bbox 1960 1430 2152 1485; x_wconf 90' lang='lat' dir='ltr'><strong>mereri</strong></span> <span class='ocrx_word' id='word_1_573' title='bbox 2188 1429 2291 1485; x_wconf 92' lang='lat' dir='ltr'><strong>hoc</strong></span> <span class='ocrx_word' id='word_1_574' title='bbox 2342 1447 2446 1485; x_wconf 91' lang='lat' dir='ltr'><strong>non</strong></span> <span class='ocrx_word' id='word_1_575' title='bbox 2490 1430 2773 1502; x_wconf 90' lang='lat' dir='ltr'><strong>potuisset,</strong></span> <span class='ocrx_word' id='word_1_576' title='bbox 2840 1431 2939 1486; x_wconf 89' lang='lat' dir='ltr'><strong>nisi</strong></span> <span class='ocrx_word' id='word_1_577' title='bbox 2996 1433 3259 1502; x_wconf 88' lang='lat' dir='ltr'><strong>peccatrix</strong></span> <span class='ocrx_word' id='word_1_578' title='bbox 3318 1433 3547 1499; x_wconf 76' lang='lat' dir='ltr'><strong>fuisset;</strong></span> 
     </span>
    </p>
   </div>
   <div class='ocr_carea' id='block_1_76' title="bbox 1959 1522 3551 1593">
    <p class='ocr_par' dir='ltr' id='par_1_76' title="bbox 1959 1522 3551 1593">
     <span class='ocr_line' id='line_1_76' title="bbox 1959 1522 3551 1593; baseline 0.003 -16"><span class='ocrx_word' id='word_1_579' title='bbox 1959 1537 2066 1577; x_wconf 93' lang='lat' dir='ltr'><strong>non</strong></span> <span class='ocrx_word' id='word_1_580' title='bbox 2096 1530 2273 1577; x_wconf 91' lang='lat' dir='ltr'><strong>autem</strong></span> <span class='ocrx_word' id='word_1_581' title='bbox 2298 1522 2501 1590; x_wconf 84' lang='lat' dir='ltr'><strong>fuisset,</strong></span> <span class='ocrx_word' id='word_1_582' title='bbox 2533 1523 2633 1579; x_wconf 90' lang='lat' dir='ltr'><strong>nisi</strong></span> <span class='ocrx_word' id='word_1_583' title='bbox 2658 1538 2779 1578; x_wconf 89' lang='lat' dir='ltr'><strong>esse</strong></span> <span class='ocrx_word' id='word_1_584' title='bbox 2822 1523 3121 1593; x_wconf 85' lang='lat' dir='ltr'><strong>potuisset;</strong></span> <span class='ocrx_word' id='word_1_585' title='bbox 3155 1534 3212 1578; x_wconf 90' lang='lat' dir='ltr'><strong>ut</strong></span> <span class='ocrx_word' id='word_1_586' title='bbox 3239 1533 3365 1579; x_wconf 89' lang='lat' dir='ltr'><strong>ante</strong></span> <span class='ocrx_word' id='word_1_587' title='bbox 3391 1541 3551 1583; x_wconf 85' lang='lat' dir='ltr'><strong>omne</strong></span> 
     </span>
    </p>
   </div>
   <div class='ocr_carea' id='block_1_77' title="bbox 1948 1616 3547 1687">
    <p class='ocr_par' dir='ltr' id='par_1_77' title="bbox 1948 1616 3547 1687">
     <span class='ocr_line' id='line_1_77' title="bbox 1948 1616 3547 1687; baseline 0.001 -16"><span class='ocrx_word' id='word_1_588' title='bbox 1948 1616 2154 1671; x_wconf 84' lang='lat' dir='ltr'><strong>malum</strong></span> <span class='ocrx_word' id='word_1_589' title='bbox 2186 1616 2431 1672; x_wconf 88' lang='lat' dir='ltr'><strong>meritum</strong></span> <span class='ocrx_word' id='word_1_590' title='bbox 2459 1631 2712 1687; x_wconf 86' lang='lat' dir='ltr'><strong>peccans,</strong></span> <span class='ocrx_word' id='word_1_591' title='bbox 2745 1616 2869 1672; x_wconf 89' lang='lat' dir='ltr'><strong>inde</strong></span> <span class='ocrx_word' id='word_1_592' title='bbox 2894 1617 2994 1673; x_wconf 85' lang='lat' dir='ltr'><strong>sibi</strong></span> <span class='ocrx_word' id='word_1_593' title='bbox 3039 1619 3286 1673; x_wconf 88' lang='lat' dir='ltr'><strong>meritum</strong></span> <span class='ocrx_word' id='word_1_594' title='bbox 3330 1619 3547 1679; x_wconf 83' lang='lat' dir='ltr'><strong>faceret.</strong></span> 
     </span>
    </p>
   </div>
   <div class='ocr_carea' id='block_1_78' title="bbox 1958 1706 3550 1779">
    <p class='ocr_par' dir='ltr' id='par_1_78' title="bbox 1958 1706 3550 1779">
     <span class='ocr_line' id='line_1_78' title="bbox 1958 1706 3550 1779; baseline 0.002 -18"><span class='ocrx_word' id='word_1_595' title='bbox 1958 1707 2098 1762; x_wconf 91' lang='lat' dir='ltr'><strong>unde</strong></span> <span class='ocrx_word' id='word_1_596' title='bbox 2126 1706 2191 1761; x_wconf 90' lang='lat' dir='ltr'><strong>ad</strong></span> <span class='ocrx_word' id='word_1_597' title='bbox 2219 1708 2320 1762; x_wconf 90' lang='lat' dir='ltr'><strong>alia</strong></span> <span class='ocrx_word' id='word_1_598' title='bbox 2352 1717 2588 1777; x_wconf 86' lang='lat' dir='ltr'><strong>peccata,</strong></span> <span class='ocrx_word' id='word_1_599' title='bbox 2611 1708 2901 1764; x_wconf 86' lang='lat' dir='ltr'><strong>deserente</strong></span> <span class='ocrx_word' id='word_1_600' title='bbox 2918 1709 3164 1775; x_wconf 75' lang='lat' dir='ltr'><strong>Domino,</strong></span> <span class='ocrx_word' id='word_1_601' title='bbox 3196 1712 3497 1779; x_wconf 85' lang='lat' dir='ltr'><strong>perveniret</strong></span> <span class='ocrx_word' id='word_1_602' title='bbox 3528 1713 3550 1764; x_wconf 74' lang='grc' dir='ltr'><strong>’ἰ</strong></span> 
     </span>
    </p>
   </div>
   <div class='ocr_carea' id='block_1_79' title="bbox 1957 1798 3542 1871">
    <p class='ocr_par' dir='ltr' id='par_1_79' title="bbox 1957 1798 3542 1871">
     <span class='ocr_line' id='line_1_79' title="bbox 1957 1798 3542 1871; baseline -0.004 -16"><span class='ocrx_word' id='word_1_603' title='bbox 1957 1800 2041 1855; x_wconf 82' lang='grc' dir='ltr'><strong>Αη</strong></span> <span class='ocrx_word' id='word_1_604' title='bbox 2083 1799 2205 1855; x_wconf 89' lang='lat' dir='ltr'><strong>ideo</strong></span> <span class='ocrx_word' id='word_1_605' title='bbox 2248 1799 2402 1864; x_wconf 79' lang='lat' dir='ltr'><strong>dixit,</strong></span> <span class='ocrx_word' id='word_1_606' title='bbox 2435 1817 2455 1851; x_wconf 74' lang='grc' dir='ltr'><strong>ι</strong></span> <span class='ocrx_word' id='word_1_607' title='bbox 2492 1815 2611 1870; x_wconf 65' lang='lat' dir='ltr'><strong>quae</strong></span> <span class='ocrx_word' id='word_1_608' title='bbox 2661 1798 2934 1871; x_wconf 64' lang='lat' dir='ltr'><strong>peccatrix</strong></span> <span class='ocrx_word' id='word_1_609' title='bbox 2982 1815 3103 1855; x_wconf 85' lang='lat' dir='ltr'><strong>esse</strong></span> <span class='ocrx_word' id='word_1_610' title='bbox 3142 1815 3246 1855; x_wconf 91' lang='lat' dir='ltr'><strong>non</strong></span> <span class='ocrx_word' id='word_1_611' title='bbox 3290 1802 3482 1871; x_wconf 90' lang='lat' dir='ltr'><strong>potuit,</strong></span> <span class='ocrx_word' id='word_1_612' title='bbox 3525 1822 3542 1849; x_wconf 78' lang='grc' dir='ltr'><strong>ι</strong></span> 
     </span>
    </p>
   </div>
   <div class='ocr_carea' id='block_1_80' title="bbox 1956 1891 3538 1963">
    <p class='ocr_par' dir='ltr' id='par_1_80' title="bbox 1956 1891 3538 1963">
     <span class='ocr_line' id='line_1_80' title="bbox 1956 1891 3538 1963; baseline 0.002 -17"><span class='ocrx_word' id='word_1_613' title='bbox 1956 1892 2080 1962; x_wconf 91' lang='lat' dir='ltr'><strong>quia</strong></span> <span class='ocrx_word' id='word_1_614' title='bbox 2100 1891 2201 1946; x_wconf 91' lang='lat' dir='ltr'><strong>nisi</strong></span> <span class='ocrx_word' id='word_1_615' title='bbox 2228 1891 2280 1946; x_wconf 91' lang='lat' dir='ltr'><strong>in</strong></span> <span class='ocrx_word' id='word_1_616' title='bbox 2306 1906 2522 1947; x_wconf 89' lang='lat' dir='ltr'><strong>carnem</strong></span> <span class='ocrx_word' id='word_1_617' title='bbox 2559 1892 2785 1958; x_wconf 87' lang='lat' dir='ltr'><strong>veniret,</strong></span> <span class='ocrx_word' id='word_1_618' title='bbox 2816 1892 3081 1961; x_wconf 86' lang='lat' dir='ltr'><strong>peccatrix</strong></span> <span class='ocrx_word' id='word_1_619' title='bbox 3109 1906 3230 1948; x_wconf 91' lang='lat' dir='ltr'><strong>esse</strong></span> <span class='ocrx_word' id='word_1_620' title='bbox 3260 1908 3363 1947; x_wconf 88' lang='lat' dir='ltr'><strong>non</strong></span> <span class='ocrx_word' id='word_1_621' title='bbox 3408 1909 3538 1963; x_wconf 74' lang='lat' dir='ltr'><strong>pos-</strong></span> 
     </span>
    </p>
   </div>
   <div class='ocr_carea' id='block_1_81' title="bbox 1957 1981 3543 2053">
    <p class='ocr_par' dir='ltr' id='par_1_81' title="bbox 1957 1981 3543 2053">
     <span class='ocr_line' id='line_1_81' title="bbox 1957 1981 3543 2053; baseline 0 -16"><span class='ocrx_word' id='word_1_622' title='bbox 1957 1982 2086 2038; x_wconf 80' lang='lat' dir='ltr'><strong>set?</strong></span> <span class='ocrx_word' id='word_1_623' title='bbox 2114 1981 2250 2049; x_wconf 85' lang='lat' dir='ltr'><strong>Quid</strong></span> <span class='ocrx_word' id='word_1_624' title='bbox 2282 1996 2412 2052; x_wconf 88' lang='lat' dir='ltr'><strong>ergo</strong></span> <span class='ocrx_word' id='word_1_625' title='bbox 2431 1984 2644 2049; x_wconf 88' lang='lat' dir='ltr'><strong>meruit,</strong></span> <span class='ocrx_word' id='word_1_626' title='bbox 2670 1989 2727 2037; x_wconf 91' lang='lat' dir='ltr'><strong>ut</strong></span> <span class='ocrx_word' id='word_1_627' title='bbox 2776 1997 2841 2038; x_wconf 87' lang='lat' dir='ltr'><strong>eo</strong></span> <span class='ocrx_word' id='word_1_628' title='bbox 2885 1982 3202 2048; x_wconf 87' lang='lat' dir='ltr'><strong>mitteretur,</strong></span> <span class='ocrx_word' id='word_1_629' title='bbox 3238 1984 3325 2040; x_wconf 88' lang='lat' dir='ltr'><strong>ubi</strong></span> <span class='ocrx_word' id='word_1_630' title='bbox 3354 2000 3543 2053; x_wconf 86' lang='lat' dir='ltr'><strong>pecca-</strong></span> 
     </span>
    </p>
   </div>
   <div class='ocr_carea' id='block_1_82' title="bbox 1959 2073 3538 2145">
    <p class='ocr_par' dir='ltr' id='par_1_82' title="bbox 1959 2073 3538 2145">
     <span class='ocr_line' id='line_1_82' title="bbox 1959 2073 3538 2145; baseline 0.004 -17"><span class='ocrx_word' id='word_1_631' title='bbox 1959 2076 2065 2128; x_wconf 81' lang='lat' dir='ltr'><strong>trix</strong></span> <span class='ocrx_word' id='word_1_632' title='bbox 2090 2088 2211 2129; x_wconf 86' lang='lat' dir='ltr'><strong>esse</strong></span> <span class='ocrx_word' id='word_1_633' title='bbox 2258 2082 2464 2145; x_wconf 84' lang='lat' dir='ltr'><strong>posset,</strong></span> <span class='ocrx_word' id='word_1_634' title='bbox 2495 2088 2602 2145; x_wconf 87' lang='lat' dir='ltr'><strong>quo</strong></span> <span class='ocrx_word' id='word_1_635' title='bbox 2631 2073 2734 2130; x_wconf 87' lang='lat' dir='ltr'><strong>nisi</strong></span> <span class='ocrx_word' id='word_1_636' title='bbox 2784 2074 3037 2143; x_wconf 79' lang='lat' dir='ltr'><strong>venisset,</strong></span> <span class='ocrx_word' id='word_1_637' title='bbox 3088 2074 3213 2129; x_wconf 87' lang='lat' dir='ltr'><strong>alibi</strong></span> <span class='ocrx_word' id='word_1_638' title='bbox 3267 2078 3538 2145; x_wconf 59' lang='lat' dir='ltr'><strong>peccatrix</strong></span> 
     </span>
    </p>
   </div>
   <div class='ocr_carea' id='block_1_83' title="bbox 1957 2165 3540 2237">
    <p class='ocr_par' dir='ltr' id='par_1_83' title="bbox 1957 2165 3540 2237">
     <span class='ocr_line' id='line_1_83' title="bbox 1957 2165 3540 2237; baseline 0.001 -16"><span class='ocrx_word' id='word_1_639' title='bbox 1957 2179 2079 2221; x_wconf 89' lang='lat' dir='ltr'><strong>esse</strong></span> <span class='ocrx_word' id='word_1_640' title='bbox 2104 2179 2208 2221; x_wconf 91' lang='lat' dir='ltr'><strong>non</strong></span> <span class='ocrx_word' id='word_1_641' title='bbox 2232 2174 2411 2236; x_wconf 90' lang='lat' dir='ltr'><strong>posset</strong></span> <span class='ocrx_word' id='word_1_642' title='bbox 2435 2166 2460 2220; x_wconf 82' lang='lat'><strong>?</strong></span> <span class='ocrx_word' id='word_1_643' title='bbox 2486 2166 2655 2234; x_wconf 90' lang='lat' dir='ltr'><strong>Dicat,</strong></span> <span class='ocrx_word' id='word_1_644' title='bbox 2682 2165 2808 2237; x_wconf 86' lang='lat' dir='ltr'><strong>quid</strong></span> <span class='ocrx_word' id='word_1_645' title='bbox 2830 2166 3058 2220; x_wconf 85' lang='lat' dir='ltr'><strong>meruit?</strong></span> <span class='ocrx_word' id='word_1_646' title='bbox 3087 2165 3143 2222; x_wconf 91' lang='lat' dir='ltr'><strong>Si</strong></span> <span class='ocrx_word' id='word_1_647' title='bbox 3173 2167 3318 2222; x_wconf 82' lang='lat' dir='ltr'><strong>enim</strong></span> <span class='ocrx_word' id='word_1_648' title='bbox 3346 2169 3540 2223; x_wconf 88' lang='lat' dir='ltr'><strong>meruit</strong></span> 
     </span>
    </p>
   </div>
   <div class='ocr_carea' id='block_1_84' title="bbox 1957 2255 3543 2327">
    <p class='ocr_par' dir='ltr' id='par_1_84' title="bbox 1957 2255 3543 2327">
     <span class='ocr_line' id='line_1_84' title="bbox 1957 2255 3543 2327; baseline 0.002 -17"><span class='ocrx_word' id='word_1_649' title='bbox 1957 2270 2078 2311; x_wconf 90' lang='lat' dir='ltr'><strong>esse</strong></span> <span class='ocrx_word' id='word_1_650' title='bbox 2103 2255 2636 2326; x_wconf 86' lang='lat' dir='ltr'><strong>peccatrix;aliquid</strong></span> <span class='ocrx_word' id='word_1_651' title='bbox 2678 2256 2792 2326; x_wconf 89' lang='lat' dir='ltr'><strong>jam</strong></span> <span class='ocrx_word' id='word_1_652' title='bbox 2839 2264 3173 2327; x_wconf 88' lang='lat' dir='ltr'><strong>peccaverat,</strong></span> <span class='ocrx_word' id='word_1_653' title='bbox 3206 2257 3346 2312; x_wconf 89' lang='lat' dir='ltr'><strong>unde</strong></span> <span class='ocrx_word' id='word_1_654' title='bbox 3371 2274 3543 2314; x_wconf 87' lang='lat' dir='ltr'><strong>merc-</strong></span> 
     </span>
    </p>
   </div>
   <div class='ocr_carea' id='block_1_85' title="bbox 1956 2346 3547 2418">
    <p class='ocr_par' dir='ltr' id='par_1_85' title="bbox 1956 2346 3547 2418">
     <span class='ocr_line' id='line_1_85' title="bbox 1956 2346 3547 2418; baseline 0.001 -17"><span class='ocrx_word' id='word_1_655' title='bbox 1956 2356 2105 2402; x_wconf 86' lang='lat' dir='ltr'><strong>retur</strong></span> <span class='ocrx_word' id='word_1_656' title='bbox 2129 2348 2322 2403; x_wconf 89' lang='lat' dir='ltr'><strong>iterum</strong></span> <span class='ocrx_word' id='word_1_657' title='bbox 2351 2362 2472 2403; x_wconf 89' lang='lat' dir='ltr'><strong>esse</strong></span> <span class='ocrx_word' id='word_1_658' title='bbox 2500 2348 2786 2418; x_wconf 81' lang='lat' dir='ltr'><strong>peccatrix.</strong></span> <span class='ocrx_word' id='word_1_659' title='bbox 2814 2346 2919 2405; x_wconf 89' lang='lat' dir='ltr'><strong>Sed</strong></span> <span class='ocrx_word' id='word_1_660' title='bbox 2948 2347 3065 2403; x_wconf 65' lang='lat' dir='ltr'><strong>haec</strong></span> <span class='ocrx_word' id='word_1_661' title='bbox 3091 2348 3333 2403; x_wconf 82' lang='lat' dir='ltr'><strong>fortassis</strong></span> <span class='ocrx_word' id='word_1_662' title='bbox 3353 2351 3547 2405; x_wconf 67' lang='lat' dir='ltr'><strong>ohseu~</strong></span> 
     </span>
    </p>
   </div>
   <div class='ocr_carea' id='block_1_86' title="bbox 1957 2439 3541 2511">
    <p class='ocr_par' dir='ltr' id='par_1_86' title="bbox 1957 2439 3541 2511">
     <span class='ocr_line' id='line_1_86' title="bbox 1957 2439 3541 2511; baseline 0.001 -15"><span class='ocrx_word' id='word_1_663' title='bbox 1957 2456 2016 2496; x_wconf 89' lang='lat' dir='ltr'><strong>ra</strong></span> <span class='ocrx_word' id='word_1_664' title='bbox 2032 2455 2153 2497; x_wconf 88' lang='lat' dir='ltr'><strong>esse</strong></span> <span class='ocrx_word' id='word_1_665' title='bbox 2176 2439 2480 2508; x_wconf 85' lang='lat' dir='ltr'><strong>videantur,</strong></span> <span class='ocrx_word' id='word_1_666' title='bbox 2527 2448 2619 2496; x_wconf 88' lang='lat' dir='ltr'><strong>aut</strong></span> <span class='ocrx_word' id='word_1_667' title='bbox 2661 2439 2888 2497; x_wconf 88' lang='lat' dir='ltr'><strong>obscura</strong></span> <span class='ocrx_word' id='word_1_668' title='bbox 2913 2454 3035 2497; x_wconf 86' lang='lat' dir='ltr'><strong>esse</strong></span> <span class='ocrx_word' id='word_1_669' title='bbox 3083 2440 3378 2511; x_wconf 86' lang='lat' dir='ltr'><strong>jactentur,</strong></span> <span class='ocrx_word' id='word_1_670' title='bbox 3420 2458 3541 2497; x_wconf 89' lang='lat' dir='ltr'><strong>cum</strong></span> 
     </span>
    </p>
   </div>
   <div class='ocr_carea' id='block_1_87' title="bbox 1956 2531 3548 2605">
    <p class='ocr_par' dir='ltr' id='par_1_87' title="bbox 1956 2531 3548 2605">
     <span class='ocr_line' id='line_1_87' title="bbox 1956 2531 3548 2605; baseline -0.001 -16"><span class='ocrx_word' id='word_1_671' title='bbox 1956 2533 2438 2605; x_wconf 89' lang='lat' dir='ltr'><strong>sintapertissima.</strong></span> <span class='ocrx_word' id='word_1_672' title='bbox 2476 2531 2658 2603; x_wconf 84' lang='lat' dir='ltr'><strong>Neque</strong></span> <span class='ocrx_word' id='word_1_673' title='bbox 2706 2531 2848 2587; x_wconf 91' lang='lat' dir='ltr'><strong>enim</strong></span> <span class='ocrx_word' id='word_1_674' title='bbox 2902 2531 3083 2588; x_wconf 88' lang='lat' dir='ltr'><strong>dicere</strong></span> <span class='ocrx_word' id='word_1_675' title='bbox 3110 2531 3313 2598; x_wconf 88' lang='lat' dir='ltr'><strong>debuit,</strong></span> <span class='ocrx_word' id='word_1_676' title='bbox 3343 2551 3361 2584; x_wconf 77' lang='grc' dir='ltr'><strong>ι</strong></span> <span class='ocrx_word' id='word_1_677' title='bbox 3401 2534 3548 2604; x_wconf 84' lang='lat' dir='ltr'><strong>quod</strong></span> 
     </span>
    </p>
   </div>
   <div class='ocr_carea' id='block_1_88' title="bbox 1958 2624 3547 2696">
    <p class='ocr_par' dir='ltr' id='par_1_88' title="bbox 1958 2624 3547 2696">
     <span class='ocr_line' id='line_1_88' title="bbox 1958 2624 3547 2696; baseline -0.001 -15"><span class='ocrx_word' id='word_1_678' title='bbox 1958 2626 2135 2681; x_wconf 92' lang='lat' dir='ltr'><strong>anima</strong></span> <span class='ocrx_word' id='word_1_679' title='bbox 2160 2627 2419 2682; x_wconf 87' lang='lat' dir='ltr'><strong>meruerit</strong></span> <span class='ocrx_word' id='word_1_680' title='bbox 2466 2624 2731 2696; x_wconf 84' lang='lat' dir='ltr'><strong>peccatrix</strong></span> <span class='ocrx_word' id='word_1_681' title='bbox 2771 2638 2892 2680; x_wconf 90' lang='lat' dir='ltr'><strong>esse</strong></span> <span class='ocrx_word' id='word_1_682' title='bbox 2940 2639 3036 2694; x_wconf 88' lang='lat' dir='ltr'><strong>per</strong></span> <span class='ocrx_word' id='word_1_683' title='bbox 3079 2638 3318 2690; x_wconf 87' lang='lat' dir='ltr'><strong>carnem,</strong></span> <span class='ocrx_word' id='word_1_684' title='bbox 3347 2644 3366 2678; x_wconf 79' lang='grc' dir='ltr'><strong>ι</strong></span> <span class='ocrx_word' id='word_1_685' title='bbox 3393 2625 3547 2694; x_wconf 82' lang='lat' dir='ltr'><strong>cujus</strong></span> 
     </span>
    </p>
   </div>
   <div class='ocr_carea' id='block_1_89' title="bbox 1957 2714 3551 2787">
    <p class='ocr_par' dir='ltr' id='par_1_89' title="bbox 1957 2714 3551 2787">
     <span class='ocr_line' id='line_1_89' title="bbox 1957 2714 3551 2787; baseline -0.001 -14"><span class='ocrx_word' id='word_1_686' title='bbox 1957 2731 2060 2773; x_wconf 89' lang='lat' dir='ltr'><strong>nec</strong></span> <span class='ocrx_word' id='word_1_687' title='bbox 2085 2717 2283 2773; x_wconf 91' lang='lat' dir='ltr'><strong>bonum</strong></span> <span class='ocrx_word' id='word_1_688' title='bbox 2303 2730 2402 2772; x_wconf 92' lang='lat' dir='ltr'><strong>nec</strong></span> <span class='ocrx_word' id='word_1_689' title='bbox 2421 2716 2618 2772; x_wconf 89' lang='lat' dir='ltr'><strong>malum</strong></span> <span class='ocrx_word' id='word_1_690' title='bbox 2642 2715 2892 2771; x_wconf 90' lang='lat' dir='ltr'><strong>meritum</strong></span> <span class='ocrx_word' id='word_1_691' title='bbox 2920 2714 3156 2785; x_wconf 89' lang='lat' dir='ltr'><strong>reperire</strong></span> <span class='ocrx_word' id='word_1_692' title='bbox 3193 2718 3389 2787; x_wconf 90' lang='lat' dir='ltr'><strong>poterit</strong></span> <span class='ocrx_word' id='word_1_693' title='bbox 3422 2726 3551 2773; x_wconf 88' lang='lat' dir='ltr'><strong>ante</strong></span> 
     </span>
    </p>
   </div>
   <div class='ocr_carea' id='block_1_90' title="bbox 1957 2824 2196 2867">
    <p class='ocr_par' dir='ltr' id='par_1_90' title="bbox 1957 2824 2196 2867">
     <span class='ocr_line' id='line_1_90' title="bbox 1957 2824 2196 2867; baseline -0.017 0"><span class='ocrx_word' id='word_1_694' title='bbox 1957 2824 2196 2867; x_wconf 76' lang='lat' dir='ltr'><strong>Carnem.</strong></span> 
     </span>
    </p>
   </div>
   <div class='ocr_carea' id='block_1_91' title="bbox 2030 2897 3547 2959">
    <p class='ocr_par' dir='ltr' id='par_1_91' title="bbox 2030 2897 3547 2959">
     <span class='ocr_line' id='line_1_91' title="bbox 2030 2897 3547 2959; baseline -0.002 -2"><span class='ocrx_word' id='word_1_695' title='bbox 2030 2899 2257 2959; x_wconf 79' lang='lat' dir='ltr'><strong>CAPUT</strong></span> <span class='ocrx_word' id='word_1_696' title='bbox 2293 2899 2386 2956; x_wconf 75' lang='lat' dir='ltr'><strong>lx.</strong></span> <span class='ocrx_word' id='word_1_697' title='bbox 2417 2931 2482 2942; x_wconf 92' lang='lat'><strong>-</strong></span> <span class='ocrx_word' id='word_1_698' title='bbox 2509 2900 2596 2956; x_wconf 77' lang='lat' dir='ltr'><strong>l5.</strong></span> <span class='ocrx_word' id='word_1_699' title='bbox 2629 2898 2733 2956; x_wconf 87' lang='lat' dir='ltr'><strong>Sed</strong></span> <span class='ocrx_word' id='word_1_700' title='bbox 2763 2898 2830 2954; x_wconf 92' lang='lat' dir='ltr'><strong>ad</strong></span> <span class='ocrx_word' id='word_1_701' title='bbox 2858 2897 3223 2955; x_wconf 79' lang='lat' dir='ltr'><strong>manifestiora</strong></span> <span class='ocrx_word' id='word_1_702' title='bbox 3248 2898 3547 2955; x_wconf 84' lang='lat' dir='ltr'><strong>veniamus.</strong></span> 
     </span>
    </p>
   </div>
   <div class='ocr_carea' id='block_1_92' title="bbox 1959 2990 3550 3063">
    <p class='ocr_par' dir='ltr' id='par_1_92' title="bbox 1959 2990 3550 3063">
     <span class='ocr_line' id='line_1_92' title="bbox 1959 2990 3550 3063; baseline -0.001 -15"><span class='ocrx_word' id='word_1_703' title='bbox 1959 2990 2092 3049; x_wconf 87' lang='lat' dir='ltr'><strong>Cum</strong></span> <span class='ocrx_word' id='word_1_704' title='bbox 2119 2992 2271 3048; x_wconf 83' lang='lat' dir='ltr'><strong>enim</strong></span> <span class='ocrx_word' id='word_1_705' title='bbox 2308 2991 2517 3063; x_wconf 80' lang='lat' dir='ltr'><strong>magnis</strong></span> <span class='ocrx_word' id='word_1_706' title='bbox 2556 2999 2920 3047; x_wconf 87' lang='lat' dir='ltr'><strong>coarctaretur</strong></span> <span class='ocrx_word' id='word_1_707' title='bbox 2971 2991 3250 3061; x_wconf 87' lang='lat' dir='ltr'><strong>angustiis,</strong></span> <span class='ocrx_word' id='word_1_708' title='bbox 3282 2992 3550 3062; x_wconf 83' lang='lat' dir='ltr'><strong>quomodo</strong></span> 
     </span>
    </p>
   </div>
   <div class='ocr_carea' id='block_1_93' title="bbox 1957 3082 3585 3162">
    <p class='ocr_par' dir='ltr' id='par_1_93' title="bbox 1957 3082 3585 3162">
     <span class='ocr_line' id='line_1_93' title="bbox 1957 3082 3585 3162; baseline -0.002 -21"><span class='ocrx_word' id='word_1_709' title='bbox 1957 3087 2152 3145; x_wconf 67' lang='lat' dir='ltr'><strong>animm</strong></span> <span class='ocrx_word' id='word_1_710' title='bbox 2170 3084 2447 3154; x_wconf 72' lang='lat' dir='ltr'><strong>originalis</strong></span> <span class='ocrx_word' id='word_1_711' title='bbox 2475 3084 2679 3155; x_wconf 89' lang='lat' dir='ltr'><strong>peccati</strong></span> <span class='ocrx_word' id='word_1_712' title='bbox 2703 3083 2917 3137; x_wconf 89' lang='lat' dir='ltr'><strong>vinculo</strong></span> <span class='ocrx_word' id='word_1_713' title='bbox 2943 3090 3224 3137; x_wconf 88' lang='lat' dir='ltr'><strong>teneantur</strong></span> <span class='ocrx_word' id='word_1_714' title='bbox 3243 3082 3543 3150; x_wconf 64' lang='lat' dir='ltr'><strong>obstrictae,</strong></span> <span class='ocrx_word' id='word_1_715' title='bbox 3576 3152 3585 3162; x_wconf 88' lang='lat'><strong>_</strong></span> 
     </span>
    </p>
   </div>
   <div class='ocr_carea' id='block_1_94' title="bbox 1959 3173 3545 3246">
    <p class='ocr_par' dir='ltr' id='par_1_94' title="bbox 1959 3173 3545 3246">
     <span class='ocr_line' id='line_1_94' title="bbox 1959 3173 3545 3246; baseline -0.004 -13"><span class='ocrx_word' id='word_1_716' title='bbox 1959 3177 2004 3233; x_wconf 93' lang='lat' dir='ltr'><strong>si</strong></span> <span class='ocrx_word' id='word_1_717' title='bbox 2026 3192 2131 3232; x_wconf 93' lang='lat' dir='ltr'><strong>non</strong></span> <span class='ocrx_word' id='word_1_718' title='bbox 2153 3192 2218 3233; x_wconf 89' lang='lat' dir='ltr'><strong>ex</strong></span> <span class='ocrx_word' id='word_1_719' title='bbox 2241 3176 2331 3231; x_wconf 89' lang='lat' dir='ltr'><strong>illa</strong></span> <span class='ocrx_word' id='word_1_720' title='bbox 2355 3174 2569 3231; x_wconf 88' lang='lat' dir='ltr'><strong>trahunt</strong></span> <span class='ocrx_word' id='word_1_721' title='bbox 2589 3173 2849 3246; x_wconf 85' lang='lat' dir='ltr'><strong>originem</strong></span> <span class='ocrx_word' id='word_1_722' title='bbox 2903 3188 3024 3244; x_wconf 77' lang='lat' dir='ltr'><strong>qum</strong></span> <span class='ocrx_word' id='word_1_723' title='bbox 3070 3174 3238 3244; x_wconf 89' lang='lat' dir='ltr'><strong>prima</strong></span> <span class='ocrx_word' id='word_1_724' title='bbox 3283 3176 3545 3243; x_wconf 71' lang='lat' dir='ltr'><strong>peccavit,</strong></span> 
     </span>
    </p>
   </div>
   <div class='ocr_carea' id='block_1_95' title="bbox 1958 3264 3544 3353">
    <p class='ocr_par' dir='ltr' id='par_1_95' title="bbox 1958 3264 3544 3353">
     <span class='ocr_line' id='line_1_95' title="bbox 1958 3264 3544 3353; baseline -0.003 -28"><span class='ocrx_word' id='word_1_725' title='bbox 1958 3267 2175 3325; x_wconf 84' lang='lat' dir='ltr'><strong>sedeas</strong></span> <span class='ocrx_word' id='word_1_726' title='bbox 2224 3282 2386 3339; x_wconf 91' lang='lat' dir='ltr'><strong>puras</strong></span> <span class='ocrx_word' id='word_1_727' title='bbox 2431 3267 2499 3322; x_wconf 86' lang='lat' dir='ltr'><strong>ab</strong></span> <span class='ocrx_word' id='word_1_728' title='bbox 2528 3267 2672 3321; x_wconf 89' lang='lat' dir='ltr'><strong>omni</strong></span> <span class='ocrx_word' id='word_1_729' title='bbox 2699 3264 3014 3335; x_wconf 84' lang='lat' dir='ltr'><strong>contagione</strong></span> <span class='ocrx_word' id='word_1_730' title='bbox 3062 3274 3117 3320; x_wconf 92' lang='lat' dir='ltr'><strong>et</strong></span> <span class='ocrx_word' id='word_1_731' title='bbox 3162 3266 3544 3353; x_wconf 68' lang='lat' dir='ltr'><strong>propagatiupe</strong></span> 
     </span>
    </p>
   </div>
   <div class='ocr_carea' id='block_1_96' title="bbox 1958 3356 3542 3433">
    <p class='ocr_par' dir='ltr' id='par_1_96' title="bbox 1958 3356 3542 3433">
     <span class='ocr_line' id='line_1_96' title="bbox 1958 3356 3542 3433; baseline -0.004 -16"><span class='ocrx_word' id='word_1_732' title='bbox 1958 3362 2186 3433; x_wconf 89' lang='lat' dir='ltr'><strong>peccati,</strong></span> <span class='ocrx_word' id='word_1_733' title='bbox 2209 3360 2492 3431; x_wconf 78' lang='lat' dir='ltr'><strong>peccatrici</strong></span> <span class='ocrx_word' id='word_1_734' title='bbox 2522 3358 2670 3414; x_wconf 88' lang='lat' dir='ltr'><strong>carni</strong></span> <span class='ocrx_word' id='word_1_735' title='bbox 2695 3357 2922 3413; x_wconf 70' lang='lat' dir='ltr'><strong>Creaton</strong></span> <span class='ocrx_word' id='word_1_736' title='bbox 2946 3356 3222 3424; x_wconf 82' lang='lat' dir='ltr'><strong>insufflat;</strong></span> <span class='ocrx_word' id='word_1_737' title='bbox 3245 3374 3311 3412; x_wconf 90' lang='lat' dir='ltr'><strong>ne</strong></span> <span class='ocrx_word' id='word_1_738' title='bbox 3333 3359 3542 3413; x_wconf 86' lang='lat' dir='ltr'><strong>dicatur</strong></span> 
     </span>
    </p>
   </div>
   <div class='ocr_carea' id='block_1_97' title="bbox 1958 3439 3548 3525">
    <p class='ocr_par' dir='ltr' id='par_1_97' title="bbox 1958 3439 3548 3525">
     <span class='ocr_line' id='line_1_97' title="bbox 1958 3439 3548 3525; baseline -0.004 -16"><span class='ocrx_word' id='word_1_739' title='bbox 1958 3454 2059 3523; x_wconf 88' lang='lat' dir='ltr'><strong>illi,</strong></span> <span class='ocrx_word' id='word_1_740' title='bbox 2080 3452 2223 3525; x_wconf 87' lang='lat' dir='ltr'><strong>quod</strong></span> <span class='ocrx_word' id='word_1_741' title='bbox 2248 3452 2328 3507; x_wconf 91' lang='lat' dir='ltr'><strong>sic</strong></span> <span class='ocrx_word' id='word_1_742' title='bbox 2350 3449 2671 3507; x_wconf 82' lang='lat' dir='ltr'><strong>insufﬂando</strong></span> <span class='ocrx_word' id='word_1_743' title='bbox 2695 3463 2788 3505; x_wconf 88' lang='lat' dir='ltr'><strong>eas</strong></span> <span class='ocrx_word' id='word_1_744' title='bbox 2820 3450 2961 3504; x_wconf 87' lang='lat' dir='ltr'><strong>Deus</strong></span> <span class='ocrx_word' id='word_1_745' title='bbox 2990 3439 3156 3504; x_wconf 85' lang='lat' dir='ltr'><strong>efﬁcit</strong></span> <span class='ocrx_word' id='word_1_746' title='bbox 3179 3464 3299 3504; x_wconf 84' lang='lat' dir='ltr'><strong>reas</strong></span> <span class='ocrx_word' id='word_1_747' title='bbox 3323 3466 3338 3504; x_wconf 93' lang='lat'><strong>:</strong></span> <span class='ocrx_word' id='word_1_748' title='bbox 3371 3450 3548 3519; x_wconf 86' lang='lat' dir='ltr'><strong>primo</strong></span> 
     </span>
    </p>
   </div>
   <div class='ocr_carea' id='block_1_98' title="bbox 1958 3541 3545 3621">
    <p class='ocr_par' dir='ltr' id='par_1_98' title="bbox 1958 3541 3545 3621">
     <span class='ocr_line' id='line_1_98' title="bbox 1958 3541 3545 3621; baseline -0.006 -15"><span class='ocrx_word' id='word_1_749' title='bbox 1958 3548 2027 3606; x_wconf 90' lang='lat' dir='ltr'><strong>de</strong></span> <span class='ocrx_word' id='word_1_750' title='bbox 2044 3547 2379 3621; x_wconf 73' lang='lat' dir='ltr'><strong>prmscicntia</strong></span> <span class='ocrx_word' id='word_1_751' title='bbox 2413 3545 2508 3602; x_wconf 91' lang='lat' dir='ltr'><strong>Dei</strong></span> <span class='ocrx_word' id='word_1_752' title='bbox 2530 3545 2667 3600; x_wconf 88' lang='lat' dir='ltr'><strong>hanc</strong></span> <span class='ocrx_word' id='word_1_753' title='bbox 2694 3543 2999 3613; x_wconf 87' lang='lat' dir='ltr'><strong>opinionem</strong></span> <span class='ocrx_word' id='word_1_754' title='bbox 3053 3541 3262 3598; x_wconf 86' lang='lat' dir='ltr'><strong>munire</strong></span> <span class='ocrx_word' id='word_1_755' title='bbox 3303 3542 3545 3607; x_wconf 82' lang='lat' dir='ltr'><strong>tentavit,</strong></span> 
     </span>
    </p>
   </div>
   <div class='ocr_carea' id='block_1_99' title="bbox 1965 3633 3549 3715">
    <p class='ocr_par' dir='ltr' id='par_1_99' title="bbox 1965 3633 3549 3715">
     <span class='ocr_line' id='line_1_99' title="bbox 1965 3633 3549 3715; baseline -0.004 -20"><span class='ocrx_word' id='word_1_756' title='bbox 1965 3660 1989 3695; x_wconf 74' lang='grc' dir='ltr'><strong>ι</strong></span> <span class='ocrx_word' id='word_1_757' title='bbox 2021 3641 2163 3715; x_wconf 90' lang='lat' dir='ltr'><strong>quod</strong></span> <span class='ocrx_word' id='word_1_758' title='bbox 2192 3642 2273 3696; x_wconf 88' lang='lat' dir='ltr'><strong>eis</strong></span> <span class='ocrx_word' id='word_1_759' title='bbox 2325 3637 2709 3711; x_wconf 68' lang='lat' dir='ltr'><strong>prmparaverit</strong></span> <span class='ocrx_word' id='word_1_760' title='bbox 2757 3635 3205 3707; x_wconf 86' lang='lat' dir='ltr'><strong>redemptionem.</strong></span> <span class='ocrx_word' id='word_1_761' title='bbox 3238 3653 3256 3687; x_wconf 78' lang='grc' dir='ltr'><strong>ι</strong></span> <span class='ocrx_word' id='word_1_762' title='bbox 3302 3633 3359 3688; x_wconf 85' lang='grc' dir='ltr'><strong>1η</strong></span> <span class='ocrx_word' id='word_1_763' title='bbox 3397 3638 3549 3704; x_wconf 87' lang='lat' dir='ltr'><strong>cujus</strong></span> 
     </span>
    </p>
   </div>
   <div class='ocr_carea' id='block_1_100' title="bbox 1959 3727 3552 3803">
    <p class='ocr_par' dir='ltr' id='par_1_100' title="bbox 1959 3727 3552 3803">
     <span class='ocr_line' id='line_1_100' title="bbox 1959 3727 3552 3803; baseline -0.004 -13"><span class='ocrx_word' id='word_1_764' title='bbox 1959 3732 2343 3803; x_wconf 81' lang='lat' dir='ltr'><strong>redemptionis</strong></span> <span class='ocrx_word' id='word_1_765' title='bbox 2404 3730 2755 3787; x_wconf 81' lang='lat' dir='ltr'><strong>Sacramenta</strong></span> <span class='ocrx_word' id='word_1_766' title='bbox 2794 3727 3001 3798; x_wconf 89' lang='lat' dir='ltr'><strong>parvuli</strong></span> <span class='ocrx_word' id='word_1_767' title='bbox 3050 3728 3385 3798; x_wconf 86' lang='lat' dir='ltr'><strong>haptizantur</strong></span> <span class='ocrx_word' id='word_1_768' title='bbox 3414 3769 3429 3794; x_wconf 93' lang='lat'><strong>,</strong></span> <span class='ocrx_word' id='word_1_769' title='bbox 3494 3739 3552 3783; x_wconf 91' lang='lat' dir='ltr'><strong>ut</strong></span> 
     </span>
    </p>
   </div>
   <div class='ocr_carea' id='block_1_101' title="bbox 1959 3818 3551 3894">
    <p class='ocr_par' dir='ltr' id='par_1_101' title="bbox 1959 3818 3551 3894">
     <span class='ocr_line' id='line_1_101' title="bbox 1959 3818 3551 3894; baseline -0.004 -14"><span class='ocrx_word' id='word_1_770' title='bbox 1959 3824 2207 3880; x_wconf 82' lang='lat' dir='ltr'><strong>abluatur</strong></span> <span class='ocrx_word' id='word_1_771' title='bbox 2251 3822 2514 3894; x_wconf 89' lang='lat' dir='ltr'><strong>originale</strong></span> <span class='ocrx_word' id='word_1_772' title='bbox 2552 3828 2855 3891; x_wconf 78' lang='lat' dir='ltr'><strong>peccatum,</strong></span> <span class='ocrx_word' id='word_1_773' title='bbox 2896 3818 3036 3890; x_wconf 86' lang='lat' dir='ltr'><strong>quod</strong></span> <span class='ocrx_word' id='word_1_774' title='bbox 3066 3818 3133 3874; x_wconf 88' lang='lat' dir='ltr'><strong>de</strong></span> <span class='ocrx_word' id='word_1_775' title='bbox 3174 3833 3334 3874; x_wconf 87' lang='lat' dir='ltr'><strong>carne</strong></span> <span class='ocrx_word' id='word_1_776' title='bbox 3369 3828 3551 3873; x_wconf 76' lang='lat' dir='ltr'><strong>traxe-</strong></span> 
     </span>
    </p>
   </div>
   <div class='ocr_carea' id='block_1_102' title="bbox 1958 3909 3549 3987">
    <p class='ocr_par' dir='ltr' id='par_1_102' title="bbox 1958 3909 3549 3987">
     <span class='ocr_line' id='line_1_102' title="bbox 1958 3909 3549 3987; baseline -0.006 -15"><span class='ocrx_word' id='word_1_777' title='bbox 1958 3924 2087 3972; x_wconf 88' lang='lat' dir='ltr'><strong>runt</strong></span> <span class='ocrx_word' id='word_1_778' title='bbox 2114 3931 2129 3983; x_wconf 89' lang='lat'><strong>;</strong></span> <span class='ocrx_word' id='word_1_779' title='bbox 2154 3916 2305 3987; x_wconf 89' lang='lat' dir='ltr'><strong>quasi</strong></span> <span class='ocrx_word' id='word_1_780' title='bbox 2338 3914 2481 3970; x_wconf 86' lang='lat' dir='ltr'><strong>facta</strong></span> <span class='ocrx_word' id='word_1_781' title='bbox 2516 3927 2610 3968; x_wconf 88' lang='lat' dir='ltr'><strong>sua</strong></span> <span class='ocrx_word' id='word_1_782' title='bbox 2643 3912 2787 3967; x_wconf 88' lang='lat' dir='ltr'><strong>Deus</strong></span> <span class='ocrx_word' id='word_1_783' title='bbox 2816 3909 3087 3978; x_wconf 89' lang='lat' dir='ltr'><strong>emendet,</strong></span> <span class='ocrx_word' id='word_1_784' title='bbox 3137 3909 3280 3981; x_wconf 86' lang='lat' dir='ltr'><strong>quod</strong></span> <span class='ocrx_word' id='word_1_785' title='bbox 3328 3925 3421 3965; x_wconf 88' lang='lat' dir='ltr'><strong>eas</strong></span> <span class='ocrx_word' id='word_1_786' title='bbox 3466 3910 3549 3963; x_wconf 84' lang='lat' dir='ltr'><strong>in-</strong></span> 
     </span>
    </p>
   </div>
   <div class='ocr_carea' id='block_1_103' title="bbox 1958 4005 3555 4079">
    <p class='ocr_par' dir='ltr' id='par_1_103' title="bbox 1958 4005 3555 4079">
     <span class='ocr_line' id='line_1_103' title="bbox 1958 4005 3555 4079; baseline -0.006 -12"><span class='ocrx_word' id='word_1_787' title='bbox 1958 4019 2144 4067; x_wconf 85' lang='lat' dir='ltr'><strong>sontes</strong></span> <span class='ocrx_word' id='word_1_788' title='bbox 2186 4008 2389 4066; x_wconf 87' lang='lat' dir='ltr'><strong>fecerat</strong></span> <span class='ocrx_word' id='word_1_789' title='bbox 2412 4006 2698 4079; x_wconf 88' lang='lat' dir='ltr'><strong>inquinari.</strong></span> <span class='ocrx_word' id='word_1_790' title='bbox 2732 4005 2837 4062; x_wconf 91' lang='lat' dir='ltr'><strong>Sed</strong></span> <span class='ocrx_word' id='word_1_791' title='bbox 2864 4014 3207 4076; x_wconf 88' lang='lat' dir='ltr'><strong>posteaquam</strong></span> <span class='ocrx_word' id='word_1_792' title='bbox 3231 4015 3445 4060; x_wconf 84' lang='lat' dir='ltr'><strong>ventum</strong></span> <span class='ocrx_word' id='word_1_793' title='bbox 3468 4014 3555 4062; x_wconf 86' lang='lat' dir='ltr'><strong>est</strong></span> 
     </span>
    </p>
   </div>
   <div class='ocr_carea' id='block_1_104' title="bbox 1958 4099 3550 4173">
    <p class='ocr_par' dir='ltr' id='par_1_104' title="bbox 1958 4099 3550 4173">
     <span class='ocr_line' id='line_1_104' title="bbox 1958 4099 3550 4173; baseline -0.003 -14"><span class='ocrx_word' id='word_1_794' title='bbox 1958 4111 2020 4159; x_wconf 88' lang='lat' dir='ltr'><strong>ut</strong></span> <span class='ocrx_word' id='word_1_795' title='bbox 2038 4102 2105 4159; x_wconf 90' lang='lat' dir='ltr'><strong>de</strong></span> <span class='ocrx_word' id='word_1_796' title='bbox 2125 4103 2231 4158; x_wconf 90' lang='lat' dir='ltr'><strong>illis</strong></span> <span class='ocrx_word' id='word_1_797' title='bbox 2250 4103 2585 4173; x_wconf 81' lang='lat' dir='ltr'><strong>loqueretur,</strong></span> <span class='ocrx_word' id='word_1_798' title='bbox 2617 4099 2811 4171; x_wconf 87' lang='lat' dir='ltr'><strong>quibus</strong></span> <span class='ocrx_word' id='word_1_799' title='bbox 2832 4099 2921 4155; x_wconf 91' lang='lat' dir='ltr'><strong>tali</strong></span> <span class='ocrx_word' id='word_1_800' title='bbox 2953 4115 3059 4154; x_wconf 86' lang='lat' dir='ltr'><strong>non</strong></span> <span class='ocrx_word' id='word_1_801' title='bbox 3101 4099 3419 4155; x_wconf 84' lang='lat' dir='ltr'><strong>subvenitur</strong></span> <span class='ocrx_word' id='word_1_802' title='bbox 3452 4116 3550 4155; x_wconf 82' lang='lat' dir='ltr'><strong>au-</strong></span> 
     </span>
    </p>
   </div>
   <div class='ocr_carea' id='block_1_105' title="bbox 1958 4191 3543 4264">
    <p class='ocr_par' dir='ltr' id='par_1_105' title="bbox 1958 4191 3543 4264">
     <span class='ocr_line' id='line_1_105' title="bbox 1958 4191 3543 4264; baseline -0.003 -14"><span class='ocrx_word' id='word_1_803' title='bbox 1958 4194 2111 4262; x_wconf 85' lang='lat' dir='ltr'><strong>xilio,</strong></span> <span class='ocrx_word' id='word_1_804' title='bbox 2131 4204 2186 4250; x_wconf 89' lang='lat' dir='ltr'><strong>et</strong></span> <span class='ocrx_word' id='word_1_805' title='bbox 2209 4202 2492 4264; x_wconf 87' lang='lat' dir='ltr'><strong>antequam</strong></span> <span class='ocrx_word' id='word_1_806' title='bbox 2522 4191 2863 4263; x_wconf 86' lang='lat' dir='ltr'><strong>baptizcntur</strong></span> <span class='ocrx_word' id='word_1_807' title='bbox 2889 4192 3167 4263; x_wconf 84' lang='lat' dir='ltr'><strong>exspirant</strong></span> <span class='ocrx_word' id='word_1_808' title='bbox 3190 4209 3240 4245; x_wconf 74' lang='lat' dir='ltr'><strong>:r</strong></span> <span class='ocrx_word' id='word_1_809' title='bbox 3276 4191 3331 4246; x_wconf 92' lang='lat' dir='ltr'><strong>ln</strong></span> <span class='ocrx_word' id='word_1_810' title='bbox 3365 4191 3487 4255; x_wconf 86' lang='lat' dir='ltr'><strong>huc,</strong></span> <span class='ocrx_word' id='word_1_811' title='bbox 3524 4212 3543 4245; x_wconf 73' lang='grc' dir='ltr'><strong>ι</strong></span> 
     </span>
    </p>
   </div>
   <div class='ocr_carea' id='block_1_106' title="bbox 1958 4285 3552 4358">
    <p class='ocr_par' dir='ltr' id='par_1_106' title="bbox 1958 4285 3552 4358">
     <span class='ocr_line' id='line_1_106' title="bbox 1958 4285 3552 4358; baseline -0.002 -14"><span class='ocrx_word' id='word_1_812' title='bbox 1958 4288 2153 4358; x_wconf 86' lang='lat' dir='ltr'><strong>inquit,</strong></span> <span class='ocrx_word' id='word_1_813' title='bbox 2187 4303 2215 4339; x_wconf 73' lang='grc' dir='ltr'><strong>ι</strong></span> <span class='ocrx_word' id='word_1_814' title='bbox 2235 4287 2354 4342; x_wconf 93' lang='lat' dir='ltr'><strong>loco</strong></span> <span class='ocrx_word' id='word_1_815' title='bbox 2379 4300 2483 4340; x_wconf 89' lang='lat' dir='ltr'><strong>non</strong></span> <span class='ocrx_word' id='word_1_816' title='bbox 2507 4300 2595 4342; x_wconf 89' lang='lat' dir='ltr'><strong>me</strong></span> <span class='ocrx_word' id='word_1_817' title='bbox 2628 4285 2780 4356; x_wconf 88' lang='lat' dir='ltr'><strong>quasi</strong></span> <span class='ocrx_word' id='word_1_818' title='bbox 2801 4295 3076 4340; x_wconf 88' lang='lat' dir='ltr'><strong>auctorem</strong></span> <span class='ocrx_word' id='word_1_819' title='bbox 3124 4285 3391 4355; x_wconf 80' lang='lat' dir='ltr'><strong>spondeo,</strong></span> <span class='ocrx_word' id='word_1_820' title='bbox 3440 4287 3552 4341; x_wconf 85' lang='lat' dir='ltr'><strong>scd-</strong></span> 
     </span>
    </p>
   </div>
   <div class='ocr_carea' id='block_1_107' title="bbox 1959 4374 3550 4448">
    <p class='ocr_par' dir='ltr' id='par_1_107' title="bbox 1959 4374 3550 4448">
     <span class='ocr_line' id='line_1_107' title="bbox 1959 4374 3550 4448; baseline 0 -15"><span class='ocrx_word' id='word_1_821' title='bbox 1959 4377 2159 4448; x_wconf 88' lang='lat' dir='ltr'><strong>aliquid</strong></span> <span class='ocrx_word' id='word_1_822' title='bbox 2189 4377 2256 4433; x_wconf 87' lang='lat' dir='ltr'><strong>de</strong></span> <span class='ocrx_word' id='word_1_823' title='bbox 2281 4376 2528 4447; x_wconf 84' lang='lat' dir='ltr'><strong>exemplo</strong></span> <span class='ocrx_word' id='word_1_824' title='bbox 2557 4374 2812 4446; x_wconf 87' lang='lat' dir='ltr'><strong>eonjicio.</strong></span> <span class='ocrx_word' id='word_1_825' title='bbox 2861 4374 3172 4431; x_wconf 87' lang='lat' dir='ltr'><strong>llabendam</strong></span> <span class='ocrx_word' id='word_1_826' title='bbox 3213 4376 3441 4431; x_wconf 89' lang='lat' dir='ltr'><strong>dicimus</strong></span> <span class='ocrx_word' id='word_1_827' title='bbox 3472 4379 3550 4433; x_wconf 79' lang='lat' dir='ltr'><strong>de</strong></span> 
     </span>
    </p>
   </div>
   <div class='ocr_carea' id='block_1_108' title="bbox 1961 4467 3546 4538">
    <p class='ocr_par' dir='ltr' id='par_1_108' title="bbox 1961 4467 3546 4538">
     <span class='ocr_line' id='line_1_108' title="bbox 1961 4467 3546 4538; baseline -0.001 -13"><span class='ocrx_word' id='word_1_828' title='bbox 1961 4470 2252 4526; x_wconf 85' lang='lat' dir='ltr'><strong>infantibus</strong></span> <span class='ocrx_word' id='word_1_829' title='bbox 2271 4467 2571 4524; x_wconf 90' lang='lat' dir='ltr'><strong>istiusmodi</strong></span> <span class='ocrx_word' id='word_1_830' title='bbox 2598 4468 2884 4532; x_wconf 88' lang='lat' dir='ltr'><strong>rationem,</strong></span> <span class='ocrx_word' id='word_1_831' title='bbox 2914 4467 3008 4538; x_wconf 92' lang='lat' dir='ltr'><strong>qui</strong></span> <span class='ocrx_word' id='word_1_832' title='bbox 3038 4467 3398 4538; x_wconf 71' lang='lat' dir='ltr'><strong>prmdestinati</strong></span> <span class='ocrx_word' id='word_1_833' title='bbox 3444 4470 3546 4524; x_wconf 82' lang='lat' dir='ltr'><strong>Ba-</strong></span> 
     </span>
    </p>
   </div>
   <div class='ocr_carea' id='block_1_109' title="bbox 1960 4559 3545 4633">
    <p class='ocr_par' dir='ltr' id='par_1_109' title="bbox 1960 4559 3545 4633">
     <span class='ocr_line' id='line_1_109' title="bbox 1960 4559 3545 4633; baseline -0.001 -15"><span class='ocrx_word' id='word_1_834' title='bbox 1960 4563 2181 4633; x_wconf 87' lang='lat' dir='ltr'><strong>ptismo,</strong></span> <span class='ocrx_word' id='word_1_835' title='bbox 2227 4561 2351 4616; x_wconf 72' lang='lat' dir='ltr'><strong>vitm</strong></span> <span class='ocrx_word' id='word_1_836' title='bbox 2402 4559 2724 4631; x_wconf 60' lang='lat' dir='ltr'><strong>praesentis.</strong></span> <span class='ocrx_word' id='word_1_837' title='bbox 2781 4569 3068 4630; x_wconf 87' lang='lat' dir='ltr'><strong>antequam</strong></span> <span class='ocrx_word' id='word_1_838' title='bbox 3107 4563 3545 4617; x_wconf 86' lang='lat' dir='ltr'><strong>rcnascantnrin</strong></span> 
     </span>
    </p>
   </div>
   <div class='ocr_carea' id='block_1_110' title="bbox 1961 4649 3549 4722">
    <p class='ocr_par' dir='ltr' id='par_1_110' title="bbox 1961 4649 3549 4722">
     <span class='ocr_line' id='line_1_110' title="bbox 1961 4649 3549 4722; baseline -0.001 -14"><span class='ocrx_word' id='word_1_839' title='bbox 1961 4652 2191 4719; x_wconf 85' lang='lat' dir='ltr'><strong>Christo,</strong></span> <span class='ocrx_word' id='word_1_840' title='bbox 2214 4652 2608 4721; x_wconf 73' lang='lat' dir='ltr'><strong>prmveniuntur</strong></span> <span class='ocrx_word' id='word_1_841' title='bbox 2642 4649 2888 4707; x_wconf 90' lang='lat' dir='ltr'><strong>occiduo.</strong></span> <span class='ocrx_word' id='word_1_842' title='bbox 2940 4650 3192 4722; x_wconf 85' lang='lat' dir='ltr'><strong>Legimus</strong></span> <span class='ocrx_word' id='word_1_843' title='bbox 3219 4653 3385 4716; x_wconf 91' lang='lat' dir='ltr'><strong>enim,</strong></span> <span class='ocrx_word' id='word_1_844' title='bbox 3422 4670 3440 4704; x_wconf 72' lang='grc' dir='ltr'><strong>ι</strong></span> <span class='ocrx_word' id='word_1_845' title='bbox 3467 4653 3549 4707; x_wconf 52' lang='lat' dir='ltr'><strong>in-</strong></span> 
     </span>
    </p>
   </div>
   <div class='ocr_carea' id='block_1_111' title="bbox 1960 4738 3553 4816">
    <p class='ocr_par' dir='ltr' id='par_1_111' title="bbox 1960 4738 3553 4816">
     <span class='ocr_line' id='line_1_111' title="bbox 1960 4738 3553 4816; baseline -0.001 -18"><span class='ocrx_word' id='word_1_846' title='bbox 1960 4745 2097 4816; x_wconf 89' lang='lat' dir='ltr'><strong>quit,</strong></span> <span class='ocrx_word' id='word_1_847' title='bbox 2137 4763 2156 4797; x_wconf 78' lang='grc' dir='ltr'><strong>ι</strong></span> <span class='ocrx_word' id='word_1_848' title='bbox 2181 4742 2251 4798; x_wconf 91' lang='lat' dir='ltr'><strong>de</strong></span> <span class='ocrx_word' id='word_1_849' title='bbox 2275 4742 2741 4811; x_wconf 80' lang='lat' dir='ltr'><strong>talibusscriptuzn</strong></span> <span class='ocrx_word' id='word_1_850' title='bbox 2773 4759 2787 4798; x_wconf 93' lang='lat'><strong>:</strong></span> <span class='ocrx_word' id='word_1_851' title='bbox 2817 4738 3015 4813; x_wconf 69' lang='lat' dir='ltr'><strong>Raptus</strong></span> <span class='ocrx_word' id='word_1_852' title='bbox 3036 4751 3195 4797; x_wconf 77' lang='lat' dir='ltr'><strong>estne</strong></span> <span class='ocrx_word' id='word_1_853' title='bbox 3218 4742 3417 4796; x_wconf 81' lang='lat' dir='ltr'><strong>malitia</strong></span> <span class='ocrx_word' id='word_1_854' title='bbox 3437 4760 3553 4797; x_wconf 86' lang='lat' dir='ltr'><strong>nm-</strong></span> 
     </span>
    </p>
   </div>
   <div class='ocr_carea' id='block_1_112' title="bbox 1961 4833 3540 4905">
    <p class='ocr_par' dir='ltr' id='par_1_112' title="bbox 1961 4833 3540 4905">
     <span class='ocr_line' id='line_1_112' title="bbox 1961 4833 3540 4905; baseline -0.001 -15"><span class='ocrx_word' id='word_1_855' title='bbox 1961 4845 2085 4890; x_wconf 81' lang='lat' dir='ltr'><strong>taret</strong></span> <span class='ocrx_word' id='word_1_856' title='bbox 2110 4834 2250 4889; x_wconf 72' lang='lat' dir='ltr'><strong>illt&#39;us</strong></span> <span class='ocrx_word' id='word_1_857' title='bbox 2286 4833 2613 4899; x_wconf 80' lang='lat' dir='ltr'><strong>intellectum,</strong></span> <span class='ocrx_word' id='word_1_858' title='bbox 2643 4842 2732 4887; x_wconf 85' lang='lat' dir='ltr'><strong>aut</strong></span> <span class='ocrx_word' id='word_1_859' title='bbox 2762 4848 2826 4887; x_wconf 81' lang='lat' dir='ltr'><strong>ne</strong></span> <span class='ocrx_word' id='word_1_860' title='bbox 2872 4833 3008 4902; x_wconf 79' lang='lat' dir='ltr'><strong>ﬁctio</strong></span> <span class='ocrx_word' id='word_1_861' title='bbox 3035 4833 3288 4905; x_wconf 81' lang='lat' dir='ltr'><strong>deciperet</strong></span> <span class='ocrx_word' id='word_1_862' title='bbox 3313 4835 3540 4889; x_wconf 82' lang='lat' dir='ltr'><strong>animum</strong></span> 
     </span>
    </p>
   </div>
   <div class='ocr_carea' id='block_1_113' title="bbox 1961 4923 3560 5001">
    <p class='ocr_par' dir='ltr' id='par_1_113' title="bbox 1961 4923 3560 5001">
     <span class='ocr_line' id='line_1_113' title="bbox 1961 4923 3560 5001; baseline -0.001 -18"><span class='ocrx_word' id='word_1_863' title='bbox 1961 4929 2089 5001; x_wconf 73' lang='lat' dir='ltr'><strong>ejus.</strong></span> <span class='ocrx_word' id='word_1_864' title='bbox 2117 4925 2339 4995; x_wconf 83' lang='lat' dir='ltr'><strong>Propter</strong></span> <span class='ocrx_word' id='word_1_865' title='bbox 2363 4925 2456 4979; x_wconf 86' lang='lat' dir='ltr'><strong>hoc</strong></span> <span class='ocrx_word' id='word_1_866' title='bbox 2476 4923 2762 4996; x_wconf 76' lang='lat' dir='ltr'><strong>properavit</strong></span> <span class='ocrx_word' id='word_1_867' title='bbox 2789 4924 2852 4979; x_wconf 81' lang='lat' dir='ltr'><strong>de</strong></span> <span class='ocrx_word' id='word_1_868' title='bbox 2880 4924 3046 4979; x_wconf 83' lang='lat' dir='ltr'><strong>medio</strong></span> <span class='ocrx_word' id='word_1_869' title='bbox 3092 4925 3373 4995; x_wconf 74' lang='lat' dir='ltr'><strong>iniquitatis</strong></span> <span class='ocrx_word' id='word_1_870' title='bbox 3394 4925 3560 4981; x_wconf 75' lang='lat' dir='ltr'><strong>illum</strong></span> 
     </span>
    </p>
   </div>
   <div class='ocr_carea' id='block_1_114' title="bbox 1961 5012 3552 5089">
    <p class='ocr_par' dir='ltr' id='par_1_114' title="bbox 1961 5012 3552 5089">
     <span class='ocr_line' id='line_1_114' title="bbox 1961 5012 3552 5089; baseline -0.002 -15"><span class='ocrx_word' id='word_1_871' title='bbox 1961 5020 2170 5074; x_wconf 80' lang='lat' dir='ltr'><strong>educere</strong></span> <span class='ocrx_word' id='word_1_872' title='bbox 2197 5032 2218 5071; x_wconf 91' lang='lat'><strong><em>:</em></strong></span> <span class='ocrx_word' id='word_1_873' title='bbox 2247 5014 2435 5089; x_wconf 81' lang='lat' dir='ltr'><strong>placita</strong></span> <span class='ocrx_word' id='word_1_874' title='bbox 2459 5015 2591 5069; x_wconf 85' lang='lat' dir='ltr'><strong>enim</strong></span> <span class='ocrx_word' id='word_1_875' title='bbox 2638 5012 2750 5069; x_wconf 82' lang='lat' dir='ltr'><strong>Deo</strong></span> <span class='ocrx_word' id='word_1_876' title='bbox 2793 5022 2900 5069; x_wconf 82' lang='lat' dir='ltr'><strong>erat</strong></span> <span class='ocrx_word' id='word_1_877' title='bbox 2928 5015 3100 5069; x_wconf 81' lang='lat' dir='ltr'><strong>anima</strong></span> <span class='ocrx_word' id='word_1_878' title='bbox 3129 5016 3240 5085; x_wconf 74' lang='lat' dir='ltr'><strong>ejus</strong></span> <span class='ocrx_word' id='word_1_879' title='bbox 3267 5031 3285 5080; x_wconf 89' lang='lat'><strong><em>;</em></strong></span> <span class='ocrx_word' id='word_1_880' title='bbox 3308 5025 3381 5084; x_wconf 89' lang='lat' dir='ltr'><strong>et,</strong></span> <span class='ocrx_word' id='word_1_881' title='bbox 3414 5017 3552 5072; x_wconf 86' lang='lat' dir='ltr'><strong>Con-</strong></span> 
     </span>
    </p>
   </div>
   <div class='ocr_carea' id='block_1_115' title="bbox 1960 5105 3549 5179">
    <p class='ocr_par' dir='ltr' id='par_1_115' title="bbox 1960 5105 3549 5179">
     <span class='ocr_line' id='line_1_115' title="bbox 1960 5105 3549 5179; baseline -0.003 -14"><span class='ocrx_word' id='word_1_882' title='bbox 1960 5118 2243 5166; x_wconf 63' lang='lat' dir='ltr'><strong>summatur</strong></span> <span class='ocrx_word' id='word_1_883' title='bbox 2269 5108 2321 5161; x_wconf 84' lang='lat' dir='ltr'><strong>in</strong></span> <span class='ocrx_word' id='word_1_884' title='bbox 2351 5105 2504 5172; x_wconf 74' lang='lat' dir='ltr'><strong>brevi,</strong></span> <span class='ocrx_word' id='word_1_885' title='bbox 2534 5105 2742 5175; x_wconf 79' lang='lat' dir='ltr'><strong>replevit</strong></span> <span class='ocrx_word' id='word_1_886' title='bbox 2770 5113 2999 5175; x_wconf 85' lang='lat' dir='ltr'><strong>tempora</strong></span> <span class='ocrx_word' id='word_1_887' title='bbox 3029 5105 3189 5179; x_wconf 85' lang='lat' dir='ltr'><strong>longa</strong></span> <span class='ocrx_word' id='word_1_888' title='bbox 3214 5126 3232 5160; x_wconf 81' lang='grc' dir='ltr'><strong>ι</strong></span> <span class='ocrx_word' id='word_1_889' title='bbox 3256 5108 3273 5179; x_wconf 94' lang='grc'><strong>(</strong></span> <span class='ocrx_word' id='word_1_890' title='bbox 3309 5107 3442 5177; x_wconf 85' lang='lat' dir='ltr'><strong>Sap.</strong></span> <span class='ocrx_word' id='word_1_891' title='bbox 3474 5123 3549 5174; x_wconf 87' lang='lat' dir='ltr'><strong>tv,</strong></span> 
     </span>
    </p>
   </div>
   <div class='ocr_carea' id='block_1_116' title="bbox 1963 5197 3544 5269">
    <p class='ocr_par' dir='ltr' id='par_1_116' title="bbox 1963 5197 3544 5269">
     <span class='ocr_line' id='line_1_116' title="bbox 1963 5197 3544 5269; baseline -0.004 -9"><span class='ocrx_word' id='word_1_892' title='bbox 1963 5206 2050 5269; x_wconf 80' lang='lat' dir='ltr'><strong>ll,</strong></span> <span class='ocrx_word' id='word_1_893' title='bbox 2083 5200 2263 5265; x_wconf 67' lang='lat'><strong>14,15</strong></span> <span class='ocrx_word' id='word_1_894' title='bbox 2295 5200 2334 5269; x_wconf 93' lang='lat'><strong>).</strong></span> <span class='ocrx_word' id='word_1_895' title='bbox 2382 5198 2513 5266; x_wconf 90' lang='lat' dir='ltr'><strong>Quis</strong></span> <span class='ocrx_word' id='word_1_896' title='bbox 2554 5198 2715 5252; x_wconf 84' lang='lat' dir='ltr'><strong>istum</strong></span> <span class='ocrx_word' id='word_1_897' title='bbox 2760 5197 3076 5269; x_wconf 88' lang='lat' dir='ltr'><strong>dedignetur</strong></span> <span class='ocrx_word' id='word_1_898' title='bbox 3115 5198 3313 5256; x_wconf 89' lang='lat' dir='ltr'><strong>habere</strong></span> <span class='ocrx_word' id='word_1_899' title='bbox 3365 5200 3544 5255; x_wconf 82' lang='lat' dir='ltr'><strong>docte-</strong></span> 
     </span>
    </p>
   </div>
   <div class='ocr_carea' id='block_1_117' title="bbox 1963 5296 3547 5371">
    <p class='ocr_par' dir='ltr' id='par_1_117' title="bbox 1963 5296 3547 5371">
     <span class='ocr_line' id='line_1_117' title="bbox 1963 5296 3547 5371; baseline -0.002 -17"><span class='ocrx_word' id='word_1_900' title='bbox 1963 5300 2116 5354; x_wconf 81' lang='lat' dir='ltr'><strong>rem?</strong></span> <span class='ocrx_word' id='word_1_901' title='bbox 2146 5299 2354 5369; x_wconf 88' lang='lat' dir='ltr'><strong>Ergone</strong></span> <span class='ocrx_word' id='word_1_902' title='bbox 2380 5298 2605 5371; x_wconf 89' lang='lat' dir='ltr'><strong>parvuli,</strong></span> <span class='ocrx_word' id='word_1_903' title='bbox 2637 5313 2773 5371; x_wconf 90' lang='lat' dir='ltr'><strong>quos</strong></span> <span class='ocrx_word' id='word_1_904' title='bbox 2815 5296 3128 5367; x_wconf 88' lang='lat' dir='ltr'><strong>plerumque</strong></span> <span class='ocrx_word' id='word_1_905' title='bbox 3156 5297 3338 5353; x_wconf 86' lang='lat' dir='ltr'><strong>volunt</strong></span> <span class='ocrx_word' id='word_1_906' title='bbox 3370 5296 3547 5351; x_wconf 80' lang='lat' dir='ltr'><strong>homi-</strong></span> 
     </span>
    </p>
   </div>
   <div class='ocr_carea' id='block_1_118' title="bbox 1965 5387 3563 5461">
    <p class='ocr_par' dir='ltr' id='par_1_118' title="bbox 1965 5387 3563 5461">
     <span class='ocr_line' id='line_1_118' title="bbox 1965 5387 3563 5461; baseline -0.001 -15"><span class='ocrx_word' id='word_1_907' title='bbox 1965 5406 2062 5446; x_wconf 91' lang='lat' dir='ltr'><strong>nes</strong></span> <span class='ocrx_word' id='word_1_908' title='bbox 2089 5390 2365 5461; x_wconf 82' lang='lat' dir='ltr'><strong>haptizari,</strong></span> <span class='ocrx_word' id='word_1_909' title='bbox 2397 5400 2452 5447; x_wconf 90' lang='lat' dir='ltr'><strong>et</strong></span> <span class='ocrx_word' id='word_1_910' title='bbox 2496 5390 2623 5445; x_wconf 89' lang='lat' dir='ltr'><strong>dum</strong></span> <span class='ocrx_word' id='word_1_911' title='bbox 2668 5390 2923 5451; x_wconf 84' lang='lat' dir='ltr'><strong>curritur,</strong></span> <span class='ocrx_word' id='word_1_912' title='bbox 2954 5399 3079 5444; x_wconf 89' lang='lat' dir='ltr'><strong>ante</strong></span> <span class='ocrx_word' id='word_1_913' title='bbox 3133 5389 3473 5452; x_wconf 63' lang='lat' dir='ltr'><strong>moriuntur,</strong></span> <span class='ocrx_word' id='word_1_914' title='bbox 3503 5387 3563 5444; x_wconf 78' lang='lat' dir='ltr'><strong>si</strong></span> 
     </span>
    </p>
   </div>
   <div class='ocr_carea' id='block_1_119' title="bbox 1965 5479 3549 5554">
    <p class='ocr_par' dir='ltr' id='par_1_119' title="bbox 1965 5479 3549 5554">
     <span class='ocr_line' id='line_1_119' title="bbox 1965 5479 3549 5554; baseline -0.004 -16"><span class='ocrx_word' id='word_1_915' title='bbox 1965 5482 2367 5539; x_wconf 88' lang='lat' dir='ltr'><strong>retardarentur</strong></span> <span class='ocrx_word' id='word_1_916' title='bbox 2395 5483 2447 5538; x_wconf 91' lang='lat' dir='ltr'><strong>in</strong></span> <span class='ocrx_word' id='word_1_917' title='bbox 2464 5482 2560 5536; x_wconf 91' lang='lat' dir='ltr'><strong>ista</strong></span> <span class='ocrx_word' id='word_1_918' title='bbox 2594 5481 2870 5554; x_wconf 87' lang='lat' dir='ltr'><strong>paululum</strong></span> <span class='ocrx_word' id='word_1_919' title='bbox 2893 5480 3021 5545; x_wconf 86' lang='lat' dir='ltr'><strong>vita,</strong></span> <span class='ocrx_word' id='word_1_920' title='bbox 3053 5490 3110 5534; x_wconf 93' lang='lat' dir='ltr'><strong>ut</strong></span> <span class='ocrx_word' id='word_1_921' title='bbox 3144 5479 3390 5549; x_wconf 83' lang='lat' dir='ltr'><strong>baptizati</strong></span> <span class='ocrx_word' id='word_1_922' title='bbox 3419 5493 3549 5532; x_wconf 84' lang='lat' dir='ltr'><strong>con-</strong></span> 
     </span>
    </p>
   </div>
   <div class='ocr_carea' id='block_1_120' title="bbox 1968 5570 3551 5642">
    <p class='ocr_par' dir='ltr' id='par_1_120' title="bbox 1968 5570 3551 5642">
     <span class='ocr_line' id='line_1_120' title="bbox 1968 5570 3551 5642; baseline -0.005 -11"><span class='ocrx_word' id='word_1_923' title='bbox 1968 5577 2116 5631; x_wconf 90' lang='lat' dir='ltr'><strong>tinuo</strong></span> <span class='ocrx_word' id='word_1_924' title='bbox 2133 5585 2488 5642; x_wconf 88' lang='lat' dir='ltr'><strong>morerentur,</strong></span> <span class='ocrx_word' id='word_1_925' title='bbox 2508 5577 2707 5632; x_wconf 90' lang='lat' dir='ltr'><strong>malitia</strong></span> <span class='ocrx_word' id='word_1_926' title='bbox 2729 5580 2960 5631; x_wconf 87' lang='lat' dir='ltr'><strong>mutaret</strong></span> <span class='ocrx_word' id='word_1_927' title='bbox 2977 5573 3298 5628; x_wconf 84' lang='lat' dir='ltr'><strong>intellectum</strong></span> <span class='ocrx_word' id='word_1_928' title='bbox 3320 5570 3551 5633; x_wconf 88' lang='lat' dir='ltr'><strong>illorum,</strong></span> 
     </span>
    </p>
   </div>
   <div class='ocr_carea' id='block_1_121' title="bbox 1967 5651 3555 5731">
    <p class='ocr_par' dir='ltr' id='par_1_121' title="bbox 1967 5651 3555 5731">
     <span class='ocr_line' id='line_1_121' title="bbox 1967 5651 3555 5731; baseline -0.008 -14"><span class='ocrx_word' id='word_1_929' title='bbox 1967 5671 2023 5717; x_wconf 90' lang='lat' dir='ltr'><strong>et</strong></span> <span class='ocrx_word' id='word_1_930' title='bbox 2062 5661 2203 5716; x_wconf 88' lang='lat' dir='ltr'><strong>ﬁctio</strong></span> <span class='ocrx_word' id='word_1_931' title='bbox 2223 5659 2496 5731; x_wconf 80' lang='lat' dir='ltr'><strong>deciperet</strong></span> <span class='ocrx_word' id='word_1_932' title='bbox 2519 5661 2753 5716; x_wconf 88' lang='lat' dir='ltr'><strong>animam</strong></span> <span class='ocrx_word' id='word_1_933' title='bbox 2784 5672 2991 5724; x_wconf 91' lang='lat' dir='ltr'><strong>eorum,</strong></span> <span class='ocrx_word' id='word_1_934' title='bbox 3018 5666 3073 5712; x_wconf 90' lang='lat' dir='ltr'><strong>et</strong></span> <span class='ocrx_word' id='word_1_935' title='bbox 3099 5671 3164 5709; x_wconf 91' lang='lat' dir='ltr'><strong>ne</strong></span> <span class='ocrx_word' id='word_1_936' title='bbox 3187 5654 3286 5707; x_wconf 92' lang='lat' dir='ltr'><strong>hoc</strong></span> <span class='ocrx_word' id='word_1_937' title='bbox 3315 5651 3395 5706; x_wconf 88' lang='lat' dir='ltr'><strong>eis</strong></span> <span class='ocrx_word' id='word_1_938' title='bbox 3419 5667 3555 5706; x_wconf 86' lang='lat' dir='ltr'><strong>con-</strong></span> 
     </span>
    </p>
   </div>
   <div class='ocr_carea' id='block_1_122' title="bbox 1967 5752 3553 5825">
    <p class='ocr_par' dir='ltr' id='par_1_122' title="bbox 1967 5752 3553 5825">
     <span class='ocr_line' id='line_1_122' title="bbox 1967 5752 3553 5825; baseline -0.008 -19"><span class='ocrx_word' id='word_1_939' title='bbox 1967 5756 2214 5825; x_wconf 84' lang='lat' dir='ltr'><strong>tingeret,</strong></span> <span class='ocrx_word' id='word_1_940' title='bbox 2238 5752 2558 5807; x_wconf 83' lang='lat' dir='ltr'><strong>subventum</strong></span> <span class='ocrx_word' id='word_1_941' title='bbox 2577 5752 2687 5808; x_wconf 85' lang='lat' dir='ltr'><strong>illis</strong></span> <span class='ocrx_word' id='word_1_942' title='bbox 2712 5760 2815 5815; x_wconf 88' lang='lat' dir='ltr'><strong>est,</strong></span> <span class='ocrx_word' id='word_1_943' title='bbox 2833 5756 2894 5803; x_wconf 89' lang='lat' dir='ltr'><strong>ut</strong></span> <span class='ocrx_word' id='word_1_944' title='bbox 2910 5756 3033 5802; x_wconf 89' lang='lat' dir='ltr'><strong>ante</strong></span> <span class='ocrx_word' id='word_1_945' title='bbox 3060 5752 3372 5816; x_wconf 87' lang='lat' dir='ltr'><strong>raperentur</strong></span> <span class='ocrx_word' id='word_1_946' title='bbox 3393 5756 3553 5810; x_wconf 79' lang='lat' dir='ltr'><strong>quam</strong></span> 
     </span>
    </p>
   </div>
   <div class='ocr_carea' id='block_1_123' title="bbox 1972 5836 3559 5915">
    <p class='ocr_par' dir='ltr' id='par_1_123' title="bbox 1972 5836 3559 5915">
     <span class='ocr_line' id='line_1_123' title="bbox 1972 5836 3559 5915; baseline -0.01 -16"><span class='ocrx_word' id='word_1_947' title='bbox 1972 5844 2369 5915; x_wconf 72' lang='lat' dir='ltr'><strong>bziptizarentur</strong></span> <span class='ocrx_word' id='word_1_948' title='bbox 2395 5841 2497 5897; x_wconf 67' lang='lat' dir='ltr'><strong>iln</strong></span> <span class='ocrx_word' id='word_1_949' title='bbox 2534 5841 2656 5911; x_wconf 87' lang='lat' dir='ltr'><strong>ipso</strong></span> <span class='ocrx_word' id='word_1_950' title='bbox 2683 5854 2812 5909; x_wconf 82' lang='lat' dir='ltr'><strong>ergo</strong></span> <span class='ocrx_word' id='word_1_951' title='bbox 2842 5836 3169 5905; x_wconf 79' lang='lat' dir='ltr'><strong>Baptismate</strong></span> <span class='ocrx_word' id='word_1_952' title='bbox 3214 5839 3559 5886; x_wconf 82' lang='lat' dir='ltr'><strong>mutarentur</strong></span> 
     </span>
    </p>
   </div>
  </div>
