4096 6556
575 451 684 511 503

573 569 632 624 in
657 565 829 638 pejus,
857 573 912 619 et
929 563 1144 618 ﬁctione
1194 559 1596 630 deciperentur,
1638 554 1684 608 si
1733 560 1853 622 post
1890 550 2164 619 Baptisnta

585 666 922 731 raperentur.
962 653 1008 710 0
1035 650 1346 708 admiranda
1370 657 1531 720 atque
1559 645 1808 702 sectanda
1835 641 1850 675 ¹
1874 641 2114 698 doctrina
2147 641 2161 695 ι

581 750 688 805 Sed
715 748 816 803 hoc
829 746 896 802 de
921 755 1097 800 vestra
1124 741 1424 813 prudentia,
1456 737 1546 810 qui
1577 736 1842 800 adfuistis,
1873 748 1995 789 cum
2031 732 2170 786 reci-

579 848 738 900 taret.
768 839 868 894 iste
903 834 1262 908 praesumpsit,
1304 841 1360 886 et
1407 831 1476 886 de
1503 839 1590 884 tua
1639 827 1872 883 maxime
1901 823 1968 879 ad
2009 839 2169 893 quem

579 932 816 1001 scripsit,
845 939 899 984 et
927 928 1013 982 cui
1044 928 1294 982 recitatos
1319 923 1484 978 libros
1512 920 1748 986 tradidit,
1787 925 1846 974 ut
1874 915 2174 972 crediturus

576 1037 677 1078 vos
701 1036 826 1076 esse
854 1018 1170 1083 confideret,
1197 1016 1265 1071 de
1295 1029 1400 1070 non
1428 1011 1709 1082 baptizatis
1733 1007 2022 1064 infantibus
2051 1019 2173 1060 esse

578 1119 857 1187 scriptum,
915 1111 1060 1184 quod
1114 1110 1184 1166 de
1211 1107 1471 1168 omnium
1525 1111 1839 1160 sanctorum
1877 1098 2175 1155 immaturis

566 1209 826 1265 'attatibus
855 1207 1110 1274 scriptum
1139 1212 1238 1268 est,
1257 1216 1378 1256 cmn
1405 1198 1600 1270 quibus
1619 1196 1759 1251 male
1797 1203 1972 1248 actum
2026 1191 2174 1247 stulti

579 1303 929 1363 arbitrantur,
959 1299 1005 1352 si
1029 1297 1095 1353 de
1113 1297 1214 1351 hac
1241 1295 1346 1348 vita
1381 1291 1634 1348 celeriter
1659 1290 1794 1358 rapti
1824 1287 2040 1350 fuerint,
2069 1299 2170 1338 nec

579 1393 648 1448 ad
670 1406 838 1446 annos
850 1404 982 1462 quos
999 1387 1246 1443 homines
1262 1400 1358 1454 pro
1379 1397 1572 1452 magno
1597 1370 1780 1436 divino
1807 1391 2030 1433 munere
2055 1375 2161 1428 sibi

582 1486 856 1554 exoptant,
881 1479 1162 1552 pervenire
1173 1475 1466 1548 potuerint.
1491 1471 1660 1540 Quale
1676 1481 1759 1526 est
1777 1477 1954 1524 autem
1971 1467 2172 1532 dicere,

589 1589 608 1627 ι
647 1575 879 1630 infantes
929 1569 1340 1643 prwdestinatos
1367 1565 1662 1634 Baptismo,
1713 1560 1836 1616 vita:
1866 1557 2172 1630 praesentis,

583 1675 869 1736 antequam
890 1668 1235 1716 renascantur
1249 1657 1301 1711 in
1313 1654 1546 1720 Christo,
1565 1652 1791 1710 occiduo
1805 1647 2120 1721 praeveniri;
2151 1663 2171 1698 ι

583 1758 726 1812 velut
745 1755 922 1824 aliqua
948 1753 1026 1805 vis
1053 1749 1301 1814 fortunze,
1324 1749 1438 1803 sive
1462 1745 1579 1806 fati.
1609 1745 1723 1800 sive
1751 1742 2038 1812 cujuslibet
2068 1741 2169 1802 rei,

585 1862 692 1902 non
717 1845 987 1916 permittat
1016 1843 1181 1897 Deum
1207 1838 1351 1910 quod
1375 1835 1778 1909 praedestinavit
1803 1831 2072 1902 implere?
2105 1830 2176 1884 Et

581 1938 852 2011 quomodo
877 1937 990 2008 ipse
1017 1935 1136 1990 illos
1189 1933 1349 2002 rapit,
1391 1931 1514 2000 quia
1564 1929 1886 2000 placuerunt
1915 1923 2039 1978 illi?
2087 1924 2173 1976 An

582 2045 679 2086 eos
707 2039 762 2085 et
785 2030 899 2098 ipse
930 2025 1274 2098 praedestinat
1313 2021 1592 2092 baptizari,
1631 2027 1687 2074 et
1711 2018 1830 2088 ipse
1854 2013 1996 2088 quod
2043 2027 2183 2084 pra)—

583 2121 889 2182 destinavit,
918 2135 1024 2173 non
1055 2117 1182 2172 sinit
1212 2115 1326 2170 ﬁeri
1353 2114 1376 2168 Τ

653 2210 883 2266 CAPUT
911 2207 982 2264 Χ.
1011 2239 1084 2249 -
1113 2208 1202 2262 14.
1229 2205 1332 2262 Sed
1363 2203 1581 2262 attende
1601 2201 1726 2273 quid
1752 2195 1930 2255 adhuc
1957 2197 2176 2262 audeat,

585 2292 673 2359 cui
710 2301 960 2371 diSplicet
999 2299 1056 2354 in
1087 2307 1230 2353 tanta
1275 2297 1436 2366 hujus
1481 2293 1840 2366 protunditate
1867 2288 2182 2362 quaestionis

585 2403 797 2452 cautior
823 2407 983 2463 quam
1013 2389 1271 2445 scientior
1299 2393 1485 2443 nostra
1509 2385 1800 2442 cunctatio.
1836 2401 1856 2434 ι
1888 2381 2072 2436 Ausim
2100 2379 2186 2433 di-

586 2501 734 2551 cere,
757 2501 778 2536 ι
800 2483 986 2553 inquit,
1000 2468 1028 2533 ἰ
1049 2481 1182 2536 istos
1196 2480 1480 2550 pervenire
1498 2491 1654 2549 posse
1667 2476 1735 2532 ad
1751 2473 2089 2546 originalium
2105 2473 2185 2526 in-

587 2574 917 2646 dulgeutiam
936 2580 1416 2644 peccatorum,non
1437 2578 1611 2623 tamen
1627 2576 1682 2621 ut
1697 2567 1917 2622 cteleste
1935 2563 2185 2619 inducan-

589 2677 679 2722 tur
705 2667 756 2720 in
775 2679 998 2736 regnum
1019 2679 1034 2718 :
1053 2661 1210 2718 sicuti
1232 2661 1422 2716 latroni
1444 2659 1692 2714 confesso
1707 2657 1942 2728 quidem,
1963 2655 2057 2710 sed
2077 2667 2182 2710 non

589 2758 880 2828 baptizato,
913 2754 1167 2810 Dominus
1191 2768 1295 2808 non
1315 2752 1575 2808 ctelorum
1604 2764 1829 2820 regnum
1863 2749 2062 2813 tribuit,
2089 2746 2184 2802 sed

591 2849 896 2921 paradisum
934 2845 1082 2920 (Luc.
1108 2861 1258 2912 χχιιι,
1285 2843 1409 2915 45);
1433 2859 1554 2898 cum
1579 2843 1763 2913 utique
1783 2841 1894 2912 jam
1921 2848 2184 2904 maneret,

595 2939 696 3008 Qui
707 2956 807 2994 non
818 2948 1020 3000 renatus
1035 2938 1187 3008 fuerit
1198 2953 1261 2991 e1:
1273 2953 1404 3006 aqua
1419 2946 1466 2990 et
1483 2933 1684 3008 Spiritu
1701 2941 1898 3000 sancto,
1910 2947 2012 2986 non
2027 2932 2190 2984 intra-

593 3035 662 3090 bit
680 3036 735 3088 in
751 3047 958 3104 regnum
976 3030 1216 3086 caelorum
1233 3029 1284 3100 (J
1292 3045 1410 3082 can.
1432 3043 1510 3091 ιιι,
1525 3027 1605 3096 5).
1625 3025 1901 3094 Praecipue
1912 3023 2033 3094 quia
2053 3019 2190 3076 mul-

596 3139 676 3179 tas
701 3138 822 3180 esse
843 3123 1146 3177 mansiones
1171 3119 1311 3190 apud
1338 3119 1552 3174 Patrem
1576 3133 1730 3173 suum
1751 3115 2008 3170 Dominus
2027 3112 2192 3184 proﬁe

559 3199 570 3209 ’
595 3220 756 3280 tetur,
787 3213 840 3268 in
868 3212 1060 3284 quibus
1093 3211 1440 3281 designantur
1479 3209 1669 3264 merita
1704 3207 1868 3262 multa
1898 3214 1954 3260 et
1977 3204 2191 3261 diversa

596 3320 905 3361 mansornm
922 3321 934 3357 :
952 3313 1007 3359 ut
1021 3303 1107 3358 hic
1121 3318 1223 3357 non
1240 3302 1534 3371 baptizatus
1549 3299 1868 3370 perducatur
1877 3295 1944 3351 ad
1957 3295 2189 3362 veniam,

600 3376 897 3467 ba'ptizatns
921 3395 988 3450 ad
1015 3395 1270 3466 palmam,
1301 3408 1422 3464 qua:
1448 3401 1532 3448 est
1559 3399 1741 3462 parata
1772 3402 1870 3460 per
1891 3387 2137 3460 gratiam.
2163 3403 2185 3439 ι

597 3489 784 3544 Cernis
798 3486 1400 3558 hominem.paradisum
1413 3495 1573 3556 atque
1587 3483 1892 3538 mansiones
1905 3484 1924 3513 ’
1937 3497 2056 3552 qua:
2068 3487 2193 3536 sunt

595 3581 736 3652 apud
765 3582 996 3642 Patrem,
1013 3595 1044 3634 a
1065 3593 1232 3650 regno
1253 3593 1504 3650 separare
1525 3575 1808 3642 caelorum,
1828 3583 1885 3630 ut
1903 3574 2064 3630 etiam
2083 3587 2190 3628 non

599 3667 880 3744 baptizatis
908 3672 1184 3730 abundent
1225 3672 1342 3726 loca
1380 3670 1722 3741 sempiternae
1750 3667 2041 3724 felicitatis.
2082 3666 2194 3723 Nec

599 3766 764 3826 videt,
793 3781 913 3820 cum
944 3766 1045 3819 ista
1071 3765 1221 3830 dicit,
1258 3764 1331 3818 ita
1354 3779 1416 3818 se
1443 3763 1587 3818 nolle
1616 3760 1866 3832 baptizati
1895 3760 2194 3831 cujnspiam

599 3859 810 3930 parvuli
857 3858 1188 3912 mansionem
1231 3871 1262 3909 a
1309 3855 1570 3911 crelorum
1618 3868 1785 3925 regno
1819 3867 2091 3924 separare,
2137 3857 2198 3906 ut

603 3953 776 4021 ipsam
809 3949 900 4004 Dei
927 3949 1100 4004 Patris
1121 3948 1362 4010 domum,
1390 3947 1475 4002 vel
1495 3947 1702 4016 aliquas
1728 3952 1906 4015 partes
1929 3945 2044 4012 ejus
2071 3941 2197 3998 inde

603 4055 858 4110 separare
885 4053 991 4094 non
1022 4039 1226 4094 timeat.
1256 4037 1441 4107 Neque
1469 4037 1611 4090 enim
1646 4035 1901 4090 Dominus
1927 4033 2106 4100 Jesus,
2138 4033 2197 4089 ln

606 4130 960 4186 universitate
997 4140 1281 4194 creaturae,
1331 4112 1416 4182 vel
1459 4127 1512 4180 in
1563 4126 1799 4196 qualibet
1839 4125 2201 4181 universitatis

561 4214 794 4294 ‘parte;
847 4223 963 4289 sed,
1009 4220 1079 4276 In
1129 4221 1279 4275 donto
1319 4217 1497 4274 Patris
1541 4219 1659 4282 mei,
1711 4217 1865 4282 dixit,
1911 4218 2198 4272 mansiones

608 4317 784 4369 multm
812 4325 929 4368 sunt
963 4313 1075 4387 (Id.
1105 4328 1218 4378 XIV,
1259 4312 1340 4384 2).
1391 4310 1672 4379 Quomodo
1707 4326 1834 4381 ergo
1863 4311 1966 4366 erit
2006 4310 2059 4364 in
2104 4309 2198 4364 Dei

607 4407 785 4461 Patris
807 4405 968 4461 domo
995 4419 1100 4458 non
1132 4403 1464 4472 baptizatus,
1502 4417 1624 4457 cum
1655 4401 1821 4456 Deum
1862 4408 2072 4471 patrem
2099 4401 2198 4455 ha-

607 4499 736 4553 bere
764 4513 868 4551 non
897 4496 1068 4566 possit
1106 4495 1206 4549 nisi
1247 4493 1496 4548 renatus"
1524 4491 1640 4548 Non
1679 4491 1751 4546 sit
1783 4492 2024 4562 ingratus
2067 4491 2196 4557 Deo,

606 4590 841 4658 quicum
873 4587 1119 4656 dignatus
1146 4593 1230 4641 est
1266 4600 1297 4639 a
1339 4583 1736 4639 Donatistarum
1772 4582 1858 4636 vel
1895 4581 2198 4652 Rogatista-

609 4688 728 4734 rum
760 4679 1021 4733 divisione
1050 4677 1302 4740 liberare;
1347 4683 1406 4730 ut
1443 4674 1615 4745 ipsam
1643 4672 1862 4728 domum
1901 4672 1998 4728 Dei
2026 4673 2202 4728 Patris

607 4783 815 4844 qua-rat
852 4769 1122 4836 dividere,
1166 4777 1221 4823 et
1261 4768 1494 4838 aliquam
1529 4765 1646 4833 ejus
1689 4773 1894 4836 partem
1930 4773 2080 4818 extra
2117 4779 2205 4820 re-

608 4883 772 4936 gnum
803 4865 1062 4922 caelorum
1085 4877 1302 4932 ponere,
1334 4859 1424 4914 ubi
1457 4873 1562 4912 non
1592 4856 1844 4927 baptizati
1859 4855 2074 4911 valeant
2100 4854 2201 4908 ιη..

606 4961 799 5015 bitare.
850 4959 916 5012 Et
939 4973 1043 5027 quo
1070 4962 1222 5024 pacto
1251 4953 1369 5022 ipse
1395 4964 1620 5022 regnum
1651 4949 1914 5004 caelorum
1943 4960 2004 5002 se
2031 4946 2200 5000 intra-

609 5059 788 5106 turum
834 5064 954 5103 esse
997 5047 1292 5117 pnesumit,
1333 5043 1401 5098 de
1439 5055 1550 5112 quo
1576 5055 1742 5110 regno
1780 5039 1833 5093 in
1871 5046 2065 5108 quanta
2093 5037 2206 5091 vult

617 5150 769 5210 parte
809 5139 1026 5193 domum
1071 5137 1234 5204 ipsius
1279 5135 1420 5204 regis
1461 5132 1741 5187 excludit?
1771 5129 1876 5186 Sed
1905 5129 1972 5184 de
1997 5129 2205 5183 latrone

609 5232 726 5292 illo.
758 5229 848 5300 qui
873 5229 1030 5298 juxta
1059 5227 1340 5280 Dominum
1363 5223 1650 5279 cruciﬁxus
1676 5221 1908 5292 Speravit
1937 5221 1989 5273 in
2026 5219 2205 5274 Domi-

611 5340 740 5378 num
768 5322 930 5377 etiam
960 5319 1297 5382 cruciﬁxum,
1324 5327 1380 5372 et
1403 5316 1472 5372 dc
1500 5317 1665 5372 fratre
1691 5325 1896 5372 sanctae
1925 5315 2204 5383 Perpetua

615 5417 900 5470 Dinocrate
925 5417 1348 5482 argumentatur,
1386 5406 1530 5478 quod
1567 5407 1725 5462 etiam
1767 5420 1874 5460 non
1918 5403 2198 5473 baptizatis

613 5511 730 5566 dari
776 5501 946 5578 possit
989 5503 1318 5572 indulgentia
1363 5509 1702 5569 peccatorum
1746 5507 1801 5554 et
1841 5497 1998 5553 sedes
2024 5497 2200 5566 aliqua

670 5663 689 5689 ι
727 5653 810 5696 tttc
832 5637 1049 5694 nonnulli
1089 5645 1196 5688 uss.
1226 5635 1426 5695 addunt,
1449 5631 1545 5684 imo
1567 5647 1678 5685 vero
1701 5632 1982 5686 detestanda
1995 5637 2042 5683 et
2063 5644 2204 5683 exse-

821 5706 832 5737 1

821 5710 832 5737 1

611 5710 842 5818 "tingvi.
865 5781 877 5816 :
899 5777 1065 5816 (‘crms
1088 5760 1330 5813 hominem
1349 5770 1430 5807 eos
1450 5755 1734 5808 mansiones.
1762 5765 1862 5806 Am.
1891 5766 1942 5806 et
1959 5763 2031 5805 Er.
2053 5770 2065 5805 :
2093 5765 2207 5805 Γεν-

616 5829 946 5880 reishominem
969 5840 1104 5884 a'quc
1125 5820 1396 5884 tmotaiottes
1425 5833 1442 5868 :
1476 5827 1527 5868 et
1549 5821 1773 5868 omittunt
1798 5821 2016 5876 verbum,
2059 5832 2207 5879 pura-

613 5895 796 5947 ttéum;
817 5892 946 5952 quod
975 5881 1136 5938 tanien
1179 5886 1282 5953 hic,
1307 5881 1525 5951 adjuncta
1551 5885 1775 5941 larticula
1795 5917 1808 5941 ,
1833 5889 2001 5942 atque,
2027 5893 2102 5941 rei
2121 5894 2210 5927 rw-

615 5960 806 6002 scntant
827 5951 1049 6010 plerique
1077 5959 1126 5998 et
1152 5951 1352 6006 antiun
1373 5957 1454 5990 res
1477 5951 1578 5990 Mss.

1457 431 1562 497 'DE
1601 427 1812 496 ANIMA
1853 424 1941 492 ET
1978 432 2144 492 EJUS
2182 417 2485 495 OlthlNE,
2525 428 2580 484 s.
2625 416 2996 485 AUGUSTINI

3771 433 3870 489 505

2287 559 2561 620 beatorum
2595 583 2606 618 :
2635 562 2786 634 quasi
2824 564 3127 634 quisquam,
3170 564 3256 618 cui
3303 577 3409 620 no'n
3453 565 3676 621 credere
3723 567 3868 623 nefas

2281 664 2444 719 esset,
2473 654 2595 710 huic
2624 653 2934 708 indicaverit
2963 653 3105 724 quod
3129 671 3232 708 non
3259 653 3458 710 fuerint
3487 655 3763 726 baptizati.
3800 659 3870 715 De

2281 747 2474 817 quibus
2512 755 2688 800 tamen
2735 745 2788 799 in
2831 759 2898 800 eo
2937 745 3095 812 libro,
3126 761 3284 816 quem
3323 747 3513 817 scripsi
3555 747 3623 800 ad
3653 748 3868 805 fratrem

2282 846 2523 891 nostrum
2569 836 2857 904 Renatum,
2893 837 3102 907 plenius
3139 836 3264 907 quid
3296 838 3426 892 mihi
3467 839 3744 894 videretur
3772 857 3864 896 ex-

2288 928 2438 999 posui
2468 927 2702 1001 (Supra,
2730 927 2820 983 lib.
2851 923 2904 995 1,
2936 945 3024 982 nn.
3057 929 3143 995 Η,
3178 925 3266 998 12)
3307 945 3320 982 :
3353 928 3492 998 quod
3526 937 3616 984 tua
3657 931 3872 984 Dilectio

2284 1021 2484 1089 poterit
2511 1033 2704 1083 nosse,
2736 1019 2782 1072 si
2821 1034 2927 1073 non
2962 1018 3227 1088 spreveris
3271 1017 3480 1090 legere;
3511 1035 3636 1073 nam
3673 1019 3760 1076 ille
3782 1037 3871 1090 pe-

2285 1112 2416 1167 tenti
2445 1127 2550 1166 non
2583 1111 2776 1180 poterit
2803 1105 3092 1180 denegare.

2355 1201 2581 1259 CAPUT
2607 1201 2701 1256 XI.
2731 1233 2805 1244 -—-
2831 1203 2917 1257 15.
2947 1201 3164 1257 ιΕςιιιίιι
3189 1211 3364 1256 tamen
3396 1203 3519 1267 iste,
3553 1213 3713 1273 atque
3741 1203 3871 1258 hur-

2283 1295 2468 1351 rendis
2517 1295 2808 1350 sull'ocatur
2833 1295 3112 1364 angustiis.
3159 1296 3430 1350 Attentins
3467 1297 3611 1350 enim
3654 1296 3874 1352 fortasse

2283 1403 2443 1458 quam
2486 1397 2539 1441 tn
2571 1388 2696 1458 quid
2729 1388 2853 1442 mali
2883 1387 3026 1442 dicat
3051 1389 3296 1452 attendit,
3329 1399 3523 1458 prteler
3545 1388 3745 1444 Christi
3771 1393 3872 1444 sci-

2283 1478 2410 1533 licet
2436 1478 2762 1548 Baptismuni
2789 1477 2924 1532 Solvi
2950 1479 3002 1532 in
3027 1479 3258 1546 parvulis
3284 1479 3546 1550 originale
3570 1490 3864 1550 peccatum.

2287 1570 2544 1640 Denique,-
2573 1579 2630 1624 ut
2658 1569 2994 1640 aliquatenus
3022 1570 3074 1624 in
3103 1571 3203 1625 hac
3231 1571 3502 1625 causavel
3531 1587 3654 1626 sero
3683 1571 3749 1625 ad
3780 1571 3876 1626 Ec-

2285 1661 2462 1716 clesiae
2505 1660 2847 1716 Sacramenta
2887 1659 3177 1732 confugiat,
3229 1679 3248 1712 ι
3280 1662 3384 1716 Pro
3429 1661 3512 1715 bis
3543 1678 3696 1727 sane,
3734 1681 3751 1713 ι
3801 1665 3874 1716 iu-
3951 1697 3965 1709 -

2287 1752 2422 1821 quit,
2456 1769 2474 1802 ι
2509 1750 2811 1817 οὺΙίιιὶοιιρε
2836 1749 3098 1816 assiduas,
3137 1761 3191 1806 et
3229 1751 3501 1805 oll'erentla
3525 1751 3723 1821 jugiter
3757 1769 3874 1806 san-

2287 1851 2492 1898 ctorum
2519 1857 2716 1897 censeo
2741 1841 3000 1896 sacriﬁcia
3022 1841 3381 1896 sacerdotum.
3414 1862 3434 1895 ι
3461 1842 3668 1898 llabeto
3697 1847 3872 1910 istum,

2285 1933 2332 1990 si
2381 1934 2575 2004 placet,
2625 1933 2786 1989 etiam
2817 1949 3120 1996 censorem,
3169 1933 3212 1988 si
3256 1950 3444 2006 parum
3489 1935 3662 1990 fuerat
3687 1934 3876 1990 haltere

2287 2024 2588 2092 doctorem,
2629 2033 2688 2079 ut
2724 2025 3044 2080 sacrificium
3089 2027 3329 2094 corporis
3368 2024 3569 2078 Christi
3600 2025 3757 2079 etiam
3786 2041 3874 2094 pro

2288 2113 2374 2170 his
2410 2113 2626 2180 offeras,
2673 2117 2762 2186 qui
2807 2113 3022 2170 Christo
3059 2130 3165 2170 non
3206 2125 3329 2171 sunt
3375 2115 3718 2186 incorporati.
3749 2113 3873 2171 Rem

2289 2206 2486 2278 quippe
2517 2215 2623 2260 tam
2666 2221 2880 2269 novam,
2923 2215 3084 2278 atque
3131 2223 3162 2261 a
3207 2207 3487 2277 disciplina
3527 2209 3872 2264 ecclesiastica

2290 2305 2345 2350 et
2369 2311 2401 2350 a
2427 2297 2606 2366 regula
2635 2297 2876 2351 veritatis
2904 2297 3158 2367 alienant,
3184 2313 3306 2374 cum
3341 2298 3494 2353 libris
3524 2301 3637 2354 suis
3664 2299 3872 2354 auderet

2291 2385 2548 2456 inserere,
2578 2401 2684 2441 non
2711 2388 2812 2450 ait,
2843 2387 3015 2450 Puto,
3049 2404 3154 2444 non
3186 2390 3280 2457 ait,
3311 2389 3606 2457 Existimo;
3639 2408 3742 2446 non
3773 2391 3860 2458 ait,

2295 2475 2568 2541 Arbitror;
2609 2491 2716 2531 non
2755 2478 2832 2530 ait
2868 2477 3080 2545 saltem,
3116 2478 3375 2550 Suggere,
3418 2481 3529 2546 vel,
3563 2481 3722 2545 Dico;
3763 2481 3872 2548 sed,

2296 2584 2317 2618 ι
2353 2582 2585 2622 censeo:
2617 2585 2636 2620 ι
2685 2577 2744 2622 ιιι
2769 2569 2974 2624 scilicet
3017 2571 3061 2625 si
3101 2570 3506 2627 oll‘enderemur
3533 2558 3760 2629 novitate
3784 2589 3874 2629 seu

2293 2660 2656 2730 perversitate
2699 2663 2980 2717 sententiae
3005 2704 3020 2728 ,
3069 2673 3394 2720 terreremur
3415 2667 3732 2722 auctoritate
3755 2681 3874 2721 ccu-

2291 2763 2452 2808 suraz.
2484 2751 2696 2808 Videris
2735 2763 2826 2820 tu,
2870 2753 3054 2821 frater,
3095 2755 3364 2826 quomodo
3406 2758 3673 2814 sustinere
3714 2758 3872 2829 possis

2291 2843 2452 2898 istum
2485 2844 2502 2875 ¹
2529 2842 2810 2900 docentem
2852 2863 2868 2900 ι
2909 2845 3171 2901 Catholici
3211 2857 3388 2902 tamen
3432 2849 3527 2920 qui
3570 2865 3750 2902 sanum
3791 2861 3872 2902 sa-

2293 2937 2448 3008 piunt
2473 2937 2800 3004 sacerdotes,
2850 2938 3044 3008 quibus
3068 2949 3123 2994 et
3165 2947 3214 2995 te
3244 2950 3454 3010 oportet
3486 2941 3718 3012 adjungi,
3746 2941 3874 2994 absit

2293 3037 2356 3082 ut
2381 3029 2722 3099 acquiescant
2750 3029 2913 3083 istum
2939 3030 3125 3086 audire
3151 3042 3488 3100 censentem,
3516 3049 3672 3104 quem
3713 3034 3872 3102 potius

2295 3126 2483 3190 optant
2510 3121 2916 3190 resipiscentem
2945 3137 3008 3177 ac
3034 3123 3330 3188 dolentem,
3377 3131 3431 3178 et
3456 3125 3596 3194 quod
3638 3126 3732 3180 ista
3761 3141 3872 3179 sen-

2295 3209 2448 3276 serit,
2479 3209 2590 3265 imo
2621 3226 2753 3266 vero
2779 3213 2938 3266 etiam
2971 3213 3268 3283 scripserit,
3295 3216 3631 3271 correctione
3651 3216 3873 3270 saluber-

2295 3301 2430 3357 rima
2477 3301 2846 3372 pmnitentem.
2899 3320 2918 3355 ι
2953 3303 3061 3360 Sed
3107 3305 3235 3370 hoc,
3271 3323 3290 3357 ι
3341 3305 3534 3376 inquit,
3581 3327 3600 3359 ι
3645 3307 3872 3376 exemplo

2295 3393 2723 3452 Machabteorum
2746 3395 2797 3450 in
2817 3397 3002 3466 prtelio
3021 3396 3324 3451 cadentium
3351 3407 3538 3453 astruo
3567 3397 3870 3464 faciendum,

2295 3490 2388 3560 qui
2434 3504 2557 3544 cum
2606 3487 2790 3544 furtim
2831 3488 2900 3544 de
2937 3489 3235 3546 interdictis
3263 3491 3540 3546 auferrent
3565 3494 3608 3558 ³,
3651 3492 3872 3561 atquein

2297 3580 2416 3650 ipso
2457 3579 2750 3634 certamine
2797 3579 3138 3647 cecidissent,
3187 3597 3216 3634 a
3270 3581 3658 3650 sacerdotibus,
3715 3600 3734 3633 ι
3786 3581 3870 3646 ait,

2304 3687 2324 3722 ι
2364 3669 2664 3724 invenimus
2691 3669 2794 3725 hoc
2834 3671 3022 3725 initum
3049 3671 3332 3726 consilium
3364 3671 3552 3736 fuisse,
3587 3682 3642 3726 ut
3666 3653 3870 3742 quorum

2298 3761 2506 3816 animas
2542 3777 2610 3833 ex
2656 3762 2822 3816 vetito
2850 3773 3030 3818 reatus
3071 3763 3457 3831 obstrinxerat,
3510 3766 3870 3820 sacriﬁciorum

2299 3853 2498 3908 oblatio
2537 3865 2808 3924 repararet
2841 3874 2861 3908 ι
2903 3855 2970 3926 (ΙΙ
3003 3855 3242 3912 Machab.
3279 3874 3374 3924 xu,
3401 3860 3613 3930 59-46).
3640 3859 3712 3914 ita
3749 3854 3874 3912 istud

2301 3945 2450 4014 dicit,
2493 3945 2648 4017 quasi
2686 3962 2787 4020 pro
2827 3947 3213 4004 incircumcisis
3253 3951 3343 4005 illa
3373 3951 3550 4006 oblata
3592 3950 3771 4022 legerit
3793 3963 3872 4003 sa-

2301 4035 2499 4091 criﬁcia
2523 4077 2540 4101 ,
2567 4037 2704 4092 sicut
2735 4037 2849 4092 haec
2879 4050 3060 4094 nostra
3101 4056 3196 4110 pro
3228 4057 3334 4096 non
3365 4042 3646 4112 baptizatis
3686 4039 3874 4096 censuit

2301 4127 2594 4184 offerenda.
2622 4127 2970 4185 Circumcisio
2999 4134 3198 4204 quippe
3228 4134 3324 4188 fuit
3354 4115 3498 4191 illius
3528 4136 3772 4206 temporis
3791 4145 3872 4187 sat-

2303 4231 2660 4289 cramentmu,
2694 4223 2836 4293 quod
2881 4225 3254 4296 prmﬁgurabat
3297 4229 3468 4283 nostri
3515 4228 3758 4298 temporis
3785 4225 3874 4280 Ba-

2307 4311 2582 4382 ptismum.

2376 4403 2606 4460 CAPUT
2633 4403 2750 4460 Xil.
2787 4435 2852 4446 --
2878 4406 2964 4462 16.
3005 4401 3387 4464 Verumtamen
3414 4411 3516 4466 iste
3559 4411 3609 4464 in
3635 4408 3713 4464 sui
3737 4419 3874 4462 com-

2309 4497 2587 4566 paratione
2616 4499 2790 4566 qualis
2818 4500 3082 4568 posterius
3118 4503 3382 4570 apparuit.
3426 4502 3744 4558 tolerabilius
3787 4497 3868 4552 ad-

2310 4585 2414 4640 huc
2437 4595 2605 4640 errat.
2648 4587 2778 4641 Nam
2806 4591 2950 4643 velut
2979 4591 3284 4671 patuituerit
3309 4607 3431 4647 eum
3460 4592 3602 4666 (non
3629 4589 3761 4661 quod
3789 4587 3871 4641 de-

2307 4677 2426 4732 buit
2449 4679 2732 4748 paenitere,
2763 4680 2813 4735 id
2841 4691 2940 4746 est,
2970 4683 3114 4752 quod
3141 4699 3300 4740 ausus
3331 4683 3488 4739 fuerit
3520 4697 3755 4740 asserere
3783 4695 3874 4734 non

2309 4769 2592 4841 baptizatis
2630 4772 2862 4827 relaxari
2903 4773 3160 4844 originale
3203 4784 3502 4844 peccatum,
3533 4785 3687 4844 atque.
3715 4768 3873 4826 indul-

2308 4863 2542 4932 gentiam
2577 4861 2692 4918 dari
2721 4863 2960 4918 omnium
3003 4875 3363 4933 peccatorum,
3399 4868 3531 4921 utin
3571 4863 3873 4937 paradisum.

2311 4952 2416 5010 hoc
2439 4962 2542 5022 est,
2584 4954 2757 5010 locum
2790 4964 2952 5010 tanta:
2981 4955 3248 5014 felicitatis
3275 4959 3571 5024 mittantur,
3617 4965 3670 5012 et
3705 4955 3872 5008 beatas

2311 5045 2616 5102 mansiones
2659 5047 2712 5101 in
2755 5046 2918 5101 domo
2947 5047 3116 5103 Patris
3144 5049 3344 5104 habere
3371 5045 3744 5112 mereantur);
3787 5039 3870 5094 sed

2311 5137 2442 5192 illud
2471 5153 2595 5192 eum
2629 5138 2806 5208 potius
2833 5139 3139 5206 ptenitue'rit
3157 5181 3173 5206 ,
3201 5139 3342 5210 quod
3373 5140 3454 5196 eis
3478 5137 3696 5194 minoris
3723 5131 3870 5186 beati-

2311 5229 2509 5285 tudinis
2536 5239 2682 5284 extra
2706 5245 2930 5300 regnum
2957 5231 3216 5286 caelorum
3235 5230 3561 5286 concesserit
3587 5225 3766 5288 sedes;
3793 5218 3878 5271 ad-

2305 5320 2504 5392 juuxit,
2535 5329 2694 5392 atque
2721 5321 2797 5376 ait
2834 5338 2848 5373 :
2883 5339 2902 5372 ι
2929 5321 3036 5377 Διιι
3063 5321 3106 5376 si
3139 5321 3279 5378 forte
3302 5321 3561 5393 quispiam
3590 5317 3872 5393 reluctellll'.

2311 5414 2530 5468 latronis
2551 5415 2744 5468 anima:
2765 5415 2846 5470 vel
2879 5414 3176 5470 Dinocratis
3203 5415 3416 5470 interim
3445 5407 3751 5480 temporarie
3767 5401 3866 5454 col-

2313 5506 2474 5560 latum
2505 5503 2840 5574 paradisum;
2886 5521 3009 5559 nam
3052 5519 3339 5576 superesse
3371 5505 3472 5559 illis
3499 5501 3668 5556 adhuc
3706 5497 3753 5548 in
3792 5507 3866 5545 rc-

2312 5599 2644 5653 surrcctiouc
2690 5596 2968 5667 praemium
3028 5599 3176 5668 regni
3221 5599 3478 5654 cmlorum
3532 5611 3544 5648 :
3597 5594 3870 5661 quamquam

2352 5696 2394 5722 -ι
2433 5691 2507 5740 sic
2526 5697 2634 5742 Mss.
2663 5697 2717 5740 At
2739 5691 2874 5750 editi,
2901 5693 3012 5742 ista.
3419 5749 3426 5750 ί
3660 5748 3667 5750 Α
3783 5735 3794 5750 ,

2377 5755 2396 5784 ³
2432 5762 2495 5802 tta
2520 5755 2776 5802 scribimus
2795 5745 3181 5803 ex'editaiouibus
3203 5758 3276 5798 Er.
3303 5749 3447 5813 lugd.
3470 5755 3598 5814 _\'en.
3625 5748 3763 5814 et'ett
3783 5745 3874 5814 Ill}?

2317 5827 2466 5863 sensu
2491 5798 2585 5862 16ἑί
2601 5798 2774 5872 ἲέίὦί
2797 5798 3183 5872 ἡῖιιξιὲιὶέιὶίᾶιιζ
3210 5814 3290 5862 to.
3315 5798 3398 5861 sic”
3416 5812 3558 5860 etiam)
3589 5798 3870 5872 sca-ibetiqgun

2319 5857 3184 5936 estigstxrmsij‘nausiantis:
3211 5857 3385 5938 frag.
3411 5857 3518 5924 Sit.
3555 5876 3604 5918 tn
3626 5873 3704 5924 ιλ,
3745 5857 3870 5920 olle"

2319 5946 2421 5988 νεηι
2429 5974 2438 5984 .
2507 5944 2562 5985 Μ.
