4096 6512
295 465 394 524 505

295 575 552 645 sententia
585 571 675 628 illa
699 564 1009 642 principalis
1034 561 1288 620 obsistat,
1316 554 1450 625 Quia
1480 551 1566 622 qui
1594 567 1692 604 non
1727 563 1876 602 rena-

302 681 379 726 tus
401 640 554 739 fuerit
573 679 636 720 ea:
659 639 795 734 aqua
825 666 873 714 et
901 655 1101 727 Spiritu
1129 659 1325 714 sancto,
1358 662 1460 700 non
1490 641 1694 698 intrabit
1721 639 1772 691 in
1802 653 1882 689 re-

295 773 440 833 gnum
456 731 735 811 caelorum}
759 752 1133 806 tamen-teneat
1156 741 1316 797 etiam
1341 750 1515 790 meum
1534 734 1585 788 in
1608 731 1708 785 hac
1732 735 1906 800 parte.

295 866 395 906 non
439 845 731 904 invidentis
759 853 1061 902 assensum,
1105 831 1266 887 modo
1305 823 1694 883 misericordiae
1743 834 1884 889 prae-

295 942 636 1008 scientimque
653 933 848 992 divina:
864 940 917 986 et
933 927 1182 985 effectum
1201 913 1834 990 ampliﬁcetctaﬂ'ectnm.
1859 928 1878 962 I

296 1035 417 1090 Haec
437 1002 598 1085 verba
626 1029 680 1081 in
705 1021 941 1081 secundo
963 1019 1080 1089 ejus
1101 1017 1238 1071 libro
1261 1013 1398 1068 lecta
1419 1006 1699 1076 descripsi.
1723 1002 1888 1058 Num-

293 1125 413 1198 quid
432 1125 483 1178 in
505 1123 604 1175 bac
623 1133 783 1174 causa
805 1113 1004 1170 erroris
1024 1107 1320 1170 audaciam,
1347 1100 1724 1158 temeritatem,
1749 1109 1888 1165 prie-

294 1186 648 1284 suinptionem
683 1207 880 1262 habere
901 1201 1159 1272 quispiam
1183 1203 1366 1266 posset
1387 1186 1738 1261 ampliorem?
1768 1186 1888 1256 lpse

294 1303 612 1360 sententiam
653 1296 976 1354 dominicam
1025 1287 1358 1350 recordatur,
1398 1283 1515 1353 ipse
1555 1291 1886 1334 commemo-

295 1406 410 1461 rat,
457 1397 572 1466 ipse
605 1393 718 1446 suis
755 1387 946 1444 litteris
985 1380 1292 1450 interponit,
1325 1378 1438 1446 ipse
1478 1373 1624 1436 dicit,
1665 1389 1684 1422 ‹
1719 1383 1889 1440 quan-

293 1505 450 1561 quam
479 1463 742 1541 sententia
770 1483 854 1536 illa
880 1475 1188 1549 principalis
1215 1471 1464 1534 obsistat,
1495 1465 1630 1534 Quia
1665 1463 1749 1532 qui
1781 1477 1888 1513 non

294 1592 494 1636 renatus
523 1579 675 1648 fuerit
701 1591 764 1628 ea:
788 1587 920 1643 aqua
942 1579 990 1624 et
1018 1565 1218 1636 Spiritu
1239 1569 1437 1624 sancto,
1465 1575 1568 1612 non
1601 1553 1808 1610 intrabit
1836 1553 1888 1604 in

294 1689 505 1746 regnum
533 1669 812 1732 castorum;
845 1683 864 1717 ι
913 1671 969 1716 et
995 1658 1157 1714 audet
1173 1667 1360 1736 tamen
1389 1667 1500 1707 suae
1537 1662 1780 1704 censura:
1816 1645 1891 1700 Ic-

294 1780 421 1820 vare
450 1762 715 1820 cervicem
741 1766 928 1812 contra
958 1749 1276 1808 sententiam
1306 1741 1690 1816 principalem!
1725 1757 1744 1790 ι
1781 1737 1888 1792 Te-

295 1865 442 1923 neat,
485 1875 505 1907 ι
537 1851 728 1923 inquit.
761 1868 780 1900 ι
817 1847 976 1903 etiam
1016 1857 1193 1898 meum
1237 1853 1344 1892 non
1390 1833 1678 1889 invidentis
1703 1845 1891 1884 assen-

295 1964 408 2004 sum
448 1965 462 2002 :
505 1965 522 1998 ι
553 1940 803 2014 qni-dicit
831 1937 1038 1992 animas
1067 1947 1171 1987 non
1201 1928 1588 1999 baptizatorum
1619 1933 1890 1990 tempora-

295 2044 372 2098 rie
429 2038 622 2094 mereri
664 2031 997 2106 paradisum;
1043 2033 1262 2097 propter
1301 2023 1398 2076 has
1425 2019 1590 2084 enim,
1631 2015 1892 2069 latronem

297 2143 454 2201 atque
486 2103 846 2187 Dinocratem,
871 2131 1122 2190 tanquam
1153 2109 1573 2186 priescribendo,
1603 2107 1686 2162 vel
1717 2103 1896 2175 pOtius

299 2218 700 2294 pra-judicando
729 2218 1117 2271 commemorat
1145 2225 1158 2262 :
1193 2207 1244 2260 in
1285 2202 1678 2258 resurrectione
1715 2205 1894 2251 autem

300 2317 351 2372 in
397 2313 625 2370 meliora
673 2304 953 2364 transferri
1009 2311 1064 2356 et
1114 2299 1264 2369 regni
1309 2295 1570 2350 canorum
1621 2289 1898 2368 percipere

301 2406 620 2478 praemium:
657 2419 676 2452 ι
710 2410 1014 2470 quanquam
1038 2390 1322 2453 sententia,
1358 2406 1376 2440 ι
1413 2383 1605 2454 inquit,
1643 2399 1661 2432 ι
1699 2362 1898 2448 princi-

301 2475 432 2568 palis
460 2495 708 2550 obsistat.
745 2509 764 2542 ι
803 2488 922 2544 Jam
949 2498 1078 2553 ergo
1111 2482 1224 2552 ipse
1259 2475 1536 2533 considera
1557 2513 1574 2539 ,
1616 2485 1797 2541 quaxso
1825 2477 1896 2532 te,

303 2584 510 2650 frater',
555 2579 795 2654 quisquis
827 2575 1056 2645 cuipiam
1103 2570 1306 2642 prasbet
1343 2579 1619 2627 assensum
1646 2559 1902 2616 adversus

302 2651 675 2733 auctoritatem
699 2651 986 2726 sententia:
1019 2661 1358 2735 principalis,
1391 2672 1552 2728 quam
1581 2651 1901 2708 sententiam

303 2771 602 2827 merebitur
623 2764 874 2837 principis
895 2761 919 2815 ?

377 2865 466 2919 t7.
512 2861 762 2917 Novellos
803 2853 1081 2911 haereticos
1111 2847 1424 2919 Pelagianos
1449 2841 1748 2914 justissime
1775 2852 1906 2893 eon-

303 2959 554 3014 ciliorum
585 2951 966 3007 catholicorum
995 2955 1048 2998 et
1077 2941 1234 2997 Sedis
1272 2937 1599 3008 Apostolieie
1629 2931 1902 2987 damnavit

305 3048 619 3110 uitetur-itas,
663 3059 730 3100 eo
761 3041 900 3113 quod
938 3037 1054 3092 ausi
1096 3033 1294 3090 fuerint
1333 3045 1438 3085 nou
1477 3025 1755 3096 baptizatis
1783 3037 1906 3092 par-

308 3145 440 3198 Vulis
489 3141 620 3195 dare
675 3133 868 3207 quietis
921 3139 976 3186 et
1017 3127 1202 3182 Salutis
1246 3125 1462 3186 locum,
1503 3119 1663 3174 etiam
1713 3122 1909 3186 praeter

311 3249 538 3306 regnum
561 3229 840 3286 caelorum.
873 3221 1026 3292 Quod
1055 3219 1168 3273 ausi
1201 3233 1304 3270 non
1337 3214 1581 3276 fuissent,
1613 3207 1718 3263 nisi
1747 3220 1909 3276 nega-

309 3337 428 3384 rent
454 3339 556 3381 eos
587 3323 790 3377 habere
819 3314 1076 3386 originale
1102 3317 1401 3382 peccatum,
1431 3301 1572 3375 quod
1603 3313 1740 3371 opus
1767 3303 1912 3363 esset

311 3416 521 3476 absolvi
552 3429 647 3486 per
675 3408 1016 3481 Baptismatis
1041 3407 1456 3459 sacramentum.
1474 3395 1577 3448 Iste
1597 3400 1773 3445 autem
1798 3389 1910 3442 sic-

311 3524 368 3568 ut
401 3508 708 3568 catholicus
749 3502 900 3566 dicit,
934 3497 1179 3570 parvulos
1207 3488 1453 3562 originali
1487 3483 1771 3541 obstrictos
1791 3495 1913 3536 esse

314 3613 560 3676 peccato,
592 3609 648 3655 et
674 3609 850 3653 tamen
873 3610 968 3650 eos
1009 3591 1076 3645 ab
1115 3582 1418 3659 hujusmodi
1451 3578 1663 3635 vinculo
1689 3575 1806 3630 sine
1833 3573 1914 3626 lae-

311 3712 478 3751 vaero
519 3685 943 3762 regenerationis
969 3681 1220 3742 absolvit,
1257 3685 1312 3732 et
1347 3681 1465 3744 post
1490 3679 1715 3724 mortem
1738 3665 1790 3720 in
1819 3678 1914 3734 pa-

315 4063 427 4132 rcgi
455 4073 622 4130 quem
662 4056 804 4109 Deus
842 4049 1094 4122 praecepit
1119 4043 1289 4100 occidi
1331 4057 1346 4096 :
1392 4040 1486 4096 sed
1517 4033 1707 4092 merito
1737 4032 1922 4088 inobe-

319 4153 474 4208 diens
508 4143 878 4203 misericordia
903 4181 918 4205 ,
964 4139 1050 4195 vel
1077 4136 1385 4192 misericors
1428 4127 1784 4186 inubedientia
1831 4139 1922 4178 reo

319 4247 550 4318 probata
595 4248 756 4308 atque
795 4235 1044 4290 damnata
1095 4238 1178 4285 est
1205 4226 1252 4298 (1
1288 4223 1417 4296 Reg.
1451 4223 1540 4294 xv)
1589 4238 1604 4274 :
1649 4227 1708 4274 ut
1737 4223 1926 4272 caveat

323 4337 508 4401 homo,
543 4347 610 4386 ne
635 4331 704 4385 ab
734 4328 824 4383 illo
853 4321 1272 4380 misericordiam
1296 4324 1564 4372 mereatur
1594 4314 1777 4381 homo,
1795 4325 1924 4366 con-

325 4437 404 4484 tra
436 4428 560 4495 ejus
603 4419 929 4478 sententiam
959 4431 989 4470 a
1031 4431 1136 4484 quo
1167 4413 1335 4466 factus
1363 4417 1447 4464 est
1490 4407 1672 4461 homo.
1717 4404 1928 4458 Intonat

325 4536 422 4590 per
464 4533 530 4573 os
576 4513 773 4585 prolirii
816 4509 1057 4580 corporis
1100 4505 1348 4560 Veritas:
1386 4501 1448 4556 Si
1491 4500 1604 4569 quis
1631 4513 1732 4551 non
1775 4495 1928 4568 fuerit

325 4622 540 4666 renatus
587 4621 651 4660 ex
693 4620 827 4674 aqua
857 4610 900 4655 et
933 4599 1152 4671 Spiritu,
1199 4611 1300 4648 non
1338 4601 1500 4664 potest
1535 4589 1739 4644 introire
1766 4587 1818 4640 in
1846 4592 1930 4640 fe-

327 4719 486 4775 gnnm
520 4699 614 4753 Dei
649 4679 931 4766 (Joanftu,
957 4692 1034 4762 5).
1065 4691 1235 4758 Atque
1262 4699 1317 4739 ut
1337 4685 1404 4738 ab
1432 4685 1531 4738 hac
1551 4680 1815 4736 sententia
1835 4693 1931 4732 exs

327 4773 522 4864 ceptus
567 4797 830 4858 martyres
867 4783 1044 4846 faciat,
1095 4779 1288 4850 quibus
1335 4773 1619 4844 contigerit
1659 4781 1784 4825 ante
1827 4783 1925 4839 pro

327 4858 535 4941 Christi
563 4880 778 4934 nomine
797 4874 986 4939 occidi,
1009 4885 1167 4942 quam
1197 4866 1398 4924 Christi
1425 4863 1750 4932 Baptismate
1773 4858 1926 4923 dilui,

329 4977 462 5033 dicit
477 4976 587 5030 alio
609 4972 729 5026 loco
751 4987 764 5021 :
793 4967 889 5034 Qui
909 4961 1182 5038 perdiderit
1203 4958 1428 5011 animant
1441 4971 1588 5009 suam
1605 4960 1808 5024 prapter
1827 4965 1928 5012 me,

328 5070 552 5126 inveniet
576 5082 688 5121 eam
717 5061 928 5136 (Matth.
953 5075 1010 5124 x,
1032 5054 1144 5128 59).
1171 5053 1238 5109 Et
1259 5068 1325 5106 ne
1349 5050 1594 5120 cuiquam
1615 5047 1705 5117 qui
1728 5060 1834 5099 non
1855 5059 1935 5098 re-

337 5171 502 5215 natus
528 5157 689 5212 fuerit
709 5152 1013 5207 christiana:
1045 5147 1164 5202 fidei
1195 5147 1427 5205 lavacro,
1452 5139 1791 5210 promittatur
1817 5151 1937 5206 pec-

331 5251 438 5306 cati
470 5245 752 5318 originalis
775 5240 1014 5304 abolitio,
1045 5237 1240 5292 clamat
1268 5231 1554 5302 Aposmlus
1587 5245 1600 5282 :
1644 5225 1746 5281 Per
1779 5225 1932 5280 unius

335 5343 578 5396 delictum
599 5339 652 5392 in
674 5349 846 5390 omnes
866 5330 1091 5385 homines
1107 5326 1174 5381 ad
1191 5322 1656 5380 condemnationem
1677 5316 1860 5390 (Rom.
1880 5332 1930 5379 ν,

337 5434 453 5503 18).
465 5430 668 5486 Contra
680 5439 838 5497 quam
855 5419 1352 5478 condemnationem
1369 5413 1624 5470 Dominus
1639 5425 1800 5464 unum
1817 5423 1938 5464 esse

337 5523 636 5580 ostendens
678 5517 864 5573 salutis
901 5514 1157 5570 auxilium
1202 5529 1215 5565 :
1270 5509 1368 5578 Qui
1413 5507 1699 5570 crediderit,
1745 5504 1937 5572 inquit,

337 5626 384 5672 et
411 5615 704 5686 baptizatus
731 5609 885 5681 fuerit
911 5647 926 5669 ,
959 5605 1129 5660 salvus
1153 5603 1245 5658 erit
1262 5619 1279 5668 ;
1318 5601 1402 5671 qni
1431 5615 1544 5653 vero
1581 5614 1680 5652 non
1709 5593 1941 5650 credide-

338 5710 431 5776 rit,
458 5701 878 5760 candenmabitur
909 5698 1103 5771 (Marc.
1143 5711 1258 5758 xvr,
1290 5695 1402 5763 16).
1433 5691 1597 5761 Cujus
1629 5691 1941 5762 mysterium

339 5798 680 5856 credulitatis
729 5796 782 5851 in
823 5793 1057 5865 parvulis
1109 5806 1202 5860 per
1243 5805 1426 5844 eorum
1464 5787 1865 5856 responsionem
1911 5800 1940 5835 a

343 5895 546 5966 quibus
573 5897 865 5963 geSIantur,
890 5885 1178 5956 impletur;
1211 5897 1276 5938 ne
1315 5883 1358 5936 si
1403 5883 1594 5936 tactum
1628 5894 1733 5934 non
1763 5878 1938 5940 fuerit,

1602 425 1801 492 LIBER
1842 417 2220 488 SECUNDUS.

3475 423 3580 481 506

1990 552 2114 603 eant
2156 559 2219 598 ex
2251 557 2356 596 uno
2399 548 2585 596 omnes
2631 541 2682 595 in
2713 539 3214 596 condemnationem
3284 535 3351 596 Et
3390 552 3570 596 tamen

1987 648 2174 691 contra
2219 644 2323 690 tam
2369 633 2678 689 manifestas
2708 649 2886 697 voces,
2930 649 3061 703 quas
3089 634 3322 688 concinuit
3350 635 3576 694 veritas.

1993 729 2230 799 procedit
2274 728 2324 782 in
2371 726 2604 782 medium
2643 727 2810 798 magis
2851 741 3040 781 vecors
3085 742 3242 796 quam
3274 729 3581 780 misericors

1989 825 2197 879 vanitas
2221 865 2236 888 ,
2264 821 2475 878 ctdicit
2507 839 2520 875 :
2547 820 2667 876 Non
2705 819 2876 874 solum
2911 835 3018 874 non
3043 830 3170 872 euut
3200 819 3252 872 in
3283 819 3582 872 damnatio-

1993 933 2114 972 nem
2163 916 2390 987 parvuli,
2437 915 2539 970 etsi
2573 914 2776 969 nullum
2817 928 2908 967 eos
2946 913 3254 969 christiana:
3285 912 3404 966 fidei
3437 913 3584 964 lava-

1991 1024 2143 1064 crum
2189 1023 2218 1061 a
2260 1007 2472 1062 vinculo
2512 1005 2784 1076 originalis
2829 1005 3029 1074 peccati
3073 1004 3345 1068 absolvat;
3397 1013 3581 1056 verum

1991 1099 2151 1153 etiam
2198 1097 2452 1152 felicitate
2493 1095 2721 1166 paradisi
2767 1105 2887 1166 post
2934 1103 3160 1150 mortem
3211 1094 3420 1148 interim
3463 1109 3584 1162 pera-

1991 1189 2239 1248 fruttntur
2262 1232 2276 1257 ,
2309 1197 2430 1260 post
2457 1187 2907 1243 resurrectionem
2939 1201 3068 1240 vero
3097 1186 3257 1240 etiam
3291 1186 3435 1254 regni
3467 1198 3584 1240 ru!-

1993 1284 2163 1339 lorum
2206 1283 2510 1338 felicitatem
2551 1281 2920 1350 possidebunt.
2971 1281 3095 1336 [iure
3125 1280 3226 1333 iste
3265 1287 3450 1333 contra
3489 1293 3586 1332 ca-

1994 1376 2244 1430 tholicam
2276 1373 2696 1428 fundatissimam
2739 1371 2897 1428 fidem
2931 1373 2948 1404 ¹
2980 1371 3234 1442 numquid
3267 1365 3448 1424 dicere
3487 1383 3583 1422 an-

1993 1467 2162 1529 derct,
2208 1467 2253 1521 si
2293 1465 2642 1536 qua-stionem
2687 1464 2997 1520 solvendam
3041 1465 3110 1519 de
3153 1465 3344 1517 anima:
3373 1461 3582 1532 origine

1994 1561 2136 1614 vires
2164 1573 2287 1613 suas
2313 1557 2657 1613 excedentem
2688 1558 2960 1628 suscipere
2982 1572 3087 1612 non
3115 1556 3376 1610 auderet?

2066 1649 2292 1706 CAPUT
2319 1649 2540 1726 Xlll.—:
2563 1650 2650 1704 lS.
2684 1649 2974 1704 Horrendis
3001 1657 3083 1704 est
3109 1649 3251 1704 enim
3277 1656 3582 1703 coarctatus

1994 1743 2254 1813 angustiis
2293 1742 2360 1796 ab
2385 1741 2463 1797 eis
2485 1741 2573 1812 qui
2600 1741 2817 1805 dicunt,
2855 1759 2873 1792 ι
2897 1740 3006 1794 Cur
3037 1740 3179 1795 Deus
3207 1740 3440 1802 animam
3475 1751 3582 1794 tam

1995 1837 2190 1906 injusta
2233 1833 2699 1888 animadversione
2727 1833 3001 1887 mulctavit
3020 1874 3034 1896 .
3063 1840 3120 1888 ut
3159 1831 3212 1886 in
3239 1847 3434 1902 corpus
3461 1847 3582 1888 eam

1996 1927 2202 1998 peccati
2241 1927 2482 1996 relegare
2514 1925 2741 1980 voluerit
2765 1941 2780 1991 ;
2807 1941 2928 1980 cum
2955 1924 3227 1979 consortio
3256 1925 3432 1980 carinis
3459 1939 3590 1994 pee-

1997 2020 2163 2075 catrix
2193 2033 2313 2074 esse
2341 2018 2560 2087 incipit,
2583 2027 2702 2088 qua:
2730 2017 2992 2086 peccatrix
3015 2031 3134 2072 esse
3173 2033 3278 2070 non
3315 2017 3519 2086 potuit?
3557 2033 3577 2068 ι

2003 2114 2191 2186 Ψίαιιθ
2215 2111 2602 2176 enim‘dicunt,
2639 2109 2792 2164 «Non
2823 2111 2995 2180 potuit
3035 2111 3214 2166 anima
3238 2124 3358 2166 esse
3393 2115 3588 2182 pecca-

2001 2205 2125 2270 trix,
2143 2203 2248 2258 nisi
2277 2218 2396 2258 eam
2419 2201 2560 2257 Deus
2581 2201 2883 2256 miscuisset
2905 2202 3082 2276 carnis
3097 2202 3366 2256 consortio
3397 2217 3588 2273 pecca-

2003 2297 2212 2353 tricis.»
2246 2295 2360 2364 Qua
2397 2307 2526 2364 ergo
2553 2292 2757 2363 justitia
2798 2291 2850 2347 id
2892 2291 3080 2348 fecerit
3119 2293 3295 2359 Deus,
3336 2307 3458 2347 cum
3488 2305 3590 2348 iste

2002 2389 2247 2445 invenire
2288 2402 2396 2441 non
2426 2394 2607 2456 posset
2636 2401 2652 2452 ;
2693 2383 2932 2439 maxime
2974 2393 3191 2454 propter
3219 2393 3473 2438 azternam
3499 2383 3595 2436 da-

2004 2483 2333 2540 mnationem
2347 2479 2688 2535 morientium
2708 2478 3070 2548 parvulorum,
3089 2478 3281 2548 quibus
3301 2491 3406 2532 non
3425 2477 3595 2546 bapti-

2005 2576 2137 2630 zatis
2181 2573 2458 2643 expiatum
2500 2586 2606 2626 non
2647 2569 2808 2625 fuerit
2844 2570 3101 2642 originale
3137 2579 3413 2638 peccatum
3455 2585 3597 2624 :cur

2007 2669 2188 2738 itaque
2235 2665 2378 2747 Dens
2409 2665 2588 2734 justus
2614 2671 2669 2718 et
2707 2663 2914 2726 bonus,
2967 2663 3309 2733 parvulorum
3352 2661 3594 2721 animas,

2006 2761 2199 2831 quibus
2220 2757 2488 2830 praescivit
2515 2771 2622 2812 non
2663 2756 3046 2812 snbventurum
3075 2754 3380 2810 christiana:
3410 2752 3599 2823 gratia;

2006 2851 2441 2917 Sacramentum,
2465 2849 2533 2903 ab
2552 2848 2699 2903 omni
2729 2862 2866 2902 noxa
2893 2845 3199 2918 propaginis
3221 2845 3441 2909 liberas,
3469 2845 3596 2898 mit-

2010 2943 2171 2999 tendo
2205 2940 2258 2996 in
2287 2956 2482 3011 corpus
2501 2939 2645 3010 quod
2667 2955 2734 2994 ex
2764 2939 2934 2994 Adam
2963 2937 3206 3004 trahitur,
3225 2936 3440 2992 vinculo
3465 2950 3594 3005 pce-

2007 3033 2114 3091 cati
2127 3032 2397 3105 originalis
2410 3029 2777 3098 obstrinxerit,
2791 3037 2950 3100 atque
2967 3028 3070 3083 isto
3081 3027 3242 3084 modo
3255 3041 3374 3082 reas
3382 3034 3602 3082 aeternae

2010 3126 2366 3184 damnationis
2392 3125 2660 3190 effecerit,
2685 3139 2808 3178 eum
2839 3121 3079 3176 invenire
3113 3137 3221 3175 non
3251 3126 3464 3189 posset;
3501 3133 3603 3173 nec

2011 3222 2179 3278 vellet
2199 3220 2379 3275 dicere
2397 3219 2558 3274 etiam
2585 3216 2732 3287 ipsas
2757 3231 2823 3270 ex
2846 3215 2936 3270 illa
2960 3230 3064 3269 una
3093 3200 3356 3282 originem
3391 3209 3604 3273 trahere

2013 3311 2400 3386 peccatricem:
2429 3308 2615 3364 maluit
2635 3323 2732 3378 per
2753 3305 3083 3376 naufragium
3110 3304 3413 3360 miserabile
3429 3305 3600 3361 exire.

2014 3423 2172 3480 quam
2202 3405 2543 3462 temerarium
2559 3417 2773 3460 cursum
2793 3402 2926 3458 velis
2942 3401 3216 3471 depositis,
3235 3409 3289 3454 et
3309 3398 3472 3454 remis
3492 3411 3605 3452 suae

2015 3497 2388 3569 disputationis
2414 3496 2674 3561 inhibitis,
2705 3494 2921 3565 provida
2951 3491 3337 3548 deliberatione
3366 3488 3600 3544 frenare.

2016 3595 2184 3652 Viluit
2223 3593 2420 3663 quippe
2454 3589 2636 3662 juveni
2673 3587 2856 3642 senilis
2897 3594 3078 3655 nostra
3121 3583 3422 3646 cunctatio,
3449 3579 3602 3649 quasi

2018 3689 2146 3744 huic
2180 3684 2574 3742 molestissima:
2593 3695 2657 3736 ac
2685 3675 3150 3750 periculosissima:
3173 3671 3456 3744 qumstioni
3483 3684 3604 3725 ma-

2019 3783 2100 3852 gis
2125 3779 2282 3835 fuerit
2307 3778 2537 3847 impetus
2564 3770 2921 3843 eloquentiae,
2959 3781 3120 3838 quam
3158 3763 3444 3819 consilium
3474 3775 3608 3832 pru-

2020 3850 2217 3929 dentia:
2241 3868 2626 3926 necessarium.
2661 3865 2730 3920 Et
2753 3859 2996 3934 praevidit
3026 3859 3128 3913 hoc
3155 3856 3314 3912 etiam
3342 3854 3485 3922 ipse,
3513 3850 3611 3905 sed

2023 3969 2239 4025 frustra.
2262 3962 2395 4019 Nam
2417 3961 2532 4016 lucc
2551 3957 2652 4014 sibi
2679 3955 2825 4012 velut
2850 3953 2918 4008 ab
2943 3948 3266 4007 adversariis
3302 3943 3609 4016 propositu-

2024 4077 2117 4118 rus
2137 4059 2378 4128 objecta,
2412 4074 2432 4108 ‹
2460 4053 2540 4110 Ex
2581 4053 2708 4108 hinc
2731 4049 2865 4113 alia,
2888 4066 2909 4100 ι
2943 4045 3147 4115 inquit,
3189 4059 3209 4094 ι
3232 4039 3612 4095 substruuntur

2026 4152 2312 4227 opprobria
2335 4147 2578 4220 querulis
2603 4135 3113 4200 murmurationibus
3131 4131 3530 4190 oblatrantinm.
3558 4138 3614 4182 et

2028 4225 2238 4308 excussi
2263 4243 2415 4316 quasi
2443 4239 2672 4312 quodam
2693 4235 2924 4300 turbine,
2953 4229 3242 4288 identidem
3265 4229 3404 4281 inter
3426 4225 3616 4278 imma-

2031 4343 2116 4397 nia
2147 4355 2272 4395 saxa
2298 4333 2618 4392 collidimur.
2641 4347 2661 4381 ι
2685 4328 2781 4384 llis
2799 4323 3071 4397 praedictis
3085 4319 3433 4392 qua-stionem
3454 4327 3614 4383 supra

1971 4470 1977 4476 -
2031 4432 2226 4487 dictam
2253 4422 2739 4497 scopiilosissimam
2759 4417 2861 4473 sibi
2884 4412 3184 4486 proposuit,
3214 4410 3304 4465 ubi
3328 4423 3358 4462 a
3392 4405 3496 4460 fide
3521 4419 3614 4459 ca-

2035 4525 2227 4580 tholica
2270 4495 2629 4587 naufragavit,
2678 4511 2781 4566 nisi
2819 4505 3068 4565 refecerit
3119 4500 3425 4574 pmnitcndo
3474 4495 3616 4567 quod

2035 4615 2212 4684 fregit.
2241 4613 2394 4667 illum
2423 4624 2523 4675 ego
2550 4609 2572 4640 ’
2599 4605 2867 4660 turbinem
2892 4609 3049 4669 atque
3071 4599 3158 4651 illa
3187 4610 3312 4650 saxa
3337 4592 3580 4647 devitans
3598 4625 3616 4652 ,

2037 4721 2222 4762 navem
2249 4705 2350 4757 illis
2371 4699 2704 4756 committere
2731 4693 2874 4749 nolui
2897 4711 2912 4749 :
2935 4700 2988 4746 et
3008 4691 3074 4744 de
3104 4689 3204 4742 bac
3229 4701 3286 4740 re
3313 4685 3382 4737 ita
3409 4681 3620 4748 scrips‘,

2037 4807 2095 4851 nt
2122 4795 2381 4850 rationem
2419 4790 2592 4860 potius
2627 4782 2985 4840 cunctationis
3014 4795 3179 4839 meae,
3211 4789 3372 4846 quam
3404 4771 3621 4826 temeri-

2037 4895 2204 4942 tatem
2246 4877 2679 4952 prtesumptionis
2722 4871 3060 4928 ostenderem
3103 4865 3242 4939 (Lib.
3279 4866 3314 4920 5
3353 4863 3416 4916 de
3443 4860 3621 4914 Libero

2039 4979 2280 5040 Arbitrio,
2309 4993 2362 5031 η.
2385 4973 2588 5038 59-62;
2613 4971 2700 5026 lib.
2721 4969 2759 5023 2
2778 4968 2842 5023 de
2867 4965 3200 5020 Peccatorum
3218 4959 3436 5023 Meritis,
3457 4975 3509 5012 η.
3534 4956 3628 5020 59;

2041 5075 2188 5146 epist.
2236 5069 2362 5134 166,
2409 5069 2476 5122 ad
2507 5065 2907 5145 Hieronymum,
2949 5067 3000 5114 et
3047 5056 3184 5123 190,
3214 5056 3284 5131 adq
3323 5051 3628 5124 Optatum).

2041 5167 2194 5238 Quod
2246 5163 2560 5234 opusculum
2605 5172 2784 5213 meum
2825 5171 2945 5210 cum
2999 5150 3139 5222 apud
3191 5159 3242 5204 te
3289 5147 3580 5204 invenisset
3609 5180 3627 5208 ,

2042 5259 2240 5324 irrisit,
2271 5270 2435 5327 seque
2465 5250 2838 5308 illis'cautibus
2874 5245 3198 5301 animosiure
3241 5244 3439 5311 impetu
3470 5250 3630 5310 quam

2043 5350 2370 5409 consultiore
2397 5344 2683 5403 commisit.
2713 5341 2818 5398 Sed
2857 5355 2962 5411 quo
3002 5353 3126 5392 cum
3167 5332 3496 5408 praalidentia
3531 5331 3631 5384 ista

2046 5441 2388 5517 perduxerit,
2420 5447 2549 5509 puto
2573 5433 2717 5506 quod
2756 5409 2898 5489 nunc
2936 5431 3119 5485 videas
3156 5447 3170 5484 :
3211 5409 3634 5482 uberius-anteit

2047 5554 2148 5610 ago
2175 5537 2283 5592 Deo
2316 5532 2547 5604 gratias,
2569 5529 2613 5584 si
2648 5537 2704 5584 et
2739 5537 2894 5582 antea
2921 5524 3032 5595 jam
3062 5521 3301 5577 videbas.
3333 5517 3464 5572 Cum
3493 5529 3636 5568 enim

2047 5609 2214 5688 nollet
2232 5627 2483 5684 cohibere
2513 5622 2838 5694 praecipitem
2861 5630 3098 5679 cursum,
3121 5619 3338 5684 propter
3353 5609 3629 5667 ancipitem

2049 5737 2364 5782 excursum,
2392 5715 2749 5772 miserabilem
2795 5709 2994 5766 invenit
3038 5707 3339 5772 incursum,
3388 5705 3632 5750 asserens

2117 5842 2132 5870 ι
2174 5833 2303 5897 Apud
2327 5840 2455 5897 t_.ov.,
2484 5827 2982 5890 fimrttitissimamqne.

2116 5903 2136 5932 ι
2171 5893 2309 5958 t-jliti,
2334 5893 2473 5945 illum
2495 5904 2629 5954 ergo.
