4096 6568
463 420 566 484 507

466 535 633 594 Deum
651 533 884 605 parvulis
903 531 1019 587 sine
1031 526 1316 584 christiana
1346 524 1748 596 regeneratione
1761 521 2048 600 defunctis,

463 638 520 682 et
547 627 707 681 modo
741 622 1044 695 paradisum
1065 661 1079 686 ,
1104 628 1158 676 et
1187 627 1374 689 postea
1413 631 1632 686 regnum
1665 615 1910 669 conferre
1937 617 2053 668 ἕως

472 721 670 773 lorum.

393 842 403 891 ζ
538 827 762 916 CAPUT
787 824 927 882 XIV.
948 853 1021 865 —
1060 821 1147 878 l9.
1171 819 1568 916 Scripturarum
1598 831 1728 873 vero
1755 813 2056 916 testimonia

470 905 818 994 qurecumque
841 916 1034 989 posuit,
1059 913 1248 985 quibus
1275 913 1480 966 animas
1509 906 1676 965 Deum
1699 923 1806 963 non
1831 922 1895 963 ex
1914 905 2060 962 illius

467 1014 656 1082 primae
696 1009 986 1081 propagine
1025 1004 1312 1074 attrahere,
1349 1001 1444 1058 sed
1475 1001 1612 1055 sicut
1633 1000 1802 1070 ipsam
1832 997 2058 1068 primam

407 1081 412 1088 ’
465 1081 590 1156 suas
618 1101 917 1172 quibusque
941 1095 1166 1167 singulis
1199 1092 1491 1158 insumare,
1524 1091 1667 1146 velut
1711 1089 1938 1160 probare
1965 1103 2058 1143 co-

465 1201 624 1246 natus
649 1200 750 1256 est,
779 1189 850 1243 ita
875 1196 1016 1252 sunt,
1036 1185 1177 1257 quod
1198 1184 1265 1238 ad
1293 1185 1446 1238 istam
1477 1182 1823 1252 quzestionem
1845 1180 2058 1248 attinet,

467 1285 668 1338 incerta
700 1292 754 1338 et
775 1280 1052 1351 ambigua,
1083 1287 1142 1332 ut
1163 1278 1322 1332 etiam
1349 1276 1502 1331 aliter
1522 1275 1726 1345 accipi,
1758 1289 1916 1344 quam
1947 1274 2063 1343 ipse

467 1373 615 1436 vult,
662 1371 911 1426 facillime
951 1369 1176 1440 possint.
1207 1367 1358 1436 Quod
1389 1366 1500 1438 jam
1549 1365 1604 1420 in
1641 1380 1707 1421 eo
1738 1365 1874 1419 libro
1902 1379 2062 1434 quem

468 1463 657 1534 scripsi
683 1461 749 1516 ad
778 1461 1006 1515 amicum
1025 1469 1288 1524 nostrum,
1317 1455 1468 1526 cujus
1493 1453 2062 1511 commemorationem

470 1553 718 1623 superius
749 1552 878 1616 feci,
910 1551 1069 1612 satis.
1101 1559 1355 1620 quantum
1387 1546 1666 1613 existimo,
1698 1543 2062 1600 demonstravi

471 1645 692 1716 (Supra,
714 1643 800 1697 lib.
834 1644 888 1709 1,
913 1660 968 1696 n.
999 1641 1064 1696 i7
1085 1639 1222 1710 sqq.)
1247 1636 1574 1694 Testimonia
1595 1637 1791 1708 quippe
1815 1636 1926 1706 ipsa
1945 1649 2065 1706 quo!

474 1735 734 1799 adhibuit,
761 1734 848 1788 ubi
882 1733 1074 1803 legitur
1094 1731 1238 1786 Deus
1264 1729 1470 1784 animas
1485 1729 1569 1809 vel
1590 1717 1738 1792 dare,
1758 1726 1843 1781 vel
1868 1725 2063 1792 facere,

470 1827 555 1882 vel
583 1827 814 1895 ﬁngere;
845 1825 983 1880 unde
1011 1821 1125 1878 illas
1147 1822 1256 1884 det,
1283 1821 1368 1875 vel
1394 1819 1532 1876 unde
1559 1819 1718 1875 faciat
1741 1821 1858 1874 sive
1880 1819 2064 1890 lingat,

472 1935 576 1972 non
603 1916 927 1980 ostendunt;
960 1926 1138 1971 utrum
1170 1929 1234 1970 ex
1264 1913 1554 1984 propagine
1586 1912 1730 1968 illius
1757 1913 1970 1983 prima},
1998 1928 2066 1967 an

383 2063 390 2072 ,
473 2009 798 2064 insnfﬁando
818 2010 955 2063 sicut
988 2008 1130 2062 illam
1160 2006 1408 2075 primam.
1439 2005 1543 2060 Iste
1563 2014 1739 2060 autem
1767 2020 1833 2060 ex
1863 2021 1928 2060 eo
1953 2006 2068 2074 ipso

471 2102 612 2172 quod
643 2103 836 2172 legitur
865 2101 1074 2155 animas
1103 2101 1242 2155 Deus
1271 2098 1432 2162 dare,
1463 2098 1575 2153 sive
1593 2098 1787 2163 facere,
1819 2097 1936 2152 sive
1966 2097 2068 2152 ﬁn-

393 2196 404 2213 '
471 2205 599 2262 gere
618 2191 768 2262 (Isai.
796 2204 923 2256 xui,
951 2192 1004 2254 5;
1033 2207 1161 2256 Lvtt,
1191 2191 1277 2256 16,
1309 2187 1531 2244 thacIi.
1562 2205 1660 2256 ιιι,
1692 2188 1768 2260 Ι),
1789 2189 1897 2253 jam
1923 2197 2070 2259 putat

473 2285 771 2340 animarum
811 2291 1056 2354 negatam
1097 2297 1216 2338 esse
1263 2281 1607 2352 propaginem
1663 2297 1676 2334 :
1723 2297 1844 2336 cum
1899 2283 2066 2345 heus,

475 2375 663 2430 eadem
691 2375 961 2446 Scriptura
991 2383 1146 2441 teste,
1181 2375 1338 2428 etiam
1361 2388 1585 2444 corpora
1612 2372 1722 2438 det,
1754 2374 1867 2429 sive
1893 2373 2066 2440 faciat,

477 2468 592 2522 sive
616 2467 794 2536 lingat,
828 2482 946 2536 quae
977 2474 1152 2520 tamen
1183 2457 1250 2520 ab
1284 2465 1376 2519 illo
1397 2479 1462 2520 ex
1501 2465 1791 2536 propagine
1813 2465 2071 2520 seminis1

481 2556 629 2622 dari,
658 2557 794 2621 ﬁeri,
816 2557 960 2628 ﬁngi.
983 2571 1140 2612 nemo
1167 2555 1409 2625 ambigit.

551 2647 643 2703 20.
681 2648 808 2703 ltem
837 2648 978 2720 quod
1003 2648 1256 2718 scriptum
1286 2659 1366 2704 est
1386 2690 1400 2714 ,
1430 2663 1494 2703 ea:
1512 2664 1613 2702 uno
1634 2649 1881 2720 sanguine
1903 2649 2071 2703 Deum

483 2739 673 2795 fecisse
697 2757 845 2794 omne
869 2757 1024 2811 genus
1049 2739 1312 2794 hominum
1335 2737 1472 2811 (Act.
1495 2754 1630 2805 xvn,
1657 2740 1784 2810 26);
1814 2739 1898 2794 vel
1927 2739 2073 2808 quod

485 2830 561 2883 ait
603 2830 801 2894 Adam,
837 2829 952 2884 Hoc
995 2847 1126 2884 nunc
1171 2847 1226 2885 os
1267 2846 1332 2884 ea:
1358 2828 1552 2885 ossibus
1579 2829 1731 2896 meis,
1769 2839 1816 2883 et
1857 2846 1976 2884 caro
2014 2830 2078 2885 de

485 2936 638 2974 carne
677 2919 970 2991 mea.(Gen.
1002 2937 1068 2984 ll,
1098 2917 1190 2994 9.5)
1221 2937 1234 2972 :
1268 2921 1390 2990 quia
1421 2935 1592 2990 neque
1626 2921 1694 2976 ibi
1729 2920 1928 2976 dictum
1955 2929 2072 2987 est,

491 3011 570 3066 Ex
597 3029 703 3068 una
745 3013 956 3080 anima;
1001 3027 1172 3083 neque
1213 3012 1329 3079 hic,
1374 3012 1564 3079 Anima
1605 3012 1671 3067 dc
1711 3013 1888 3066 anima
1923 3028 2074 3079 mea;

486 3115 638 3174 putat
665 3106 847 3176 negari
877 3106 1082 3160 animas
1109 3106 1333 3160 ﬁliorum
1367 3119 1431 3160 ex
1461 3104 1791 3176 parentibus,
1824 3104 1908 3159 vel
1934 3104 2076 3160 illius

491 3197 731 3252 mulieris
757 3214 821 3252 ex
853 3199 1000 3252 viro:
1029 3196 1178 3267 quasi
1197 3210 1322 3252 vero
1347 3195 1390 3250 si
1420 3211 1549 3260 non,
1581 3212 1644 3250 ea;
1671 3211 1772 3250 uno
1797 3195 2076 3266 sanguine,

491 3287 607 3352 sed,
640 3287 716 3342 Ex
746 3303 849 3342 una
871 3287 1046 3342 anima
1074 3287 1362 3352 diceretur,
1393 3286 1534 3341 aliud
1563 3301 1720 3356 quam
1750 3294 1892 3341 totus
1919 3288 2079 3340 homo

490 3369 902 3450 intelligeretur,
930 3395 1029 3434 nec
1056 3379 1295 3448 corporis
1326 3377 1638 3457 propagatio
1663 3387 1968 3448 negaretur.
1991 3378 2080 3432 Sic

488 3471 648 3524 etiam
694 3469 739 3524 si
775 3469 972 3523 dictum
1003 3476 1174 3534 esset,
1219 3468 1412 3523 Anima
1455 3467 1522 3522 de
1568 3467 1744 3522 anima
1785 3483 1930 3532 mea;
1971 3482 2078 3522 non

489 3560 672 3629 utique
697 3567 980 3630 negaretur
1002 3575 1156 3622 caro,
1187 3573 1344 3630 quam
1373 3557 1441 3614 de
1475 3557 1568 3614 illo
1589 3568 1892 3627 exemptam
1915 3557 2100 3629 fuisse.

491 3651 790 3706 constabat.
827 3651 870 3705 Α
903 3659 1053 3720 parte
1090 3651 1232 3706 enim
1265 3657 1430 3703 totum
1453 3689 1468 3714 ,
1508 3648 1647 3702 sicut
1690 3650 1850 3702 etiam
1895 3663 1924 3702 a
1967 3657 2080 3702 toto

493 3751 694 3810 partem
727 3741 1040 3812 plerumque
1069 3739 1343 3809 Scriptura
1383 3739 1660 3809 significat.
1691 3737 1822 3792 Nam
1861 3747 2008 3794 certe
2033 3737 2082 3794 si

489 3811 596 3887 non
616 3875 631 3898 ,
660 3811 845 3886 exuite
873 3832 1145 3903 sanguine,
1177 3831 1292 3894 sed,
1323 3831 1400 3886 Ex
1429 3846 1539 3886 uno
1566 3831 1814 3898 homine,
1841 3833 1932 3888 illo
1961 3833 2081 3888 loco

489 3923 746 3992 scriptum
772 3930 933 3988 esset,
964 3923 1263 3976 institutum
1283 3936 1400 3976 esse
1417 3937 1584 3992 genus
1601 3922 1912 3992 luunanum,
1935 3925 2080 3980 unde

491 4009 591 4066 iste
619 4011 862 4066 adhibuit
887 4012 1279 4077 testimonium,
1312 4027 1422 4066 non
1462 4013 1835 4083 prmjudicaret
1855 4015 1970 4069 istis
1989 4017 2078 4087 qui

489 4109 689 4170 ne-gant
739 4102 1036 4156 animarum
1085 4103 1463 4174 propaginem;
1505 4104 1748 4173 quamvis
1802 4120 1908 4160 non
1957 4107 2071 4163 sola

489 4195 695 4258 anima,
729 4209 828 4250 nec
869 4194 980 4248 sola
1029 4209 1186 4262 caro,
1217 4193 1312 4250 sed
1335 4201 1618 4266 utrumque
1645 4197 1715 4250 sit
1755 4196 1936 4252 homo.
1970 4198 2078 4254 Re-

492 4283 820 4353 sponderent
839 4285 980 4340 enim
1002 4299 1032 4338 a
1057 4293 1170 4340 toto
1198 4295 1424 4356 partem,
1452 4285 1503 4340 id
1526 4295 1628 4349 est,
1650 4287 1718 4343 ab
1750 4287 1968 4344 homine
1987 4305 2078 4344 so-

490 4379 596 4432 lam
621 4377 851 4433 hominis
870 4395 1110 4445 carnem,
1139 4378 1470 4449 Scripturam
1491 4380 1790 4452 signiﬁcare
1817 4383 2074 4451 potuisse.

491 4469 581 4524 Sic
605 4484 732 4540 ergo
765 4477 819 4524 et
856 4470 889 4524 ii
927 4469 1018 4540 qui
1049 4470 1342 4526 defendunt
1377 4471 1672 4527 animarum
1700 4474 2072 4544 propaginem,

491 4561 620 4616 illud
643 4562 783 4632 quod
805 4561 1002 4616 dictum
1030 4571 1133 4627 est,
1157 4579 1220 4616 ea:
1237 4578 1338 4616 uno
1356 4563 1622 4633 sanguine,
1645 4578 1741 4633 per
1765 4565 2078 4634 sanguinem

493 4652 696 4707 Scilicet
726 4652 993 4707 hominem
1014 4693 1028 4716 ,
1063 4651 1114 4706 id
1146 4660 1245 4717 est,
1280 4667 1309 4707 a
1338 4661 1486 4723 parte
1521 4661 1689 4708 totum
1727 4654 2076 4724 signiﬁcatum

417 4728 421 4732 ’
489 4758 610 4798 esse
631 4741 978 4798 contendunt.
1001 4743 1148 4799 Sicut
1177 4744 1318 4798 enim
1348 4742 1558 4799 videtur
1585 4745 1704 4800 illos
1719 4744 1776 4815 ju
1788 4760 1911 4800 vare
1934 4746 2076 4816 quod

491 4833 688 4888 dictum
718 4841 820 4900 est,
851 4849 914 4888 ea:
941 4850 1040 4888 uno
1070 4835 1350 4906 sanguine,
1387 4849 1488 4889 nec
1516 4835 1715 4890 dictum
1739 4846 1842 4902 est,
1867 4837 1943 4892 Ex
1973 4852 2080 4892 uno

499 4925 714 4979 homine
742 4944 755 4978 :
789 4925 865 4981 sic
894 4925 1102 4982 videtur
1123 4936 1174 4980 et
1199 4927 1328 4980 istos
1363 4925 1552 4995 juvare
1583 4927 1723 4996 quod
1755 4926 1952 4982 dictum
1972 4937 2075 4992 est,

497 5015 596 5068 Per
623 5033 781 5068 unum
823 5016 1074 5072 hominem
1105 5027 1362 5088 percolunt
1386 5017 1593 5071 intrarit
1629 5017 1682 5071 in
1722 5017 1968 5072 mundum
1987 5061 2000 5082 ,
2030 5028 2079 5072 et

491 5122 580 5172 per
605 5115 861 5172 peccatum
887 5122 1053 5171 mors;
1077 5109 1212 5160 etim
1239 5107 1290 5160 in
1315 5124 1488 5162 omnes
1513 5108 1740 5162 homines
1764 5110 2074 5178 pertransiit,

489 5196 540 5246 in
558 5212 655 5263 quo
675 5211 845 5249 omnes
867 5209 1189 5264 peccaverunt
1217 5197 1392 5270 (Rom.
1417 5215 1472 5265 v,
1497 5200 1608 5272 12);
1633 5215 1731 5256 nec
1753 5203 1952 5256 dictum
1974 5211 2074 5268 est,

491 5285 546 5337 in
575 5300 679 5352 quo
709 5286 944 5340 onminm
971 5301 1096 5340 caro
1134 5289 1388 5356 peccavit.
1419 5287 1659 5361 Itemque
1684 5293 1822 5346 sicut
1857 5291 1977 5346 illos
2001 5291 2077 5344 vi-

491 5375 649 5427 detur
669 5373 856 5440 juvare
879 5374 1022 5444 quod
1051 5375 1248 5431 dictum
1270 5387 1355 5434 est
1373 5419 1389 5446 ,
1425 5379 1535 5434 Hoc
1555 5397 1689 5434 nunc
1716 5398 1772 5435 os
1799 5398 1861 5436 ca;
1884 5380 2080 5436 ossibus

493 5459 614 5516 meis
633 5505 648 5525 ,
677 5473 724 5517 et
763 5479 882 5518 caro
919 5465 983 5519 de
1011 5481 1163 5520 carne
1190 5483 1334 5532 mea;
1368 5470 1488 5535 quia
1518 5487 1639 5540 pars
1663 5481 1749 5527 est
1768 5470 1911 5526 dicta
1929 5513 1944 5538 ,
1973 5486 2076 5526 non

493 5565 658 5607 totum
691 5570 706 5608 :
739 5570 817 5610 sic
853 5552 1040 5610 iterum
1067 5557 1196 5612 istos
1217 5599 1232 5624 ,
1256 5560 1396 5628 quod
1423 5562 1489 5613 ibi
1521 5564 1773 5618 continuo
1796 5565 2038 5636 sequitur
2059 5606 2076 5632 ,

497 5651 621 5700 Ιίιιιε
650 5647 906 5702 vocabitur
930 5654 1126 5715 nmltcr,
1151 5651 1389 5720 quoniam
1415 5652 1478 5706 de
1503 5656 1606 5708 riro
1635 5673 1725 5710 suo
1753 5667 1953 5725 sumpta
1981 5667 2074 5712 est.

550 5821 564 5852 '
601 5829 775 5872 netues
800 5815 930 5885 Mss,
954 5838 1017 5876 ea:
1039 5823 1297 5891 proprtgiui
1310 5840 1318 5872 ;
1337 5827 1528 5878 satiate.

1317 407 1406 470 DE
1445 409 1656 468 ANIMA
1697 409 1786 466 ET
1826 400 1989 466 LJUS
2025 404 2326 472 ORIGINE,
2367 408 2424 464 S.
2466 400 2838 466 AUGUSTINI

3639 404 3747 463 508

2167 521 2354 578 Debuit
2385 523 2526 578 enim
2556 523 2658 578 diei
2681 566 2697 591 ,
2727 524 2906 587 aiunt,
2937 517 3198 591 Quoniam
3240 520 3308 577 de
3347 521 3460 574 viro
3496 534 3594 574 suo
3622 534 3754 576 caro

2163 615 2278 684 ejus
2301 624 2511 686 sumpta
2535 625 2648 684 est;
2685 617 2730 671 si
2763 631 2865 670 non
2898 625 3005 672 tota
3029 615 3238 680 mulier,
3273 613 3323 668 id
3352 625 3452 679 est,
3481 629 3599 670 cum
3627 618 3752 667 ani—

2163 722 2280 771 ma,
2312 707 2406 764 sed
2446 708 2559 764 sola
2587 723 2714 764 caro
2752 717 3056 763 sumeretur
3085 724 3150 762 ex
3186 707 3321 762 viro.
3367 707 3534 762 Porro
3565 717 3746 760 autem

2165 801 2406 870 utrisque
2433 799 2656 867 auditis,
2680 799 2768 870 qui
2795 799 2909 854 sine
2940 799 3116 854 studio
3158 798 3388 868 partium
3411 797 3648 868 judicat,
3676 797 3758 850 vi-

2164 893 2256 947 det
2275 891 2532 963 profecto,
2565 907 2662 946 nec
2691 898 2875 946 contra
2897 891 3027 945 istos
3049 891 3139 962 qui
3171 889 3512 960 propaginem
3545 889 3756 942 anima-

2165 997 2285 1037 rum
2306 981 2597 1038 defendunt
2616 981 2930 1052 proferenda
2949 982 3038 1035 illa
3061 981 3362 1036 testimonia
3390 981 3476 1036 ubi
3508 994 3629 1051 pars
3660 994 3759 1033 no-

2166 1075 2428 1141 minatur;
2452 1075 2574 1145 quia
2595 1075 2770 1144 potuit
2795 1075 3066 1144 Scriptura
3088 1074 3390 1143 signiﬁcare
3409 1073 3518 1129 illic
3541 1089 3572 1128 a
3602 1085 3756 1142 parte

2169 1175 2336 1220 totum
2357 1207 2371 1232 ,
2417 1163 2555 1221 sicut
2591 1164 2804 1221 Verbum
2838 1181 2956 1219 caro
2987 1165 3180 1234 factum
3209 1175 3282 1218 est
3324 1164 3502 1236 (Joan.
3531 1181 3565 1228 ι.
3606 1165 3678 1220 14
3710 1167 3751 1236 ),

2166 1273 2288 1312 cum
2319 1258 2571 1328 legimus,
2608 1274 2713 1315 non
2741 1258 2924 1329 utique
2963 1272 3181 1314 carnem
3213 1259 3379 1312 solam
3400 1299 3418 1324 ,
3457 1259 3552 1314 sed
3583 1259 3759 1312 homi-

2169 1363 2292 1404 nem
2321 1357 2490 1404 totum
2515 1349 2897 1420 intelligimus:
2939 1364 3039 1404 nec
3063 1358 3246 1404 contra
3282 1350 3402 1406 illos
3430 1350 3519 1420 qui
3565 1366 3760 1420 pmpa-

2167 1439 2346 1512 ginem
2376 1441 2674 1496 animarum
2705 1440 3006 1505 destruunt,
3031 1439 3129 1496 ista
3160 1441 3496 1512 proferenda,
3530 1443 3620 1497 ubi
3651 1458 3758 1498 non

2168 1546 2292 1602 pars
2322 1531 2572 1599 hominis,
2608 1531 2701 1588 sed
2731 1540 2898 1587 totum
2920 1542 3402 1597 commemoratur;
3435 1533 3556 1604 quia
3587 1533 3760 1603 potuit

2170 1623 2240 1678 ibi
2261 1623 2533 1692 Scriptura
2555 1640 2583 1675 a
2616 1631 2730 1678 toto
2761 1631 2962 1694 partem
2985 1622 3306 1694 signiﬁcare,
3329 1624 3465 1678 sicut
3488 1626 3760 1694 sepultam

2171 1713 2487 1770 conﬁtemur
2509 1715 2778 1770 Christum
2804 1756 2820 1783 ,
2845 1729 2966 1769 eum
2996 1715 3113 1786 ejus
3141 1729 3267 1770 caro
3297 1716 3408 1770 sola
3435 1717 3645 1786 sepulta
3667 1718 3759 1772 sit.

2171 1805 2249 1859 Ac
2275 1820 2370 1874 per
2387 1803 2488 1860 hoc
2503 1804 2848 1876 propaginem
2867 1805 3165 1860 animarum
3184 1815 3505 1874 nectentere
3517 1815 3763 1863 astruen-

2172 1894 2314 1962 dam,
2354 1911 2454 1951 nec
2482 1905 2682 1952 temere
2703 1882 3078 1950 destruendam
3098 1895 3324 1951 dicimus
3357 1913 3370 1949 :
3391 1897 3485 1952 sed
3506 1897 3765 1956 admone-

2173 2003 2291 2042 mus
2309 2030 2324 2055 ,
2364 1988 2468 2043 alia
2495 1988 2796 2044 testimonia
2824 2003 2948 2045 esse
2985 1988 3298 2060 quaerenda,
3325 2005 3444 2061 qua:
3471 2007 3576 2048 non
3608 1992 3763 2049 inve-

2176 2079 2385 2133 niantur
2411 2079 2681 2149 ambigua.

2241 2167 2468 2224 CAPUT
2497 2167 2614 2224 XV.
2649 2199 2722 2211 —
2742 2168 2833 2224 21.
2859 2168 3214 2236 Quamobrem
3242 2212 3254 2235 ,
3287 2170 3414 2242 quid
3444 2181 3494 2228 te
3521 2172 3622 2229 iste
3659 2173 3764 2230 do-

2173 2260 2362 2326 cuerit,
2394 2271 2447 2314 ct
2483 2259 2620 2314 unde
2651 2263 2852 2331 gratias
2885 2261 3090 2332 egeris,
3129 2244 3364 2316 nondum
3406 2265 3540 2321 scio.
3581 2265 3764 2323 Manet

2173 2352 2368 2423 quippe
2421 2352 2506 2406 illa
2543 2355 2768 2424 quaestio
2803 2354 2944 2408 sicut
2982 2363 3128 2422 erat,
3172 2355 3226 2409 in
3270 2371 3372 2426 qua
3409 2357 3667 2427 qumritur
3698 2359 3767 2416 de

2176 2445 2471 2498 auiinarum
2506 2446 2743 2516 origine,
2791 2453 2967 2500 utrum
3017 2445 3136 2500 illas
3189 2446 3330 2501 Deus
3369 2463 3433 2502 ex
3473 2451 3767 2523 propagine

2178 2538 2318 2592 illius
2344 2539 2531 2605 unius,
2568 2554 2726 2608 quam
2764 2539 2939 2609 primo
2987 2537 3276 2593 insufﬁavit
3324 2538 3562 2608 homini;
3599 2559 3670 2598 an
3699 2560 3768 2601 ex

2177 2626 2304 2682 flatu
2335 2644 2452 2692 suo,
2487 2630 2623 2684 sicut
2658 2630 2829 2698 primo
2863 2627 3088 2694 homini,
3117 2627 3226 2694 det,
3259 2627 3438 2696 faciat,
3469 2630 3636 2704 ﬁngat
3663 2634 3768 2689 ho-

2180 2719 2440 2789 minibus,
2465 2737 2595 2791 quas
2622 2739 2743 2776 etnn
2769 2723 2930 2785 dare,
2959 2721 3134 2778 facere
3155 2764 3171 2789 ,
3207 2723 3406 2796 ﬁngere
3425 2766 3438 2791 ,
3465 2719 3598 2782 ﬁdes
3616 2729 3768 2784 chri-

2179 2813 2347 2866 stiana
2371 2830 2474 2867 non
2498 2814 2724 2870 dubitat.
2742 2815 2910 2884 Quam
2928 2816 3278 2887 quaestionem
3297 2817 3396 2872 iste
3415 2833 3536 2874 cum
3553 2823 3770 2880 solvere

2179 2911 2492 2971 conaretur,
2521 2919 2623 2960 nec
2652 2907 2792 2962 vires
2823 2923 2948 2962 suas
2982 2909 3310 2978 intueretur,
3343 2907 3624 2968 destruens
3652 2917 3769 2970 ani-

2181 3010 2388 3050 marum
2429 2999 2770 3068 propaginem
2797 3041 2811 3064 ,
2842 3008 2898 3055 et
2929 3015 3176 3058 asserens
3204 3021 3296 3060 eas
3331 3021 3490 3076 puras
3522 3007 3590 3061 ab
3619 3009 3770 3063 omni

2180 3087 2496 3158 eontagione
2523 3089 2746 3159 peccati,
2777 3106 2880 3146 non
2911 3091 2978 3146 de
3005 3093 3190 3160 nihilo,
3222 3095 3318 3152 sed
3353 3096 3421 3152 de
3452 3113 3511 3152 se
3535 3097 3654 3168 ipso
3683 3099 3770 3152 in-

2181 3180 2396 3236 sufﬁare
2421 3182 2758 3247 Creatorem,
2797 3192 2851 3239 et
2879 3195 3121 3240 naturam
3163 3188 3250 3242 Dei
3281 3189 3645 3245 mutabilitatis
3671 3207 3772 3260 op-

2184 3275 2418 3344 probrio,
2455 3275 2594 3345 quod
2624 3291 2843 3332 necesse
2870 3294 2974 3332 non
3006 3277 3198 3345 fuerat,
3229 3280 3534 3347 infamavit;
3558 3293 3612 3338 et
3639 3283 3768 3338 dum

2181 3369 2290 3422 vult
2319 3369 2542 3424 reddere
2571 3370 2838 3430 rationem
2856 3413 2872 3437 ,
2900 3387 2965 3426 ne
2991 3373 3132 3427 Deus
3164 3372 3414 3430 credatur
3433 3375 3695 3445 injustas,
3722 3373 3770 3430 si

2183 3475 2342 3528 puras
2363 3462 2431 3517 ab
2460 3450 2606 3516 omni
2635 3474 2852 3530 peccato
2880 3464 3086 3518 animas
3103 3507 3117 3532 ,
3137 3467 3298 3520 etiam
3330 3467 3448 3522 illas
3471 3483 3604 3538 quas
3626 3468 3774 3523 chri-

2183 3551 2354 3606 stiana
2395 3553 2800 3622 regeneratione
2835 3569 2940 3609 non
2979 3557 3194 3611 redimit
3233 3559 3273 3622 ί,
3306 3549 3532 3615 vinculo.
3565 3561 3771 3631 peccati

2182 3644 2452 3714 originalis
2472 3644 2712 3713 innectit,
2740 3659 2801 3700 ea
2829 3646 2960 3700 dixit
2980 3663 3096 3718 quae
3125 3657 3176 3703 te
3197 3651 3318 3704 nolo
3337 3650 3599 3706 docuerit.
3627 3653 3669 3706 Τ
3673 3670 3772 3707 au-

2183 3742 2294 3788 tum
2325 3735 2466 3790 enim
2495 3734 2682 3792 salutis
2701 3745 2756 3792 et
2785 3737 3050 3792 felicitatis
3078 3754 3181 3793 non
3214 3739 3491 3810 baptizatis
3532 3745 3772 3812 parvulis

2185 3825 2386 3890 trilmit,
2409 3837 2664 3896 quantum
2694 3842 2794 3882 nec
2820 3826 3100 3898 Pelagiana
3129 3827 3353 3885 hatresis
3373 3832 3562 3902 potuit.
3594 3833 3659 3888 Et
3683 3843 3770 3888 ta-

2183 3931 2304 3970 men
2335 3915 2403 3970 de
2446 3925 2520 3970 tot
2552 3917 2786 3972 millibus
2834 3919 3177 3988 parvulorum
3201 3961 3218 3986 ,
3247 3923 3336 3992 qui
3379 3933 3674 3978 nascuntur
3701 3940 3771 3980 ex

2184 4005 2381 4077 impiis,
2426 4017 2478 4064 et
2506 4007 2644 4063 inter
2674 4009 2866 4080 impios
2892 4011 3212 4079 moriuntur,
3241 4029 3346 4068 non
3377 4015 3570 4084 quibus
3597 4016 3772 4072 homi-

2183 4112 2279 4152 nes
2314 4114 2408 4168 per
2434 4098 2761 4169 Baptismum
2779 4141 2794 4166 ,
2823 4115 2944 4156 cum
2985 4103 3176 4171 velint,
3203 4104 3489 4160 subvenire
3515 4122 3620 4162 non
3638 4123 3770 4178 pos-

2182 4200 2325 4257 sunt,
2353 4189 2446 4246 sed
2466 4191 2534 4246 dc
2551 4192 2742 4262 quibus
2771 4192 3099 4263 baptizandis
3125 4211 3282 4251 nemo
3308 4198 3479 4266 potuit
3498 4199 3582 4253 vel
3609 4209 3767 4268 pote-

2183 4285 2252 4336 rit
2276 4284 2531 4353 cogitare;
2558 4299 2658 4340 nec
2671 4285 2948 4357 quisquam
2969 4301 3066 4357 pro
3085 4288 3164 4343 eis
3180 4280 3370 4344 obtulit
3393 4290 3472 4345 vel
3491 4291 3769 4347 oblaturus

2183 4384 2266 4429 est
2293 4376 2607 4431 sacriﬁcium
2627 4417 2644 4443 ,
2684 4378 2828 4448 quod
2867 4379 2968 4434 iste
2993 4379 3152 4434 etiam
3179 4395 3274 4450 pro
3304 4383 3458 4438 nobis
3484 4383 3769 4454 baptizatis

2182 4467 2391 4522 censuit
2435 4467 2763 4524 offerendum
2818 4470 2862 4538 ',
2893 4471 3018 4541 quid
3054 4471 3258 4527 diceret
3289 4490 3394 4528 non
3434 4474 3654 4533 invenit.
3691 4477 3770 4534 De

2183 4556 2374 4630 qpibus
2401 4556 2445 4611 si
2471 4555 2630 4612 fuerit
2657 4558 3034 4631 interrogatus,
3062 4576 3249 4617 eorum
3279 4563 3470 4620 anima:
3494 4567 3620 4637 quid
3656 4583 3774 4622 me-

2182 4650 2419 4716 ruerint,
2448 4656 2507 4704 ut
2544 4650 2658 4705 illas
2685 4650 2827 4707 Deus
2863 4667 2964 4708 nec
2999 4653 3288 4710 abluendas
3323 4656 3626 4726 Baptismo,
3671 4675 3772 4716 nec

2183 4740 2472 4810 expiandas
2503 4739 2702 4796 Christi
2731 4743 2970 4813 corporis
2999 4753 3054 4799 et
3081 4745 3354 4816 sanguinis
3390 4747 3690 4816 sacrificio,
3717 4759 3774 4804 et

2183 4829 2237 4886 in
2257 4840 2515 4886 aeternum
2541 4831 2872 4889 damnandos
2897 4835 3044 4890 carni
3079 4836 3279 4892 inserat
3301 4840 3578 4907 peccatrici
3605 4839 3647 4905 ³;
3680 4851 3772 4895 aut

2182 4923 2400 4976 omnino
2427 4921 2668 4990 haerebit,
2692 4935 2745 4979 et
2769 4925 2818 4980 ei
2843 4937 3021 4982 nOSIra
3049 4929 3316 4982 cunctatio
3340 4930 3423 4984 vel
3454 4947 3576 4986 sero
3601 4933 3776 5002 place-

2183 5013 2261 5070 hit
2283 5056 2298 5079 ,
2343 5022 2436 5069 aut
2473 5016 2628 5070 simul
2657 5031 2752 5085 pro
2787 5018 3036 5072 omnibus
3067 5021 3334 5089 parvulis,
3373 5023 3460 5092 qui
3502 5031 3613 5078 toto
3635 5027 3775 5081 orbe

2183 5115 2443 5161 terrarum
2462 5105 2577 5162 sine
2609 5106 2901 5163 christiano
2927 5107 3250 5179 Baptismate
3269 5113 3586 5176 moriuntur,
3610 5116 3774 5171 etiam

2183 5212 2366 5251 eorum
2400 5198 2704 5252 nominibus
2723 5188 2894 5254 tacitis
2913 5241 2929 5266 ,
2955 5201 3207 5272 quoniam
3237 5205 3548 5258 nesciuutur
3578 5204 3631 5259 in
3668 5206 3774 5260 Ec-

2182 5289 2344 5344 clesia
2377 5288 2608 5357 Christi,
2637 5307 2742 5346 non
2777 5291 3127 5363 incorporatis
3155 5295 3369 5362 corpori
3387 5293 3604 5360 Christi,
3636 5298 3774 5354 olfe-

2185 5380 2408 5436 rendum
2440 5396 2634 5450 corpus
2657 5381 2854 5438 Christi
2873 5398 2995 5438 esse
3019 5385 3281 5439 censebit.

2254 5469 2479 5526 CAPUT
2505 5471 2643 5527 XVI.
2666 5502 2738 5513 ——
2759 5472 2848 5526 22.
2878 5473 3034 5528 Absit
3067 5491 3096 5529 a
3127 5485 3207 5540 te,
3231 5475 3425 5541 frater,
3451 5486 3511 5531 ut
3541 5474 3658 5530 hinc
3679 5477 3776 5532 tibi

2248 5587 2261 5618 ¹
2299 5588 2371 5635 sic
2401 5588 2738 5636 Germanensis
2757 5587 2910 5637 codex
2937 5595 2990 5637 et
3014 5589 3294 5637 Victorinus.
3323 5590 3459 5647 Editi,
3485 5589 3710 5639 redemit.

2247 5648 2266 5678 ³
2301 5655 2400 5714 Ain.
2427 5654 2500 5714 t_‘.r.
2529 5657 2576 5696 et
2591 5647 2824 5714 plerique
2868 5658 2973 5699 Mss.
2995 5687 3008 5710 ,
3033 5649 3177 5700 etiam
3216 5663 3305 5712 pro
3341 5664 3433 5700 non
3472 5650 3776 5714 baptizwtdis

2183 5709 2366 5759 censuit
2388 5708 2700 5768 offerendum.

2249 5772 2268 5801 ³
2309 5769 2482 5840 ιιιιιμῇυὶ
2525 5771 2622 5840 duo
2659 5779 2758 5819 Mss.
2783 5806 2797 5830 ,
2839 5769 2977 5822 amri
3017 5769 3268 5823 inseruerit
3304 5771 3582 5837 peccatrici.
3620 5771 3775 5825 Nostri

2185 5845 2380 5890 onutcs,
2416 5839 2580 5882 mserit
2613 5843 2898 5896 :corrupte.
