4096 6532
314 517 550 591 placeant
570 557 586 585 ,
618 506 758 573 absit
786 526 843 572 ut
879 516 977 572 ista
1005 515 1083 570 vel
1114 513 1364 569 didicisse
1392 512 1655 584 gaudeas,
1685 514 1768 567 vel
1804 512 1903 567 do-

312 624 429 666 cere
443 622 743 679 praesumas
772 606 1044 678 :alioquiu
1073 607 1227 675 longe
1256 604 1445 659 melior
1472 604 1769 658 invenietur
1789 603 1903 671 ipse

311 716 464 771 quam
525 710 601 756 tu.
645 699 782 771 Quia
814 699 867 754 in
910 698 1132 754 exordio
1175 696 1327 766 primi
1364 696 1446 748 sui
1498 694 1620 748 libri
1662 693 1903 749 modeste

310 802 465 861 atque
482 790 758 846 humiliter
781 790 1105 862 praelocutus
1131 798 1231 854 est,
1249 787 1435 842 dicens
1459 800 1472 840 :
1504 784 1665 841 «Cum
1690 785 1781 840 tibi
1805 800 1901 855 pa-

310 895 426 935 rcre
445 880 718 944 desidero.
752 889 936 936 notam
972 878 1404 951 praesumptionis
1442 878 1660 933 incurro
1705 878 1746 930 ί.
1784 895 1805 930 ι
1835 877 1906 933 Et

310 971 462 1040 paulo
488 980 649 1040 post:
686 991 705 1024 ι
727 970 1221 1043 Quandoquidem,»
1253 969 1441 1039 inquit,
1467 987 1487 1021 α
1517 983 1618 1024 nec
1632 968 1760 1023 mihi
1789 967 1905 1041 ipse

308 1062 404 1115 sim
422 1048 698 1129 credulus,
721 1079 782 1119 ea
809 1079 931 1135 qurc
950 1063 1137 1118 dixero
1168 1075 1325 1133 posse
1350 1060 1565 1131 probari
1592 1077 1607 1127 ;
1631 1060 1905 1116 studeam-

309 1166 409 1222 que
435 1168 653 1223 semper
687 1155 852 1211 etiam
889 1156 1158 1226 propriam
1188 1154 1508 1208 sententiam
1539 1168 1645 1206 non
1676 1153 1832 1218 tueri,
1857 1154 1903 1208 si

306 1242 677 1313 improbabilis
704 1244 1012 1315 delegatur;
1045 1254 1100 1299 et
1127 1245 1198 1299 sit
1221 1243 1350 1298 mihi
1370 1243 1540 1308 cordi,
1569 1244 1788 1314 proprio
1810 1243 1901 1313 ju-

213 1387 222 1405 ,
304 1333 443 1390 dicio
466 1334 752 1402 damnato,
777 1336 1000 1390 meliora
1024 1336 1192 1406 magis
1218 1342 1275 1390 et
1295 1349 1415 1405 qua:
1444 1334 1552 1388 sint
1578 1335 1785 1390 veriora
1809 1349 1901 1390 se-

301 1426 455 1481 ctari.
478 1425 611 1481 Nam
635 1438 697 1495 ut
718 1438 803 1484 est
829 1429 1015 1498 optimi
1036 1428 1293 1498 propositi
1328 1427 1690 1498 laudandique
1712 1428 1896 1483 consi-

302 1518 352 1572 lii
370 1559 384 1582 ,
407 1517 569 1575 facile
592 1520 659 1574 ad
693 1520 903 1575 veriora
932 1519 1240 1585 trausduci;
1270 1520 1340 1574 ita
1369 1517 1598 1587 improbi
1623 1518 1904 1574 obstinati-

299 1626 400 1679 que
433 1611 625 1681 judicii
653 1621 765 1679 est,
799 1613 939 1668 nolle
965 1613 1124 1669 citius
1157 1612 1224 1667 ad
1265 1614 1531 1667 tramitem
1573 1612 1797 1668 rationis
1822 1612 1904 1666 inc

301 1702 463 1758 ﬂecti.
501 1722 521 1756 ι
556 1704 684 1761 Hazc
720 1704 919 1776 quippe
957 1705 1049 1761 ille
1075 1706 1122 1761 si
1151 1706 1415 1760 veraciter
1440 1704 1604 1770 dixit,
1637 1715 1801 1775 atque
1844 1712 1903 1760 ut

299 1792 512 1848 locutus
535 1801 622 1849 est
648 1797 832 1864 sentit,
852 1811 1059 1867 magna:
1085 1796 1326 1867 profecto
1349 1797 1461 1866 spei
1482 1797 1718 1851 animum
1739 1797 1897 1867 gerit.

299 1872 426 1938 item
461 1884 515 1938 iu
538 1885 644 1940 fine
671 1885 791 1941 libri
820 1886 1042 1941 secundi
1067 1904 1082 1939 :
1103 1904 1123 1938 ι
1150 1885 1262 1941 Nec
1286 1895 1461 1956 putes,
1500 1904 1520 1939 ι
1555 1886 1745 1957 inquit,
1793 1904 1812 1938 ι
1832 1886 1898 1941 ad

296 1974 552 2030 invidiam
582 1984 725 2030 tuam
766 1977 987 2032 forsitan
1013 1976 1402 2043 revocandum,
1437 1976 1581 2047 quod
1618 1978 1670 2031 in
1700 1984 1784 2032 tua
1811 1975 1899 2031 dia-

296 2076 508 2122 ctorum
527 2083 771 2123 meorum
791 2070 1111 2125 constituam
1136 2068 1693 2139 potestatejudicium.
1724 2071 1802 2124 Ae
1827 2080 1898 2124 nc

294 2155 433 2213 forte
455 2159 771 2229 cujusquam
791 2161 985 2216 curiosi
1016 2161 1231 2216 lectoris
1254 2161 1493 2228 obtutus,
1536 2162 1678 2216 inter
1696 2161 1853 2218 illitas
1875 2164 1896 2195 ’

296 2249 459 2305 ﬁbras
483 2253 872 2308 elementorum
920 2254 1143 2323 vestigia
1173 2254 1504 2310 remanentia
1526 2255 1815 2310 sollicitent
1843 2262 1899 2311 et

292 2340 600 2409 offendant,
647 2351 954 2399 contextam
998 2344 1209 2415 pagina:
1245 2346 1441 2400 seriem
1470 2344 1661 2415 pollice
1697 2360 1892 2401 severo

293 2432 542 2504 discerpe
568 2451 581 2487 :
608 2449 804 2506 meque
834 2435 992 2504 hujus
1010 2437 1281 2491 censionis
1305 2445 1547 2507 experte,
1576 2438 1722 2508 puni,
1755 2448 1899 2493 atra-

290 2534 476 2581 menta
503 2542 625 2596 quae
651 2527 865 2597 indigna
892 2527 1103 2598 elaquia
1130 2528 1475 2599 signaverunt
1508 2529 1551 2595 ’ς
1584 2544 1652 2585 ne
1677 2529 1777 2585 hac
1800 2545 1895 2585 oc-'-

290 2618 513 2673 casione
541 2627 594 2673 et
631 2629 777 2672 tuum
808 2627 933 2689 erga
977 2635 1064 2674 me
1096 2619 1354 2690 judicium
1376 2662 1390 2685 ,
1433 2633 1540 2690 quo
1576 2621 1706 2675 mihi
1728 2621 1895 2677 vehe-

290 2719 505 2763 menter
545 2708 790 2780 indulges
811 2750 827 2777 ,
863 2718 920 2765 et
954 2724 1089 2766 mea:
1125 2725 1247 2782 qua:
1282 2710 1521 2767 latebant
1558 2711 1774 2782 ineptia:
1821 2713 1897 2767 ri-

290 2797 544 2855 deantur:
582 2818 603 2853 ι

353 2892 593 2950 CAPUT
631 2893 796 2950 XV".
825 2922 898 2937 --
921 2894 1013 2951 25.
1038 2894 1148 2950 Isto
1177 2896 1338 2965 igitur
1366 2910 1486 2951 cum
1530 2895 1619 2953 ille
1645 2912 1773 2954 suos
1824 2897 1892 2951 li-s

286 2982 410 3041 bros
443 2994 508 3041 et
548 2985 1161 3056 initio‘praemuniverit,
1191 2994 1246 3041 et
1272 2987 1504 3041 termino
1530 2988 1895 3043 communive-

287 3074 391 3141 rit,
423 3085 595 3146 atque
624 3076 730 3131 tuis
773 3076 1010 3132 humeris
1054 3076 1374 3147 imposuerit
1418 3092 1554 3132 onus
1579 3078 1890 3149 religiosum

286 3168 646 3223 correctionis
671 3177 727 3223 et
766 3168 1157 3224 emendationis
1185 3183 1295 3224 sua:
1322 3186 1338 3225 :
1368 3169 1470 3224 hoc
1497 3168 1635 3240 apud
1666 3182 1718 3226 te
1740 3170 1891 3227 inve-

288 3258 395 3313 niat
417 3258 569 3330 quod
601 3258 821 3329 petivit,
861 3267 919 3313 ut
958 3258 1213 3315 emendes
1242 3275 1364 3315 eum
1388 3260 1563 3330 justus
1598 3261 1649 3315 in
1678 3261 1889 3316 miscri-

283 3351 458 3406 cordia
481 3393 500 3417 ,
538 3360 594 3406 et
620 3366 812 3423 arguas
840 3367 993 3418 eum;
1024 3352 1204 3407 oleum
1250 3363 1428 3408 autem
1457 3355 1756 3424 peccatoris
1784 3369 1892 3425 quo

286 3441 656 3514 impinguetur
691 3452 851 3513 caput
878 3443 994 3513 ejus
1023 3439 1197 3513 (Psal.
1227 3459 1330 3499 CXI.
1353 3486 1368 3511 ,
1416 3444 1515 3516 5),
1548 3445 1688 3499 absit
1712 3461 1742 3499 a
1772 3462 1889 3500 ma-

283 3538 435 3594 nibus
462 3546 634 3608 atque
675 3537 846 3592 oculis
887 3536 1027 3603 tuis,
1060 3536 1112 3593 id
1141 3545 1256 3604 est,
1303 3537 1595 3593 assentatio
1635 3538 1889 3594 indecens

342 3712 360 3778 ξ
395 3707 545 3778 editi.
569 3705 777 3778 incurri.
803 3714 906 3759 nuo
929 3715 1057 3769 Mss.,
1078 3706 1296 3759 incurro.

338 3771 361 3801 ⁸
393 3776 444 3818 lu
470 3777 611 3828 Mss,
635 3769 850 3819 illicitas.

340 3831 363 3863 ⁸
395 3837 636 3893 ,ιιιιιτῐιῖιιἿ
658 3837 906 3893 expertem
923 3829 1078 3893 muti;
1103 3838 1155 3882 et
1174 3831 1321 3891 iidem
1336 3844 1445 3881 cum
1467 3838 1597 3891 t.ov.,
1623 3832 1891 3885 atramento

278 3902 387 3953 σιω
404 3890 831 3956 eloquia
852 3890 1264 3958 sigttt'ﬁcoverunt.
1280 3902 1371 3958 nos
1393 3906 1459 3943 ex
1479 3890 1730 3958 plerisque
1755 3902 1886 3957 Mss,

279 3961 589 4018 atramenta;
614 3968 676 4004 ex
701 3955 1014 4018 GermauenSi
1037 3957 1225 4018 codice,
1263 3955 1587 4018 signaverunt.
1623 3955 1742 4018 Tres
1777 3955 1886 4007 Mss.

280 4016 404 4086 apud
428 4022 542 4066 Lov.
571 4014 583 4064 ξ
609 4025 779 4086 pieque
799 4014 942 4086 hujus
966 4016 1200 4086 renuntii}
1223 4014 1473 4086 expertem
1489 4052 1504 4078 ,
1528 4017 1730 4081 puniant
1753 4024 1886 4069 atras

281 4066 439 4127 uicina
460 4089 579 4141 qua:
601 4066 804 4139 indigna
818 4066 1009 4139 eloquio
1031 4066 1443 4143 signiﬁcaverat.
1489 4066 1570 4128 't't.

1208 4196 1768 4385 ῖιὲἓῐ

300 4189 320 4214 ,
534 4198 543 4203 Α
1208 4196 1214 4203 .
1300 4198 1303 4203 .

1440 4197 1837 4221 ι--ά--ο

1668 386 1871 453 LlBER
1910 385 2223 452 TERTIUS.

3501 409 3605 466 5M

2012 511 2315 576 adulantis,
2344 519 2399 567 et
2418 511 2723 582 deceptoria
2752 508 2989 567 lcuittido
3017 514 3359 572 biandientis.
3386 519 3536 585 Quod
3561 482 3608 579 si

2014 601 2305 658 emendare
2326 604 2547 674 negligis
2566 619 2690 658 cum
2710 603 2888 657 videas
2913 606 3328 673 emendandum,
3349 611 3608 668 adversus

2010 692 2327 748 charitatem
2352 693 2483 749 facis
2511 710 2525 746 :
2554 694 2600 748 si
2627 704 2805 749 autem
2830 695 2926 749 tibi
2964 697 3333 752 emendandus
3356 712 3605 769 propter-

2010 797 2073 837 ea
2104 798 2209 838 uon
2240 784 2480 850 videtur,
2530 786 2652 856 quia
2689 794 2841 856 putas
2870 802 2992 840 eum
3022 797 3167 843 recte
3206 789 3305 845 ista
3334 791 3606 855 sensisse;

2010 872 2270 930 adversus
2303 876 2585 932 veritatem
2626 880 2791 947 sapis.
2841 876 2910 932 Et
2952 879 3072 933 ideo
3118 880 3206 934 ille
3251 882 3467 948 melior,
3516 886 3608 955 qui
3682 876 3695 885 ’

2009 966 2285 1023 emendari
2324 980 2408 1024 est
2452 970 2720 1045 paratior,
2762 969 2806 1024 si
2851 985 2955 1025 non
3002 971 3229 1028 defuerit
3270 975 3606 1041 emendator,

2010 1072 2169 1127 quam
2198 1066 2273 1125 tu,
2292 1059 2340 1114 si
2367 1060 2453 1115 vel
2481 1060 2659 1115 sciens
2686 1060 2968 1116 irridenter
2987 1064 3290 1119 contemnis
3314 1076 3603 1132 errantem,

2008 1148 2091 1204 vel
2135 1150 2381 1205 nesciens
2423 1152 2626 1221 pariter
2653 1152 2877 1207 sectaris
2902 1168 3161 1207 errorem.
3204 1153 3392 1210 Omnia
3427 1158 3609 1226 itaque

2009 1238 2062 1293 in
2091 1239 2294 1294 eisdem
2342 1241 2493 1296 libris
2532 1242 2598 1296 ad
2644 1250 2698 1298 te
2741 1242 2956 1313 scriptis
2985 1252 3035 1298 et
3068 1246 3160 1299 tibi
3189 1247 3399 1301 traditis
3425 1249 3609 1304 sobrie

2007 1328 2395 1401 vigilanterqne
2417 1331 2698 1388 considera
2718 1373 2734 1399 ,
2764 1341 2818 1387 et
2859 1333 3009 1402 plura
3038 1350 3195 1405 quam
3229 1352 3328 1406 ego
3359 1338 3601 1394 invenies

2007 1418 2238 1475 fortasse
2259 1420 2543 1491 culpanda.
2560 1424 2629 1479 Et
2648 1440 2998 1494 qumcumque
3022 1426 3091 1480 ibi
3120 1435 3246 1481 sunt
3266 1431 3607 1497 approbanda

2008 1516 2171 1580 atque
2195 1511 2456 1567 laudanda
2477 1553 2492 1578 ,
2515 1513 2561 1569 si
2595 1514 2722 1584 quid
2746 1515 2798 1570 in
2825 1516 2903 1571 eis
2927 1532 3113 1572 revera
3144 1518 3366 1575 forsitan
3394 1522 3608 1592 ignora-

2008 1598 2134 1665 bas,
2176 1611 2336 1672 atque
2378 1603 2482 1658 isto
2510 1603 2811 1660 disserente
2838 1606 3105 1675 didicisti,
3134 1610 3410 1667 evidenter
3437 1615 3605 1683 proti-

2008 1699 2124 1748 tere
2151 1694 2276 1763 quid
2308 1695 2436 1750 illud
2463 1697 2566 1761 sit;
2612 1707 2673 1752 ut
2712 1698 2780 1753 de
2819 1700 2923 1755 hoc
2953 1708 3004 1756 te
3030 1703 3228 1771 gratias
3256 1704 3429 1774 egisse
3452 1747 3467 1771 ,
3498 1722 3605 1763 non

2007 1781 2076 1838 de
2103 1784 2187 1839 his
2216 1799 2337 1855 quae
2365 1786 2475 1841 illic
2501 1787 2848 1857 improbanda
2882 1798 2987 1844 tam
3028 1792 3193 1847 multa
3224 1804 3381 1860 sunt,
3410 1811 3604 1854 omnes

2006 1875 2289 1940 noverint,
2333 1878 2425 1947 qui
2464 1878 2549 1933 vel
2592 1880 2851 1936 recitante
2891 1881 2985 1937 illo
3015 1892 3189 1938 tecum
3233 1886 3392 1941 simul
3418 1888 3605 1945 audie-

2005 1975 2133 2020 runt.
2153 2007 2169 2032 ,
2202 1967 2290 2023 vel
2325 1968 2544 2024 eosdem
2587 1979 2772 2039 postea
2802 1971 2970 2028 libros
2998 1974 3276 2045 legerunt:
3305 1993 3373 2033 ne
3404 1979 3456 2033 in
3487 1980 3603 2049 ejus

2007 2064 2198 2111 ornato
2224 2058 2439 2129 eloquio
2464 2068 2715 2131 tanquam
2752 2061 2805 2116 iu
2846 2066 3082 2132 pretioso
3126 2068 3320 2135 poculo
3363 2076 3415 2124 te
3458 2070 3599 2125 invi-
3634 2072 3637 2077 ’

2007 2156 2183 2214 tante,
2212 2152 2314 2206 etsi
2346 2168 2452 2208 non
2479 2152 2693 2210 bibente
2713 2195 2727 2220 ,
2752 2171 3019 2212 venenum
3057 2158 3241 2215 bibant
3260 2201 3276 2227 ,
3309 2162 3354 2218 si
3387 2171 3440 2218 tu
3469 2166 3599 2235 quid

2003 2237 2129 2293 inde
2157 2240 2355 2297 biberis
2378 2283 2395 2308 ,
2426 2252 2481 2299 et
2517 2244 2646 2314 quid
2674 2260 2779 2300 non
2820 2246 3020 2302 biberis
3064 2250 3340 2319 nesciunt,
3371 2266 3425 2309 et
3469 2271 3597 2325 pro-

2011 2337 2130 2398 pter
2154 2330 2364 2387 laudem
2394 2341 2537 2387 tuam
2568 2336 2747 2390 omnia
2778 2336 2889 2392 illic
2934 2337 3165 2394 bibenda
3204 2342 3488 2399 salubriter
3513 2360 3603 2400 ει·-

2005 2420 2291 2477 bitrantur.
2319 2422 2573 2491 Quamvis
2600 2434 2657 2481 et
2683 2426 2871 2484 audire
2887 2466 2901 2493 ,
2926 2437 2981 2484 et
3000 2430 3177 2500 legere
3193 2473 3208 2496 ,
3236 2440 3292 2488 et
3312 2449 3431 2504 qua:
3456 2436 3599 2492 dicta

2002 2520 2127 2565 sunt
2152 2510 2366 2569 haurire
2385 2516 2663 2584 memoria,
2685 2517 2810 2588 quid
2840 2526 2923 2574 est
2950 2520 3053 2576 nisi
3082 2522 3305 2579 bibere?
3331 2524 3436 2581 Sed
3460 2541 3599 2597 prac-

2001 2601 2139 2658 dixit
2166 2603 2422 2660 Dominus
2449 2605 2517 2662 de
2547 2602 2790 2663 fidelibus
2820 2610 2931 2665 suis
2951 2649 2966 2675 ,
3012 2611 3157 2682 quod
3195 2622 3245 2669 et
3284 2615 3330 2668 si
3366 2619 3599 2689 mortife-

2002 2709 2118 2747 rum
2139 2693 2263 2764 quid
2285 2695 2533 2763 biberint,
2555 2714 2657 2753 non
2677 2700 2748 2755 eis
2773 2702 2969 2755 nocebit
2995 2702 3190 2773 (Herc.
3220 2721 3307 2760 xvt
3326 2746 3343 2773 ,
3374 2707 3487 2779 18).
3516 2711 3596 2765 Ac

2002 2799 2101 2855 per
2128 2785 2231 2842 hoc
2259 2789 2349 2858 qui
2377 2803 2498 2844 cum
2521 2789 2724 2859 judicio
2748 2792 2949 2871 legunt,
2971 2804 3026 2850 et
3047 2796 3339 2853 secundum
3359 2801 3596 2869 regulam

2002 2875 2127 2931 ﬁdei
2169 2878 2514 2947 approbanda
2561 2882 2885 2950 approbant,
2936 2894 2990 2940 et
3034 2886 3340 2957 improbant
3395 2891 3596 2960 impro.

1956 2978 1964 2985 ‘
2000 2966 2211 3036 banda;
2243 2970 2451 3025 etiamsi
2494 2976 2871 3029 commendant
2913 2980 3187 3034 memorie
3230 2998 3349 3050 quae
3391 2983 3595 3054 impro-

1999 3057 2180 3114 banda
2220 3060 2491 3128 dicuntur,
2525 3063 2670 3118 nulla
2699 3074 2961 3120 venenata
3004 3072 3387 3127 sententiarum
3415 3075 3596 3144 pravi-

2000 3156 2110 3205 tate
2156 3150 2444 3207 lmduntur.
2492 3152 2618 3208 Haec
2660 3170 2747 3230 me
2784 3157 3112 3215 Gravitatem
3163 3171 3218 3217 ct
3264 3163 3595 3235 Religionem

2001 3249 2144 3296 tuam
2166 3283 2181 3303 ,
2233 3243 2347 3298 sive
2374 3252 2554 3299 mutua
2576 3283 2595 3312 ,
2642 3247 2756 3301 sive
2801 3250 2997 3316 przevia
3035 3250 3294 3309 charitate
3322 3257 3596 3312 monuisse

2000 3330 2085 3385 vel
2114 3332 2512 3389 commonuisse
2556 3335 2779 3391 minime
2819 3340 3127 3406 pwnitebil,
3163 3342 3388 3399 Domino
3431 3347 3595 3401 mise-

1998 3430 2179 3485 rante,
2209 3422 2614 3505 quomodolibet
2656 3426 2922 3495 accipias,
2974 3431 3117 3498 quod
3155 3432 3248 3486 tibi
3293 3449 3597 3505 prmrogan-

1997 3508 2123 3564 dum
2154 3512 2357 3580 putavi.
2400 3496 2567 3583 Agam
2596 3530 2726 3570 vero
2754 3517 2802 3571 ei
2834 3496 3027 3573 uberes
3069 3496 3309 3589 gratias
3331 3522 3401 3578 de
3441 3496 3594 3592 cujus

1996 3601 2362 3658 misericordia
2402 3604 2811 3661 saluberrimum
2839 3615 2925 3663 est
2954 3608 3151 3675 fidere,
3180 3612 3223 3665 si
3254 3612 3321 3666 ab
3352 3612 3438 3668 his
3468 3629 3594 3683 pra-

1995 3693 2253 3750 vitatibus
2282 3703 2337 3750 et
2359 3697 2668 3764 erroribus,
2710 3713 2847 3769 quos
2887 3715 2956 3756 ex
2998 3700 3148 3756 libris
3174 3701 3335 3772 hujus
3364 3705 3595 3759 hominis

1994 3786 2283 3842 ostendere
2334 3786 2419 3843 his
2472 3788 2666 3845 litteris
2725 3792 2909 3860 potui,
2964 3792 3191 3848 alienam
3242 3805 3403 3864 atque
3450 3796 3592 3852 inte-

1994 3891 2145 3947 gram
2171 3877 2333 3934 iidem
2362 3887 2506 3935 tuam
2528 3918 2544 3948 ,
2571 3880 2658 3937 vel
2687 3880 2950 3939 invenerit
2972 3882 3197 3955 cpistola
3245 3885 3374 3954 ista,
3402 3888 3485 3941 vel
3513 3887 3595 3943 fe-

1999 3968 2153 4025 cerit.

1839 4206 3594 4234 .____________________________.

1852 4268 2165 4387 TER
2178 4280 2347 4389 ΤΙ
2366 4281 2572 4393 US.

1369 4463 1477 4525 AD
1519 4464 2022 4528 VINCENTIUM
2064 4466 2509 4530 VICTOREM.

338 4576 601 4666 tius-sntio
636 4585 811 4666 ξῑῑοιρτί
834 4590 1070 4666 sensti”
1090 4590 1207 4666 (ιυαιῖ
1227 4593 1534 4666 necesse!
1556 4586 1610 4666 is
1641 4586 1824 4666 suisse
1848 4587 2040 4666 ρνίεςίςις
2063 4587 2404 4666 ξιξιξπτεεκιῑιξιίξ.
2430 4592 2681 4666 emensos
2723 4593 2763 4642 si
2804 4594 2911 4665 νμιι
3092 4599 3393 4666 catholicus:
3434 4616 3594 4666 εειφιυ

278 4647 777 4723 superioribuslibris
798 4648 857 4723 ad
884 4647 1121 4723 uenatum:
1146 4654 1229 4723 et,
1252 4647 1319 4723 ad
1331 4653 1535 4723 renum
1549 4648 1650 4723 jam
1683 4649 1911 4709 ret‘utata,
1933 4647 2031 4699 hoc
2063 4651 2210 4700 tertio
2231 4652 2291 4701 ad
2313 4658 2549 4702 Victorem
2573 4647 2730 4716 ipsum
2752 4658 2933 4719 scripto
2951 4647 3236 4723 perstringit
3256 4647 3491 4713 breviter
3500 4647 3593 4714 ibi:

278 4709 541 4773 Mnus,
586 4717 647 4770 et
669 4709 731 4759 ad
760 4709 988 4760 undecim
1020 4721 1253 4776 errorum,
1271 4710 1429 4771 capita
1459 4717 1675 4759 revocat.

1747 4814 2117 4868 eaeaeae

345 4920 586 4979 CAPUT
627 4918 908 4977 PRIMUM.
940 4950 1013 4961 —
1050 4918 1102 4975 1.
1130 4917 1284 4987 Quod
1311 4918 1440 4974 mihi
1471 4919 1536 4974 ad
1560 4928 1613 4974 te
1633 4919 1878 4976 scriben-

278 5014 403 5071 dum
448 5013 675 5087 putavi,
724 5013 826 5067 hoc
853 5012 1000 5081 prius
1037 5012 1271 5081 Cogites,
1304 5011 1377 5065 iili
1406 5009 1754 5067 dilectissime
1786 5010 1877 5066 Vi-

277 5117 413 5171 ctor,
447 5106 607 5175 volo,
659 5102 703 5157 si
742 5112 794 5157 te
832 5110 1269 5165 contemnerem,
1317 5115 1647 5173 nequaquam
1693 5100 1746 5157 id
1794 5116 1881 5157 me

280 5194 445 5252 fuisse
467 5196 756 5250 facturum.
780 5193 889 5249 Nec
916 5194 1036 5249 ideo
1062 5202 1238 5248 tamen
1269 5193 1573 5248 humilitate
1601 5201 1780 5248 nostra
1802 5194 1881 5249 sic

279 5286 521 5343 abutaris
540 5327 556 5350 ,
585 5293 643 5340 ut
670 5294 949 5356 propterea
978 5292 1031 5339 te
1056 5285 1328 5338 existimes
1348 5283 1699 5354 approbatum
1720 5325 1735 5349 ,
1758 5284 1879 5354 quia

278 5380 456 5433 cernis
482 5395 594 5432 nou
623 5376 788 5431 fuisse
811 5385 1196 5445 contemptum.
1221 5375 1333 5429 Non
1356 5376 1497 5431 enim
1527 5375 1878 5445 sequendum,

278 5470 371 5525 sed
415 5468 800 5537 corrigendum
844 5479 894 5522 te
934 5467 1096 5537 diligo
1138 5476 1237 5522 :et
1263 5468 1513 5537 quoniam
1548 5482 1646 5521 nec
1684 5467 1881 5537 corrigi

279 5574 438 5630 posse
483 5561 758 5629 despero,
810 5558 935 5612 nolo
987 5558 1198 5611 mireris
1245 5573 1331 5613 me
1379 5567 1727 5613 contemnere
1774 5572 1879 5611 non

281 5668 439 5723 posse
469 5668 634 5725 Quem
682 5651 863 5722 diligo.
893 5651 948 5707 Si
976 5650 1119 5706 enim
1153 5660 1204 5704 te
1232 5659 1516 5720 antequam
1546 5650 1700 5705 nobis
1727 5665 1878 5704 com-

281 5747 620 5810 municares,
694 5744 915 5814 diligere
972 5742 1167 5804 debui,
1227 5751 1286 5797 ut
1342 5757 1490 5798 esses
1550 5742 1879 5805 catholicus;

284 5847 484 5904 quanto
511 5838 683 5903 magis
708 5846 757 5892 te
775 5837 883 5904 jam
913 5838 1396 5893 couuuunicantem
1424 5834 1646 5903 diligere
1671 5832 1842 5889 debeo
1863 5873 1878 5901 ,

1993 4934 2063 4974 ne
2091 4919 2165 4973 sis
2192 4934 2365 4975 novus
2391 4918 2708 4989 haereticus,
2731 4932 2786 4980 et
2811 4933 2869 4978 ut
2893 4924 2967 4979 sis
2997 4923 3116 4979 talis
3143 4921 3436 5001 catholicus
3456 4971 3470 4992 ,
3503 4930 3590 4984 cui

1988 5011 2241 5066 resistere
2262 5010 2437 5066 nullus
2463 5014 2631 5081 possit
2652 5012 2974 5070 hzereticus?
3010 5016 3275 5083 Quantum
3302 5018 3443 5073 enim
3473 5036 3575 5090 ap-

1992 5108 2140 5168 paret
2184 5114 2252 5154 ex
2296 5099 2452 5155 donis
2499 5102 2736 5171 ingenii,
2782 5120 2901 5174 qua:
2936 5104 3047 5175 jam
3100 5106 3192 5161 tibi
3239 5108 3459 5180 largitus
3500 5122 3584 5167 est

1992 5189 2154 5253 Deus,
2174 5189 2413 5259 profecto
2437 5192 2651 5261 sapiens
2665 5194 2792 5260 eris,
2829 5195 2874 5249 si
2904 5204 2956 5250 te
2980 5208 3085 5251 non
3117 5212 3237 5253 esse
3256 5199 3550 5257 credideris
3575 5220 3590 5269 ;

1989 5289 2150 5350 atque
2172 5291 2229 5335 ut
2257 5282 2362 5347 sis,
2393 5284 2462 5338 ab
2502 5284 2593 5337 illo
2622 5285 2711 5354 qui
2742 5284 2866 5340 facit
2894 5288 3163 5357 Sapientes
3186 5332 3200 5353 ,
3231 5291 3318 5362 pic.
3338 5335 3353 5355 ,
3382 5293 3589 5363 suppli-

1988 5374 2143 5437 citer,
2189 5374 2557 5446 instanterque
2614 5381 2958 5448 poposceris;
3007 5366 3061 5436 et
3108 5384 3359 5440 malueris
3405 5401 3591 5442 errore

1990 5478 2096 5517 non
2124 5463 2338 5534 decipi,
2378 5480 2533 5536 quam
2560 5470 2852 5524 errantium
2883 5470 3126 5527 laudibus
3153 5472 3424 5529 honorari.

2061 5557 2288 5615 CAPUT
2318 5558 2382 5614 ll.
2409 5591 2484 5602 —
2504 5560 2561 5615 2.
2594 5562 2752 5619 Prius
2781 5578 2866 5617 me
2896 5563 2948 5618 iu
2982 5565 3129 5621 libris
3161 5567 3266 5622 tuis
3296 5567 3477 5622 titulus
3509 5575 3581 5627 tui

1990 5649 2221 5704 nominis
2259 5665 2356 5719 pro
2385 5660 2443 5707 te.
2483 5652 2768 5708 sollicitum
2817 5654 3066 5709 reddidit.
3119 5655 3251 5711 Cum
3295 5658 3437 5709 enim
3467 5658 3584 5724 quis

1990 5752 2136 5797 esset
2163 5742 2470 5799 Vincentius
2503 5746 2703 5811 Victor,
2750 5747 2818 5799 ab
2857 5747 2933 5801 cis
2973 5747 3063 5816 qui
3109 5756 3160 5800 te
3206 5756 3496 5812 noverant,
3532 5759 3587 5803 et

1988 5834 2125 5891 forte
2164 5835 2423 5905 aderant,
2454 5838 2830 5907 requisissem;
2859 5836 3038 5892 audivi
3085 5846 3136 5892 te
3167 5838 3327 5891 fuisse
3360 5837 3585 5892 Donati~
