4144 6536
533 385 629 446 BH

531 518 700 573 stam,
727 505 812 560 vel
854 503 1030 575 potius
1057 501 1388 573 Rogatistam
1408 541 1424 566 ,
1467 512 1639 568 nuper
1662 501 1838 550 autem
1865 505 2112 548 commu-

533 595 742 651 nicasse
770 594 1078 650 Catholicae.
1114 593 1179 648 Et
1215 606 1336 648 cum
1361 589 1648 661 gauderem
1679 594 1880 641 tantum
1905 624 1922 652 ,
1947 596 2118 654 quan-

533 699 643 744 tum
671 689 741 744 de
759 688 844 744 his
863 689 1097 744 solemus
1117 728 1132 754 ,
1153 700 1288 757 quos
1309 683 1378 738 ab
1402 683 1495 737 illo
1516 695 1698 736 errore
1727 678 1979 734 liberatos
1998 689 2120 730 esse

533 782 943 854 cognoscimus;
989 781 1095 834 imo
1121 793 1248 834 vero
1277 777 1439 832 etiam
1481 775 1648 829 multo
1688 770 1950 841 amplius,
1977 765 2120 840 quod

534 877 803 945 ingenium
831 883 978 929 tuum
1003 915 1019 939 ,
1061 871 1202 943 quod
1243 867 1547 924 delectabar
1572 866 1626 920 in
1652 864 1844 920 litteris
1868 861 1970 916 tuis
1993 903 2008 928 ,
2037 859 2120 914 vi-

533 967 726 1023 debam
770 981 875 1020 non
920 965 1245 1020 remansisse
1287 961 1428 1032 apud
1465 958 1800 1016 adversarios
1834 953 2072 1010 veritatis
2103 968 2117 1006 :

536 1061 774 1116 additum
804 1068 886 1115 est
911 1074 942 1112 a
966 1056 1357 1121 referentibus,
1399 1068 1507 1124 quo
1550 1067 1635 1106 me
1663 1051 1803 1104 inter
1841 1047 1930 1102 illa
1987 1059 2121 1116 gau-

536 1151 624 1206 dia
663 1151 1032 1214 contristaret,
1077 1149 1200 1202 ideo
1243 1154 1294 1202 te
1326 1143 1687 1214 cognominari
1723 1137 1958 1194 voluisse
1991 1137 2122 1190 Vin-

535 1243 800 1307 centium,
829 1241 967 1310 quod
1009 1239 1194 1309 Rogati
1222 1250 1620 1298 successorem,
1652 1232 1742 1303 qui
1775 1230 1876 1285 hoc
1905 1228 2122 1283 nomine

535 1333 835 1402 appellatus
864 1341 944 1402 est
966 1372 982 1396 ,
1009 1331 1182 1385 adhuc
1223 1321 1472 1399 tanquam
1502 1340 1749 1396 magnum
1781 1334 1836 1378 et
1877 1329 2119 1377 sanctmn

537 1399 713 1476 virum
761 1399 939 1475 animo
968 1429 1181 1486 teneas;
1211 1427 1265 1474 et
1288 1420 1358 1473 ob
1397 1417 1498 1472 hoc
1543 1417 1682 1470 illius
1711 1429 1903 1468 nomen
1925 1453 1940 1478 ,
1975 1421 2120 1466 tuum

537 1513 775 1568 volueris
803 1527 920 1566 esse
949 1525 1264 1580 cognomen.
1296 1508 1405 1564 Nec
1434 1507 1714 1562 defuerunt
1739 1504 1828 1574 qui
1857 1504 2116 1567 dicerent,

537 1604 698 1657 etiam
727 1603 828 1657 hoc
849 1619 876 1655 a
907 1613 958 1657 te
980 1601 1140 1656 fuisse
1155 1601 1410 1670 jactatum
1439 1601 1480 1665 ¹,
1513 1599 1653 1668 quod
1679 1600 1791 1666 ipse
1819 1597 1912 1652 tibi
1943 1596 2122 1651 nescio

537 1708 642 1762 qua
675 1693 874 1746 visione
898 1692 1233 1761 apparuerit,
1265 1697 1426 1757 atque
1455 1689 1520 1743 ad
1552 1689 1649 1743 bos
1677 1685 2038 1742 conficiendos
2061 1686 2124 1739 li-

537 1783 703 1846 hros,
745 1783 812 1836 de
838 1782 1030 1851 quibus
1061 1791 1234 1843 tecum
1281 1795 1442 1850 agere
1491 1780 1590 1832 isto
1635 1789 1820 1832 nostro
1862 1776 2124 1845 opusculo

537 1873 772 1932 institui.
809 1873 886 1928 sic
923 1872 1215 1942 adjuverit',
1248 1879 1305 1924 ut
1341 1885 1403 1925 ea
1452 1871 1544 1926 tibi
1582 1869 1864 1924 scribenda
1885 1871 1928 1933 ',
1956 1883 2125 1938 quan-

541 1973 654 2017 tum
685 1963 750 2018 ad
793 1977 879 2018 res
923 1963 1064 2032 ipsas
1094 1961 1435 2031 rationesque
1479 1962 1701 2027 attinet,
1732 1961 1846 2029 ipse
1873 1959 2119 2013 dictaret.

539 2052 692 2119 Quod
720 2053 764 2106 si
796 2068 979 2107 verum
1019 2051 1098 2106 est
1121 2092 1136 2116 ,
1173 2052 1284 2121 jam
1316 2061 1368 2105 te
1409 2051 1495 2104 illa
1533 2049 1712 2106 dicere
1746 2050 1979 2119 potuisse
2017 2062 2124 2102 non

543 2145 730 2206 miror,
752 2160 870 2214 quae
890 2184 905 2210 ,
937 2144 980 2198 si
1009 2143 1268 2212 patienter
1293 2143 1562 2198 auscultes
1587 2141 1938 2196 admonitioni
1965 2155 2119 2200 mem,

538 2246 594 2291 et
621 2251 716 2291 eos
759 2237 921 2290 libros
961 2235 1222 2290 catholica
1261 2243 1438 2288 mente
1475 2233 1781 2288 consideres
1811 2239 1970 2302 atque
1998 2247 2139 2311 per-_

539 2334 737 2379 tractes
756 2367 772 2390 ,
797 2335 848 2380 te
867 2324 1073 2380 dixisse
1099 2323 1464 2393 proculdubio
1490 2323 1786 2393 paenitebit.
1816 2324 1906 2378 llle
1929 2323 2124 2394 quippe

539 2417 740 2486 quise,
772 2417 909 2470 sicut
943 2431 1066 2470 eum
1113 2415 1288 2484 prodit
1329 2415 1652 2484 Apostolus,
1699 2415 2025 2486 transﬁgurat
2072 2416 2126 2468 in

539 2507 778 2578 arigelum
815 2509 940 2562 lucis
970 2507 1051 2578 (ll
1077 2507 1193 2562 Cor.
1221 2522 1310 2573 xx,
1343 2505 1453 2580 14),
1485 2508 1538 2563 in
1568 2523 1688 2563 eum
1719 2508 1811 2563 tibi
1841 2517 1924 2563 est
1952 2517 2124 2564 trans-

544 2599 796 2669 ﬁguratus
815 2639 829 2661 ,
873 2613 1029 2668 quem
1059 2607 1113 2653 tu
1146 2597 1307 2654 fuisse
1346 2599 1426 2654 vel
1450 2613 1568 2654 esse
1595 2607 1843 2670 tanquam
1873 2600 2005 2654 lucis
2033 2615 2128 2653 an-

541 2691 719 2760 gelum
745 2689 938 2744 credis.
963 2689 1028 2744 Et
1054 2703 1120 2744 eo
1140 2688 1352 2760 quidem
1379 2689 1540 2744 modo
1567 2690 1744 2744 minus
1765 2689 1830 2745 ad
1859 2691 2129 2762 decipien-

547 2782 648 2836 dos
670 2781 974 2836 Catholicos
992 2783 1164 2846 valet,
1191 2781 1406 2852 quando
1430 2797 1489 2836 se
1514 2797 1620 2836 non
1644 2782 1696 2836 in
1725 2782 1858 2837 lucis
1885 2783 2124 2850 angelos,

543 2871 640 2926 sed
669 2871 720 2924 iu
753 2869 1030 2925 luereticos
1057 2870 1394 2940 transfigurat
1431 2887 1446 2924 :
1493 2871 1588 2926 sed
1613 2879 1664 2926 te
1693 2871 1760 2926 ab
1795 2887 1862 2927 eo
1889 2871 1995 2926 falli
2013 2871 2126 2942 jam

543 2960 866 3017 catholicum
913 2961 1128 3016 nollem.
1177 2961 1456 3017 Crucietur
1480 2977 1609 3034 ergo
1636 2970 1688 3017 te
1711 2961 1964 3018 didicisse
2009 2977 2127 3031 qme

549 3069 672 3108 vera
702 3063 860 3120 sunt,
891 3061 1090 3124 quanto
1133 3055 1300 3124 magis
1326 3055 1532 3110 laetatus
1559 3053 1734 3111 fuerat
1761 3071 1820 3111 se
1867 3057 1956 3110 tibi
2005 3071 2128 3126 per-

546 3145 780 3200 suasisse
808 3161 926 3212 qute
951 3144 1082 3199 falsa
1110 3155 1250 3198 sunt.
1278 3145 1350 3201 Ut
1389 3153 1565 3200 autem
1607 3160 1714 3200 non
1739 3147 1927 3216 diligas
1952 3145 2128 3202 homi-

547 3249 673 3289 nem
698 3243 984 3301 mortuum,
1003 3235 1153 3305 cujus
1177 3235 1392 3291 dilectio
1417 3236 1508 3291 tibi
1536 3237 1726 3292 obesse
1749 3246 1946 3309 potest,
1967 3238 2129 3306 prod-

551 3341 675 3381 esse
715 3327 788 3381 illi
832 3342 939 3381 non
978 3337 1184 3396 potest;
1217 3327 1318 3383 hoc
1347 3328 1581 3384 breviter
1609 3329 1630 3362 ³
1660 3331 1916 3388 ἰηιυθδτῐε
1945 3331 2130 3386 admo-

552 3431 688 3481 nco;
719 3417 859 3486 quod
889 3418 1069 3488 utique
1090 3417 1177 3474 ille
1204 3435 1308 3473 non
1335 3427 1417 3474 est
1445 3429 1660 3475 sanctus
1684 3437 1737 3475 et
1761 3421 1937 3492 justus
1955 3465 1971 3489 ,
2003 3421 2050 3476 si
2077 3431 2130 3476 tu

548 3505 922 3561 haereticorum
954 3507 1343 3562 Donatistarum
1378 3509 1463 3564 vel
1501 3510 1887 3580 llogatistarum
1915 3512 2132 3583 laqueus

547 3597 760 3650 evasisti
786 3598 864 3651 :si
893 3609 1070 3653 autem
1094 3599 1240 3654 illunt
1271 3609 1510 3655 sanctum
1533 3611 1587 3656 et
1607 3603 1808 3671 justmn
1833 3603 2128 3670 arbitraris,

551 3697 604 3741 tu
635 3689 1075 3743 communicando
1117 3690 1404 3748 Catholicis
1432 3691 1680 3746 interisti.
1713 3693 1958 3749 Profecto
1983 3698 2126 3750 enim

551 3785 604 3830 te
628 3777 948 3833 catholicum
994 3779 1179 3848 lingis,
1228 3781 1273 3834 si
1315 3783 1494 3835 animo
1523 3781 1650 3837 illud
1681 3799 1740 3838 es
1767 3781 1810 3850 ⁸,
1851 3786 1990 3854 quod
2017 3795 2132 3840 erat

552 3869 644 3925 ille
679 3886 836 3940 quem
866 3871 1061 3942 diligis.
1092 3873 1157 3927 Et
1181 3873 1320 3927 nosti
1348 3888 1506 3942 quam
1551 3875 1854 3929 terribiliter
1878 3877 2130 3944 scriptum

552 3961 640 4024 sit,
661 3962 800 4030 quod
825 3960 1048 4032 Spiritus
1067 3972 1267 4018 sanctus
1293 3963 1578 4032 disciplinw
1599 3965 1758 4036 fugiet
1779 3965 1955 4034 fictum
1977 3965 2130 4038 (δίῳ.

552 4065 608 4114 l,
643 4051 718 4121 5).
759 4051 814 4106 Si
861 4063 1036 4108 autem
1083 4054 1344 4108 veraciter
1381 4056 1800 4120 communicans,
1833 4072 1937 4111 non
1967 4065 2018 4110 te
2045 4073 2136 4112 ca-

554 4142 810 4198 tholicum
842 4145 1023 4214 fingis;
1051 4145 1178 4214 quid
1221 4145 1397 4202 adhuc
1423 4147 1730 4204 haereticum
1759 4157 2027 4204 mortuum
2057 4152 2133 4205 sic

551 4233 750 4300 diligis,
783 4242 842 4287 ut
865 4235 982 4304 ejus
1011 4235 1148 4288 velis
1187 4245 1237 4290 te
1267 4235 1472 4304 jactare
1498 4237 1672 4294 adhuc
1699 4241 1914 4296 nomine
1935 4281 1950 4305 ,
1983 4243 2134 4312 cujus

545 4323 658 4394 jam
685 4339 789 4378 non
822 4325 1017 4380 teneris
1043 4327 1259 4382 errore?
1288 4327 1542 4382 Nolumus
1570 4338 1621 4386 te
1662 4327 1862 4387 habere
1903 4333 2009 4388 tale
2037 4349 2130 4388 co-

549 4427 897 4482 gnomentum
919 4457 934 4477 ,
968 4425 1214 4486 tanquam
1244 4418 1320 4473 sis
1347 4419 1579 4474 lueretici
1603 4423 1796 4476 mortui
1822 4439 2135 4482 monumen-

549 4511 687 4558 tum.
717 4505 975 4561 Nolumus
1005 4507 1160 4562 talem
1207 4509 1417 4566 titulum
1465 4511 1662 4569 habere
1704 4514 1901 4570 librum
1947 4525 2128 4584 tuum,

549 4595 761 4665 qualem
795 4595 984 4651 falsum
1012 4613 1133 4654 esse
1162 4599 1460 4657 diceremus
1481 4643 1496 4669 ,
1528 4605 1574 4659 si
1625 4605 1678 4660 in
1723 4607 1838 4677 ejus
1884 4610 2129 4678 sepulcro

552 4687 870 4756 legeremus.
919 4688 1032 4744 Non
1076 4691 1216 4746 enim
1262 4692 1595 4750 Vincentium
1636 4697 1889 4753 victorem
1935 4701 2132 4758 scimus

459 4829 470 4840 ,
553 4792 707 4838 esse,
741 4778 834 4832 sed
861 4779 1054 4834 victum
1085 4797 1098 4834 :
1131 4789 1184 4836 et
1214 4782 1412 4837 utinam
1443 4784 1729 4854 fructuose,
1754 4789 1892 4842 sicut
1913 4799 1964 4844 te
1987 4791 2129 4846 vinei

551 4869 794 4924 volumus
838 4875 1078 4928 veritate.
1129 4873 1314 4930 Astute
1354 4885 1530 4930 autem
1578 4880 1778 4948 putaris
1815 4889 1870 4936 et
1902 4883 2126 4952 callide,

548 4975 670 5013 cum
702 4961 863 5016 libros
891 4972 1038 5029 tuos,
1066 4981 1197 5036 quos
1236 4968 1379 5022 credi
1409 4969 1558 5040 cupis
1599 4971 1690 5026 illo
1721 4973 1812 5028 tibi
1853 4975 2122 5031 revelante

548 5051 804 5118 dictatus,
851 5055 1085 5124 appellas
1117 5055 1378 5114 Vincentii
1408 5058 1664 5130 Victoris,
1713 5079 1817 5118 non
1865 5073 1972 5118 tam
2003 5066 2128 5120 Vin-

555 5145 786 5197 centium
826 5154 877 5200 te
919 5162 1077 5216 quam
1126 5149 1273 5204 illum
1319 5153 1496 5206 vocari
1545 5153 1778 5209 voluisse
1823 5155 2128 5222 Victorem,

553 5233 694 5288 velut
725 5235 815 5290 tibi
844 5238 1129 5294 revelando
1152 5257 1270 5310 qua:
1301 5241 1597 5310 scriberes,
1629 5245 1842 5300 vicisset
1865 5261 2126 5313 errorem.

555 5324 744 5395 thuid
788 5327 878 5381 tibi
911 5329 1044 5393 ista,
1090 5331 1200 5386 fili?
1233 5333 1357 5388 Esto
1402 5335 1578 5404 potius
1605 5351 1790 5398 verus,
1825 5353 1926 5391 non
1979 5338 2131 5394 fictus

550 5419 843 5473 catholicus
863 5462 877 5486 ,
907 5437 974 5476 ne
1001 5432 1052 5478 te
1077 5423 1237 5494 fugiat
1266 5424 1495 5495 Spiritus
1523 5436 1738 5482 sanctus
1758 5469 1772 5489 ,
1799 5439 1850 5482 ct
1877 5429 2006 5482 nihil
2036 5430 2126 5485 tibi

611 5575 626 5604 ‘
665 5579 713 5623 lu
745 5582 875 5635 uss,
921 5575 1010 5628 hoc
1047 5581 1092 5628 te
1127 5577 1276 5640 fuisse
1303 5578 1574 5640 jactatum;
1612 5579 1786 5629 omissa
1831 5584 2126 5644 prmyositio-

547 5647 644 5727 ηδ’
663 5650 860 5748 (iam.
891 5705 994 5758 ως»,
1018 5705 1068 5750 ut
1085 5712 1164 5749 eos
1187 5697 1276 5749 tibi
1296 5697 1590 5749 scribendos.

613 5759 632 5788 ³
666 5764 712 5806 In
735 5766 862 5814 3155.,
883 5757 970 5808 hoc
995 5760 1150 5810 breve.

614 5821 632 5848 ‘
663 5822 1030 5880 Cygiratutensis
1053 5829 1149 5871 Msa.
1186 5819 1226 5872 si
1245 5817 1403 5870 animo
1425 5819 1546 5872 illud
1571 5826 1784 5876 sectaris.

1339 441 1342 444 ί
1388 376 1480 436 DE
1517 375 1730 435 ANIMA
1768 371 1854 430 ET
1893 369 2054 428 EJUS
2091 365 2388 432 ORIGINE,
2431 363 2488 420 S.
2529 357 2892 420 AUGUSTINI

3685 362 3780 418 δη

2228 487 2397 560 possit
2432 487 2686 558 prodesse
2710 485 3021 542 Vincentius
3036 527 3052 553 ,
3075 485 3130 543 in
3157 499 3318 559 quem
3341 501 3402 544 se
3426 486 3489 544 ad
3520 498 3568 546 te
3595 489 3740 548 fallen
3755 524 3776 536 -

2227 579 2352 636 dum
2369 577 2762 653 transfiguravit
2776 577 3190 649 malignissimus
3205 578 3454 649 spiritus:
3471 579 3582 652 ejus
3599 583 3776 654 quippe

2227 679 2350 728 sunt
2377 670 2499 736 illa,
2530 668 2764 739 qualibet
2788 668 2880 723 tibi
2906 667 3091 724 fraude
3121 683 3396 740 persuasa.
3439 669 3566 738 Quae
3605 673 3648 726 si
3685 675 3782 729 ad-

2226 763 2461 818 monitus
2487 763 2576 833 pia
2616 760 2917 816 humilitate
2943 769 2999 816 et
3020 760 3280 817 catholica
3309 777 3440 833 pace
3464 767 3782 834 correxeris,

2229 867 2441 910 errores
2461 863 2467 868 '
2488 851 2655 910 fuisse
2700 852 3078 922 iudicabuntur
3135 852 3508 909 studiosissimi
3551 855 3784 924 juvenis,

2227 943 2498 1000 emendari
2528 943 2704 1012 potius
2731 955 2890 1012 quam
2921 942 2974 998 in
3003 943 3082 998 eis
3123 957 3404 999 remanere
3443 945 3711 1014 cupientis.
3736 947 3790 1001 Si

2227 1043 2406 1090 autem
2434 1049 2532 1104 pro
2553 1034 2632 1090 eis
2664 1028 2763 1089 tibi
2793 1034 2954 1089 etiam
2993 1035 3392 1090 contentionem
3411 1075 3428 1100 ,
3459 1035 3596 1106 quod
3623 1036 3786 1102 absit,

2229 1127 2560 1198 persuaserit
2584 1127 2950 1196 pervicacem;
2977 1127 3086 1198 jam
3119 1135 3372 1200 tanquam
3395 1127 3640 1182 haeretica
3665 1127 3794 1200 dog-

2229 1226 2370 1272 mata
2399 1232 2518 1273 cum
2551 1232 2650 1272 suo
2688 1232 2909 1274 necesse
2949 1219 3054 1274 erit
3099 1227 3318 1274 auctore
3358 1217 3632 1284 damnari,
3676 1235 3792 1274 cura

2229 1311 2430 1366 scilicet
2458 1310 2708 1379 pastorali
2734 1318 2790 1365 et
2815 1309 3116 1364 medieinali
3138 1352 3154 1376 ,
3186 1310 3492 1381 priusquam
3518 1325 3610 1379 per
3633 1311 3799 1364 incau-

2230 1406 2341 1453 tum
2391 1399 2579 1472 vulgus
2608 1400 2625 1432 ι
2653 1410 2872 1470 serpant
2913 1399 3029 1454 dira
3077 1402 3352 1470 contagia,
3401 1415 3524 1455 cum
3571 1399 3798 1456 dilectio-

2229 1491 2313 1546 nis
2341 1506 2445 1546 non
2477 1491 2726 1559 veritate,
2755 1491 2852 1547 sed
2877 1492 3091 1548 nomine
3110 1533 3126 1560 ,
3156 1492 3388 1548 salubris
3410 1491 3690 1564 negligitur
3713 1491 3796 1547 di-

2227 1583 2448 1652 sciplina
2478 1585 2543 1636 ι.

2298 1673 2523 1730 CAPUT
2563 1673 2647 1730 lll.
2676 1705 2750 1716 —
2777 1675 2828 1730 5.
2861 1675 2916 1731 Si
2941 1677 3135 1746 quieris
3162 1691 3404 1748 quaenam
3433 1677 3518 1733 illa
3544 1678 3648 1732 sint
3667 1720 3682 1744 ,
3709 1693 3800 1748 po-

2230 1765 2355 1819 teris
2395 1764 2605 1834 quidem
2645 1765 2820 1836 legere
2857 1781 2976 1822 mea
3015 1769 3210 1838 scripta
3245 1769 3315 1823 ad
3356 1767 3548 1825 fratres
3579 1779 3800 1836 nostros,

2228 1853 2490 1913 [leuatum
2532 1854 2622 1908 Dei
2664 1870 2912 1922 servum,
2953 1865 3010 1911 et
3047 1859 3412 1930 presbyterum
3457 1860 3703 1928 Petrum,
3741 1863 3802 1918 ad

2228 1959 2384 2014 quem
2412 1953 2466 1999 tu
2490 1944 2674 1999 eadem
2704 1947 2840 2016 ipsa,
2863 1947 2928 2002 de
2953 1948 3144 2017 quibus
3169 1965 3308 2005 nunc
3328 1951 3556 2020 agimus,
3581 1953 3806 2008 scriben-

2227 2033 2293 2089 da
2319 2035 2653 2100 existimasti,
2683 2054 2702 2087 ι
2727 2039 2862 2105 ejus,
2891 2057 2910 2092 ι
2935 2048 2994 2092 ιιι
3017 2040 3234 2104 asseris,
3261 2059 3281 2092 ‹
3309 2042 3568 2096 voluntati
3590 2043 3806 2112 petentis

2229 2126 2624 2196 obtemperans.
2655 2146 2675 2180 ι
2715 2129 2919 2184 Dabunt
2944 2119 3086 2184 enim
3118 2130 3210 2186 tibi
3241 2140 3298 2186 ut
3323 2122 3470 2202 legas
3506 2134 3684 2203 procul
3710 2133 3806 2188 titt-

2229 2218 2340 2283 biu,
2366 2217 2411 2273 si
2431 2220 2684 2283 volucris,
2707 2228 2762 2275 et
2782 2220 3022 2290 ingerent
3039 2222 3198 2277 etiam
3221 2238 3326 2278 non
3351 2225 3570 2294 petenti.
3596 2225 3809 2279 Verum-

2232 2317 2407 2364 tamen
2439 2309 2598 2364 etiam
2629 2309 2746 2374 hic,
2777 2327 2894 2380 qua:
2923 2313 3153 2368 maxime
3189 2314 3241 2368 in
3279 2314 3482 2371 eisdem
3515 2315 3662 2370 libris
3691 2315 3808 2382 tuis,

2231 2410 2285 2456 ct
2315 2401 2366 2456 in
2395 2400 2500 2456 fide
2528 2411 2615 2455 tua
2640 2402 2916 2458 emendari
2938 2405 3177 2474 cupiam,
3207 2421 3312 2461 non
3345 2407 3554 2462 tacebo.
3583 2405 3811 2462 Primum

2230 2501 2345 2558 est,
2375 2491 2518 2563 quod
2551 2509 2570 2544 ι
2599 2493 2843 2547 Animam
2885 2509 2997 2548 nnn'
3030 2495 3100 2550 ita
3139 2497 3218 2550 vis
3246 2511 3274 2550 a
3307 2497 3416 2554 Deo
3445 2513 3570 2553 esse
3607 2498 3809 2564 factam,

2233 2589 2288 2635 ut
2317 2596 2434 2642 eam
2478 2597 2544 2636 ex
2588 2581 2754 2637 nihilo
2783 2583 2986 2648 fecerit,
3018 2585 3113 2641 sed
3135 2602 3198 2641 ex
3222 2588 3515 2658 semetipso
3545 2609 3565 2642 ι
3602 2589 3812 2662 (Supra,

2231 2671 2319 2725 lib.
2349 2672 2398 2736 Ι,
2430 2689 2484 2725 n.
2510 2673 2565 2737 4,
2593 2683 2640 2726 et
2665 2673 2752 2726 lib.
2777 2673 2834 2740 2,
2867 2692 2919 2729 n.
2949 2677 3024 2748 5).
3073 2676 3173 2734 Ubi
3202 2695 3305 2734 non
3349 2691 3505 2750 putas
3531 2697 3653 2737 esse
3692 2696 3815 2736 con-

2231 2780 2461 2834 sequens
2488 2774 2543 2818 ut
2569 2777 2766 2822 natura:
2791 2768 2857 2822 sit
2887 2769 2975 2824 Dei
3003 2788 3016 2824 :
3040 2773 3160 2841 quia
3190 2774 3426 2844 profecto
3450 2791 3612 2846 quam
3634 2777 3702 2830 sit
3724 2776 3816 2830 im-

2233 2858 2400 2928 pium,
2429 2869 2483 2913 et
2509 2860 2622 2930 ipse
2647 2862 2944 2930 cognoscis.
2973 2863 3086 2930 Qua
3114 2866 3384 2936 impietate
3412 2878 3473 2922 ut
3500 2883 3720 2934 careas,
3745 2869 3815 2924 ita

2232 2957 2443 3018 oportet
2484 2960 2537 3004 ut
2583 2949 2740 3004 dicas
2773 2953 2965 3008 anima:
3007 2965 3279 3010 auctorem
3321 2959 3523 3027 Deum,
3561 2969 3618 3014 ut
3643 2960 3710 3014 ab
3735 2960 3818 3013 illo

2233 3038 2368 3094 facta
2392 3041 2479 3103 sit,
2508 3056 2613 3094 non
2640 3041 2706 3096 de
2729 3042 2839 3097 illo.
2863 3043 3013 3112 Quod
3039 3046 3179 3100 enim
3205 3046 3273 3102 de
3299 3047 3390 3102 illo
3415 3060 3522 3114 est,
3552 3050 3688 3104 sicut
3710 3041 3822 3102 nni-

2233 3135 2443 3202 genitus
2468 3133 2667 3196 Filius.
2699 3137 2935 3204 ejusdem
2965 3147 3169 3194 naturae
3202 3143 3353 3210 cujus
3391 3151 3448 3198 et
3489 3143 3578 3198 ille
3613 3153 3715 3198 est.
3756 3142 3822 3198 Ut

2233 3233 2410 3279 autem
2450 3225 2628 3280 anima
2667 3227 2904 3296 ejusdem
2946 3239 3147 3289 natura:
3181 3246 3287 3285 non
3317 3233 3386 3286 sit
3411 3233 3571 3304 cujus
3598 3243 3683 3288 est
3717 3234 3820 3296 ille,

2233 3315 2370 3371 facta
2393 3327 2474 3372 est
2497 3318 2713 3388 quidem
2735 3320 2804 3374 ab
2830 3321 2940 3383 illo,
2969 3321 3065 3377 sed
3093 3338 3196 3378 non
3222 3323 3290 3380 de
3315 3325 3425 3379 illo.
3455 3328 3569 3380 Aut
3593 3341 3721 3396 ergo
3741 3327 3823 3380 dic

2235 3409 2396 3476 unde,
2423 3419 2515 3466 aut
2539 3411 2704 3468 fatere
2728 3413 2794 3468 de
2823 3414 3008 3470 nihilo.
3036 3416 3170 3484 Quid
3195 3427 3276 3472 est
3303 3419 3440 3487 quod
3471 3419 3633 3486 dicis,
3668 3439 3685 3471 ι
3709 3435 3822 3474 eam

2237 3502 2543 3570 particulam
2569 3519 2688 3560 esse
2709 3506 2988 3575 quamdam
3017 3508 3210 3564 halitus
3231 3517 3432 3564 natura:
3454 3511 3594 3566 Dei?
3624 3531 3644 3564 ι
3668 3511 3826 3566 Nutu-

2235 3593 2486 3662 quidnam
2512 3595 2682 3664 ipsum
2713 3596 2933 3652 halitum
2965 3607 3167 3654 naturae
3195 3600 3309 3667 Dei,
3341 3602 3502 3670 cujus
3533 3603 3726 3658 halitus
3751 3610 3828 3658 est

2237 3683 2336 3737 ista
2367 3685 2642 3752 particula,
2674 3702 2836 3757 negas
2862 3687 3099 3757 ejusdem
3129 3689 3282 3761 cujus
3312 3692 3453 3748 Deus
3481 3703 3568 3748 est
3593 3709 3714 3748 esse
3738 3707 3829 3748 na-

2239 3777 2408 3828 turae?
2437 3775 2491 3830 Si
2524 3793 2705 3848 negas,
2737 3795 2866 3850 ergo
2895 3781 2960 3836 de
2990 3781 3154 3836 nihilo
3181 3793 3234 3837 et
3262 3785 3418 3838 istum
3451 3785 3680 3840 halitum
3710 3785 3831 3841 fecit

2239 3862 2380 3920 Deus
2399 3904 2416 3930 ,
2445 3866 2596 3935 cujus
2625 3867 2820 3922 halitus
2847 3871 3077 3925 animam
3107 3873 3186 3926 vis
3211 3887 3329 3928 esse
3356 3875 3700 3946 particulam.
3729 3877 3830 3930 Aut

2166 3970 2172 3974 ·
2198 3989 2205 3994 -
2237 3953 2282 4007 si
2312 3969 2414 4009 non
2441 3955 2508 4011 de
2537 3956 2722 4024 nihilo,
2751 3957 2837 4012 die
2860 3959 2999 4014 unde
3024 3962 3169 4015 illum
3199 3963 3382 4018 fecerit
3406 3965 3574 4022 Deus.
3605 3965 3661 4022 Si
3687 3965 3754 4023 de
3776 3981 3832 4022 se

2241 4043 2355 4114 ipso
2375 4087 2388 4108 ,
2422 4061 2548 4116 ergo
2577 4047 2690 4117 ipse
2718 4058 2832 4114 est,
2861 4050 3003 4120 quod
3031 4051 3198 4118 absit,
3231 4056 3486 4110 materies
3518 4059 3702 4128 operis
3730 4059 3828 4114 sui.

2239 4135 2343 4190 Sed
2372 4137 2540 4204 dicis,
2576 4156 2596 4190 ι
2623 4138 2755 4194 Cum
2786 4139 2853 4194 de
2879 4156 2940 4196 se
2965 4142 3080 4211 ipso
3106 4143 3324 4200 halitunt
3353 4147 3435 4202 vel
3465 4148 3660 4205 ﬂatum
3689 4150 3830 4212 facit,

2239 4227 2352 4296 ipse
2379 4229 2582 4299 integer
2609 4239 2789 4285 manet
2814 4248 2829 4285 :
2866 4250 2886 4284 θ
2920 4235 3069 4302 quasi
3101 4249 3204 4289 non
3231 4245 3286 4290 et
3317 4235 3451 4307 ignis
3481 4238 3722 4296 lucerna;
3751 4241 3829 4292 in-

2239 4334 2385 4390 tegcr
2408 4331 2640 4387 maneat,
2665 4335 2786 4375 cum
2815 4321 2882 4376 de
2908 4323 2998 4376 illo
3025 4324 3188 4387 altera
3213 4327 3544 4396 accenditur,
3575 4339 3632 4384 et
3661 4338 3833 4384 tamen

2237 4409 2472 4479 ejusdem
2491 4451 2506 4474 ,
2539 4426 2643 4464 non
2669 4412 2907 4480 alterius,
2933 4415 3000 4468 sit
3030 4426 3252 4470 naturae.

2306 4499 2532 4556 CAPUT
2571 4501 2659 4556 lV.
2685 4533 2759 4542 —
2793 4504 2846 4558 4.
2893 4523 2911 4555 ι
2943 4504 3047 4560 Sed
3070 4548 3084 4571 ,
3115 4525 3136 4560 ι
3166 4508 3373 4579 inquis,
3411 4529 3432 4562 ι
3459 4526 3588 4567 cum
3621 4527 3654 4566 a
3683 4511 3836 4568 nobis

2236 4602 2356 4648 uter
2385 4593 2630 4658 inflatur,
2670 4611 2774 4650 non
2813 4597 2988 4668 aliqua
3028 4601 3201 4668 portio
3241 4612 3436 4656 nostra:
3475 4616 3724 4670 naturte,
3754 4606 3834 4660 vel

2236 4683 2505 4754 qualitatis
2533 4683 2857 4752 infunditur;
2887 4703 3006 4742 cum
3039 4689 3124 4746 hic
3153 4691 3268 4760 ipse
3294 4693 3537 4759 Spiritus,
3569 4713 3680 4767 quo
3705 4698 3836 4751 hau-

2235 4784 2320 4828 sto
2346 4784 2462 4829 uter
2483 4774 2504 4806 ³
2533 4775 2779 4844 impletus
2802 4781 3126 4848 extenditur,
3151 4783 3267 4838 sine
3285 4785 3458 4855 aliqua
3481 4789 3657 4842 nostri
3682 4789 3836 4842 dimi-

2237 4865 2454 4920 nutione
2477 4877 2742 4937 egeratur.
2773 4887 2793 4922 ›
2825 4869 2918 4926 His
2944 4872 3122 4928 verbis
3150 4874 3253 4930 tuis
3277 4876 3452 4932 adhuc
3473 4879 3639 4936 addis
3661 4889 3719 4936 et
3741 4883 3839 4936 im-

2235 4956 2482 5024 moraris,
2505 4967 2560 5012 et
2586 4957 2819 5015 inculcas
2844 4961 3238 5020 similitudinem
3265 4969 3416 5038 quasi
3443 4975 3833 5039 necessariam,

2235 5061 2338 5116 qua
2368 5046 2725 5118 intelligamus
2753 5051 3022 5120 quomodo
3045 5053 3185 5110 Deus
3212 5057 3328 5113 sine
3352 5075 3462 5114 suae
3491 5073 3708 5119 natura:
3737 5065 3839 5118 ali-

2235 5153 2340 5207 quo
2369 5137 2710 5207 detrimento,
2737 5151 2792 5197 et
2819 5143 2886 5198 de
2913 5159 2972 5200 se
3001 5145 3118 5216 ipso
3141 5148 3372 5205 animam
3403 5151 3588 5218 faciat,
3617 5165 3674 5211 et
3702 5155 3838 5211 facta

2235 5227 2302 5282 de
2330 5228 2478 5299 ipso,
2511 5245 2616 5284 non
2655 5233 2726 5286 sit
2764 5233 2903 5304 quod
2935 5235 3071 5306 ipse.
3100 5236 3242 5294 Dicis
3278 5243 3420 5296 enim
3453 5261 3466 5297 :
3506 5263 3529 5297 ι
3561 5245 3838 5318 Numquid

2301 5409 2315 5437 ¹
2355 5407 2622 5478 Victorinus
2643 5408 2834 5478 codex,
2871 5410 3088 5478 mrtuus;
3111 5415 3272 5478 minus
3303 5427 3460 5469 recte.
3505 5427 3628 5470 Nam
3667 5421 3838 5472 alludit

2235 5470 2549 5544 Augustinus
2565 5470 2623 5518 ad
2649 5469 2764 5544 illud
2790 5469 2986 5544 Virgilii,
3020 5473 3104 5525 lib.
3129 5477 3162 5526 5
3182 5485 3376 5542 Georg,
3403 5493 3536 5530 vers.
3552 5469 3698 5544 ses;
3709 5469 3836 5534 me?

2357 5532 2588 5604 ttontinuo
2600 5531 2798 5603 culpam
2825 5531 2952 5584 terre
2973 5549 3232 5600 compesce
3246 5575 3264 5604 ,ν
3287 5531 3418 5604 pi'ius
3436 5556 3595 5604 quam

2360 5592 2466 5666 pira
2490 5605 2583 5666 per:
2599 5592 3058 5666 incautumgserpant
3079 5592 3511 5666 centagiagvulgus.

2299 5651 2319 5716 ξ
2353 5660 2454 5698 Am.
2481 5651 2533 5702 et
2555 5659 2628 5700 ἢν.
2655 5664 2704 5703 et
2731 5665 2807 5704 \ts.
2834 5651 3160 5710 Pratelleusis.
3184 5651 3438 5716 ηὶὶοαὶὀῦιῗί.

2301 5713 2340 5791 f‘
2355 5719 2551 5791 amnt-1r.
2576 5715 2816 5791 etplu‘res
2841 5727 2966 5778 mss,
2985 5733 3096 5791 cum
3114 5721 3203 5791 lgor
3217 5713 3427 5789 ipsoque
3453 5727 3646 5791 spiritu
3667 5731 3840 5779 hausto

2237 5779 2357 5851 uter.
2383 5773 2471 5851 _Alii
2507 5773 2850 5851 quitlainvss.,
2873 5773 2980 5851 (vnn
3004 5781 3092 5851 [ioc
3121 5773 3426 5851 ipsumquod
3455 5773 3645 5849 ibitis?
3666 5773 3840 5842 iiiis};

2240 5842 2359 5884 uter.
2383 5842 2512 5895 Luxu,
2539 5851 2644 5886 mn
2671 5837 2747 5888 hic
2769 5839 2870 5899 ipse
2893 5843 3091 5900 spiritus
3112 5837 3428 5906 h'attstus'quo'
3445 5837 3576 5902 die};
