4144 6552
373 405 479 462 515

371 523 565 580 animm
595 531 793 579 nostrae
821 531 900 578 est
943 524 1115 592 portio
1153 521 1286 591 utris
1325 518 1524 576 inﬂatio
1545 563 1559 586 ,
1588 530 1680 575 aut
1717 521 1960 577 homines

371 615 623 686 fingimus
653 630 770 670 cum
803 623 949 670 utres
977 613 1244 678 inﬂamus,
1271 623 1360 666 aut
1383 612 1762 667 detrimentmn
1787 614 1958 668 nostri

369 707 422 760 in
451 706 631 776 aliquo
660 705 909 774 patimur,
941 718 1060 760 cum
1089 702 1245 758 ﬂatus
1273 711 1484 758 nostros
1513 703 1565 756 in
1595 701 1804 758 diversa
1833 717 1960 772 par-

367 797 569 852 timur?
605 796 708 852 Sed
754 796 954 851 nullum
999 795 1232 867 patimur
1271 795 1686 861 detrimentum,
1730 811 1852 850 cum
1891 811 1960 850 ex

365 888 524 944 nobis
551 887 616 942 ad
641 887 836 958 aliquid
864 888 1269 943 transmittimus
1294 887 1513 950 ﬂatum;
1546 898 1600 942 et
1628 897 1877 942 manente
1902 886 1956 941 in

367 978 522 1034 nobis
551 979 704 1048 plena
736 979 893 1033 ﬂatus
931 977 1127 1048 proprii
1157 978 1408 1049 qualitate
1436 987 1491 1034 et
1517 979 1718 1048 integra
1748 976 1959 1048 quanti-

368 1077 510 1135 tate,
538 1069 740 1123 nullum
764 1083 863 1124 nos
886 1067 1226 1124 meminimus
1254 1067 1506 1123 damnum
1540 1083 1604 1121 ex
1641 1067 1772 1122 utris
1805 1067 1957 1121 iulia-

366 1161 512 1216 tione
537 1161 756 1216 sentire.
789 1178 810 1213 ι
842 1159 941 1214 Ista
967 1159 1334 1225 similitudine,
1365 1175 1484 1230 qum
1509 1160 1638 1213 satis
1663 1159 1878 1229 elegans
1901 1166 1957 1213 et

364 1264 666 1322 congruens
684 1249 776 1304 tibi
793 1249 1022 1315 videtur,
1039 1262 1290 1320 quantum
1313 1251 1512 1304 fallaris
1529 1249 1762 1303 attende.
1788 1249 1954 1302 Deum

365 1341 562 1411 quippe
587 1341 720 1396 dicis
751 1341 1142 1410 incorporeum,
1171 1357 1275 1395 non
1305 1341 1373 1395 de
1399 1341 1568 1394 nihilo
1594 1356 1624 1394 a
1650 1356 1708 1395 se
1736 1340 1951 1408 lactant,

365 1433 457 1488 sed
505 1433 574 1488 de
618 1447 678 1488 se
723 1433 837 1502 ipso
883 1432 1114 1487 animam
1165 1432 1379 1487 sufﬂare
1423 1446 1733 1501 corpoream
1779 1449 1794 1486 :
1833 1447 1954 1486 Cttlll

363 1522 547 1578 ﬂatJm
575 1539 693 1587 nos,
723 1523 847 1578 licet
873 1537 1210 1594 corporeum,
1240 1523 1572 1578 subtiliorem
1598 1534 1774 1578 tamen
1795 1524 1954 1578 emit-

369 1624 560 1682 tamus,
591 1630 752 1684 quam
783 1623 963 1670 nostra
991 1623 1114 1670 sunt
1135 1629 1358 1684 corpora
1379 1632 1394 1677 :
1428 1631 1525 1670 nec
1544 1631 1668 1670 eum
1691 1613 1758 1670 de
1779 1618 1955 1668 anima

365 1717 577 1772 nostra,
607 1706 700 1762 sed
736 1707 802 1762 de
838 1706 940 1762 hoc
969 1722 1092 1762 aere
1119 1722 1217 1778 per
1247 1708 1445 1763 viscera
1473 1706 1714 1778 corporis
1739 1705 1956 1761 exhale-

363 1814 508 1854 mus.
538 1799 826 1856 Pulmones
855 1800 1050 1870 quippe
1075 1801 1251 1854 anima
1271 1841 1288 1866 ,
1319 1801 1470 1870 cujus
1508 1808 1637 1854 nutu
1676 1808 1956 1854 moventur

361 1890 526 1943 etiam
555 1899 746 1945 caetera
785 1891 1024 1961 corporis
1053 1891 1320 1958 membra,
1349 1890 1415 1946 ad
1442 1890 1585 1946 hunc
1611 1890 1815 1946 aerium
1842 1890 1952 1960 spi-

365 1981 530 2035 ritum
552 1981 850 2036 ducendum
871 1991 1030 2052 atque
1053 1981 1398 2045 reddendum,
1423 1982 1560 2037 sicut
1581 1981 1734 2037 folles
1755 1991 1950 2037 movet.

364 2072 570 2127 Praeter
595 2073 734 2128 enim
765 2073 1012 2127 alimenta
1053 2073 1220 2128 solida
1240 2083 1304 2147 _et
1330 2072 1500 2138 ﬂuxa,
1530 2072 1672 2128 unde
1697 2081 1780 2128 est
1804 2073 1954 2128 cibus

361 2177 420 2220 et
449 2177 634 2234 potus,
662 2165 764 2220 hoc
795 2171 1005 2220 tertium
1035 2167 1189 2226 nobis
1219 2167 1356 2221 Dens
1383 2167 1691 2222 alimentum
1726 2167 1955 2222 circum-

363 2256 499 2311 fudit
519 2271 789 2321 aurarum,
817 2272 950 2327 quas
975 2257 1044 2311 ita
1071 2257 1358 2327 carpimus,
1388 2266 1445 2312 ut
1469 2257 1585 2312 sine
1608 2257 1728 2312 cibo
1751 2265 1804 2312 et
1827 2264 1952 2326 potu

363 2348 455 2404 diu
481 2363 602 2403 esse
632 2349 928 2418 possimus,
974 2348 1092 2402 sine
1130 2347 1234 2404 hoc
1269 2357 1450 2402 autem
1486 2347 1742 2402 alimento
1771 2347 1948 2413 tertio,

363 2439 504 2511 quod
535 2453 661 2494 aura
690 2439 870 2501 nobis,
903 2455 1023 2509 qua:
1053 2439 1286 2510 undique
1311 2439 1675 2505 circumsistit,
1705 2437 1953 2509 spiranti-

362 2531 463 2586 bus
485 2539 539 2585 et
560 2529 942 2600 respirantibus
961 2529 1196 2597 exhibet,
1221 2545 1320 2585 nec
1339 2529 1530 2601 exiguo
1556 2529 1810 2599 temporis
1827 2544 1950 2600 spa-

363 2625 440 2678 tio
477 2622 740 2692 possimus
768 2621 968 2676 vivere.
997 2621 1146 2678 Sicut
1171 2631 1347 2677 autem
1378 2622 1528 2678 cibus
1565 2630 1620 2676 et
1657 2629 1814 2691 potus
1842 2637 1947 2675 non

361 2713 534 2768 solum
563 2712 856 2783 ingerendi,
887 2727 1069 2767 verum
1097 2712 1257 2768 etiam
1289 2727 1386 2782 per
1411 2720 1616 2768 meatus
1640 2712 1706 2768 ad
1739 2711 1840 2766 huc
1863 2711 1947 2766 in-

361 2804 578 2859 stitutos
607 2803 858 2874 egerendi
889 2813 1045 2867 sunt,
1077 2819 1146 2858 ne
1185 2812 1409 2874 utroque
1446 2803 1676 2870 laedant,
1717 2804 1800 2858 vel
1838 2819 1946 2859 non

362 2895 640 2961 intrando,
684 2895 767 2950 vel
809 2911 914 2950 non
951 2895 1198 2950 exeundo
1241 2913 1256 2950 :
1295 2895 1364 2950 ita
1403 2895 1744 2950 hoc-tertium
1770 2893 1950 2950 ﬂabile

361 2987 692 3052 alimentum,
713 2987 838 3057 quia
861 2987 912 3040 in
934 2987 1088 3043 nobis
1114 3002 1331 3043 manere
1357 3002 1460 3042 non
1486 2988 1694 3051 sinitur,
1724 3003 1824 3043 nec
1851 2989 1951 3042 im-

359 3077 619 3132 morando
639 3077 1018 3148 corrumpitur,
1048 3077 1143 3132 sed
1168 3078 1403 3147 egeritur
1427 3093 1550 3134 mox
1576 3087 1634 3133 ut
1659 3079 1944 3149 ingeritur;

360 3185 467 3224 non
492 3169 626 3224 alios
644 3209 660 3234 ,
690 3169 784 3224 sed
811 3169 1030 3225 eosdem
1057 3179 1264 3226 meatus
1283 3211 1298 3236 ,
1331 3169 1384 3226 id
1407 3179 1511 3238 est,
1539 3185 1621 3236 os,
1651 3180 1744 3226 aut
1765 3186 1944 3241 nares,

359 3269 452 3316 aut
481 3271 779 3331 utrumque,
811 3271 864 3317 et
886 3277 988 3331 qua
1015 3263 1253 3328 intraret,
1286 3273 1340 3316 et
1367 3278 1469 3333 qua
1497 3263 1689 3331 exiret,
1720 3264 1944 3334 accepit.

430 3355 487 3410 ὅ.
521 3355 576 3409 In
605 3364 655 3410 te
683 3356 797 3424 ipso
825 3355 915 3409 tibi
947 3355 1110 3425 proba
1136 3355 1252 3426 ipse
1274 3356 1414 3427 quod
1441 3356 1562 3412 dico
1589 3373 1603 3410 :
1631 3355 1814 3412 emitte
1839 3357 1948 3427 spi-

360 3447 522 3505 ritum
555 3447 750 3511 ﬂaudo,
779 3457 835 3503 et
862 3447 984 3503 vide
1011 3459 1188 3503 utrum
1218 3447 1398 3512 duros,
1427 3447 1473 3503 si
1503 3465 1608 3503 non
1639 3449 1942 3517 receperis:

360 3539 539 3608 recipe
564 3539 904 3609 respirando,
937 3549 991 3595 et
1015 3539 1136 3595 vide
1160 3555 1291 3610 quas
1320 3539 1535 3609 patiaris
1563 3541 1836 3611 angustias
1854 3581 1868 3603 ,
1898 3541 1942 3594 si

360 3643 467 3684 non
518 3643 702 3684 rursus
748 3630 1012 3685 emiseris.
1066 3629 1178 3684 Hoc
1227 3629 1383 3700 igitur
1427 3628 1682 3695 facimus,
1731 3629 1946 3700 quando

359 3736 531 3779 utrem
550 3765 565 3789 ,
595 3725 734 3778 sicut
760 3724 926 3791 dicis,
959 3723 1236 3787 inﬂamus,
1267 3723 1408 3792 quod
1452 3723 1674 3778 facimus
1709 3733 1768 3777 ut
1795 3723 1941 3777 viva-

357 3832 477 3870 mus
499 3833 513 3872 :
535 3815 632 3872 nisi
657 3815 794 3884 quod
817 3822 944 3870 tunc
965 3814 1122 3884 paulo
1141 3815 1263 3886 plus
1281 3814 1546 3880 ducimus,
1569 3824 1627 3869 ut
1646 3815 1804 3884 paulo
1825 3813 1944 3884 plus

356 3909 696 3974 omittamus,
729 3915 786 3961 ut
813 3907 1053 3976 spiritum
1081 3904 1349 3973 ﬂabilem,
1391 3907 1442 3960 id
1481 3915 1592 3970 est,
1632 3915 1846 3960 ventum
1889 3905 1940 3960 in

355 4007 528 4053 utrem
556 3997 879 4066 implendum
907 4003 961 4050 et
985 3995 1378 4051 extendendum
1408 4011 1516 4050 non
1539 3998 1718 4066 quiete
1737 3998 1942 4066 spiran-

354 4091 406 4144 di
443 4101 502 4146 et
538 4091 862 4160 respirandi,
902 4089 996 4146 sed
1035 4089 1318 4145 anhelandi
1358 4090 1555 4159 impetu
1585 4100 1938 4154 coarctemus.

353 4181 632 4250 Quomodo
657 4197 786 4252 ergo
808 4181 962 4247 dicis,
995 4199 1014 4233 ‹
1045 4181 1256 4236 Nullum
1285 4181 1516 4251 patimur
1539 4181 1940 4248 detrimentum,

353 4289 472 4327 cum
495 4287 560 4326 ex
583 4272 736 4328 nobis
759 4271 824 4326 ad
848 4271 1045 4340 aliquid
1076 4272 1484 4326 transmittinms
1503 4271 1720 4336 flatum;
1749 4279 1802 4325 ct
1828 4285 1940 4324 ma-

353 4373 515 4417 nente
539 4363 592 4418 in
616 4363 770 4417 nobis
797 4362 951 4432 plena
978 4363 1132 4416 ﬂatus
1163 4363 1358 4432 proprii
1387 4361 1639 4432 qualitate
1664 4372 1716 4415 et
1738 4361 1940 4431 integra

355 4455 674 4522 quantitate,
708 4454 908 4509 nullum
939 4469 1036 4507 nos
1065 4454 1403 4508 meminimus
1436 4453 1686 4507 damnum
1715 4468 1779 4507 ex
1807 4452 1940 4507 utris

355 4545 625 4600 inﬂatione
667 4545 906 4600 sentire?
933 4563 952 4596 ι
990 4545 1220 4614 Apparet
1272 4553 1360 4610 te,
1413 4545 1518 4611 lili,
1567 4546 1610 4622 si
1655 4545 1940 4615 aliquando

355 4648 527 4692 utrem
554 4636 768 4702 inﬂasti,
798 4652 902 4691 non
927 4635 1220 4690 advel-tisse
1244 4635 1370 4706 quid
1397 4636 1591 4706 egeris.
1619 4635 1769 4704 Quod
1795 4635 1938 4690 enim

354 4728 588 4783 inﬂando
609 4728 626 4760 ¹
653 4727 882 4792 amittis,
913 4728 1092 4781 statim
1122 4727 1428 4796 recipiendo
1469 4742 1574 4781 non
1615 4729 1800 4781 sentis.
1831 4726 1938 4781 Sed

354 4831 504 4889 putes
531 4820 633 4874 hoc
659 4817 908 4876 facillime
933 4817 1163 4882 discere,
1195 4818 1239 4871 si
1269 4817 1371 4871 hoc
1401 4818 1574 4886 potius
1599 4817 1752 4882 velis,
1779 4832 1936 4888 quam

354 4921 437 4964 tua
467 4912 628 4977 dicta,
655 4911 779 4980 quia
801 4910 910 4979 jam
937 4909 1078 4964 dicta
1105 4918 1248 4971 sunt,
1276 4923 1379 4963 non
1407 4908 1597 4962 inﬂans
1621 4917 1816 4970 utrem,
1843 4907 1938 4962 sed

353 5004 565 5058 inﬂatus
591 5005 704 5073 ipse
732 5003 1040 5069 defendere,
1073 5011 1128 5057 et
1154 5001 1424 5056 auditores
1453 5009 1602 5069 tuos,
1635 5016 1768 5071 quos
1799 5002 1938 5057 veris

351 5098 552 5151 rebus'
579 5097 845 5152 aedificare
883 5095 1082 5162 debes,
1127 5095 1268 5149 inani
1312 5095 1533 5164 strepitu
1574 5094 1778 5149 ventosi
1819 5109 1938 5148 ser-

350 5189 525 5244 monis
553 5189 758 5244 inﬂare.
788 5188 844 5243 in
872 5187 972 5242 hac
997 5203 1154 5243 causa
1179 5203 1284 5242 non
1313 5196 1363 5242 te
1389 5186 1453 5241 ad
1483 5187 1790 5256 magistrum
1818 5187 1938 5240 mit-

351 5289 440 5344 to,
477 5281 577 5336 nisi
597 5280 619 5312 ³
643 5281 708 5335 ad
737 5289 789 5336 te
813 5281 1006 5350 ipsum.
1035 5279 1233 5335 Emitte
1266 5279 1448 5334 ﬂatum
1479 5280 1531 5334 in
1561 5291 1762 5345 utrem,
1793 5289 1849 5334 et
1875 5298 1937 5335 os

349 5370 539 5426 claude
564 5372 816 5427 continuo
836 5412 852 5438 ,
881 5385 1145 5440 naresque
1170 5370 1370 5437 dctine,
1403 5381 1457 5426 et
1485 5371 1564 5427 sic
1589 5371 1774 5426 saltem
1800 5371 1935 5425 senti

351 5480 534 5518 verum
565 5479 686 5520 esse
723 5463 864 5534 quod
901 5463 1039 5518 dico.
1081 5462 1214 5518 Cum
1242 5465 1384 5518 enim
1411 5465 1638 5534 coeperis
1667 5463 1936 5532 angustias

350 5555 711 5610 intolerabiles
735 5555 961 5624 perpeti,
991 5551 1119 5626 quid
1148 5554 1332 5624 cupies
1357 5570 1449 5609 ore
1475 5563 1659 5623 aperto
1689 5553 1936 5608 naribus-

413 5726 429 5756 ³
469 5731 566 5772 Am.
592 5727 666 5770 Er.
685 5731 736 5771 et
755 5737 767 5784 ι
785 5719 980 5784 lerique
1001 5727 1112 5770 Mss.
1132 5755 1148 5780 ,
1167 5718 1470 5784 insuﬂimtdo.

410 5788 431 5818 ⁸
462 5788 662 5834 ustore.
690 5783 1034 5845 Ms.,qsiosuou
1050 5783 1224 5845 uerius,
1242 5783 1327 5833 sed
1353 5784 1514 5833 rebus.

410 5849 430 5880 ³
464 5847 610 5904 usu.
633 5845 718 5896 sed
746 5844 1097 5920 ληιάςηηὶςῂ

1713 401 1916 458 LIBER
1954 399 2325 460 SECUNDUS.

3550 420 3654 478 5M

2067 531 2171 585 que
2200 520 2438 589 recipere
2459 563 2472 581 ,
2513 522 2556 573 si
2595 522 2808 593 quando
2845 527 3068 582 Sufﬂastl
3092 569 3106 591 ,
3136 529 3266 584 nihil
3300 541 3350 585 Ic
3377 532 3651 588 existimas

2063 609 2348 665 amisisse?
2377 611 2504 667 Vide
2532 613 2585 668 in
2612 631 2717 684 quo
2742 618 2880 670 malo
2910 619 3012 681 sis,
3043 620 3145 674 nisi
3174 621 3466 676 hauriendo
3497 641 3654 679 resu-

2065 717 2179 755 mas
2204 703 2344 772 quod
2373 704 2696 760 elfundeudo
2717 708 3046 764 reddideras.
3077 710 3230 777 Vide,
3259 712 3344 766 illa
3369 713 3654 768 insufﬂatio

2062 791 2241 862 qualia
2265 791 2458 878 damna
2487 804 2541 848 et
2564 795 2881 850 detrimenta
2912 799 3141 866 fecisset,
3167 801 3264 854 nisi
3291 817 3351 856 ea
3375 805 3653 872 respiratio

2063 895 2384 952 reparasset.
2415 885 2523 940 Nisi
2554 888 2696 942 enim
2726 889 2868 958 quod
2899 891 3222 959 impenderis
3247 892 3315 946 ad
3346 903 3515 949 utrem
3548 893 3650 947 itu-

2063 975 2313 1045 plendum
2335 1017 2350 1043 ,
2381 977 2448 1051 ad
2480 987 2531 1033 te
2567 979 2749 1036 itidem
2776 981 3025 1036 alendum
3055 983 3197 1036 aditu
3227 983 3488 1053 patefacto
3525 986 3655 1038 red-

2061 1066 2215 1130 ierit,
2257 1069 2383 1138 quid
2431 1070 2560 1136 tibi,
2593 1086 2697 1126 non
2727 1073 2901 1127 Solum
2931 1073 3074 1128 unde
3115 1075 3263 1129 illum
3307 1073 3518 1140 inﬂare,
3552 1076 3649 1130 sed

2061 1157 2203 1214 ttnde
2233 1167 2287 1212 tu
2320 1161 2492 1229 possis
2521 1161 2720 1228 vivere,
2753 1164 3085 1219 remanebit?

2130 1247 2184 1302 6.
2221 1248 2344 1303 Haec
2365 1250 2592 1304 debuisti
2621 1253 2981 1318 considerare,
3005 1270 3126 1308 cum
3149 1255 3441 1310 scriberes:
3467 1267 3522 1310 et
3543 1241 3650 1313 non

2059 1337 2159 1393 ista
2200 1338 2547 1394 similitudine
2589 1343 2783 1398 utrium
2829 1343 3131 1399 iuﬂatorum
3176 1347 3256 1399 vel
3298 1346 3648 1400 inﬂamlorum

2061 1427 2401 1485 introducere
2427 1431 2580 1486 nobis
2609 1433 2773 1490 Deum
2793 1475 2808 1500 ,
2837 1445 2927 1488 aut
2951 1451 3016 1490 ex
3049 1437 3148 1490 alia
3178 1445 3365 1491 natura
3393 1453 3511 1506 qua:
3537 1438 3649 1507 jam

2059 1532 2194 1587 erat,
2218 1523 2354 1576 sicut
2379 1537 2478 1576 nos
2497 1539 2560 1577 ex
2587 1525 2688 1578 isto
2709 1525 3032 1580 circumfuso
3053 1543 3177 1582 aere
3199 1527 3378 1582 ﬂatum
3405 1527 3648 1593 facimus,

2059 1611 2264 1665 animas
2291 1612 2420 1667 ﬂare
2451 1631 2463 1666 :
2491 1623 2582 1668 aut
2609 1622 2786 1681 certe,
2827 1615 2968 1686 quod
2999 1627 3051 1670 et
3078 1616 3332 1671 abhorret
3358 1618 3424 1672 ab
3449 1619 3546 1672 ista
3574 1621 3650 1674 si-

2058 1702 2378 1767 militudine,
2406 1715 2460 1759 et
2484 1705 2718 1759 abundat
2745 1707 3037 1777 impietate,
3067 1709 3230 1762 [leum
3256 1709 3373 1762 sine
3400 1710 3507 1762 ullo
3533 1709 3651 1779 qui-

2057 1791 2179 1848 dem
2196 1795 2277 1850 sui
2299 1796 2639 1863 detrimento,
2661 1797 2756 1852 sed
2783 1809 2957 1854 tamen
2984 1799 3050 1876 de
3070 1815 3162 1854 sua
3184 1811 3370 1854 natura
3396 1801 3649 1856 mutabile

2057 1886 2253 1956 aliquid
2279 1890 2361 1942 vel
2391 1887 2624 1956 proferre
2642 1931 2658 1956 ,
2687 1891 2790 1955 vel,
2821 1891 2962 1960 quod
2987 1900 3069 1946 est
3097 1891 3268 1962 pejus,
3289 1903 3539 1962 tauquam
3566 1895 3647 1948 sui

2057 1981 2234 2048 operis
2260 1979 2508 2035 materics
2536 1981 2649 2048 ipse
2673 1981 2778 2045 sit,
2813 1983 3010 2040 lacere.
3045 1983 3114 2039 Ut
3142 1999 3268 2054 ergo
3306 1985 3539 2056 aliqnmn
3580 1986 3649 2041 de

2057 2081 2240 2126 nostro
2282 2071 2408 2127 ﬂatu
2437 2073 2502 2127 ad
2529 2072 2666 2127 hanc
2691 2089 2805 2128 rem
2833 2075 3181 2130 adhibeamus
3215 2077 3644 2143 similitudinem,

2056 2161 2108 2215 id
2145 2161 2318 2231 potius
2346 2170 2430 2218 est
2457 2162 2780 2219 credendum
2809 2182 2823 2221 :
2851 2165 2990 2234 quod
3021 2167 3160 2220 sicut
3189 2182 3284 2220 nos
3315 2183 3420 2221 non
3452 2167 3518 2222 de
3551 2185 3614 2222 na
3635 2199 3648 2208 -

2055 2260 2172 2306 tura
2203 2261 2383 2306 nostra
2405 2293 2420 2318 ,
2452 2253 2545 2307 sed
2575 2253 2697 2323 quia
2735 2254 3131 2324 omnipotentes
3175 2271 3280 2309 non
3325 2235 3539 2323 sumus,
3581 2257 3649 2312 de

2055 2341 2158 2398 isto
2182 2359 2306 2398 acre
2326 2343 2650 2399 circumfuso
2673 2360 2831 2414 quem
2856 2346 3112 2400 trahimus
3135 2356 3188 2401 et
3209 2347 3498 2408 reddimus.
3523 2365 3645 2403 cunt

2055 2436 2322 2508 spiramus
2345 2446 2400 2492 et
2425 2437 2752 2506 respiramus
2773 2477 2788 2503 ,
2816 2435 2997 2491 ﬂatum
3040 2437 3263 2492 facimus
3296 2439 3509 2508 quando
3535 2440 3647 2493 suf-

2053 2527 2274 2592 ﬂamus,
2307 2541 2409 2583 nec
2445 2527 2712 2583 viventem
2755 2543 2856 2583 nec
2896 2528 3246 2593 sentientem,
3276 2528 3520 2598 quamvis
3548 2544 3647 2584 nos

2053 2622 2292 2676 vivamus
2320 2633 2480 2692 atque
2507 2623 2834 2688 sentiamus;
2877 2622 2947 2676 ita
2976 2622 3141 2676 Deum
3171 2639 3276 2676 non
3317 2621 3385 2676 de
3423 2635 3518 2676 sua
3549 2638 3645 2674 na-

2054 2722 2205 2778 tura,
2235 2713 2330 2768 sed
2365 2713 2486 2784 quia
2527 2713 2606 2768 sic
2647 2713 2988 2784 omnipotens
3023 2723 3104 2767 est
3125 2755 3140 2778 ,
3185 2722 3241 2767 ut
3271 2715 3435 2782 possit
3463 2728 3646 2768 creato

2051 2803 2194 2876 quod
2219 2804 2363 2869 vult,
2392 2803 2552 2860 etiam
2579 2819 2643 2858 ex
2673 2820 2738 2859 eo
2767 2804 2904 2872 quod
2933 2805 3154 2858 omnino
3183 2819 3289 2856 non
3319 2813 3398 2857 est
3417 2845 3432 2867 ,
3461 2802 3511 2856 id
3541 2814 3643 2865 est,

2051 2895 2121 2951 de
2147 2895 2312 2951 nihilo
2337 2894 2516 2950 ﬂatum
2546 2893 2724 2950 facere
2753 2910 2907 2964 posse
2931 2895 3196 2949 viventem
3227 2904 3384 2963 atque
3413 2893 3646 2948 sentien-

2053 2996 2194 3052 tem;
2223 2987 2316 3042 sed
2344 2986 2500 3057 plane
2523 3001 2644 3040 cum
2670 2985 2741 3040 sit
2766 2985 3108 3042 immutabilis
3135 2985 3246 3055 ipse
3273 2985 3579 3039 mutabilem
3604 2987 3642 3038 ‘.

2121 3100 2348 3158 CAPUT
2389 3100 2453 3156 V.
2477 3130 2553 3145 —-
2575 3101 2628 3155 7.
2659 3100 2796 3170 Quid
2826 3110 3001 3154 autem
3031 3100 3130 3154 sibi
3159 3100 3306 3162 vult,
3350 3099 3488 3168 quod
3523 3101 3646 3154 huic

2049 3195 2381 3252 similitudini
2406 3193 2706 3250 addendum
2731 3194 2923 3263 putasti
2945 3192 3010 3246 ad
3032 3192 3334 3261 exemplmn
3358 3193 3376 3223 ’
3399 3193 3466 3246 de
3488 3194 3645 3246 beato

2049 3289 2248 3346 Elimea
2267 3331 2280 3351 ,
2309 3288 2430 3358 quia
2461 3286 2638 3342 ﬂando
2667 3285 2720 3340 in
2747 3281 2865 3355 ejus
2896 3285 3082 3339 faciem
3116 3295 3380 3338 mortuum
3413 3285 3640 3337 suscita-

2049 3379 2185 3435 verit
2217 3379 2305 3452 (IV
2335 3377 2460 3450 Reg.
2493 3397 2562 3442 tv,
2593 3379 2682 3443 54,
2712 3376 2847 3446 55)?
2877 3376 3023 3430 itane
3053 3385 3109 3430 tu
3139 3376 3320 3429 ﬂatum
3352 3375 3530 3429 Eliszei
3565 3377 3642 3427 fa-

2047 3481 2190 3526 ctum
2212 3471 2233 3503 ⁹
2263 3470 2425 3525 fuisse
2446 3479 2600 3539 putas
2621 3469 2849 3523 animam
2880 3469 3068 3538 pueri?
3093 3468 3206 3522 Non
3236 3485 3402 3538 usque
3431 3467 3565 3521 adeo
3589 3477 3641 3521 te

2047 3577 2078 3618 a
2109 3577 2233 3616 vero
2260 3561 2562 3616 exorbitare
2596 3559 2934 3614 crediderim.
2962 3557 3019 3614 Si
3043 3573 3170 3629 ergo
3198 3558 3373 3611 anima
3403 3558 3489 3611 illa
3520 3575 3640 3627 qua:

2048 3653 2243 3708 viventi
2271 3652 2442 3706 ablata
2475 3651 2648 3706 fuerat
2677 3661 2734 3705 ut
2760 3660 3058 3705 moreretur
3077 3693 3092 3717 ,
3123 3650 3308 3705 cadent
3337 3649 3450 3719 ipsa
3479 3651 3549 3704 illi
3583 3662 3639 3706 ut

2046 3744 2386 3798 revivisceret
2407 3741 2428 3774 ’⁸
2461 3742 2663 3797 reddita
2703 3752 2815 3807 est;
2845 3741 2971 3812 quid
3002 3742 3068 3796 ad
3100 3758 3211 3796 rem
3243 3745 3471 3811 pertinet
3499 3743 3638 3810 quod

2045 3833 2246 3898 dixisti,
2278 3851 2297 3884 ι
2328 3833 2457 3901 nihil
2481 3833 2672 3886 Elismo
2694 3831 2853 3886 fuisse
2873 3831 3213 3896 diminutum,
3242 3851 3260 3883 ι
3285 3833 3434 3902 quasi
3458 3832 3525 3886 ab
3549 3833 3640 3887 illo

2045 3925 2240 3996 aliquid
2275 3925 2558 3991 transisse,
2589 3923 2729 3979 unde
2756 3925 2990 3988 viveret,
3019 3923 3268 3979 credatur
3294 3924 3346 3978 in
3377 3929 3638 3994 puerum?

2044 4018 2196 4086 Quod
2237 4019 2280 4072 si
2323 4027 2601 4088 propterea
2633 4016 2834 4072 dictum
2863 4025 2977 4082 est,
3009 4019 3131 4088 quia
3170 4016 3316 4072 ﬂavit
3353 4027 3405 4072 et
3436 4020 3638 4088 integer

2044 4112 2274 4176 mansit;
2301 4110 2424 4181 quid
2451 4124 2584 4180 opus
2609 4116 2725 4164 erat
2748 4119 2804 4163 ut
2832 4109 2934 4165 hoc
2957 4109 3024 4165 de
3049 4110 3244 4164 Elisazo
3263 4122 3529 4165 mortuum
3556 4129 3638 4164 re-

2044 4206 2334 4260 suscitant-e
2360 4205 2585 4272 diceres,
2619 4206 2762 4277 quod
2787 4207 2854 4262 de
2877 4207 3072 4278 quovis
3104 4208 3260 4262 ﬂante
3289 4217 3342 4261 et
3369 4209 3635 4262 nominent

2043 4299 2338 4354 suscitanle
2379 4297 2558 4353 dicere
2605 4299 2948 4356 nihilominus
2989 4303 3212 4370 posses?
3258 4299 3468 4354 incaute
3507 4314 3636 4356 sane

2045 4390 2254 4444 locutus
2281 4403 2340 4444 cs
2371 4390 2512 4462 (cum
2542 4390 2680 4444 absit
2709 4400 2765 4444 ut
2793 4389 2981 4445 credas
3012 4390 3194 4444 ﬂatum
3223 4391 3398 4444 Elisa'i
3441 4393 3633 4444 factum

2045 4478 2208 4534 fuisse
2237 4480 2602 4535 reviviscentis
2628 4480 2860 4536 animam
2891 4482 3084 4550 pueri).
3117 4482 3256 4552 quod
3285 4482 3510 4550 primum
3544 4481 3633 4538 llei

2041 4571 2274 4636 factum,
2305 4571 2374 4626 ab
2399 4571 2554 4626 istius
2579 4573 2852 4642 prophetae
2879 4569 3016 4626 faeto
3045 4573 3144 4625 hoc
3174 4573 3368 4627 distare
3399 4573 3630 4638 \‘tiittisli,

2042 4665 2184 4736 quod
2217 4667 2306 4718 ille
2336 4666 2522 4728 semel,
2555 4665 2654 4720 istc
2680 4676 2761 4720 ter
2789 4665 3013 4722 ﬂaverit.
3046 4666 3228 4719 Dixisti
3253 4666 3446 4735 quippe
3477 4684 3494 4715 α
3527 4665 3634 4718 latt-

2044 4772 2208 4812 sauun
2242 4758 2292 4811 iu
2325 4756 2512 4812 facient
2541 4757 2774 4812 defuncti
2806 4759 2892 4811 lilii
2933 4758 3072 4811 illius
3099 4758 3420 4820 Snnamitis,
3454 4757 3518 4810 ad
3551 4759 3631 4810 iu-

2043 4859 2156 4902 star
2193 4848 2463 4918 prima-va:
2493 4847 2712 4918 originis
2753 4846 3070 4903 insnfﬂasse.
3119 4847 3183 4901 Et
3228 4863 3347 4901 cum
3391 4857 3631 4902 emortua

2043 4942 2303 5006 membra,
2336 4961 2354 4994 ι
2387 4941 2582 5011 inquis,
2616 4960 2634 4993 ι
2667 4942 2718 4996 in
2749 4942 2984 5012 vigorem
3019 4941 3297 5010 pristinum
3327 4941 3632 4998 rcdanima-

2046 5046 2129 5100 ta,
2176 5050 2270 5104 per
2313 5033 2534 5088 halitum
2579 5033 2860 5103 PrOphetze
2889 5033 3067 5088 divina
3097 5034 3265 5089 virtus
3292 5036 3627 5103 accenderet,

2044 5127 2170 5182 nihil
2204 5125 2391 5180 Elisa-o
2419 5125 2575 5180 fuerit
2606 5126 2961 5191 inuninutum,
2995 5141 3091 5196 per
3119 5125 3270 5195 cujus
3298 5126 3478 5182 ﬂatum
3505 5144 3628 5182 cor-

2044 5235 2143 5290 pus
2162 5229 2460 5275 emortuum
2484 5218 2769 5272 redivivam
2796 5219 3028 5273 animam
3055 5217 3253 5288 recepit
3278 5231 3330 5274 et
3355 5220 3627 5289 spirituum:

2043 5313 2144 5366 nisi
2175 5311 2317 5382 quod
2348 5311 2514 5366 semel
2545 5310 2798 5365 Dominus
2831 5311 2882 5364 in
2911 5310 3097 5366 faciem
3128 5310 3358 5367 hominis
3387 5312 3628 5367 insufﬂa-

2045 5401 2140 5468 vit,
2161 5411 2216 5455 ct
2237 5399 2400 5468 vixit;
2428 5400 2586 5455 tertio
2607 5399 2831 5456 Elisa'us
2857 5401 2909 5456 in
2933 5401 3122 5458 faciem
3143 5401 3335 5457 mortui
3357 5402 3627 5474 aspiravit,

2105 5599 2124 5670 ξ
2159 5599 2244 5670 llic
2265 5597 2382 5670 editi
2407 5597 2763 5670 addunt,_[acit.

2105 5661 2125 5723 ξ
2160 5660 2288 5723 Aliud
2311 5666 2440 5716 ιιοιγ.9
2469 5660 2644 5721 putasti
2665 5668 2711 5710 et
2732 5660 3024 5723 exemplum.

2107 5721 2128 5784 ξ
2162 5721 2406 5782 addimus,
2429 5723 2630 5784 factum,
2663 5736 2725 5771 ex
2751 5721 3102 5784 uiantiscriptis.

2108 5783 2128 5815 ⁸
2164 5789 2213 5832 tu
2253 5779 2400 5845 Mss,
2430 5779 2782 5844 'reriwscerct;
2849 5793 2900 5834 et
2977 5779 3120 5846 paulo
3157 5790 3293 5846 post,
3341 5779 3625 5831 reducam:-

2043 5855 2121 5898 (is.
