4096 6526
501 352 610 408 5'15

501 479 560 522 et
603 464 810 520 revixit.
845 481 864 516 ι
899 461 990 518 Sic
1017 468 1210 516 sonant
1240 468 1322 514 tua
1365 459 1524 514 verba
1567 459 1664 512 ista
1688 498 1702 522 ,
1746 457 1896 526 quasi
1936 457 2094 510 llandi

507 566 710 612 tantum
739 563 994 609 numerus
1019 551 1378 618 interfuerit’,
1410 559 1466 603 ιιι
1491 567 1596 604 non
1621 549 1762 619 quod
1789 547 1911 602 fecit
1934 548 2096 608 Deus.

501 646 664 702 etiam
697 643 962 714 Pmpheta
1000 641 1188 697 fecisse
1216 639 1482 695 credatur.
1517 639 1580 692 Et
1606 638 1708 692 hoc
1739 652 1865 706 ergo
1907 653 2060 692 emen

498 736 732 794 dandum
764 746 864 790 est.
899 734 1028 788 Tam
1057 733 1282 787 multum
1309 732 1502 801 quippe
1533 728 1770 784 interfuit
1801 729 1938 782 inter
1970 729 2095 782 illud

497 843 634 894 opus
664 828 754 883 Dei
773 869 788 893 ,
814 835 869 882 et
907 825 1008 880 hoc
1049 823 1260 892 Elisazi,
1289 832 1344 878 ut
1387 823 1476 877 ille
1505 819 1710 875 flaverit
1738 819 1920 878 flatum
1951 821 2092 886 vine,

500 937 608 990 quo
639 922 788 974 fieret
815 920 975 974 homo
1000 917 1052 972 in
1078 917 1309 971 animam
1337 915 1636 979 viventem;
1670 914 1769 968 iste
1793 923 1970 968 autem
1999 914 2096 973 lia-

502 1015 636 1065 verit
667 1012 880 1075 ﬂatum,
914 1023 1086 1079 neque
1115 1009 1434 1063 sentientem
1464 1022 1636 1076 neque
1665 1006 1961 1072 viventem,
1997 1005 2093 1060 sed

498 1101 697 1171 aliquid
719 1100 1050 1171 significandi
1071 1100 1238 1170 gratia
1264 1097 1600 1169 figurantem.
1627 1095 1863 1165 Denique
1884 1103 1939 1148 ut
1963 1112 2094 1165 puer

498 1195 600 1248 iste
631 1195 1013 1257 revivisceret,
1041 1207 1147 1246 non
1186 1205 1309 1246 eum
1339 1187 1625 1244 animando
1651 1187 1918 1258 PrOpheta
1947 1188 2088 1255 fecit,

493 1285 588 1339 sed
617 1301 738 1340 eum
763 1287 782 1316 ³
823 1283 1053 1338 amando
1095 1292 1151 1338 ιιι
1194 1283 1294 1336 hoc
1337 1282 1478 1336 Deus
1523 1280 1721 1336 faceret
1769 1280 2088 1350 impetravit.

493 1376 648 1441 Quod
677 1385 852 1429 autem
886 1375 1033 1428 illum
1077 1383 1158 1428 ter
1195 1373 1441 1428 sumasse
1477 1371 1646 1437 dicis,
1676 1381 1772 1426 aut
1809 1373 2084 1438 melnoria,

491 1468 629 1522 sicut
667 1467 784 1521 fieri
825 1467 989 1534 sulci,
1033 1475 1124 1520 aut
1170 1465 1497 1520 mendositas
1537 1465 1738 1520 codicis
1780 1471 1833 1520 te
1876 1463 2087 1520 fefellit.

490 1559 627 1626 Quid
667 1558 853 1626 plura?
882 1557 996 1612 Non
1024 1567 1147 1611 sant
1181 1557 1274 1611 tibi
1315 1555 1383 1611 ad
1415 1555 1516 1610 hoc
1539 1555 1888 1610 astruendum
1913 1555 2088 1626 aliqua

489 1650 732 1718 exempla
762 1659 816 1704 et
839 1659 1148 1718 argntnenta
1177 1649 1496 1719 quarrenda,
1541 1647 1636 1704 sed
1680 1649 1860 1717 potius
1898 1663 2088 1704 emen-

489 1741 662 1796 danda
701 1751 760 1795 et
795 1741 1042 1795 mutanda
1075 1739 1358 1795 sententia.
1391 1738 1508 1794 Noli
1535 1753 1664 1808 ergo
1689 1737 1946 1805 credere,
1976 1739 2085 1793 noli

481 1847 616 1902 ergo
641 1831 838 1896 dicere,
875 1831 984 1886 noli
1013 1831 1208 1886 docere
1238 1851 1258 1882 ι
1287 1831 1426 1901 quod
1459 1846 1564 1892 non
1590 1830 1659 1886 de
1683 1830 1868 1896 nihilo,
1896 1831 1991 1886 sed
2016 1830 2084 1886 de

481 1939 577 1979 sua
601 1934 784 1976 natura
804 1924 986 1978 fecerit
1003 1924 1234 1978 animam
1262 1919 1420 1988 Deus,
1435 1942 1452 1975 ι
1471 1921 1517 1978 si
1531 1923 1609 1976 vis
1631 1936 1752 1977 esse
1765 1922 2077 1978 catholicus.

553 2013 778 2070 CAPUT
823 2014 1066 2070 \'I.—8.
1095 2013 1214 2068 Noli
1259 2015 1513 2080 credere,
1566 2029 1666 2069 nec
1707 2013 1922 2078 dicere,
1981 2029 2081 2070 nec

479 2103 695 2169 docere,
748 2124 767 2158 ι
805 2105 908 2160 Per
951 2105 1214 2160 infinitum
1266 2115 1504 2175 tempus,
1545 2095 1707 2176 atque
1745 2107 1816 2160 ita
1860 2120 2079 2175 semper

483 2195 650 2252 Deum
695 2197 901 2251 animas
935 2196 1100 2260 dare,
1143 2197 1283 2256 sicut
1323 2211 1536 2266 semper
1574 2209 1656 2250 ρει
1683 2196 1796 2266 ipse
1821 2197 1910 2267 qui
1935 2196 2026 2253 dat
2051 2217 2070 2248 ι

485 2286 707 2358 (Supra,
736 2287 824 2340 lib.
858 2288 910 2354 1,
968 2305 1020 2340 ιι.
1058 2287 1170 2356 '26),
1203 2287 1246 2340 si
1287 2287 1364 2341 vis
1400 2301 1521 2342 esse
1584 2285 1903 2342 catholicus.
1960 2286 2076 2344 Erit

481 2377 623 2430 enim
659 2386 866 2446 tempus
891 2376 1102 2447 quando
1123 2393 1230 2438 non
1255 2377 1401 2436 dabit
1420 2377 1626 2432 animas
1645 2377 1807 2444 Deus,
1835 2393 1959 2432 cum
1989 2385 2071 2433 ta.

479 2483 602 2522 men
646 2483 767 2522 esse
795 2467 910 2536 ipse
939 2485 1044 2522 non
1071 2468 1297 2526 desinat.
1328 2469 1547 2528 Poterat
1575 2469 1788 2540 quidem
1815 2469 1895 2526 sic
1926 2471 2070 2526 acci-

480 2558 556 2628 pi,
583 2557 724 2628 quod
771 2559 912 2624 aisti,
949 2577 968 2612 ι
996 2574 1210 2629 semper
1237 2559 1330 2614 dat
1355 2579 1376 2612 ι
1418 2570 1475 2615 ιιι
1517 2561 1908 2632 intelligeretur
1947 2563 2066 2620 sine

477 2649 779 2703 cessatione
802 2649 931 2705 dare
960 2650 1214 2720 quamdiu
1243 2650 1487 2707 homines
1527 2661 1787 2722 generant
1819 2664 1874 2709 et
1909 2669 2071 2726 gene-

478 2745 682 2802 rantur,
724 2739 862 2793 sicut
899 2738 1097 2794 dictum
1123 2749 1205 2796 est
1233 2739 1300 2797 de
1335 2741 1675 2811 quibusdam,
1719 2741 1934 2814 Semper
1983 2745 2067 2798 di-

487 2837 698 2893 sceum,
729 2839 776 2882 et
803 2831 872 2883 ad
900 2830 1120 2884 veritatis
1143 2830 1404 2885 scientiam
1447 2848 1701 2903 nunquam
1731 2833 2069 2904 pervenientes

486 2918 568 2986 (ll
596 2917 726 2972 Tim.
760 2935 836 2986 nt,
870 2920 922 2990 7)
952 2937 965 2974 :
996 2936 1103 2978 non
1132 2921 1272 2975 enim
1303 2921 1380 2976 sic
1407 2922 1664 2991 accipitur
1689 2923 1831 2994 quod
1863 2924 1949 2979 hic
1976 2939 2068 2994 po-

487 3015 645 3062 situm
677 3019 777 3076 cst,
807 3027 1020 3080 semper,
1052 3013 1194 3066 velut
1237 3027 1505 3087 nunquam
1537 3011 1785 3067 desinant
1825 3011 2063 3081 discere;

473 3115 598 3155 cum
644 3102 826 3170 procul
865 3102 1027 3157 dubio
1062 3119 1168 3156 non
1197 3102 1440 3171 discant,
1465 3101 1677 3172 quando
1706 3103 1758 3160 iu
1804 3103 1906 3160 hoc
1941 3119 2064 3160 cor-

475 3209 608 3262 pnre
651 3194 951 3249 destiterint
984 3197 1184 3262 vivere,
1214 3195 1300 3252 vel
1337 3210 1458 3250 cum
1491 3196 1757 3266 eruperint
1799 3196 2063 3266 supplicio

468 3287 781 3355 gehennans
837 3288 972 3356 ignis
1011 3287 1202 3344 ardere
1235 3303 1248 3340 :
1283 3287 1383 3344 sed
1421 3297 1475 3342 tu
1514 3303 1620 3343 non
1664 3289 1954 3358 permisisti
1984 3291 2063 3346 sic

467 3377 640 3447 accipi
685 3377 904 3432 verbum
951 3389 1128 3444 tuum,
1175 3393 1296 3433 cum
1338 3377 1542 3444 dixisti,
1577 3397 1596 3430 ι
1631 3394 1846 3450 semper
1873 3379 1998 3447 dat;
2035 3401 2056 3438 ι

465 3469 892 3540 quandoquidem
929 3469 980 3525 id
1025 3470 1093 3524 ad
1133 3469 1398 3531 infinitum
1445 3471 2057 3541 tempus'revocandum

467 3561 682 3631 putasti.
709 3563 776 3617 Et
804 3577 991 3632 parum
1016 3561 1121 3617 hoc
1147 3562 1244 3616 fuit
1277 3579 1290 3615 :
1315 3561 1410 3618 sed
1443 3569 1695 3632 tanquam
1725 3573 2058 3634 quaereretur

463 3653 559 3708 abs
585 3662 656 3719 te,
681 3661 738 3707 ut
755 3653 990 3723 apertius
1010 3653 1306 3724 explicares
1321 3653 1590 3723 quomodo
1605 3654 1828 3722 dixeris,
1862 3672 1881 3706 ι
1911 3669 2060 3710 sem-

463 3759 561 3814 per
583 3744 709 3809 dat;
750 3762 770 3798 ι
801 3743 1050 3800 addidisti
1077 3751 1236 3814 atque
1265 3743 1466 3810 dixisti,
1503 3762 1522 3796 ι
1553 3743 1693 3804 sicut
1717 3760 1935 3814 semper
1963 3757 2048 3801 est

463 3836 578 3904 ipse
617 3834 706 3904 qui
749 3833 860 3888 dat.
897 3852 918 3886 ι
949 3833 1062 3888 lloc
1099 3849 1226 3890 sana
1259 3841 1314 3890 et
1359 3833 1620 3888 catholica
1660 3833 1796 3890 lides
1835 3836 2056 3907 omnino

463 3925 808 3978 condemnat.
854 3923 1008 3978 Absit
1047 3924 1190 3978 enim
1239 3930 1300 3978 ut
1334 3923 1617 3978 credamus
1657 3923 1800 3994 quod
1847 3925 2055 3983 animas

464 4017 606 4070 Deus
625 4031 837 4084 semper
861 4015 973 4080 dat,
1015 4015 1153 4071 sicut
1189 4031 1401 4085 semper
1425 4023 1506 4070 est
1540 4016 1654 4085 ipse
1693 4017 1784 4086 qui
1821 4017 1933 4072 dat.
1965 4018 2055 4074 Sic

461 4107 604 4162 enim
648 4121 860 4175 semper
900 4114 982 4161 est
1029 4105 1162 4176 ipse,
1205 4117 1262 4161 ut
1307 4123 1576 4177 nunquam
1613 4123 1734 4164 esse
1775 4108 2047 4164 desistat:

461 4198 666 4252 animas
697 4207 873 4251 autem
904 4212 1012 4252 non
1031 4211 1246 4266 semper
1269 4197 1436 4262 dabit,
1465 4197 1559 4254 sed
1587 4213 1679 4253 eas
1703 4197 1850 4254 finito
1879 4215 2048 4269 gene-

459 4290 682 4345 rationis
707 4289 923 4356 smculo,
955 4306 1060 4345 non
1097 4289 1206 4362 jam
1249 4283 1590 4347 nascentibus
1620 4293 1811 4362 quibus
1855 4293 2048 4355 dandas

457 4381 583 4446 sint,
608 4379 795 4451 procul
815 4380 975 4435 dubio
1003 4381 1130 4436 dare
1148 4383 1400 4437 cessabit.

528 4471 757 4530 CAPUT
801 4472 1076 4528 Vll.—9.
1106 4473 1227 4530 Noli
1263 4474 1506 4542 credere,
1548 4490 1646 4533 nec
1694 4476 1895 4546 dicere,
1945 4494 2047 4536 nec

457 4563 673 4629 docere,
703 4564 979 4618 «Animam
1001 4565 1246 4620 meritum
1260 4564 1474 4635 aliquod
1497 4565 1792 4635 perdidisse
1811 4583 1906 4638 per
1923 4583 2046 4624 car-

455 4671 598 4720 nem,
645 4665 892 4726 tanquam
917 4654 1038 4709 boni
1070 4654 1246 4709 meriti
1271 4653 1430 4710 fuerit
1457 4663 1580 4711 ante
1601 4671 1816 4711 carnem
1856 4676 1875 4712 »
1907 4658 2042 4731 (Su.

454 4765 567 4816 pra,
601 4748 688 4801 lib.
718 4747 772 4814 Ξ,
806 4765 859 4801 n.
913 4746 1000 4819 11)
1032 4788 1048 4810 ,
1106 4748 1150 4802 si
1191 4748 1272 4803 vis
1305 4763 1425 4804 esse
1449 4749 1764 4804 catholicus.
1795 4749 2039 4808 Nondum

451 4841 593 4894 enim
623 4851 776 4895 natos
805 4841 1094 4909 Aposwlus
1123 4840 1255 4896 nihil
1282 4841 1458 4911 egisse
1483 4841 1613 4897 dicit
1645 4841 1771 4898 boni
1799 4843 1883 4898 vel
1911 4845 2040 4902 mali

451 4929 626 4999 (Rom.
651 4945 703 4984 ιι
724 4972 738 4994 ,
766 4930 878 5003 ll).
909 4930 1058 4986 Unde
1086 4947 1215 5002 ergo
1244 4931 1422 4986 anima
1449 4933 1620 5002 potuit
1659 4943 1786 4995 ante
1819 4949 2035 4990 carnem

451 5021 650 5075 habere
686 5023 930 5076 meritum
977 5025 1206 5086 bonum,
1231 5024 1322 5079 ubi
1373 5024 1500 5079 nihil
1535 5034 1720 5095 egerat
1763 5026 1930 5084 boni?
1955 5030 2037 5090 Au

447 5111 586 5165 forte
625 5111 844 5165 audebis
869 5127 985 5167 eam
1019 5114 1196 5168 dicere
1223 5126 1348 5170 ante
1377 5131 1592 5171 carnem
1639 5117 1775 5172 bene
1814 5118 2033 5186 vixisse,

445 5216 604 5270 quam
647 5217 752 5254 non
773 5211 922 5270 potes
942 5204 1225 5259 ostendere
1255 5207 1337 5260 vel
1367 5206 1526 5262 fuisse
1545 5207 1571 5260 ?
1601 5207 1878 5276 Quomodo
1907 5225 2036 5280 ergo

450 5292 600 5356 dicis,
639 5309 655 5342 ι
695 5291 808 5344 Non
836 5293 914 5345 vis
943 5293 1171 5348 animam
1204 5311 1268 5350 ex
1290 5311 1452 5352 carne
1483 5300 1686 5368 peccati
1713 5301 2035 5357 contrahere

444 5381 803 5434 valetudinem
825 5423 838 5440 .
874 5381 940 5435 ad
970 5399 1126 5452 quam
1164 5385 1397 5440 vicissim
1439 5390 1915 5446 sanctificationem
1947 5394 2028 5446 vi-

446 5470 574 5524 deas
603 5471 830 5524 transire
861 5487 952 5540 per
981 5487 1196 5528 carnem
1217 5513 1233 5539 ,
1264 5485 1319 5528 nt
1351 5491 1443 5544 per
1475 5479 1640 5546 ipsam
1674 5491 1885 5550 reparet
1919 5492 2030 5536 sta-

510 5646 525 5708 t
561 5645 897 5695 \z’isterciensis
931 5655 1035 5706 ΜΞ..
1060 5647 1219 5708 ιιεβιε*
1234 5647 1288 5699 it.

505 5706 532 5772 ξ
564 5709 873 5756 tetusmlex
901 5706 1241 5760 Cermaaeusis
1265 5718 1318 5758 et
1343 5711 1604 5764 Victoriam
1625 5760 1636 5778 ,

524 5718 532 5772 ί
564 5718 873 5756 \etttsmtex
901 5718 1241 5760 Cermaaeusts
1265 5718 1318 5758 et.
1343 5718 1604 5764 Victorino:
1625 5760 1636 5778 ,
1682 5718 1767 5768 sed
1788 5723 2028 5782 amando,

437 5779 637 5822 omisso,
661 5781 784 5818 cum.

1393 345 1480 401 DE
1521 344 1729 400 ANlMA
1773 344 1860 399 ΕΤ
1901 333 2067 400 ιειιιε
2102 345 2404 414 ORIGINE,
2445 347 2500 402 S.
2532 348 2894 406 AUGUSTINI

3687 361 3792 420 5N3

2213 467 2345 528 tuin,
2369 474 2464 528 per
2485 476 2640 531 quam
2667 462 2970 533 perdiderat
2991 465 3274 522 meritum?
3306 489 3326 522 ι
3361 467 3488 528 Haec
3519 470 3795 546 dogmata,

2204 553 2397 619 quibus
2427 561 2638 620 putatur
2661 556 2838 614 anin'ia
2868 567 2991 613 ante
3018 573 3233 614 carnem
3265 559 3515 620 habuisse
3553 566 3787 637 aliquem

2203 651 2395 696 statum
2416 643 2614 698 bonum
2636 654 2694 700 et
2722 648 2971 706 meritum
2996 648 3213 715 bonum,
3237 651 3284 707 si
3315 651 3452 710 forte
3477 659 3672 723 nescis,
3694 641 3796 714 ei-

2199 733 2368 800 ceptis
2396 736 2626 805 antiquis
2662 735 2948 802 hwretieis,
2979 739 3138 800 etiam
3174 745 3444 803 recentius
3481 747 3535 802 in
3569 748 3791 806 Priscil-

2199 821 2425 880 lianistis
2444 827 2554 896 jam
2576 829 2834 885 catholica
2867 831 3138 890 damnavit
3167 835 3428 894 Ecclesia.

2272 917 2358 972 1ο.
2387 918 2505 974 ani
2534 922 2774 991 credere,
2815 940 2914 980 nec
2939 925 3147 992 dicere,
3186 945 3286 985 nec
3313 930 3541 998 docere,
3581 953 3602 987 ι
3654 937 3787 992 Ani-

2198 1021 2341 1062 mam
2382 1025 2475 1092 per
2503 1025 2716 1066 carnem
2760 1030 3008 1084 reparare
3051 1015 3414 1082 habitudinem
3456 1024 3684 1092 priscam
3733 1036 3788 1083 et

2198 1115 2295 1168 per
2319 1089 2462 1162 illam
2479 1105 2707 1168 renasci,
2723 1121 2983 1177 perquam
3013 1123 3282 1168 meruerat
3306 1089 3569 1185 inquinari
3594 1117 3782 1188 i-(Sn-

2195 1207 2310 1260 pra,
2335 1191 2424 1246 lib.
2461 1193 2508 1258 1,
2541 1211 2592 1248 n.
2622 1195 2675 1260 6,
2701 1206 2746 1249 et
2767 1197 2856 1250 lib.
2883 1197 2938 1264 2,
2968 1215 3024 1254 ιι.
3053 1200 3165 1273 Η),
3213 1203 3258 1257 si
3308 1205 3387 1259 vis
3424 1221 3547 1263 esse
3595 1211 3788 1264 Catho-

2193 1279 2346 1335 licus.
2377 1281 2444 1338 Ut
2484 1285 2626 1339 enim
2663 1291 2905 1344 omittam
2945 1290 2998 1344 in
3037 1307 3102 1348 eo
3131 1293 3272 1364 quod
3302 1295 3502 1362 dixisti,
3532 1317 3551 1350 ι
3587 1299 3783 1358 Merito

2193 1387 2322 1461 ergo
2341 1387 2438 1461 per
2459 1389 2697 1440 carnem,
2718 1377 2947 1446 priscam
2972 1393 3188 1452 reparat
3211 1383 3598 1458 habitudinem,
3621 1407 3785 1461 quam

2193 1460 2304 1550 visa
2329 1459 2507 1518 fuerat
2525 1467 2794 1537 paulisper
2811 1470 3054 1528 amisisse
3075 1487 3173 1544 per
3195 1490 3434 1544 carnem,
3458 1487 3516 1532 ut
3542 1459 3780 1550 pereant

2190 1549 2410 1620 incipiat
2427 1555 2664 1622 renasci,
2687 1574 2782 1627 per
2807 1569 2970 1630 quam
2991 1576 3260 1622 meruerat
3288 1549 3587 1638 inquinari,
3624 1591 3645 1624 ι
3672 1583 3780 1628 tam

2189 1639 2242 1696 in
2271 1643 2517 1716 proximo
2546 1655 2598 1702 te
2623 1648 2800 1718 ipsum
2818 1651 2914 1712 tibi
2940 1653 3042 1723 ipsi
3068 1658 3340 1715 exstitisse
3365 1665 3694 1720 contrarium
3720 1669 3774 1733 ¹;

2188 1741 2248 1786 ιιι
2275 1733 2435 1792 homo
2458 1737 2548 1806 qui
2575 1741 2732 1808 paulo
2754 1751 2881 1799 ante
2908 1745 3124 1808 dixeras
3139 1789 3154 1815 ,
3181 1751 3416 1808 animam
3439 1769 3534 1823 per
3557 1771 3778 1815 carnem

2187 1837 2438 1893 reparare
2479 1838 2671 1887 statum
2717 1849 2811 1902 per
2845 1850 3004 1904 quam
3041 1839 3349 1908 perdiderat
3373 1847 3656 1912 meritum,
3686 1851 3776 1907 ubi

2185 1914 2330 1970 nullo
2360 1917 2520 1974 modo
2537 1930 2708 1990 potest
2728 1923 2828 1979 nisi
2850 1925 3046 1983 bonum
3073 1931 3320 1988 meritum
3351 1934 3596 2008 intelligi,
3625 1943 3774 2010 quod

2183 2005 2264 2062 vis
2293 2007 2477 2080 utique
2505 2025 2601 2082 per
2620 2028 2834 2071 carnem
2865 2017 2921 2072 in
2945 2019 3269 2090 Baptismale
3290 2005 3548 2097 reparari,
3578 2005 3770 2090 rursus

2181 2112 2299 2152 eam
2331 2100 2536 2158 diceres
2558 2105 2821 2176 inquinari
2848 2111 3112 2168 meruisse
3149 2131 3246 2184 per
3265 2131 3514 2188 carnem,
3543 2123 3632 2179 ubi
3651 2124 3769 2194 jam

2181 2204 2286 2244 non
2317 2201 2490 2262 potest
2517 2194 2712 2251 bonum
2747 2199 2842 2254 sed
2873 2201 3070 2258 malum
3107 2209 3354 2263 meritum
3395 2211 3617 2284 intelligi
3662 2233 3678 2271 :
3712 2230 3770 2276 ut

2179 2295 2306 2350 ergo
2349 2282 2400 2338 id
2443 2287 2714 2356 omittam;
2762 2306 2982 2360 prorsus
3018 2297 3100 2351 vel
3152 2297 3380 2368 bonum,
3426 2305 3510 2360 vel
3559 2282 3762 2369 malum

2177 2373 2426 2428 meritum
2449 2375 2670 2434 credere
2711 2380 2962 2440 habuisse
2981 2385 3214 2443 animam
3238 2399 3364 2447 ante
3387 2407 3642 2466 carnem,
3671 2414 3766 2455 ca-

2175 2459 2430 2521 tholicum
2459 2482 2564 2522 non
2589 2479 2694 2525 est.

2218 2571 2225 2577 ·
2245 2549 2473 2611 CAPUT
2491 2557 2726 2616 Vlll.—l
2741 2563 2761 2616 1
2776 2602 2788 2617 .
2809 2563 3181 2637 Nolicredere,
3211 2587 3308 2627 nec
3324 2572 3524 2644 dicere,
3547 2595 3646 2635 nec
3664 2581 3765 2638 do-

2174 2656 2316 2711 cere,
2345 2663 2366 2697 ι
2393 2645 2544 2714 Quod
2565 2651 2741 2707 anima
2761 2659 3016 2713 meruerit
3035 2675 3155 2716 esse
3168 2666 3434 2731 peccatrix
3454 2679 3580 2726 ante
3599 2688 3762 2732 omne

2175 2750 2451 2833 peccatum
2483 2742 2759 2833 i_(Supra,
2788 2748 2876 2807 lib.
2909 2751 2961 2814 1,
3004 2769 3058 2807 ιι.
3089 2753 3144 2821 8,
3185 2766 3232 2808 et
3264 2756 3354 2812 lib.
3396 2758 3449 2824 2,
3481 2779 3534 2816 n.
3560 2764 3675 2833 12),
3718 2770 3764 2824 si

2171 2826 2252 2883 vis
2279 2841 2399 2884 esse
2425 2831 2740 2894 catholicus.
2763 2837 2931 2894 Yalde
2960 2843 3101 2897 enim
3134 2845 3330 2900 malum
3357 2853 3608 2912 meritum
3637 2826 3755 2924 est,

2172 2921 2432 2976 meruisse
2462 2923 2576 2979 fieri
2607 2929 2980 2996 peccatricem.
3001 2933 3071 2988 Et
3093 2937 3274 3007 utique
3305 2947 3410 2996 tam
3433 2945 3632 3002 malum
3655 2921 3763 3005 me,

2169 3008 2331 3069 ritum
2363 3014 2508 3070 nullo
2536 3018 2696 3073 modo
2717 3019 2916 3078 habere
2940 3027 3112 3093 potuit
3133 3038 3256 3084 ante
3277 3046 3437 3090 omne
3457 3047 3756 3106 peccatum,

2169 3103 2464 3170 praesertim
2493 3107 2797 3179 priusquam
2824 3113 3029 3171 veniret
3055 3117 3110 3173 in
3130 3134 3370 3189 carnem,
3401 3103 3615 3195 quando
3634 3103 3754 3188 me;

2167 3189 2329 3249 ritum
2367 3209 2468 3252 nec
2497 3197 2696 3254 malum
2728 3204 2899 3272 potuit
2947 3205 3178 3274 habere,
3212 3227 3312 3269 nec
3349 3189 3570 3274 bonum.
3609 3223 3759 3288 Quo-

2167 3285 2328 3344 modo
2354 3286 2512 3357 igitur
2535 3289 2698 3356 dicis,
2735 3311 2754 3346 ι
2797 3297 2987 3353 Anima
3028 3300 3206 3372 itaque
3244 3304 3290 3359 si
3331 3312 3598 3376 peccatrix
3628 3285 3752 3372 esse

2165 3377 2383 3476 meruit,
2410 3393 2530 3449 qua:
2556 3386 2825 3450 peccatrix
2856 3403 2978 3474 esse
3002 3407 3108 3446 non
3143 3395 3333 3464 potuit,
3363 3405 3542 3458 tamen
3575 3421 3754 3477 neque

2164 3464 2219 3520 in
2243 3481 2460 3536 peccato
2496 3479 2780 3543 remansit,
2807 3469 2929 3550 quia
2974 3483 3027 3542 in
3055 3483 3273 3547 Christo
3311 3464 3752 3564 praefigurata-in

2161 3569 2383 3628 peccato
2405 3576 2524 3618 esse
2550 3581 2658 3632 nun
2680 3568 2882 3632 debuit,
2912 3573 3049 3630 sicut
3073 3591 3194 3634 esse
3222 3594 3328 3634 non
3359 3585 3572 3652 potuit?
3599 3607 3619 3640 ι
3646 3591 3747 3646 At.-

2163 3650 2323 3745 tende
2359 3654 2485 3724 quid
2522 3655 2702 3726 dicas,
2733 3668 2787 3716 ct
2831 3661 3030 3720 desiste
3066 3666 3179 3738 jam
3221 3650 3426 3730 dicere.
3462 3675 3747 3745 Quomodo

2161 3741 2303 3836 enim
2329 3746 2544 3812 meruit,
2575 3758 2632 3803 et
2657 3753 2925 3820 quomodo
2951 3771 3055 3810 non
3079 3761 3250 3828 potuit
3276 3778 3398 3822 esse
3435 3741 3750 3836 peccatrix?

2159 3827 2453 3898 Quomodo,
2484 3853 2667 3906 qutcso
2699 3849 2768 3906 te,
2787 3846 3051 3911 peccatrix
3079 3827 3200 3904 esse
3223 3827 3587 3927 merum-qna:
3607 3863 3750 3919 male

2158 3936 2264 3975 non
2301 3924 2474 3979 vixit?
2501 3927 2798 3998 Quomodo,
2827 3949 3012 4004 quatso
3037 3946 3094 4004 te,
3149 3943 3417 4008 peccatrix
3459 3924 3597 4002 facta
3639 3965 3746 4022 est,

2297 4018 2562 4083 peccatrix
2587 4035 2708 4077 esse
2737 4037 2841 4078 non
2871 4027 3080 4095 potuit?
3106 4039 3214 4092 Aut
3232 4033 3278 4087 si
3310 4051 3331 4086 ι
3365 4051 3470 4091 non
3493 4043 3686 4110 potuit,

2155 4101 2278 4158 ideo
2303 4104 2436 4162 dicis
2454 4149 2470 4174 ,
2505 4111 2626 4179 quia
2653 4113 2848 4181 praeter
2869 4131 3090 4183 Carnem
3113 4137 3220 4180 non
3242 4127 3450 4194 potuit:
3473 4101 3746 4200 quomodo

2155 4209 2284 4266 ergo
2325 4201 2525 4258 meruit
2566 4219 2688 4261 esse
2727 4211 3014 4280 peccatrix,
3047 4229 3154 4284 quo
3193 4219 3387 4276 merito
3430 4224 3484 4278 in
3522 4239 3744 4286 carnem

2152 4287 2496 4359 mitteretur;
2524 4297 2955 4369 quandoquidem
2995 4314 3120 4363 ante
3163 4321 3382 4366 carnem
3423 4329 3530 4370 non
3568 4322 3744 4387 potuit

2148 4393 2270 4436 esse
2297 4387 2588 4452 peccatrix,
2617 4389 2758 4446 unde
2783 4394 2910 4452 mali
2936 4396 3136 4468 aliquid
3161 4406 3500 4460 mereretur?

2218 4471 2446 4530 CAPUT
2485 4477 2577 4538 IX.
2601 4509 2672 4521 —-
2697 4481 2786 4538 12.
2825 4483 2944 4547 Noli
2984 4488 3239 4556 credere,
3272 4508 3374 4549 nec
3409 4495 3610 4567 dicere,
3639 4517 3743 4560 nec

2147 4560 2363 4630 docere,
2402 4583 2422 4618 ι
2457 4567 2692 4626 lnl‘antes
2716 4578 3376 4648 anteqnatn~baptizentur
3396 4599 3571 4644 morte
3595 4560 3741 4660 prae-

2147 4661 2353 4722 ventos,
2387 4659 2669 4728 pervenire
2698 4679 2854 4732 posse
2879 4665 2946 4722 ad
2975 4669 3318 4740 originalium
3347 4659 3736 4748 indulgentiam

2147 4755 2485 4837 peccatorum
2515 4766 2536 4801 ι
2569 4751 2588 4820 (
2622 4751 2814 4823 Supra,
2843 4755 2930 4812 lib.
2961 4759 3013 4826 1,
3043 4777 3097 4814 η.
3129 4761 3315 4832 10-12,
3341 4776 3390 4820 et
3421 4768 3510 4822 lib.
3535 4769 3591 4837 2,
3640 4788 3734 4828 un.

2146 4833 2234 4900 ιδ,
2262 4835 2368 4906 ιιι),
2408 4835 2454 4891 si
2477 4839 2556 4893 vis
2577 4855 2696 4897 esse
2715 4843 3028 4905 catholicus.
3053 4850 3306 4924 Exempla
3322 4855 3465 4911 enim
3515 4833 3637 4929 qua
3682 4871 3736 4917 te

2144 4923 2352 4993 fallunt,
2375 4930 2459 4984 vel
2486 4931 2555 4986 de
2585 4932 2792 4991 latrone
2830 4937 2920 5006 qui
2953 4923 3238 4998 Dominum
3265 4954 3349 5000 est
3373 4923 3652 5006 confessus
3677 4953 3733 5008 in

2142 5033 2302 5110 cruce
2333 5019 2484 5094 (Luc.
2509 5039 2664 5092 χχιιι,
2691 5024 2804 5098 45),
2829 5030 2913 5084 vel
2941 5029 3008 5086 de
3031 5031 3196 5090 fratre
3215 5046 3416 5092 sancte
3451 5039 3734 5110 Perpetua:

2143 5107 2449 5178 Dinocrate,
2474 5113 2605 5168 nihil
2637 5117 2731 5171 tibi
2758 5117 2824 5174 ad
2855 5118 3012 5192 huius
3042 5127 3244 5180 erroris
3267 5107 3586 5194 sententiam
3614 5133 3734 5188 suf-

2143 5201 2440 5288 fragantur.
2475 5203 2635 5260 Latro
2657 5207 2852 5278 quippe
2879 5211 2988 5280 ille,
3016 5220 3266 5284 quamvis
3287 5221 3518 5288 potuerit
3527 5223 3733 5288 judicio

2141 5279 2320 5346 divino
2355 5294 2492 5348 inter
2527 5311 2622 5351 eos
2662 5299 2940 5370 deputari,
2965 5304 3070 5374 ~qui
3106 5279 3346 5378 martyrii
3391 5310 3732 5378 confessione

2140 5395 2451 5454 purgantur,
2487 5397 2660 5444 tamen
2683 5393 2843 5447 etiam
2871 5405 3047 5452 utrum
3079 5413 3186 5454 non
3217 5399 3375 5457 fuerit
3407 5403 3724 5473 baptizatus.

2139 5475 2372 5545 ignoras.
2398 5479 2528 5534 Nam
2556 5491 2612 5536 ut
2638 5485 2878 5540 omittam
2906 5488 3048 5558 quod
3085 5491 3320 5547 creditur
3344 5537 3361 5559 ,
3393 5510 3528 5566 aqua
3567 5499 3728 5552 simul

2139 5583 2256 5621 cum
2278 5571 2533 5640 sanguine
2562 5575 2837 5632 exsiliente
2858 5577 2926 5633 de
2955 5579 3122 5636 latere
3147 5581 3378 5656 Domini,
3404 5591 3548 5657 juxta
3577 5601 3713 5642 con-

2172 5724 2219 5789 }
2254 5721 2405 5796 runt,
2431 5729 2526 5773 tam
2551 5722 2600 5774 in
2619 5725 2845 5796 proximo
2861 5735 2912 5780 tu
2935 5729 3038 5795 ipse
3050 5730 3138 5782 tibi
3160 5730 3256 5796 ipsi
3275 5730 3503 5786 exstitisti
3530 5740 3728 5796 eorum:

2139 5797 2257 5834 rtus.
2281 5789 2580 5846 Castigantur
2616 5802 2677 5836 ex
2713 5795 2820 5858 atss.
