4144 6542
351 402 456 457 517

351 521 490 570 ﬁxus
521 513 755 584 potuisse
783 508 1049 583 perfundi,
1073 517 1231 579 atque
1261 503 1565 578 luijnsmodi
1595 503 1936 559 sanctiSsimo

350 607 671 678 baptismate
697 604 829 661 dilui
863 622 876 658 :
910 594 1059 675 quid,
1081 601 1126 656 si
1155 602 1205 656 in
1237 615 1455 656 carcere
1497 598 1671 654 fuerat
1699 599 1938 666 baptiza-

353 707 460 764 tus,
509 695 651 766 quod
685 706 739 751 et
779 703 962 766 postea
995 691 1381 764 persecutionis
1430 698 1668 758 tempore
1698 687 1936 742 nonniilli

347 791 592 859 clanculo
617 790 904 859 impetrare
943 787 1262 858 potuerunt?
1289 784 1449 853 Quid,
1477 783 1522 838 si
1551 790 1608 838 et
1651 791 1938 851 antequam

345 857 654 936 teneretur?
676 857 856 950 Neque
867 857 1008 934 enim
1023 885 1303 948 propterea
1320 874 1392 928 illi
1410 873 1634 944 publica:
1648 871 1790 941 leges
1819 886 1940 940 par-

345 987 473 1030 cere
508 981 777 1043 poterant,
809 979 1064 1042 quantum
1095 969 1286 1025 attinet
1313 967 1378 1022 ad
1403 965 1644 1036 corporis
1673 972 1898 1018 mortem
1920 1004 1936 1032 ,

347 1065 597 1134 quoniam
613 1064 865 1119 divinitus
883 1063 1250 1118 remissionem
1269 1067 1549 1130 acceperat
1576 1065 1936 1126 peccatorum.

346 1145 505 1222 Quid,
534 1155 581 1210 si
623 1155 732 1222 jam
775 1153 1070 1223 baptizatus
1114 1153 1169 1206 in
1198 1150 1462 1208 latrocinii
1503 1147 1708 1204 facinus
1746 1157 1801 1202 et
1829 1146 1939 1201 cri-

350 1259 470 1299 men
496 1243 816 1311 incurrerat,
840 1252 896 1300 et
929 1259 1034 1299 non
1077 1257 1268 1311 expers
1305 1239 1664 1310 Baptismatis,
1694 1237 1791 1316 sed
1823 1245 1940 1292 tan-

347 1353 506 1406 quam
538 1336 808 1406 pmnitens
829 1337 1036 1406 accepit
1061 1334 1323 1388 scelerum
1357 1331 1569 1386 veniam
1611 1345 1729 1400 qua“:
1763 1329 1937 1398 bapti-

351 1437 502 1482 zatus
543 1425 796 1482 admisit?
822 1425 1253 1497 quandoquidem
1300 1424 1470 1494 pietas
1504 1431 1611 1476 tam
1660 1420 1853 1487 ﬁdelis,
1887 1431 1940 1474 et

354 1519 582 1574 Domino
610 1519 662 1574 in
693 1520 874 1574 animo
910 1519 1046 1590 ejus,
1081 1527 1134 1574 et
1161 1518 1314 1574 nobis
1342 1517 1395 1574 in
1422 1515 1597 1572 verbis
1622 1515 1737 1586 ejus
1767 1528 1934 1586 appa-

345 1611 472 1666 ruit.
499 1609 632 1665 Nam
657 1610 701 1670 si
726 1626 841 1676 eos,
874 1609 942 1666 de
967 1610 1160 1680 quibus
1197 1623 1302 1664 non
1348 1608 1604 1678 scriptum
1648 1616 1730 1676 est
1759 1614 1936 1659 utrum

351 1701 544 1756 fuerint
571 1701 838 1771 baptizari,
869 1701 985 1757 sine
1010 1701 1279 1770 Baptismo
1302 1699 1370 1756 de
1393 1699 1492 1755 hac
1523 1699 1626 1752 vita
1651 1697 1938 1752 recessisse

343 1794 755 1860 contendimus;
783 1793 910 1864 ipsis
929 1793 1316 1848 calumniamur
1345 1791 1634 1862 Apostolis,
1663 1791 1773 1860 qui,
1804 1805 1940 1858 prie.

347 1895 432 1940 ter
457 1885 758 1954 apostolum
789 1885 1004 1939 Paulum
1032 1883 1167 1955 (Act.
1202 1899 1274 1950 Ix,
1304 1881 1418 1952 18)⁹
1445 1881 1658 1952 quando
1686 1880 1747 1935 ba
1759 1879 1937 1950 ptizati

342 1975 546 2030 fuerint
574 1976 896 2046 ignoramus.
928 1974 1032 2031 Sed
1072 1975 1116 2030 si
1158 1975 1302 2045 ipsos
1343 1975 1640 2044 baptizatos
1677 1987 1797 2028 esse
1843 1986 1938 2041 per

347 2063 450 2120 boe
493 2067 644 2121 uobis
684 2068 1020 2124 innotescere
1045 2066 1247 2136 potuit,
1279 2064 1420 2136 quod
1451 2065 1606 2120 beato
1646 2062 1936 2133 Petro_Do-

347 2159 521 2214 minus
541 2160 633 2224 ait;
662 2159 760 2226 Qui
784 2160 916 2214 lotus
945 2167 1036 2225 est,
1059 2175 1158 2212 non
1181 2158 1369 2230 inding
1399 2157 1496 2212 nisi
1516 2167 1566 2210 ut
1593 2156 1743 2227 pedes
1766 2153 1932 2208 lavet'

338 2248 528 2321 ,(Joan.
555 2265 676 2314 xm,
712 2249 804 2320 lO)
834 2244 850 2304 Ξ
867 2250 992 2320 quid
1023 2250 1092 2305 de
1115 2249 1252 2315 aliis,
1283 2249 1352 2305 de
1377 2249 1568 2319 quibus
1594 2247 1675 2302 vel
1707 2247 1812 2302 tale
1849 2245 1936 2304 ni-

343 2343 430 2398 hil
479 2343 703 2412 legimus
739 2343 937 2398 dictum
962 2384 978 2409 ,
1028 2342 1097 2399 de
1127 2343 1395 2409 Barnaba,
1435 2341 1502 2397 de
1527 2340 1830 2408 Timotheo,
1866 2339 1936 2396 de

352 2433 495 2499 Tito,
523 2435 590 2489 de
631 2435 740 2490 Sila
766 2478 781 2502 ,
810 2435 879 2491 de
910 2435 1222 2491 Philemone
1246 2475 1260 2500 ,
1289 2433 1359 2490 de
1410 2434 1542 2505 ipsis
1586 2434 1934 2504 evangelistis

347 2526 534 2582 Marco
573 2537 626 2582 et
675 2528 840 2596 Luca,
873 2528 941 2585 de
987 2528 1462 2584 innumerabilibus
1509 2527 1760 2594 cat-teris;
1799 2539 1935 2598 quos

342 2620 488 2676 absit
518 2629 573 2674 ut
602 2619 898 2691 baptizatos
915 2637 1034 2698 esse
1063 2621 1388 2687 dubitemus,
1434 2619 1680 2692 quamvis
1710 2635 1816 2678 non
1847 2619 1932 2674 le-

339 2711 573 2780 gamus?
599 2711 910 2766 Dinocrates
939 2722 1115 2766 autem
1163 2712 1439 2781 seplennis
1473 2726 1622 2779 puer,
1650 2709 1705 2764 in
1735 2709 1931 2780 quibus

345 2804 505 2860 annis
542 2805 692 2875 pueri
718 2821 839 2860 cum
885 2806 1239 2875 baptizantur,
1282 2805 1392 2874 jam
1441 2802 1756 2874 Symbolum
1811 2801 1966 2858 red-°

349 2892 506 2960 dunt,
544 2902 600 2950 et
645 2909 746 2964 .pro
776 2910 860 2954 se.
877 2895 980 2964 ipsi
1011 2895 1075 2950 ad
1111 2895 1431 2964 interrogata
1461 2893 1805 2965 respondent,
1837 2907 1933 2947 cur

347 3002 458 3043 non
489 2987 580 3043 tibi
613 2987 756 3043 visus
775 2987 934 3042 fuerit
973 2987 1269 3058 baptizatus
1294 2987 1530 3058 potuisse
1556 2985 1624 3038 ab
1652 2985 1814 3054 impio
1837 2999 1934 3056 pa-

347 3091 429 3138 tre
449 3080 517 3136 ad
537 3081 824 3136 Gentilium
865 3080 1140 3150 sacrilegia
1171 3079 1408 3135 revocari
1431 3120 1446 3144 ,
1469 3087 1524 3132 et
1549 3077 1620 3132 ob
1643 3077 1744 3132 hoc
1767 3075 1934 3132 fuisse

345 3175 404 3230 in
433 3174 625 3246 pinnis,
657 3173 725 3229 de
748 3173 941 3244 quibus
965 3187 1150 3228 sorore
1180 3183 1367 3227 orante
1412 3172 1668 3227 liberatus
1697 3181 1800 3234 est,
1833 3184 1930 3225 nec

343 3269 482 3325 scio.
511 3267 700 3339 Neque
728 3267 871 3324 enim
897 3277 952 3322 et
981 3267 1154 3338 ipsum
1193 3265 1278 3321 vel
1299 3279 1570 3334 nunquam
1597 3263 1763 3318 fuisse
1789 3262 1934 3318 chri-

350 3361 582 3416 stianum
605 3401 619 3427 ,
653 3359 736 3414 vel
774 3359 1215 3416 catechumenum
1261 3358 1580 3413 defunctum
1605 3356 1767 3412 fuisse
1793 3356 1930 3426 legi-

354 3453 462 3508 sti?
483 3453 796 3523 Quanquam
823 3447 940 3522 ipsa
971 3451 1131 3506 lectio
1159 3465 1266 3505 non
1295 3451 1366 3506 sit
1398 3449 1449 3504 in
1472 3464 1536 3505 eo
1559 3465 1764 3506 canone
1789 3448 1934 3503 Scri-

347 3553 624 3615 pturarum
645 3586 660 3608 ,
694 3541 836 3599 unde
856 3541 909 3598 in
936 3540 1244 3612 hujusmodi
1276 3539 1662 3612 quaestionibus
1689 3539 1932 3595 testimo—

341 3634 431 3692 nia
459 3632 781 3706 proferenda
809 3640 956 3688 sunt.
1653 3701 1680 3713 -

392 3724 620 3784 CAPUT
635 3724 872 3782 X.—-15.
887 3723 1003 3780 Noli
1017 3723 1258 3790 credere,
1273 3738 1372 3778 nec
1388 3722 1589 3788 dicere,
1603 3737 1702 3778 nec
1715 3721 1930 3790 docere,

350 3816 490 3883 Quos
511 3816 760 3872 Dominus
776 3815 1148 3888 prwdestinavit
1161 3815 1228 3868 ad
1249 3814 1586 3884 Baptismmn,
1609 3814 1933 3882 prwdestina-

339 3908 471 3961 tioni
494 3907 606 3978 ejus
633 3906 761 3978 eripi
781 3921 949 3977 posse,
973 3915 1019 3959 et
1039 3915 1155 3960 ante
1180 3899 1390 3976 defungi
1411 3921 1565 3976 quam
1590 3905 1642 3958 in
1685 3906 1756 3958 eis
1783 3905 1934 3976 fuerit

345 3999 484 4068 quod
507 3997 834 4070 Omnipotens
849 3998 1220 4070 praedestinavit
1239 3999 1500 4067 impletum
1519 3996 1740 4067 (Supra,
1765 3997 1852 4052 lib.
1873 3997 1930 4062 2,

347 4109 404 4146 n.
435 4091 548 4162 l3),
572 4091 616 4146 si
645 4091 725 4146 vis
759 4105 880 4146 esse
929 4089 1244 4146 catholicus.
1283 4088 1476 4144 Nescio
1516 4089 1659 4143 enim
1701 4103 1819 4160 qua:
1848 4087 1936 4143 hic

243 4193 258 4217 ι
347 4189 586 4252 potestas
607 4189 789 4236 contra
819 4187 1138 4249 potestatem
1167 4181 1264 4234 Det
1288 4179 1503 4234 casibus
1532 4179 1710 4246 datur,
1739 4177 1934 4248 quibus

348 4272 676 4327 irruentibus
701 4271 840 4342 quod
865 4271 953 4326 ille
993 4270 1397 4341 pmdestiuavit
1427 4268 1543 4326 ﬁeri
1566 4285 1674 4324 non
1706 4271 1932 4324 siuatur.

349 4363 453 4419 Hie
476 4378 628 4419 error
652 4370 848 4435 quanta
878 4370 1146 4418 errantem
1176 4361 1430 4432 voragine
1449 4361 1739 4433 impietatis
1755 4361 1930 4415 absor-

353 4455 500 4523 beat,
535 4468 858 4525 exaggerare
884 4468 990 4509 non
1037 4467 1177 4523 opus
1209 4462 1321 4518 est;
1350 4467 1472 4508 cum
1515 4452 1830 4523 prudentem
1858 4454 1938 4508 vi-

352 4562 472 4602 rum
493 4557 547 4601 et
564 4545 757 4615 corrigi
783 4552 1022 4615 paratum
1049 4545 1284 4600 breviter
1311 4545 1654 4600 admonuisse
1685 4545 1932 4600 sufﬁciat.

354 4637 464 4690 'l‘ua
490 4636 684 4711 quippe
723 4636 823 4692 ista
850 4645 974 4692 sunt
999 4635 1162 4692 verba
1195 4653 1209 4692 :
1244 4633 1544 4692 Habendam
1583 4636 1820 4702 dicimus,
1851 4636 1934 4691 in-

353 4731 472 4800 quis
493 4771 508 4796 ,
533 4731 596 4784 de
623 4727 905 4800 infantibus
952 4727 1238 4784 istiusmodi
1260 4728 1526 4794 rationem,
1559 4727 1646 4797 qui
1669 4729 1935 4798 praedesti-

353 4822 461 4875 nati
487 4820 767 4894 Baptismo,
793 4822 904 4875 vita
925 4821 1206 4892 praesentis,
1228 4829 1496 4885 antequam
1533 4831 1864 4876 renascantur
1883 4822 1936 4877 in

355 4910 587 4979 Christo,
621 4911 995 4982 praeminatur
1036 4909 1278 4965 occiduo.
1320 4909 1533 4980 Ergone
1570 4910 1936 4982 praidestiuati

353 5004 650 5074 Baptismo,
680 5003 804 5058 vita:
847 5001 1145 5074 praesentis,
1187 5009 1471 5071 antequam
1528 5001 1594 5056 ad
1634 5017 1755 5056 cum
1814 5019 1936 5073 per-

253 5123 260 5132 ~
354 5097 607 5160 veniant,
669 5095 1064 5165 praeveniuntur
1108 5091 1332 5150 occiduo
1361 5132 1376 5157 ,
1431 5100 1486 5147 et
1531 5091 1939 5162 prmdcstinaret

356 5187 499 5241 Deus
537 5186 678 5256 quod
733 5184 965 5240 futurum
1007 5199 1115 5240 non
1169 5182 1332 5240 fuisse
1378 5183 1678 5254 praescivit,
1715 5194 1806 5238 aut
1837 5183 1938 5239 hoc

355 5279 587 5334 futurum
643 5293 745 5334 non
783 5278 945 5332 fuisse
993 5277 1216 5333 nescivit
1257 5279 1319 5345 ‘,
1365 5285 1422 5332 ut
1485 5276 1599 5347 ejus
1660 5286 1752 5330 aut
1801 5293 1938 5348 pra:—

352 5370 638 5425 destinatio
691 5368 1066 5435 frustraretur,
1113 5377 1206 5422 aut
1251 5368 1580 5440 prtescientia
1625 5366 1937 5422 falleretur?

362 5462 520 5518 Vides
560 5472 759 5534 quanta
810 5461 935 5516 liinc
977 5460 1081 5516 dici
1135 5469 1386 5533 possent,
1441 5459 1544 5514 nisi
1595 5460 1735 5532 quod
1784 5461 1940 5530 paulo

416 5662 434 5720 ἱ
472 5664 522 5706 tn
541 5663 673 5716 κει..
718 5668 817 5720 non
835 5657 1017 5720 indiget
1038 5661 1090 5707 nt
1113 5655 1275 5720 lavet;
1321 5659 1530 5717 omisso,
1562 5657 1658 5709 nisi
1681 5662 1842 5715 partes.

417 5719 438 5748 '
473 5726 572 5766 Am.
599 5724 671 5766 Er.
699 5725 752 5783 et
773 5717 1087 5783 [ilures"3tss.,
1108 5717 1325 5783 fundum
1348 5721 1494 5783 ieiune
1509 5721 1706 5770 near-itit
1727 5735 1742 5779 ;
1763 5724 1943 5774 «iussa

355 5787 572 5891 negante
593 5781 844 5845 partimin.
881 5781 1126 5842 sagieusis
1168 5781 1355 5844 codex,
1390 5782 1606 5844 futnrtmt
1649 5784 1794 5845 fuisse
1816 5798 1944 5847 pior-

362 5851 458 5890 scw
498 5877 509 5890 .

1711 388 1914 445 LIBER
1956 386 2278 444 TERTIUS.

3535 397 3636 452 518

2049 509 2173 554 ante
2207 499 2316 554 dixi
2362 511 2624 568 tenerem,
2688 511 2744 556 ut
2786 500 2909 558 hinc
2937 511 2986 558 te
3012 503 3242 560 breviter
3269 506 3634 565 admonerem.

2123 591 2209 644 tit.
2228 589 2342 644 Noli
2364 590 2604 658 credere,
2629 607 2726 647 nec
2743 591 2936 657 dicere,
2967 610 3065 650 nec
3083 595 3304 663 docere,
3327 617 3344 650 ι
3375 599 3448 653 De
3467 600 3610 654 infau

2052 697 2071 731 ι
2109 679 2422 752 tibus(8np.
2447 683 2534 736 lib.
2556 682 2612 748 2,
2634 683 2816 753 n.13),
2839 685 2928 754 qui
2953 687 3258 756 priusquam
3291 699 3630 746 renascantur

2054 789 2072 822 ι
2109 771 2158 825 in
2193 771 2404 827 Christo
2429 815 2444 839 ,
2477 775 2875 844 prwveniuntur
2899 777 3442 848 occiduo,‘5criptnm
3469 798 3590 836 esse
3615 824 3630 850 ,

2057 880 2077 914 ι
2119 861 2316 936 Raptus
2341 875 2412 918 est
2442 883 2503 920 ne
2527 867 2722 922 malitia
2745 879 2896 922 mutet
2923 867 3061 923 illius
3083 871 3385 925 intellectum
3411 913 3426 939 ,
3458 884 3546 926 aut
3575 889 3636 929 ne

2051 973 2071 1006 ‹
2107 957 2244 1026 fictio
2275 959 2494 1026 decipiat
2523 959 2750 1013 animam
2795 961 2927 1032 ejus.
2975 958 3200 1030 Proytrr
3225 963 3319 1015 hoc
3343 967 3634 1032 properarit

2053 1065 2070 1098 ι
2105 1048 2167 1101 de
2192 1049 2356 1103 medio
2401 1049 2684 1121 iniquitatis
2711 1051 2856 1105 illum
2885 1051 3134 1117 educere;
3165 1053 3353 1122 placita
3377 1056 3509 1108 enim
3527 1070 3634 1112 erat

2051 1156 2070 1191 ι
2107 1137 2214 1193 Deo
2239 1142 2409 1194 anima
2437 1143 2546 1213 ejus
2583 1157 2604 1197 :
2639 1153 2685 1196 et
2719 1153 3098 1198 consummatus
3146 1145 3198 1198 in
3224 1145 3354 1198 brevi
3373 1187 3389 1210 ,
3417 1145 3632 1216 explevit

2051 1249 2070 1284 ι
2099 1241 2322 1299 tempora
2343 1232 2496 1304 longa
2528 1254 2548 1288 ›
2580 1235 2736 1308 (Sap.
2757 1251 2829 1299 tv,
2859 1236 2948 1301 ll,
2980 1236 3067 1301 14,
3096 1237 3208 1308 l3),
3231 1236 3275 1291 si
3297 1241 3378 1293 vis
3398 1253 3516 1294 esse
3545 1256 3630 1294 ca~

2055 1324 2300 1380 tliolicus.
2336 1325 2446 1382 Hoc
2469 1328 2611 1382 enim
2633 1328 2700 1382 ad
2727 1327 2848 1382 illos
2877 1329 3094 1386 omnino
3122 1346 3227 1385 non
3256 1333 3504 1399 pertinet,
3536 1332 3631 1393 sed

2043 1415 2112 1472 ad
2159 1433 2255 1472 eos
2287 1421 2480 1488 potius,
2509 1421 2596 1490 qui
2641 1420 2890 1492 baptizati
2925 1431 2978 1478 et
3001 1424 3089 1496 pie
3119 1422 3376 1490 viventes,
3404 1425 3492 1479 diu
3525 1442 3631 1481 non

2048 1509 2426 1580 permittuntur
2481 1511 2571 1568 bic
2618 1512 2818 1577 vivere,
2865 1529 2973 1568 non
3025 1515 3220 1582 annis,
3275 1516 3370 1572 sed
3416 1518 3631 1588 sapien-

2053 1599 2139 1654 tia:
2165 1602 2334 1671 gratia
2379 1605 2754 1658 consummati.
2783 1603 2888 1660 Iste
2917 1621 3044 1661 vero
3077 1622 3249 1673 error,
3275 1623 3382 1678 quo
3420 1617 3632 1678 putatur

2045 1687 2149 1746 hoc
2177 1689 2248 1746 de
2299 1693 2534 1762 parvulis
2561 1704 2844 1766 antequam
2890 1695 3230 1768 baptizentur
3279 1701 3629 1756 nituit-utilius

2043 1797 2166 1838 esse
2192 1781 2429 1850 dictum;
2463 1783 2563 1856 ipsi
2611 1797 2956 1844 sacrosancto
2980 1788 3196 1844 lavacro
3235 1789 3628 1847 intolerabilem

2043 1872 2164 1928 facit
2183 1873 2452 1944 injuriam,
2481 1877 2526 1930 si
2548 1877 2799 1946 parvulus
2821 1879 2911 1949 qui
2937 1880 3231 1950 baptizatus
3256 1883 3368 1950 rapi
3402 1893 3629 1953 peierat,

2043 1974 2324 2038 propterea
2351 1967 2502 2038 prius
2527 1967 2752 2037 rapitur,
2784 1984 2853 2026 ne
2881 1971 3080 2027 malitia
3113 1980 3281 2028 mutet
3307 1973 3444 2029 illius
3471 1975 3630 2030 intel-

2043 2055 2240 2112 lectum
2265 2097 2281 2123 ,
2311 2066 2404 2114 aut
2431 2074 2500 2115 ne
2518 2058 2664 2118 fictio
2684 2060 2918 2132 decipiat
2945 2064 3176 2120 animam
3197 2064 3314 2136 ejus
3350 2083 3364 2121 :
3395 2069 3543 2137 quasi
3564 2069 3629 2127 'in

2041 2149 2234 2206 eodem
2256 2151 2529 2224 Baptismo
2551 2153 2666 2210 lucc
2709 2169 2830 2211 esse
2877 2157 3076 2212 malitia
3105 2159 3374 2224 credatur,
3406 2170 3460 2214 et
3489 2161 3629 2220 ﬁctio

2041 2254 2144 2314 qua
2173 2240 2226 2296 in
2262 2242 2415 2313 pejus
2444 2251 2682 2300 mutetur
2701 2254 2756 2302 et
2788 2245 3082 2318 decipiatur
3103 2289 3120 2316 ,
3165 2250 3210 2304 si
3245 2266 3352 2305 non
3383 2261 3508 2306 ante
3539 2270 3626 2307 ra-

2042 2333 2238 2404 piatur.
2267 2335 2472 2391 Deinde
2499 2336 2750 2405 quoniam
2778 2337 2973 2409 placita
2998 2348 3115 2396 erat
3143 2339 3256 2394 Deo
3281 2343 3459 2398 anima
3485 2343 3622 2414 ejus,

2043 2427 2349 2498 properavit
2369 2427 2436 2484 de
2460 2429 2640 2486 medio
2671 2430 2967 2502 iniquitatis
2997 2433 3149 2487 illum
3169 2433 3399 2490 educere
3424 2476 3440 2502 ,
3471 2435 3542 2490 ita
3576 2447 3632 2490 ut

2041 2535 2143 2576 nec
2176 2522 2450 2592 paululum
2480 2533 2870 2591 remoraretur,
2911 2533 2970 2581 ut
2991 2525 3134 2596 quod
3173 2525 3227 2580 in
3253 2542 3319 2582 eo
3349 2527 3630 2601 prmdest‘i-

2042 2621 2197 2668 narat
2217 2653 2234 2681 ,
2268 2613 2522 2685 impleret
2547 2633 2560 2670 :
2591 2615 2686 2672 sed
2711 2626 2896 2672 contra
2920 2630 3071 2672 suam
3102 2617 3628 2691 praedestinatioiwm

2042 2701 2219 2760 facere
2247 2706 2438 2761 maluit
2471 2707 2489 2740 ¹
2521 2714 2776 2778 tanquam
2822 2709 3099 2774 festinans,
3153 2725 3224 2764 ne
3260 2711 3404 2782 quod
3436 2711 3486 2767 ei
3519 2712 3631 2782 pla-

2039 2807 2224 2849 cuerat
2263 2796 2317 2850 in
2373 2812 2481 2852 non
2521 2797 2818 2868 baptizata,
2857 2799 3312 2857 exterminaretur
3361 2801 3414 2856 in
3444 2801 3628 2873 Bnpliv

2039 2900 2198 2941 suto:
2231 2895 2484 2958 tanquam
2513 2889 2806 2945 moriturus
2841 2889 3014 2948 infans
3042 2890 3112 2946 ibi
3146 2900 3348 2964 pereat,
3380 2908 3489 2963 quo
3508 2910 3631 2948 eur-

2041 2978 2266 3033 rendum
2293 2989 2376 3036 cst
2405 2996 2528 3037 cum
2557 2981 2650 3038 illo
2673 2999 2741 3038 ne
2770 2991 2969 3052 pereat.
3002 2984 3136 3050 Quis
3158 3001 3292 3056 ergo
3321 2984 3437 3040 haec
3467 2987 3628 3043 verba

2048 3071 2245 3140 scripta
2281 3071 2334 3126 in
2372 3073 2511 3129 libro
2563 3071 2884 3144 Sapientiae,
2923 3072 2992 3131 de
3038 3076 3268 3146 parvulis
3295 3077 3411 3131 sine
3450 3077 3630 3146 Bapti-

2045 3173 2216 3218 smate
2243 3167 2466 3222 mortuis
2491 3167 2635 3223 dicta
2657 3181 2778 3224 esse
2801 3168 3068 3237 crederet,
3091 3169 3315 3236 diceret,
3343 3171 3626 3239 scriberet,

2047 3254 2320 3320 recitaret,
2349 3256 2392 3310 si
2418 3271 2501 3324 ea,
2531 3257 3012 3329 sicutoportuerat,
3040 3259 3344 3330 cogitaret?

2109 3344 2335 3402 CAPUT
2374 3346 2463 3402 X1.
2490 3377 2565 3388 --
2589 3349 2672 3405 15.
2715 3349 2832 3405 Noli
2871 3349 3112 3418 credere,
3154 3366 3252 3407 nec
3290 3353 3490 3420 dicere,
3530 3370 3631 3410 nec

2038 3435 2256 3505 docere,
2295 3457 2314 3492 α
2344 3440 2563 3510 Aliquas
2599 3443 2904 3498 mansiones
2934 3457 3054 3499 esse
3079 3453 3230 3500 extra
3258 3460 3480 3516 regnum
3511 3447 3625 3512 Dei,

2039 3543 2172 3602 quas
2195 3544 2316 3585 esse
2340 3529 2600 3588 Dominus
2625 3531 2760 3588 dixit
2800 3534 2854 3588 in
2875 3533 3034 3589 domo
3063 3535 3234 3591 Patris
3255 3537 3336 3591 sui
3361 3555 3382 3590 ι
3405 3537 3626 3608 (Supra,

2036 3622 2128 3679 lib.
2162 3621 2219 3687 2,
2247 3639 2301 3677 η.
2332 3624 2446 3696 14),
2482 3625 2527 3680 si
2559 3625 2638 3680 vis
2687 3641 2808 3682 esse
2844 3626 3160 3684 catholicus.
3190 3628 3308 3684 Non
3355 3631 3496 3685 enim
3531 3633 3625 3696 ait,

2040 3711 2178 3768 sicut
2207 3713 2312 3771 hoc
2341 3715 2700 3778 testimonium
2728 3717 2843 3788 ipse
2874 3719 3116 3789 posuisti,
3138 3719 3318 3777 Multa:
3343 3725 3628 3780 mansiones

2039 3813 2156 3860 sunt
2175 3805 2316 3876 apud
2344 3803 2553 3862 Patrem
2575 3825 2742 3864 meum
2757 3827 2780 3877 ,°
2799 3811 2944 3881 quod
2968 3812 3014 3868 si
3041 3812 3112 3867 ita
3133 3811 3374 3882 dixisset,
3407 3832 3511 3872 non
3533 3818 3630 3871 ali-

2040 3897 2094 3953 bi
2113 3907 2294 3953 essent
2319 3899 2680 3972 intclligendze
2705 3918 2864 3974 quam
2896 3904 2949 3960 in
2972 3905 3134 3962 domo
3159 3906 3334 3964 Patris
3354 3911 3504 3980 ejus:
3529 3911 3628 3968 sed

2041 3999 2224 4058 aperte
2245 3991 2347 4056 ait,
2379 3988 2446 4045 In
2465 3991 2616 4047 domo
2649 3992 2821 4050 Patris
2859 3996 2959 4050 mei
3005 3999 3290 4054 mansiones
3315 4001 3488 4056 multa
3511 4013 3630 4058 sunt

2045 4077 2222 4152 (Joan.
2255 4097 2370 4148 xiv,
2396 4079 2476 4156 2).
2507 4085 2638 4152 Quis
2667 4085 2844 4157 itaque
2871 4087 3066 4144 audeat
3093 4090 3296 4162 aliquas
3322 4101 3504 4162 partes
3529 4093 3629 4149 do-

2039 4187 2162 4227 mus
2208 4171 2304 4228 Dei
2341 4190 2589 4246 separare
2613 4193 2644 4230 a
2675 4193 2842 4249 regno
2882 4179 2975 4237 Dei
2997 4197 3012 4246 ;
3037 4190 3097 4236 ut
3140 4197 3262 4237 cum
3293 4179 3445 4254 rc'ges
3471 4192 3630 4244 terra:

2044 4280 2149 4320 non
2176 4273 2381 4322 tantum
2423 4267 2475 4322 in
2520 4269 2684 4326 domo
2723 4285 2840 4336 sua,
2863 4287 2964 4328 nec
3003 4281 3206 4328 tantum
3233 4273 3285 4328 in
3315 4275 3481 4345 patria
3507 4291 3627 4343 alia,

2042 4359 2141 4416 sed
2169 4359 2348 4432 longe,
2378 4361 2588 4434 lateque
2623 4363 2785 4419 etiam
2829 4374 2976 4420 trans
3022 4381 3170 4422 mare
3214 4383 3438 4438 regnare
3481 4369 3627 4424 inve-

2043 4451 2290 4517 niantur;
2321 4468 2414 4508 rex
2456 4455 2546 4524 qui
2585 4455 2710 4510 fecit
2752 4457 2949 4514 caelum
2995 4465 3050 4513 et
3086 4467 3284 4514 terram
3314 4475 3414 4516 nec
3439 4460 3492 4516 in
3521 4469 3630 4518 tota

2041 4541 2203 4599 domo
2227 4558 2322 4598 sua
2353 4559 2579 4615 regnare
2601 4544 2849 4604 dicatur?

2117 4635 2204 4691 16.
2241 4634 2347 4692 Sed
2389 4637 2525 4693 forte
2572 4637 2738 4704 dicas,
2768 4639 2954 4694 omnia
2992 4640 3208 4712 quidem
3251 4643 3520 4714 pertinere
3563 4645 3630 4700 ad

2045 4721 2139 4780 Dei
2165 4739 2409 4795 regnum,
2440 4729 2562 4797 quia
2593 4739 2780 4799 regnat
2806 4729 2858 4784 in
2883 4731 3055 4798 caelis,
3085 4743 3268 4802 regnat
3299 4734 3352 4788 in
3382 4737 3557 4802 terris,
3577 4737 3629 4794 in

2043 4815 2272 4888 abyssis.
2320 4817 2372 4870 in
2416 4817 2684 4886 paradiso,
2722 4821 2772 4874 in
2815 4819 3058 4888 inferno,
3093 4823 3206 4892 (ubi
3236 4825 3382 4878 enim
3412 4841 3516 4879 non
3550 4843 3630 4881 re-

2041 4918 2190 4976 gnat,
2224 4907 2380 4976 cujus
2421 4909 2614 4982 ubique
2657 4926 2864 4966 sunnna
2906 4921 3146 4984 potestas
3189 4915 3334 4988 est?)
3365 4916 3459 4974 sed
3487 4918 3630 4975 aliud

2046 5013 2165 5053 esse
2190 5014 2414 5069 regnum
2443 5001 2726 5067 caelorum,
2753 5017 2858 5072 quo
2885 5002 2963 5058 fas
2988 5019 3094 5059 non
3121 5014 3205 5060 est
3230 5008 3506 5071 accedere,
3533 5010 3631 5063 nisi

2044 5092 2258 5146 lavacro
2297 5093 2722 5162 regenerationis
2765 5093 2996 5161 ablutos,
3043 5107 3263 5170 promer
3309 5098 3632 5156 dominicam

2046 5197 2226 5237 veram
2259 5183 2524 5252 ﬁxamque
2572 5185 2928 5254 sententiam;
2971 5187 3116 5243 aliud
3167 5174 3342 5244 autem
3385 5207 3504 5246 esse
3545 5209 3633 5246 re-

2045 5289 2207 5344 gnum
2251 5285 2534 5341 terrarum,
2567 5279 2652 5333 vel
2690 5279 2912 5334 aliarum
2953 5290 3214 5338 creatura:
3264 5284 3512 5352 partium,
3545 5285 3632 5341 ubi

2045 5375 2271 5434 possunt
2308 5382 2430 5421 esse
2469 5367 2661 5438 aliquze
2691 5371 3000 5426 mansiones
3029 5372 3224 5428 donius
3252 5374 3365 5440 Dei,
3393 5379 3634 5446 quamvis

2049 5457 2381 5526 pertinentes
2422 5459 2488 5514 ad
2533 5476 2751 5530 regnum
2786 5463 2900 5529 Dei,
2931 5478 3036 5518 non
3078 5475 3253 5520 tamen
3301 5466 3367 5519 ad
3410 5482 3632 5536 regnum

2049 5549 2330 5618 caelorum,
2365 5552 2453 5607 ubi
2482 5553 2829 5612 excellentius
2849 5565 2901 5611 et
2922 5556 3126 5612 beatius
3147 5567 3228 5612 est
3250 5574 3469 5626 regnum
3503 5561 3629 5614 Dei:

2055 5850 2073 5900 ί
2117 5791 2131 5821 ι
2167 5790 2536 5863 Cvgirannensis
2562 5801 2661 5855 λῖς»,
2707 5801 2888 5858 faceret
2909 5793 3064 5846 aliud.
3099 5801 3247 5845 Lacus
3270 5795 3536 5857 [annexus
3580 5801 3629 5843 et

2068 5861 2174 5900 orte
2202 5863 2510 5900 iis-cratattts.
2923 5878 2948 5900 ο

2068 5861 2174 5900 (Αἰξί
2202 5861 2510 5902 (λευτωυιιιδ.
2923 5878 2948 5901 ο
