4144 6512
551 327 656 388 319

552 446 624 500 ita
650 441 786 510 tleri,
813 448 873 496 ut
911 453 1012 495 nec
1047 438 1240 510 aliqua:
1260 435 1452 492 domus
1481 436 1575 491 Dei
1606 445 1784 504 partes
1807 443 1964 506 atque
1991 448 2141 488 man-

552 539 733 594 siones
753 551 782 588 a
815 547 978 602 regno
1009 532 1104 587 Dei
1127 529 1331 586 nefarie
1365 536 1715 598 separentur;
1747 534 1802 582 et
1833 535 2008 580 tamen
2035 541 2139 578 non

551 642 739 682 omnes
782 625 834 679 in
883 639 1049 695 regno
1089 622 1350 678 caelorum
1381 621 2143 688 Inansiones‘praeparentur;

552 728 712 787 atque
740 717 790 770 in
825 717 888 769 iis
917 730 1038 784 quin
1068 713 1120 768 in
1147 727 1313 784 regno
1339 711 1597 766 caelorum
1628 726 1733 764 non
1761 718 1905 773 sunt,
1937 707 2144 776 possint

552 807 776 864 feliciter
798 805 1056 871 habitare,
1076 804 1270 876 quibus
1291 817 1382 858 eas
1395 801 1551 856 etiam
1576 817 1679 855 non
1702 799 1980 870 baptizatis
2003 799 2142 851 Deus

553 899 681 954 dare
709 898 969 960 voluerit;
993 905 1050 950 ut
1076 893 1128 950 in
1153 910 1319 964 regno
1349 894 1438 948 Dei
1473 893 1598 956 sint,
1632 891 1872 961 quamvis
1904 880 1954 944 in
1979 905 2142 958 regno

551 992 828 1054 caelorum,
857 988 980 1060 quia
1010 987 1259 1057 baptizati
1303 1001 1409 1040 non
1451 995 1596 1049 sunt,
1625 1001 1744 1038 esse
1789 1001 1891 1037 non
1917 984 2138 1052 possint.

626 1083 712 1136 l7.
745 1081 856 1136 lloc
897 1081 984 1150 qui
1031 1079 1236 1146 dicunt,
1263 1079 1510 1133 videntur
1551 1076 1766 1146 quidem
1816 1075 1917 1132 sibi
1961 1075 2142 1130 dicere

551 1173 786 1243 aliquid,
837 1173 958 1242 quia
1011 1161 1318 1240 Scripturas
1372 1170 1701 1238 negligenter
1743 1167 2056 1233 attendunt,
2088 1176 2144 1227 et

551 1263 822 1333 quomodo
848 1278 1070 1332 regnum
1098 1262 1189 1316 Dei
1218 1261 1444 1321 dicatur,
1476 1259 1614 1313 uinle
1643 1273 1858 1311 oramus
1878 1258 2136 1317 dicentes.

564 1353 772 1407 Veniat’
793 1369 1000 1423 regnum
1027 1362 1164 1404 tuum
1185 1350 1396 1422 (Matth.
1416 1367 1486 1411 Vl,
1517 1349 1626 1419 10).
1657 1365 1760 1405 non
1793 1349 2092 1417 intelligunt
2122 1365 2136 1402 :

551 1447 673 1516 quia
702 1463 922 1514 regnum
949 1447 1040 1500 Dei
1061 1446 1276 1509 dicitur,
1307 1445 1394 1499 ubi
1438 1461 1558 1501 (‘lltll
1606 1444 1696 1498 illo
1745 1443 1914 1498 lidclis
1943 1443 2141 1498 [anilia

553 1537 670 1607 ejus
695 1538 844 1591 beate
875 1545 930 1591 et
970 1537 1294 1605 sempiterne
1331 1545 1440 1592 tota
1474 1535 1732 1604 regnabit.
1773 1534 1904 1588 Nam
1943 1550 2141 1590 secun-

551 1630 677 1686 dum
712 1639 1027 1699 potestatem
1057 1645 1173 1697 qua:
1197 1628 1271 1682 illi
1304 1643 1463 1696 super
1485 1629 1661 1680 omnia
1689 1637 1792 1690 est,
1813 1628 1973 1680 etiam
1999 1641 2142 1682 nunc

553 1723 734 1791 utique
766 1729 969 1790 regnat.
1000 1720 1132 1787 Quid
1163 1737 1292 1788 ergo
1330 1731 1411 1774 est
1439 1718 1581 1788 quod
1609 1734 1826 1772 oramus
1855 1727 1914 1772 ut
1941 1718 2135 1778 veniat,

513 1838 525 1851 -
551 1814 652 1867 nisi
685 1823 740 1866 ut
781 1827 901 1865 cum
935 1811 1024 1865 illo
1053 1826 1276 1879 regnare
1309 1807 1649 1863 mereamur?
1680 1808 1790 1862 Sub
1818 1808 1934 1876 ejus
1962 1817 2138 1862 autem

553 1915 814 1976 potestate
842 1904 1001 1958 etiam
1047 1903 1117 1956 illi
1145 1915 1322 1968 ei-nnt,
1356 1903 1447 1972 qui
1479 1917 1634 1971 paena
1665 1901 1854 1956 interni
1883 1901 2021 1969 ignis
2049 1917 2140 1953 ar-

551 1997 1190 2066 dehunt:numquidnam
1231 1996 1300 2050 ob
1342 1995 1445 2050 hoc
1489 1995 1650 2049 etiam
1699 1993 1844 2062 ipsos
1885 1995 1938 2048 in
1977 2010 2140 2063 regno

551 2084 648 2140 Dei
701 2087 906 2140 futuros
961 2085 1152 2139 dicturi
1192 2085 1413 2140 smnus?
1459 2085 1616 2142 Aliud
1668 2093 1750 2139 est
1794 2084 1938 2138 enim
1989 2083 2140 2154 regni

554 2178 648 2232 Dei
703 2177 1012 2231 nnmcrihus
1065 2177 1345 2242 honorari,
1396 2176 1536 2230 aliud
1587 2176 1738 2246 regni
1792 2175 1889 2230 Dei
1937 2175 2140 2245 legibus

550 2273 786 2325 coerceri
827 2271 868 2323 ³.
903 2271 969 2326 Ut
1005 2280 1182 2324 autem
1229 2271 1320 2323 tibi
1377 2269 1809 2323 manifestissime
1847 2278 2136 2338 appareat,

553 2378 660 2416 non
731 2378 851 2416 esse
930 2378 1149 2431 regnum
1217 2362 1475 2415 caelorum
1541 2359 1969 2414 distribuendum
2041 2359 2140 2413 ba-

553 2453 784 2521 ptizatis,
819 2461 874 2506 et
917 2453 1048 2504 alias
1074 2463 1252 2523 partes
1289 2451 1436 2521 regni
1471 2451 1562 2506 Dei
1590 2451 1792 2506 dandas
1821 2451 2011 2522 quibus
2040 2451 2136 2506 tibi

552 2543 726 2597 visurn
758 2550 860 2605 e~t,
892 2558 998 2594 non
1026 2541 1336 2610 liaptizatis;
1371 2543 1543 2611 ipsum
1576 2541 1855 2597 Dominum
1883 2539 2026 2599 audi.
2049 2543 2140 2612 qui

551 2647 661 2688 non
695 2634 788 2696 ait,
824 2631 884 2686 Si
911 2633 1021 2700 quis
1051 2649 1150 2686 non
1197 2642 1396 2687 renatus
1422 2634 1573 2705 fuerit
1601 2649 1664 2687 ea;
1687 2651 1818 2702 aqua
1844 2643 1890 2687 et
1913 2633 2136 2705 Spiritu,

553 2741 661 2778 non
693 2733 868 2793 potest
897 2723 1096 2778 intrare
1121 2723 1174 2777 in
1208 2740 1430 2792 regnum
1452 2723 1747 2792 cmlorum;
1779 2724 1896 2791 sed,
1924 2742 2027 2778 non
2048 2742 2142 2795 po-

553 2825 667 2882 test,
697 2816 886 2885 inquit,
917 2815 1107 2868 intrare
1134 2815 1186 2868 in
1212 2831 1421 2884 regnum
1450 2813 1567 2868 Dei.
1596 2815 1725 2868 Nam
1750 2816 1910 2870 verba
1936 2815 2055 2886 ejus
2071 2814 2139 2869 de

555 2909 655 2963 liae
705 2923 763 2960 re
811 2909 908 2961 ista
953 2915 1077 2959 sunt
1113 2907 1177 2960 ad
1217 2905 1565 2960 Nicodenium
1589 2923 1604 2961 :
1631 2906 1807 2967 Amen,
1839 2923 1987 2960 amen
2027 2905 2139 2958 dico

553 2999 662 3061 tibi,
691 2998 788 3056 nisi
825 2998 934 3065 quis
973 3009 1120 3052 natus
1151 2998 1302 3066 fuerit
1339 2999 1524 3060 denuo,
1559 3014 1659 3051 non
1699 3007 1858 3066 potest
1880 2998 2047 3050 videre
2069 3013 2141 3050 re-

551 3106 705 3161 gnum
726 3087 837 3142 Dei.
867 3088 1005 3142 Ecce
1026 3105 1128 3142 non
1153 3089 1237 3142 hic
1261 3087 1410 3152 dixit,
1439 3089 1679 3158 Regnum
1701 3089 1994 3152 etelorum;
2019 3087 2136 3153 sed,

551 3179 667 3232 Dei.
702 3179 769 3232 Et
801 3195 922 3232 eum
968 3178 1334 3248 respondisset
1359 3178 1680 3234 Nicodemus
1707 3185 1868 3248 atque
1895 3177 2134 3244 dixisset,

554 3272 818 3335 Quomodo
855 3280 1015 3340 potest
1059 3271 1206 3324 homo
1247 3271 1407 3334 nasci,
1438 3288 1551 3324 cum
1586 3286 1738 3324 senex
1773 3270 2140 3341 sit?numquid

552 3374 712 3434 potest
734 3363 785 3415 in
814 3374 1028 3416 renti-em
1057 3363 1230 3416 matris
1255 3379 1360 3416 sua:
1384 3364 1563 3416 iterato
1591 3361 1818 3428 introire,
1847 3370 1894 3415 et
1915 3360 2136 3418 »ιιιδείδῖ

551 3452 795 3506 eamdem
846 3453 1104 3508 Dominus
1164 3454 1481 3507 sententiam
1535 3453 1742 3523 planius
1796 3454 2140 3523 apertiusque

551 3561 800 3619 repetens
825 3551 918 3612 ait,
947 3550 1128 3610 Amen,
1171 3566 1317 3602 einen
1363 3550 1476 3601 dico
1525 3549 1633 3613 tibi,
1665 3547 1761 3601 nisi
1789 3547 1901 3618 quis
1933 3558 2138 3600 renatus

553 3641 700 3710 fuerit
723 3657 784 3692 ea:
827 3657 958 3711 aqua
987 3651 1029 3692 et
1063 3639 1282 3707 Spiritu,
1315 3655 1413 3691 non
1444 3649 1600 3707 potest
1626 3638 1831 3690 introire
1851 3637 1904 3690 in
1931 3653 2138 3708 regnum

552 3728 650 3782 Dei
675 3728 853 3801 (Jouu.
874 3727 1116 3799 1155-5).
1140 3729 1273 3782 Ecce
1306 3745 1402 3782 nec
1427 3729 1512 3782 hic
1533 3729 1684 3791 dixit,
1711 3727 2138 3798 Regnunicmlo-

553 3839 707 3886 rum;
740 3822 851 3885 Sed,
885 3839 1093 3891 regnum
1118 3820 1228 3873 Dei.
1259 3820 1410 3886 Quod
1441 3821 1582 3874 enim
1613 3820 1840 3886 dixerat,
1873 3819 1990 3873 Nisi
2027 3820 2139 3891 quis

552 3925 702 3966 natus
737 3913 888 3983 fuerit
919 3912 1114 3974 denuo;
1148 3910 1247 3964 hoc
1290 3910 1416 3979 quid
1461 3918 1606 3965 esset
1646 3909 1889 3978 exposuit
1931 3909 2132 3974 dicens,

555 4003 676 4059 Nisi
715 4003 826 4072 quis
863 4012 1064 4055 renatus
1106 4002 1256 4072 fuerit
1303 4018 1366 4056 ea:
1394 4017 1524 4070 aqua
1567 4011 1612 4054 et
1653 4000 1871 4070 Spiritu.
1904 3999 1970 4054 Et
1996 4001 2137 4070 quod

554 4095 785 4158 dixerat,
813 4111 912 4147 non
942 4104 1101 4163 potest
1128 4096 1326 4157 ridere;
1355 4095 1456 4146 hoc
1483 4093 1731 4162 exposuit
1756 4091 2005 4157 dicendo,
2037 4109 2134 4146 non

556 4197 716 4244 uotest
762 4186 988 4240 introire.
1042 4185 1172 4239 lllud
1225 4196 1398 4238 tamen
1441 4185 1579 4250 quod
1624 4181 1896 4246 (lixerat',
1929 4199 2137 4252 regnum

556 4277 673 4342 Dei,
707 4293 812 4330 non
841 4277 945 4329 alio
974 4279 1188 4330 nomine
1218 4276 1479 4344 repetivit.
1510 4275 1692 4344 Neque
1731 4289 1870 4328 nunc
1895 4290 2028 4342 Opus
2055 4285 2137 4328 est

555 4385 797 4438 qua-rere
823 4377 982 4438 atque
1007 4367 1291 4428 disserere,
1321 4379 1498 4422 utrum
1526 4379 1748 4435 regnum
1773 4365 1864 4419 Dei
1884 4379 2135 4435 regnum-

555 4477 659 4530 que
680 4457 935 4516 ((Blttl‘lllll
956 4474 1075 4512 cum
1097 4458 1273 4528 aliqua
1291 4456 1588 4511 differentia
1613 4455 1682 4509 sit
1706 4455 2132 4525 intelligendum,

553 4570 621 4606 an
653 4567 738 4606 res
766 4567 867 4606 una
913 4551 982 4604 sit
1021 4549 1230 4605 duobus
1277 4549 1538 4618 appellata
1582 4547 2137 4602 nominibuszsuftieit

552 4646 694 4716 quod
725 4662 828 4698 non
861 4652 1034 4715 potest
1060 4643 1280 4697 introire
1303 4642 1354 4695 in
1380 4657 1600 4710 regnum
1631 4639 1742 4704 Dei,
1771 4641 1861 4712 qui
1886 4655 1991 4694 non
2019 4641 2132 4694 fue-

553 4737 860 4792 rit.lavacro
907 4734 1326 4804 regenerationis
1354 4733 1584 4788 ablutus.
1618 4731 1916 4786 Mansioncs
1953 4740 2131 4786 autem

553 4829 754 4898 aliquas
777 4828 1092 4882 constitutas
1118 4827 1170 4880 in
1197 4825 1358 4880 domo
1383 4825 1474 4877 Dei
1506 4837 1754 4890 separare
1774 4837 1803 4875 a
1830 4837 1994 4892 regno
2017 4817 2130 4886 Dei,

552 4933 711 4986 quam
742 4918 857 4971 sita
877 4918 1097 4972 veritate
1117 4915 1350 4982 devium,
1383 4923 1511 4984 puto
1535 4911 1675 4985 quod
1699 4912 1808 4982 jam
1841 4913 2127 4983 intelligas.

555 5010 622 5064 Et
649 5009 766 5064 ideo
793 5009 930 5080 quod
957 5009 1177 5081 putasti,
1211 5009 1262 5062 in
1296 5006 1559 5076 aliquibus
1586 5005 1978 5070 mansionibus,
2001 5021 2133 5081 quas

553 5105 814 5164 Dominus
844 5103 1036 5156 multas
1065 5117 1184 5156 esse
1218 5100 1353 5156 dixit
1383 5099 1438 5153 in
1462 5097 1622 5152 domo
1648 5097 1819 5152 Patris
1845 5098 1945 5160 sui,
1980 5078 2132 5150 inan-

556 5211 708 5252 euros
737 5193 994 5264 quosdam
1023 5193 1180 5246 etiam
1208 5207 1312 5246 non
1343 5199 1557 5245 renatos
1583 5205 1646 5244 ex
1678 5205 1812 5258 aqua
1840 5190 2128 5259 etSpiriin,

617 5393 632 5423 ί
673 5396 770 5436 Am.
797 5395 870 5436 Er.
899 5401 953 5436 ac
975 5387 1195 5449 plerique
1217 5393 1346 5444 Mss,
1368 5383 1686 5449 mensor-imis.

617 5455 636 5484 ⁸
671 5451 784 5516 Fditi
811 5458 862 5498 et
884 5445 1250 5516 tryg'iraan'eusis
1284 5456 1366 5496 his.
1389 5481 1403 5505 ,
1441 5446 1679 5496 advenisti.
1699 5445 1946 5516 inquibus
1968 5452 2131 5494 tamen

551 5522 722 5576 jiistea
742 5514 865 5560 sicut
886 5512 932 5558 iu
953 5511 1144 5576 οιιςιθιήδ
1167 5516 1294 5566 Mss,
1318 5516 1584 5576 oramusut
1612 5511 1780 5576 renittt.

617 5576 636 5606 ³
674 5585 771 5638 Am.
799 5579 872 5638 Fr.
901 5580 953 5620 ct
977 5569 1204 5638 plerique
1225 5580 1357 5638 sis-5.:
1407 5569 1525 5619 .tiud
1548 5579 1616 5638 est
1644 5567 1778 5638 enim
1801 5579 2002 5628 regnum
2037 5575 2133 5638 pet

543 5633 829 5689 muneribus
851 5629 1102 5691 limiorari,
1120 5629 1270 5681 'aliud
1305 5645 1502 5692 regnum
1531 5630 1614 5680 Ini
1638 5630 1654 5679 ι
1680 5629 1813 5691 gibus
1837 5629 2065 5678 coerceri.

619 5701 637 5725 ι
673 5703 800 5751 tnv.,
825 5701 867 5742 et
890 5685 1101 5743 renasci;
1119 5695 1288 5742 Czeteri
1315 5685 1440 5746 liliri.
1465 5693 1600 5742 iuxta
1623 5685 1853 5754 grazcum,
1879 5697 1922 5739 et
1959 5689 2106 5738 nesci.

612 5759 640 5796 ⁵
671 5759 808 5809 sunt.
832 5755 955 5806 illud
973 5763 1131 5805 autem
1154 5755 1278 5812 acted
1299 5755 1510 5806 dixerat.

1443 322 1531 378 DE
1571 321 1781 377 ANlMA
1823 320 1910 375 ΕΤ
1951 319 2113 376 EJUS
2151 317 2445 385 ORIGINE,
2486 319 2551 377 8.
2591 321 2959 380 AUGUS'I'INI

3735 334 3839 391 5ἳο

2254 443 2312 485 ιιι
2356 433 2513 488 ﬁdem
2552 435 2868 491 catholicam
2919 447 3123 507 teneas,
3145 439 3430 511 admoneo,
3463 444 3510 500 si
3551 447 3834 516 permittis,

2251 526 2541 580 c'nendare
2564 541 2668 580 non
2697 525 2933 584 dill'eras.

2317 613 2542 682 CAPUT
2577 615 2692 677 Xll.
2723 648 2796 660 —
2827 621 2916 674 i8.
2947 619 3065 675 Noli
3092 621 3335 692 credere,
3371 640 3469 680 nec
3503 625 3702 694 dicere,
3733 643 3827 685 nec

2249 702 2461 771 docere,
2497 723 2515 758 ι
2549 706 2876 764 Sacriﬁcium
2902 708 3330 768 Christianorum
3371 731 3472 786 pro
3515 717 3578 772 iis
3607 719 3693 788 qui
3725 735 3826 774 non

2248 792 2496 863 baptizati
2526 796 2595 851 de
2623 813 2846 869 corpore
2877 802 3122 866 exierint,
3155 802 3486 862 offerendum
3548 826 3567 860 ι
3617 808 3826 880 (Supra

2249 886 2336 938 lib.
2371 887 2422 953 i,
2455 905 2509 942 ιι.
2536 891 2622 954 13,
2646 902 2692 945 et
2721 892 2810 946 lib.
2849 893 2904 958 2,
2931 911 2982 948 ιι.
3030 895 3142 965 15),
3173 897 3216 951 si
3242 899 3322 953 vis
3349 915 3468 954 esse
3513 902 3824 958 catholicus.

2248 978 2380 1046 Quia
2409 998 2508 1037 nec
2535 982 2662 1038 illud
2689 985 2830 1056 quod
2857 985 2922 1040 de
2953 986 3372 1043 Machabaeorum
3413 992 3560 1045 libris
3587 1009 3821 1048 connne-

2247 1073 2470 1130 morasti
2514 1076 2831 1130 sacrificium
2873 1060 3176 1135 Judmorum
3206 1079 3283 1150 (ll
3316 1079 3551 1135 Mue/tab.
3585 1099 3650 1136 χιι
3685 1127 3700 1149 ,
3731 1084 3831 1138 59-

2247 1163 2363 1233 46).
2398 1181 2492 1234 pro
2518 1167 2596 1221 eis
2623 1169 2710 1237 qui
2741 1184 2846 1227 non
2877 1172 3179 1226 circumcisi
3208 1173 3274 1226 de
3315 1189 3540 1244 corpore
3568 1177 3824 1243 exierant,

2247 1257 2486 1312 ostendis
2531 1259 2788 1314 oblatum.
2834 1260 2890 1316 In
2919 1279 3020 1332 qua
3051 1272 3136 1316 tua
3165 1264 3425 1318 sententia
3455 1275 3560 1318 tam
3592 1282 3748 1332 nova,
3777 1277 3829 1321 et

2246 1357 2430 1402 eontra
2478 1349 2731 1404 Ecclesia:
2775 1353 2935 1407 totius
2976 1355 3344 1409 auctoritatem
3391 1355 3827 1428 disciplinamque

2249 1438 2476 1507 prolata,
2511 1441 2674 1495 verbo
2704 1443 2864 1498 etiam
2899 1445 3316 1511 insolentissimo
3347 1461 3474 1500 usus
3519 1462 3596 1510 es,
3623 1447 3824 1514 dicens,

2253 1547 2270 1579 ι
2308 1529 2409 1583 Pro
2443 1530 2525 1584 his
2555 1547 2682 1586 sane
2710 1532 3008 1588 oblationes
3037 1536 3279 1590 assiduas
3307 1547 3361 1590 et
3387 1537 3656 1591 OiTel‘ctltia
3691 1538 3830 1610 jugi-

2249 1631 2330 1674 ter
2376 1631 2680 1677 sanctorum
2722 1639 2917 1681 censeo
2947 1626 3202 1681 Sacriﬁcia
3229 1627 3564 1683 sacerdotum
3592 1647 3605 1683 :
3638 1647 3658 1680 ι
3698 1640 3754 1684 ιιι
3776 1642 3826 1686 te

2247 1711 2408 1766 homo
2436 1713 2600 1768 laicus
2629 1717 2993 1772 sacerdotibus
3022 1719 3110 1772 Dei
3142 1735 3241 1773 nec
3269 1720 3524 1774 discendo
3550 1721 3826 1791 subderes,

2247 1819 2345 1856 nec
2379 1803 2565 1857 Saltem
2597 1803 2756 1862 simul
2792 1807 3082 1874 quaerendo
3130 1811 3404 1876 Inisceres,
3436 1811 3529 1865 sed
3565 1790 3828 1869 censendo

2249 1908 2608 1962 pra-ponercs.
2643 1897 2806 1954 Aufer
2836 1897 2930 1951 tibi
2959 1899 3078 1966 ista,
3113 1900 3186 1954 [ili
3212 1919 3223 1954 :
3250 1916 3354 1956 non
3381 1901 3458 1956 sic
3479 1901 3653 1970 invia,
3673 1919 3826 1974 qnam

2244 1982 2490 2039 Christus
2518 1985 2732 2042 humilis
2780 2001 2839 2042 se
2879 1987 3054 2060 ipsum
3102 2005 3224 2045 esse
3269 1991 3468 2057 docuit,
3500 1994 3826 2062 ambulatur;

2247 2074 2422 2128 nullus
2446 2090 2567 2130 cum
2597 2076 2699 2133 hoc
2725 2088 2938 2136 tumore
2965 2097 3060 2151 per
3085 2092 3362 2153 angustam
3391 2096 3600 2154 portam
3619 2087 3828 2159 ejusin-

2243 2166 2506 2234 greditur.

2315 2257 2542 2316 CAPUT
2579 2258 2717 2314 Xlll.
2746 2293 2817 2303 —
2845 2264 2932 2320 i9.
2961 2264 3076 2320 Noli
3108 2266 3352 2333 credere,
3371 2285 3479 2341 nec
3507 2269 3704 2338 dicere,
3733 2287 3828 2330 nec

2243 2346 2457 2414 docere,
2494 2368 2512 2400 ι
2547 2351 2766 2422 Aliquos
2807 2369 2993 2408 eorum
3041 2357 3129 2426 qui
3174 2357 3291 2413 sine
3331 2358 3606 2428 Baptisino
3635 2362 3829 2426 Christi

2244 2451 2310 2492 ex
2341 2436 2440 2521 hac
2467 2440 2571 2494 vita
2601 2443 2997 2512 emigraverint,
3023 2446 3234 2502 interim
3266 2465 3371 2504 non
3412 2450 3490 2505 ire
3517 2451 3569 2508 in
3607 2467 3824 2523 regnum

2243 2527 2522 2596 mulorum,
2556 2530 2652 2585 sed
2691 2533 2742 2586 in
2786 2535 3090 2604 paradisum
3121 2554 3136 2603 ;
3166 2549 3348 2607 postea
3373 2555 3526 2606 vero,
3557 2541 3611 2596 in
3652 2559 3830 2600 resur-

2244 2619 2482 2675 rectione
2514 2633 2878 2692 mortuorum,
2909 2628 3068 2682 etiam
3095 2628 3161 2683 ad
3191 2632 3337 2700 regni
3365 2632 3623 2688 malorum
3652 2632 3824 2689 beati-

2245 2710 2481 2767 tudinem
2513 2730 2792 2784 pervemrc
2821 2737 2839 2770 ι
2881 2717 3078 2791 (Supra
3107 2720 3194 2778 lib.
3221 2723 3278 2786 2,
3307 2741 3360 2778 n.
3390 2725 3501 2794 16),
3533 2726 3576 2780 si
3606 2727 3688 2780 vis
3709 2743 3826 2784 esse

2201 2787 2224 2805 ’
2243 2803 2558 2860 catholicus.
2591 2807 2704 2862 lloc
2730 2809 2872 2863 enim
2903 2811 2983 2865 eis
3011 2811 3143 2868 dare
3172 2829 3272 2869 nec
3298 2815 3580 2887 Pelagiana
3611 2817 3829 2874 haeresis

2243 2909 2371 2949 ausa
2398 2905 2498 2961 Esi,
2522 2913 2639 2968 quae
2666 2901 2912 2969 Opinatur
2934 2906 3188 2974 parvulos
3209 2909 3550 2964 noxrtrahere
3571 2911 3828 2982 originale

2244 2999 2559 3055 peccatum:
2610 3007 2745 3060 quos
2798 3000 2854 3048 tu
2903 2997 3144 3066 quamvis
3173 2999 3312 3053 sicut
3365 3001 3658 3057 catholicus
3702 3020 3822 3063 cum

2246 3087 2463 3146 peccato
2488 3081 2634 3135 nasci
2665 3081 2898 3146 fatearis,
2928 3086 3108 3141 nescio
3131 3069 3234 3157 qua
3267 3098 3444 3145 tamen
3477 3094 3828 3162 perversioris

2243 3169 2478 3224 novitate
2522 3171 2807 3247 opinionis,
2856 3175 2972 3230 sine
3020 3176 3346 3246 Baptismate
3385 3181 3626 3248 salutari,
3656 3194 3711 3240 et
3755 3185 3824 3244 ab

2241 3256 2347 3318 hoc
2373 3271 2589 3329 peccato
2611 3279 2854 3333 cumquo
2875 3277 3167 3322 nascuntur
3193 3269 3422 3337 absolvi,
3450 3279 3504 3326 et
3530 3274 3580 3328 in
3606 3290 3824 3346 regnum

2241 3351 2500 3410 malorum
2535 3355 2732 3410 asseris
2761 3356 3044 3413 introduci.
3076 3358 3260 3430 Neque
3287 3361 3620 3430 consideras,
3650 3368 3699 3420 in
3729 3367 3829 3424 hac

2243 3459 2404 3504 causa
2445 3456 2644 3514 quanto
2695 3445 2928 3504 deterius
2981 3450 3156 3518 sapias
3207 3433 3366 3525 quam
3419 3453 3688 3526 Pelagius.
3735 3457 3827 3514 Ille

2242 3540 2436 3609 quippe
2465 3539 2781 3594 dominicam
2804 3542 3121 3597 sententiam
3150 3545 3556 3614 pertimescens,
3586 3565 3687 3617 qua
3713 3566 3819 3606 non

2243 3629 2490 3700 liaptizati
2529 3631 2581 3686 in
2631 3648 2852 3702 regnum
2889 3635 3151 3692 caelorum
3195 3651 3301 3692 non
3334 3639 3716 3707 permittuntur
3741 3643 3825 3696 ll-

2244 3733 2402 3786 trare,
2432 3723 2556 3778 licet
2583 3740 2677 3780 eos
2707 3742 2840 3796 quos
2865 3726 2934 3779 ab
2973 3728 3118 3782 omni
3159 3738 3378 3798 peccato
3407 3731 3607 3787 liberos
3633 3735 3822 3803 credit,

2243 3834 2348 3870 non
2379 3817 2467 3870 illo
2493 3819 2650 3872 audet
2679 3821 3170 3888 parvulosmittere
3199 3839 3212 3875 :
3236 3832 3290 3876 tu
3315 3838 3448 3878 vero
3474 3825 3552 3880 sic
3579 3837 3825 3882 contem-

2243 3907 2325 3962 nis
2353 3909 2489 3976 quod
2513 3907 2712 3962 dictum
2735 3920 2836 3975 cst,
2866 3911 2923 3964 Si
2951 3912 3060 3977 quis
3082 3929 3181 3965 non
3207 3923 3412 3967 renatus
3436 3916 3589 3986 fuerit
3613 3933 3676 3972 ex
3694 3935 3824 3989 aqua

2242 4011 2286 4053 et
2319 4001 2536 4068 Spiritu,
2566 4019 2663 4053 non
2694 4013 2854 4070 potest
2896 4003 3104 4058 introire
3148 4005 3200 4058 in
3245 4022 3458 4075 regnum
3483 4007 3618 4074 Dei;
3647 4021 3704 4064 nt
3729 4027 3824 4074 ex-

2243 4104 2397 4161 Cepto
2423 4108 2624 4156 errore,
2654 4111 2759 4162 quo
2778 4095 2942 4149 audes
2972 4110 3001 4149 a
3032 4111 3195 4166 regno
3224 4097 3313 4152 Dei
3347 4100 3648 4166 paradisum
3669 4119 3823 4170 sepi-

2241 4199 2381 4245 rare,
2409 4184 2724 4252 quibusdam
2771 4202 2907 4254 quos
2954 4202 3074 4240 reos
3120 4203 3284 4252 nasot,
3320 4191 3459 4244 sicut
3503 4191 3819 4260 catholicus,

2241 4279 2434 4341 credis,
2465 4280 2580 4336 sine
2607 4278 2928 4346 liaptisinate
2959 4279 3212 4343 mortuis,
3243 4289 3297 4334 et
3339 4281 3481 4335 illius
3521 4294 3698 4338 reatus
3726 4285 3822 4339 ab-

2240 4369 2580 4435 solutionem,
2609 4379 2662 4424 et
2688 4385 2905 4438 regnum
2929 4370 3188 4426 caelorum
3221 4388 3327 4428 non
3359 4371 3574 4429 dubites
3600 4376 3822 4447 insuper

2242 4461 2685 4531 pollicerizqnasi
2713 4469 2900 4515 contra
2930 4461 3198 4531 Pelagium
3239 4465 3289 4516 in
3330 4466 3570 4534 originali
3607 4481 3826 4538 peccato

2239 4553 2528 4608 astruendo
2547 4565 2669 4607 tunc
2695 4569 2813 4608 esse
2840 4554 3014 4622 possis
3035 4554 3328 4610 catholicus
3355 4573 3531 4621 verus,
3566 4562 3610 4614 si
3639 4574 3825 4616 contra

2243 4646 2522 4700 Dominum
2552 4645 2712 4700 fueris
2735 4647 2786 4701 in
2817 4645 3138 4702 destruenda
3172 4647 3286 4716 ejus
3314 4650 3379 4702 de.
3407 4651 3676 4720 Daptismo
3697 4670 3826 4709 sen-

2241 4737 2404 4790 tentia
2432 4735 2717 4790 lmreticus
2746 4751 2935 4792 novus.
2969 4735 3074 4790 Nos
3105 4747 3175 4801 te,
3209 4739 3574 4808 dilectissime,
3609 4759 3714 4798 non
3748 4746 3829 4802 sic

2240 4827 2485 4880 volumus
2513 4827 2882 4881 hmreticorum
2915 4842 3034 4882 esse
3061 4829 3338 4894 victorem,
3374 4839 3432 4885 ut
3468 4848 3620 4888 error
3649 4836 3830 4891 vincat

2237 4933 2496 4983 errorem,
2536 4928 2612 4982 et,
2653 4918 2792 4987 quod
2825 4929 2908 4972 est
2950 4918 3119 4988 pejus,
3162 4919 3332 4990 major
3368 4924 3649 4979 minorem.
3685 4927 3829 4980 Dicis

2239 5014 2418 5066 enim:
2460 5030 2478 5064 ι
2522 5013 2629 5065 Aut
2670 5012 2714 5065 si
2757 5009 2897 5064 forte
2938 5011 3200 5080 quispiam
3241 5013 3550 5082 reluctelur,
3603 5017 3832 5074 latrunis

2240 5103 2432 5156 animae
2469 5102 2553 5156 vel
2601 5101 2898 5155 Dinocratis
2945 5101 3158 5156 interim
3209 5107 3529 5174 temporaria
3571 5109 3827 5163 collatum

2241 5207 2361 5248 esse
2389 5192 2727 5261 paradisum;
2755 5207 2878 5245 nam
2913 5207 3198 5262 superesse
3223 5193 3331 5248 illis
3360 5195 3537 5250 adhuc
3567 5199 3618 5250 in
3649 5213 3832 5254 resur-

2239 5283 2480 5337 rectione
2523 5284 2797 5351 prannium
2845 5283 2992 5352 regni
3044 5284 3338 5351 caelorum;
3366 5301 3671 5358 quanquam
3706 5306 3834 5344 scn-

2240 5375 2402 5428 tentia
2449 5373 2534 5426 illa
2583 5373 2887 5444 principalis
2930 5375 3174 5438 obsistat,
3207 5376 3339 5444 Quia
3369 5377 3456 5445 qui
3485 5396 3586 5432 non
3621 5396 3830 5436 rena'us

2239 5467 2389 5539 fuerit
2416 5482 2480 5520 ea:
2519 5483 2650 5535 aqua
2675 5477 2720 5520 et
2743 5467 2940 5538 Spiritu
2964 5479 3158 5534 sancto,
3191 5486 3291 5524 non
3317 5471 3516 5524 intrabit
3543 5473 3594 5526 in
3617 5491 3826 5546 regnum

2238 5561 2497 5624 caelorum;
2518 5570 2690 5614 tamen
2715 5569 2890 5614 teneat
2906 5561 3065 5615 etiam
3081 5577 3254 5616 meum
3273 5562 3325 5616 in
3345 5563 3442 5618 hac
3456 5575 3606 5634 parte
3632 5582 3732 5619 non
3753 5569 3835 5619 in-

2240 5652 2464 5706 videntis
2475 5666 2772 5715 assensum,
2803 5651 2960 5705 modo
2973 5653 3352 5708 misericordia:
3367 5657 3827 5728 priescientiiequo

2239 5745 2430 5804 divina:
2453 5753 2502 5798 ct
2531 5742 2773 5798 edoctum
2802 5745 3089 5815 ampliﬁcet
3119 5756 3170 5800 ct
3197 5745 3464 5808 atiectuin.
3497 5766 3516 5800 ι
3549 5748 3672 5808 Πίος
3695 5765 3822 5804 ver.-
