  <div class='ocr_page' id='page_1' title='image "/cluster/home/n/w/nwhite01/storage/ocr_20150623/44-45/uc1.31175026792435/268.png"; bbox 0 0 4144 6580; ppageno 0'>
   <div class='ocr_carea' id='block_1_1' title="bbox 366 447 458 502">
    <p class='ocr_par' dir='ltr' id='par_1_1' title="bbox 366 447 458 502">
     <span class='ocr_line' id='line_1_1' title="bbox 366 447 458 502; baseline 0 -1"><span class='ocrx_word' id='word_1_1' title='bbox 366 447 458 502; x_wconf 63' lang='lat' dir='ltr'><strong>Si!</strong></span> 
     </span>
    </p>
   </div>
   <div class='ocr_carea' id='block_1_2' title="bbox 368 547 1944 623">
    <p class='ocr_par' dir='ltr' id='par_1_2' title="bbox 368 547 1944 623">
     <span class='ocr_line' id='line_1_2' title="bbox 368 547 1944 623; baseline -0.009 -8"><span class='ocrx_word' id='word_1_2' title='bbox 368 560 426 615; x_wconf 86' lang='lat' dir='ltr'><strong>ba</strong></span> <span class='ocrx_word' id='word_1_3' title='bbox 458 569 542 614; x_wconf 87' lang='lat' dir='ltr'><strong>tua</strong></span> <span class='ocrx_word' id='word_1_4' title='bbox 572 565 714 623; x_wconf 81' lang='lat' dir='ltr'><strong>sunt,</strong></span> <span class='ocrx_word' id='word_1_5' title='bbox 757 554 847 612; x_wconf 88' lang='lat' dir='ltr'><strong>ubi</strong></span> <span class='ocrx_word' id='word_1_6' title='bbox 873 563 923 611; x_wconf 89' lang='lat' dir='ltr'><strong>te</strong></span> <span class='ocrx_word' id='word_1_7' title='bbox 948 551 1217 610; x_wconf 83' lang='lat' dir='ltr'><strong>confiteris</strong></span> <span class='ocrx_word' id='word_1_8' title='bbox 1244 551 1548 608; x_wconf 87' lang='lat' dir='ltr'><strong>consentire</strong></span> <span class='ocrx_word' id='word_1_9' title='bbox 1574 548 1791 613; x_wconf 88' lang='lat' dir='ltr'><strong>dicenti,</strong></span> <span class='ocrx_word' id='word_1_10' title='bbox 1824 547 1944 619; x_wconf 86' lang='lat' dir='ltr'><strong>qui-</strong></span> 
     </span>
    </p>
   </div>
   <div class='ocr_carea' id='block_1_3' title="bbox 367 641 1944 720">
    <p class='ocr_par' dir='ltr' id='par_1_3' title="bbox 367 641 1944 720">
     <span class='ocr_line' id='line_1_3' title="bbox 367 641 1944 720; baseline -0.009 -10"><span class='ocrx_word' id='word_1_11' title='bbox 367 652 584 710; x_wconf 84' lang='lat' dir='ltr'><strong>busdam</strong></span> <span class='ocrx_word' id='word_1_12' title='bbox 617 667 720 706; x_wconf 90' lang='lat' dir='ltr'><strong>non</strong></span> <span class='ocrx_word' id='word_1_13' title='bbox 768 649 1047 720; x_wconf 86' lang='lat' dir='ltr'><strong>baptizatis</strong></span> <span class='ocrx_word' id='word_1_14' title='bbox 1081 647 1174 705; x_wconf 85' lang='lat' dir='ltr'><strong>sic,</strong></span> <span class='ocrx_word' id='word_1_15' title='bbox 1199 643 1520 716; x_wconf 92' lang='lat' dir='ltr'><strong>temporarie</strong></span> <span class='ocrx_word' id='word_1_16' title='bbox 1549 641 1800 697; x_wconf 90' lang='lat' dir='ltr'><strong>collatum</strong></span> <span class='ocrx_word' id='word_1_17' title='bbox 1823 654 1944 696; x_wconf 84' lang='lat' dir='ltr'><strong>esse</strong></span> 
     </span>
    </p>
   </div>
   <div class='ocr_carea' id='block_1_4' title="bbox 367 731 1942 813">
    <p class='ocr_par' dir='ltr' id='par_1_4' title="bbox 367 731 1942 813">
     <span class='ocr_line' id='line_1_4' title="bbox 367 731 1942 813; baseline -0.008 -17"><span class='ocrx_word' id='word_1_18' title='bbox 367 743 687 813; x_wconf 81' lang='lat' dir='ltr'><strong>paradisum,</strong></span> <span class='ocrx_word' id='word_1_19' title='bbox 713 749 770 794; x_wconf 91' lang='lat' dir='ltr'><strong>ut</strong></span> <span class='ocrx_word' id='word_1_20' title='bbox 785 740 1016 810; x_wconf 87' lang='lat' dir='ltr'><strong>supersit</strong></span> <span class='ocrx_word' id='word_1_21' title='bbox 1039 738 1142 792; x_wconf 83' lang='lat' dir='ltr'><strong>illis</strong></span> <span class='ocrx_word' id='word_1_22' title='bbox 1171 738 1226 791; x_wconf 90' lang='lat' dir='ltr'><strong>in</strong></span> <span class='ocrx_word' id='word_1_23' title='bbox 1252 734 1642 790; x_wconf 88' lang='lat' dir='ltr'><strong>resurrectione</strong></span> <span class='ocrx_word' id='word_1_24' title='bbox 1667 731 1942 803; x_wconf 62' lang='lat' dir='ltr'><strong>praemium</strong></span> 
     </span>
    </p>
   </div>
   <div class='ocr_carea' id='block_1_5' title="bbox 368 825 1945 905">
    <p class='ocr_par' dir='ltr' id='par_1_5' title="bbox 368 825 1945 905">
     <span class='ocr_line' id='line_1_5' title="bbox 368 825 1945 905; baseline -0.01 -15"><span class='ocrx_word' id='word_1_25' title='bbox 368 835 512 905; x_wconf 81' lang='lat' dir='ltr'><strong>regni</strong></span> <span class='ocrx_word' id='word_1_26' title='bbox 555 835 836 902; x_wconf 80' lang='lat' dir='ltr'><strong>cmlorum,</strong></span> <span class='ocrx_word' id='word_1_27' title='bbox 871 841 1058 890; x_wconf 84' lang='lat' dir='ltr'><strong>contra</strong></span> <span class='ocrx_word' id='word_1_28' title='bbox 1096 828 1414 885; x_wconf 89' lang='lat' dir='ltr'><strong>sententiam</strong></span> <span class='ocrx_word' id='word_1_29' title='bbox 1449 825 1818 897; x_wconf 81' lang='lat' dir='ltr'><strong>principalem,</strong></span> <span class='ocrx_word' id='word_1_30' title='bbox 1842 837 1945 893; x_wconf 90' lang='lat' dir='ltr'><strong>qua</strong></span> 
     </span>
    </p>
   </div>
   <div class='ocr_carea' id='block_1_6' title="bbox 367 915 1945 992">
    <p class='ocr_par' dir='ltr' id='par_1_6' title="bbox 367 915 1945 992">
     <span class='ocr_line' id='line_1_6' title="bbox 367 915 1945 992; baseline -0.007 -11"><span class='ocrx_word' id='word_1_31' title='bbox 367 927 711 981; x_wconf 84' lang='lat' dir='ltr'><strong>constitutum</strong></span> <span class='ocrx_word' id='word_1_32' title='bbox 741 935 842 992; x_wconf 91' lang='lat' dir='ltr'><strong>est,</strong></span> <span class='ocrx_word' id='word_1_33' title='bbox 871 940 976 979; x_wconf 93' lang='lat' dir='ltr'><strong>non</strong></span> <span class='ocrx_word' id='word_1_34' title='bbox 1003 925 1322 978; x_wconf 81' lang='lat' dir='ltr'><strong>intraturum</strong></span> <span class='ocrx_word' id='word_1_35' title='bbox 1351 921 1402 974; x_wconf 91' lang='lat' dir='ltr'><strong>in</strong></span> <span class='ocrx_word' id='word_1_36' title='bbox 1430 918 1561 974; x_wconf 88' lang='lat' dir='ltr'><strong>illud</strong></span> <span class='ocrx_word' id='word_1_37' title='bbox 1589 933 1831 988; x_wconf 78' lang='lat' dir='ltr'><strong>regnum,</strong></span> <span class='ocrx_word' id='word_1_38' title='bbox 1853 915 1945 987; x_wconf 91' lang='lat' dir='ltr'><strong>qui</strong></span> 
     </span>
    </p>
   </div>
   <div class='ocr_carea' id='block_1_7' title="bbox 369 1008 1940 1084">
    <p class='ocr_par' dir='ltr' id='par_1_7' title="bbox 369 1008 1940 1084">
     <span class='ocr_line' id='line_1_7' title="bbox 369 1008 1940 1084; baseline -0.006 -12"><span class='ocrx_word' id='word_1_39' title='bbox 369 1033 466 1072; x_wconf 90' lang='lat' dir='ltr'><strong>non</strong></span> <span class='ocrx_word' id='word_1_40' title='bbox 492 1027 710 1072; x_wconf 85' lang='lat' dir='ltr'><strong>renatus</strong></span> <span class='ocrx_word' id='word_1_41' title='bbox 752 1014 907 1071; x_wconf 86' lang='lat' dir='ltr'><strong>fuerit</strong></span> <span class='ocrx_word' id='word_1_42' title='bbox 935 1030 1002 1070; x_wconf 82' lang='lat' dir='ltr'><strong>ex</strong></span> <span class='ocrx_word' id='word_1_43' title='bbox 1031 1029 1166 1084; x_wconf 89' lang='lat' dir='ltr'><strong>aqua</strong></span> <span class='ocrx_word' id='word_1_44' title='bbox 1205 1021 1261 1068; x_wconf 87' lang='lat' dir='ltr'><strong>et</strong></span> <span class='ocrx_word' id='word_1_45' title='bbox 1303 1010 1506 1082; x_wconf 91' lang='lat' dir='ltr'><strong>Spiritu</strong></span> <span class='ocrx_word' id='word_1_46' title='bbox 1533 1017 1740 1064; x_wconf 86' lang='lat' dir='ltr'><strong>sancto.</strong></span> <span class='ocrx_word' id='word_1_47' title='bbox 1767 1008 1940 1075; x_wconf 86' lang='lat' dir='ltr'><strong>Quam</strong></span> 
     </span>
    </p>
   </div>
   <div class='ocr_carea' id='block_1_8' title="bbox 368 1101 1946 1179">
    <p class='ocr_par' dir='ltr' id='par_1_8' title="bbox 368 1101 1946 1179">
     <span class='ocr_line' id='line_1_8' title="bbox 368 1101 1946 1179; baseline -0.007 -16"><span class='ocrx_word' id='word_1_48' title='bbox 368 1109 680 1164; x_wconf 86' lang='lat' dir='ltr'><strong>sententiam</strong></span> <span class='ocrx_word' id='word_1_49' title='bbox 706 1107 1054 1179; x_wconf 78' lang='lat' dir='ltr'><strong>principalem</strong></span> <span class='ocrx_word' id='word_1_50' title='bbox 1095 1106 1287 1160; x_wconf 88' lang='lat' dir='ltr'><strong>timens</strong></span> <span class='ocrx_word' id='word_1_51' title='bbox 1323 1102 1530 1158; x_wconf 82' lang='lat' dir='ltr'><strong>violare</strong></span> <span class='ocrx_word' id='word_1_52' title='bbox 1553 1101 1818 1171; x_wconf 81' lang='lat' dir='ltr'><strong>Pelagius,</strong></span> <span class='ocrx_word' id='word_1_53' title='bbox 1846 1113 1946 1153; x_wconf 90' lang='lat' dir='ltr'><strong>nec</strong></span> 
     </span>
    </p>
   </div>
   <div class='ocr_carea' id='block_1_9' title="bbox 370 1189 1946 1270">
    <p class='ocr_par' dir='ltr' id='par_1_9' title="bbox 370 1189 1946 1270">
     <span class='ocr_line' id='line_1_9' title="bbox 370 1189 1946 1270; baseline -0.007 -16"><span class='ocrx_word' id='word_1_54' title='bbox 370 1200 484 1254; x_wconf 86' lang='lat' dir='ltr'><strong>illos</strong></span> <span class='ocrx_word' id='word_1_55' title='bbox 511 1201 626 1255; x_wconf 87' lang='lat' dir='ltr'><strong>sine</strong></span> <span class='ocrx_word' id='word_1_56' title='bbox 657 1199 928 1270; x_wconf 88' lang='lat' dir='ltr'><strong>Baptismo</strong></span> <span class='ocrx_word' id='word_1_57' title='bbox 953 1199 1006 1252; x_wconf 91' lang='lat' dir='ltr'><strong>in</strong></span> <span class='ocrx_word' id='word_1_58' title='bbox 1039 1210 1262 1266; x_wconf 77' lang='lat' dir='ltr'><strong>regnum</strong></span> <span class='ocrx_word' id='word_1_59' title='bbox 1291 1194 1552 1250; x_wconf 63' lang='lat' dir='ltr'><strong>calorum</strong></span> <span class='ocrx_word' id='word_1_60' title='bbox 1592 1189 1822 1246; x_wconf 83' lang='lat' dir='ltr'><strong>credidit</strong></span> <span class='ocrx_word' id='word_1_61' title='bbox 1860 1189 1946 1244; x_wconf 90' lang='lat' dir='ltr'><strong>in-</strong></span> 
     </span>
    </p>
   </div>
   <div class='ocr_carea' id='block_1_10' title="bbox 372 1281 1946 1359">
    <p class='ocr_par' dir='ltr' id='par_1_10' title="bbox 372 1281 1946 1359">
     <span class='ocr_line' id='line_1_10' title="bbox 372 1281 1946 1359; baseline -0.004 -17"><span class='ocrx_word' id='word_1_62' title='bbox 372 1297 624 1355; x_wconf 82' lang='lat' dir='ltr'><strong>traturus,</strong></span> <span class='ocrx_word' id='word_1_63' title='bbox 668 1304 802 1359; x_wconf 90' lang='lat' dir='ltr'><strong>quos</strong></span> <span class='ocrx_word' id='word_1_64' title='bbox 831 1304 935 1344; x_wconf 86' lang='lat' dir='ltr'><strong>non</strong></span> <span class='ocrx_word' id='word_1_65' title='bbox 965 1286 1190 1344; x_wconf 88' lang='lat' dir='ltr'><strong>credidit</strong></span> <span class='ocrx_word' id='word_1_66' title='bbox 1219 1299 1377 1342; x_wconf 88' lang='lat' dir='ltr'><strong>reos:</strong></span> <span class='ocrx_word' id='word_1_67' title='bbox 1399 1294 1456 1339; x_wconf 90' lang='lat' dir='ltr'><strong>tu</strong></span> <span class='ocrx_word' id='word_1_68' title='bbox 1497 1292 1675 1338; x_wconf 89' lang='lat' dir='ltr'><strong>autem</strong></span> <span class='ocrx_word' id='word_1_69' title='bbox 1703 1291 1757 1337; x_wconf 90' lang='lat' dir='ltr'><strong>et</strong></span> <span class='ocrx_word' id='word_1_70' title='bbox 1781 1281 1946 1352; x_wconf 86' lang='lat' dir='ltr'><strong>origi-</strong></span> 
     </span>
    </p>
   </div>
   <div class='ocr_carea' id='block_1_11' title="bbox 373 1374 1946 1449">
    <p class='ocr_par' dir='ltr' id='par_1_11' title="bbox 373 1374 1946 1449">
     <span class='ocr_line' id='line_1_11' title="bbox 373 1374 1946 1449; baseline -0.006 -15"><span class='ocrx_word' id='word_1_71' title='bbox 373 1381 501 1434; x_wconf 91' lang='lat' dir='ltr'><strong>nalis</strong></span> <span class='ocrx_word' id='word_1_72' title='bbox 532 1379 732 1449; x_wconf 75' lang='lat' dir='ltr'><strong>peccati</strong></span> <span class='ocrx_word' id='word_1_73' title='bbox 781 1393 902 1433; x_wconf 85' lang='lat' dir='ltr'><strong>reos</strong></span> <span class='ocrx_word' id='word_1_74' title='bbox 947 1376 1194 1447; x_wconf 87' lang='lat' dir='ltr'><strong>parvulos</strong></span> <span class='ocrx_word' id='word_1_75' title='bbox 1235 1374 1537 1440; x_wconf 88' lang='lat' dir='ltr'><strong>confiteris,</strong></span> <span class='ocrx_word' id='word_1_76' title='bbox 1567 1382 1623 1430; x_wconf 88' lang='lat' dir='ltr'><strong>et</strong></span> <span class='ocrx_word' id='word_1_77' title='bbox 1647 1379 1824 1428; x_wconf 89' lang='lat' dir='ltr'><strong>tamen</strong></span> <span class='ocrx_word' id='word_1_78' title='bbox 1851 1386 1946 1426; x_wconf 90' lang='lat' dir='ltr'><strong>eos</strong></span> 
     </span>
    </p>
   </div>
   <div class='ocr_carea' id='block_1_12' title="bbox 371 1463 1944 1540">
    <p class='ocr_par' dir='ltr' id='par_1_12' title="bbox 371 1463 1944 1540">
     <span class='ocr_line' id='line_1_12' title="bbox 371 1463 1944 1540; baseline -0.005 -16"><span class='ocrx_word' id='word_1_79' title='bbox 371 1471 480 1526; x_wconf 86' lang='lat' dir='ltr'><strong>sine</strong></span> <span class='ocrx_word' id='word_1_80' title='bbox 505 1471 717 1525; x_wconf 86' lang='lat' dir='ltr'><strong>lavacro</strong></span> <span class='ocrx_word' id='word_1_81' title='bbox 750 1467 1168 1540; x_wconf 81' lang='lat' dir='ltr'><strong>regenerationis</strong></span> <span class='ocrx_word' id='word_1_82' title='bbox 1195 1465 1450 1532; x_wconf 89' lang='lat' dir='ltr'><strong>absolvis,</strong></span> <span class='ocrx_word' id='word_1_83' title='bbox 1477 1473 1533 1519; x_wconf 91' lang='lat' dir='ltr'><strong>et</strong></span> <span class='ocrx_word' id='word_1_84' title='bbox 1557 1465 1610 1519; x_wconf 91' lang='lat' dir='ltr'><strong>in</strong></span> <span class='ocrx_word' id='word_1_85' title='bbox 1640 1463 1944 1534; x_wconf 85' lang='lat' dir='ltr'><strong>paradisum</strong></span> 
     </span>
    </p>
   </div>
   <div class='ocr_carea' id='block_1_13' title="bbox 308 1555 1948 1632">
    <p class='ocr_par' dir='ltr' id='par_1_13' title="bbox 308 1555 1948 1632">
     <span class='ocr_line' id='line_1_13' title="bbox 308 1555 1948 1632; baseline -0.004 -16"><span class='ocrx_word' id='word_1_86' title='bbox 308 1589 314 1594; x_wconf 91' lang='lat'><strong><em>-</em></strong></span> <span class='ocrx_word' id='word_1_87' title='bbox 373 1563 554 1628; x_wconf 90' lang='lat' dir='ltr'><strong>mittis,</strong></span> <span class='ocrx_word' id='word_1_88' title='bbox 583 1569 638 1618; x_wconf 92' lang='lat' dir='ltr'><strong>et</strong></span> <span class='ocrx_word' id='word_1_89' title='bbox 665 1570 846 1632; x_wconf 87' lang='lat' dir='ltr'><strong>postea</strong></span> <span class='ocrx_word' id='word_1_90' title='bbox 867 1561 1029 1615; x_wconf 88' lang='lat' dir='ltr'><strong>etiam</strong></span> <span class='ocrx_word' id='word_1_91' title='bbox 1058 1574 1280 1630; x_wconf 90' lang='lat' dir='ltr'><strong>regnum</strong></span> <span class='ocrx_word' id='word_1_92' title='bbox 1307 1555 1567 1614; x_wconf 58' lang='lat' dir='ltr'><strong>coiturum</strong></span> <span class='ocrx_word' id='word_1_93' title='bbox 1597 1555 1802 1610; x_wconf 89' lang='lat' dir='ltr'><strong>intrare</strong></span> <span class='ocrx_word' id='word_1_94' title='bbox 1835 1570 1948 1625; x_wconf 86' lang='lat' dir='ltr'><strong>per-</strong></span> 
     </span>
    </p>
   </div>
   <div class='ocr_carea' id='block_1_14' title="bbox 372 1657 550 1709">
    <p class='ocr_par' dir='ltr' id='par_1_14' title="bbox 372 1657 550 1709">
     <span class='ocr_line' id='line_1_14' title="bbox 372 1657 550 1709; baseline 0 -1"><span class='ocrx_word' id='word_1_95' title='bbox 372 1657 550 1709; x_wconf 82' lang='lat' dir='ltr'><strong>mittis.</strong></span> 
     </span>
    </p>
   </div>
   <div class='ocr_carea' id='block_1_15' title="bbox 439 1738 1947 1813">
    <p class='ocr_par' dir='ltr' id='par_1_15' title="bbox 439 1738 1947 1813">
     <span class='ocr_line' id='line_1_15' title="bbox 439 1738 1947 1813; baseline -0.005 -13"><span class='ocrx_word' id='word_1_96' title='bbox 439 1745 665 1802; x_wconf 80' lang='lat' dir='ltr'><strong>CAPUT</strong></span> <span class='ocrx_word' id='word_1_97' title='bbox 703 1743 845 1800; x_wconf 77' lang='lat' dir='ltr'><strong>XIV.</strong></span> <span class='ocrx_word' id='word_1_98' title='bbox 894 1775 968 1786; x_wconf 94' lang='lat'><strong><em>—</em></strong></span> <span class='ocrx_word' id='word_1_99' title='bbox 992 1743 1082 1800; x_wconf 69' lang='grc' dir='ltr'><strong>ΞΟ.</strong></span> <span class='ocrx_word' id='word_1_100' title='bbox 1113 1743 1238 1798; x_wconf 73' lang='lat' dir='ltr'><strong>llaec</strong></span> <span class='ocrx_word' id='word_1_101' title='bbox 1264 1751 1422 1813; x_wconf 90' lang='lat' dir='ltr'><strong>atque</strong></span> <span class='ocrx_word' id='word_1_102' title='bbox 1447 1738 1774 1810; x_wconf 87' lang='lat' dir='ltr'><strong>hujusmodi,</strong></span> <span class='ocrx_word' id='word_1_103' title='bbox 1803 1739 1848 1793; x_wconf 91' lang='lat' dir='ltr'><strong>si</strong></span> <span class='ocrx_word' id='word_1_104' title='bbox 1891 1747 1947 1794; x_wconf 90' lang='lat' dir='ltr'><strong>et</strong></span> 
     </span>
    </p>
   </div>
   <div class='ocr_carea' id='block_1_16' title="bbox 369 1829 1948 1890">
    <p class='ocr_par' dir='ltr' id='par_1_16' title="bbox 369 1829 1948 1890">
     <span class='ocr_line' id='line_1_16' title="bbox 369 1829 1948 1890; baseline -0.003 -1"><span class='ocrx_word' id='word_1_105' title='bbox 369 1836 467 1889; x_wconf 83' lang='lat' dir='ltr'><strong>alia</strong></span> <span class='ocrx_word' id='word_1_106' title='bbox 500 1835 721 1890; x_wconf 72' lang='lat' dir='ltr'><strong>forsitan</strong></span> <span class='ocrx_word' id='word_1_107' title='bbox 763 1835 815 1889; x_wconf 93' lang='lat' dir='ltr'><strong>in</strong></span> <span class='ocrx_word' id='word_1_108' title='bbox 853 1835 956 1889; x_wconf 88' lang='lat' dir='ltr'><strong>tuis</strong></span> <span class='ocrx_word' id='word_1_109' title='bbox 992 1834 1142 1888; x_wconf 90' lang='lat' dir='ltr'><strong>libris</strong></span> <span class='ocrx_word' id='word_1_110' title='bbox 1171 1833 1425 1888; x_wconf 83' lang='lat' dir='ltr'><strong>attentior</strong></span> <span class='ocrx_word' id='word_1_111' title='bbox 1463 1841 1518 1886; x_wconf 90' lang='lat' dir='ltr'><strong>et</strong></span> <span class='ocrx_word' id='word_1_112' title='bbox 1553 1830 1775 1884; x_wconf 90' lang='lat' dir='ltr'><strong>otiosior</strong></span> <span class='ocrx_word' id='word_1_113' title='bbox 1801 1829 1948 1884; x_wconf 86' lang='lat' dir='ltr'><strong>inve-</strong></span> 
     </span>
    </p>
   </div>
   <div class='ocr_carea' id='block_1_17' title="bbox 371 1921 1948 1997">
    <p class='ocr_par' dir='ltr' id='par_1_17' title="bbox 371 1921 1948 1997">
     <span class='ocr_line' id='line_1_17' title="bbox 371 1921 1948 1997; baseline -0.004 -16"><span class='ocrx_word' id='word_1_114' title='bbox 371 1930 484 1982; x_wconf 86' lang='lat' dir='ltr'><strong>nire</strong></span> <span class='ocrx_word' id='word_1_115' title='bbox 523 1928 778 1997; x_wconf 87' lang='lat' dir='ltr'><strong>potueris,</strong></span> <span class='ocrx_word' id='word_1_116' title='bbox 808 1927 923 1982; x_wconf 91' lang='lat' dir='ltr'><strong>sine</strong></span> <span class='ocrx_word' id='word_1_117' title='bbox 954 1927 1056 1981; x_wconf 91' lang='lat' dir='ltr'><strong>ulla</strong></span> <span class='ocrx_word' id='word_1_118' title='bbox 1085 1925 1339 1980; x_wconf 85' lang='lat' dir='ltr'><strong>dilatione</strong></span> <span class='ocrx_word' id='word_1_119' title='bbox 1360 1923 1470 1994; x_wconf 89' lang='lat' dir='ltr'><strong>jam</strong></span> <span class='ocrx_word' id='word_1_120' title='bbox 1503 1923 1730 1993; x_wconf 80' lang='lat' dir='ltr'><strong>corrige,</strong></span> <span class='ocrx_word' id='word_1_121' title='bbox 1765 1923 1807 1976; x_wconf 89' lang='lat' dir='ltr'><strong>si</strong></span> <span class='ocrx_word' id='word_1_122' title='bbox 1835 1921 1948 1976; x_wconf 85' lang='lat' dir='ltr'><strong>ani-</strong></span> 
     </span>
    </p>
   </div>
   <div class='ocr_carea' id='block_1_18' title="bbox 370 2015 1949 2091">
    <p class='ocr_par' dir='ltr' id='par_1_18' title="bbox 370 2015 1949 2091">
     <span class='ocr_line' id='line_1_18' title="bbox 370 2015 1949 2091; baseline -0.004 -16"><span class='ocrx_word' id='word_1_123' title='bbox 370 2037 518 2090; x_wconf 40' lang='lat' dir='ltr'><strong>mum.</strong></span> <span class='ocrx_word' id='word_1_124' title='bbox 537 2019 854 2075; x_wconf 90' lang='lat' dir='ltr'><strong>catholicum</strong></span> <span class='ocrx_word' id='word_1_125' title='bbox 873 2020 1036 2091; x_wconf 88' lang='lat' dir='ltr'><strong>geris,</strong></span> <span class='ocrx_word' id='word_1_126' title='bbox 1064 2018 1116 2074; x_wconf 92' lang='lat' dir='ltr'><strong>id</strong></span> <span class='ocrx_word' id='word_1_127' title='bbox 1143 2026 1245 2086; x_wconf 90' lang='lat' dir='ltr'><strong>est,</strong></span> <span class='ocrx_word' id='word_1_128' title='bbox 1275 2018 1320 2072; x_wconf 89' lang='lat' dir='ltr'><strong>si</strong></span> <span class='ocrx_word' id='word_1_129' title='bbox 1346 2018 1608 2072; x_wconf 78' lang='lat' dir='ltr'><strong>veraciter</strong></span> <span class='ocrx_word' id='word_1_130' title='bbox 1631 2015 1949 2086; x_wconf 76' lang='lat' dir='ltr'><strong>przelocutus</strong></span> 
     </span>
    </p>
   </div>
   <div class='ocr_carea' id='block_1_19' title="bbox 369 2109 1947 2184">
    <p class='ocr_par' dir='ltr' id='par_1_19' title="bbox 369 2109 1947 2184">
     <span class='ocr_line' id='line_1_19' title="bbox 369 2109 1947 2184; baseline -0.006 -16"><span class='ocrx_word' id='word_1_131' title='bbox 369 2128 446 2178; x_wconf 82' lang='lat' dir='ltr'><strong>es,</strong></span> <span class='ocrx_word' id='word_1_132' title='bbox 481 2113 685 2179; x_wconf 88' lang='lat' dir='ltr'><strong>dicens,</strong></span> <span class='ocrx_word' id='word_1_133' title='bbox 723 2129 742 2164; x_wconf 80' lang='grc' dir='ltr'><strong>ι</strong></span> <span class='ocrx_word' id='word_1_134' title='bbox 771 2111 913 2184; x_wconf 90' lang='lat' dir='ltr'><strong>quod</strong></span> <span class='ocrx_word' id='word_1_135' title='bbox 945 2111 1040 2168; x_wconf 86' lang='lat' dir='ltr'><strong>tibi</strong></span> <span class='ocrx_word' id='word_1_136' title='bbox 1080 2109 1182 2184; x_wconf 89' lang='lat' dir='ltr'><strong>ipsi</strong></span> <span class='ocrx_word' id='word_1_137' title='bbox 1205 2109 1457 2165; x_wconf 90' lang='lat' dir='ltr'><strong>credulus</strong></span> <span class='ocrx_word' id='word_1_138' title='bbox 1479 2122 1584 2164; x_wconf 93' lang='lat' dir='ltr'><strong>non</strong></span> <span class='ocrx_word' id='word_1_139' title='bbox 1606 2109 1702 2174; x_wconf 87' lang='lat' dir='ltr'><strong>sis,</strong></span> <span class='ocrx_word' id='word_1_140' title='bbox 1731 2122 1791 2162; x_wconf 86' lang='lat' dir='ltr'><strong>ca</strong></span> <span class='ocrx_word' id='word_1_141' title='bbox 1819 2121 1947 2176; x_wconf 91' lang='lat' dir='ltr'><strong>pro-</strong></span> 
     </span>
    </p>
   </div>
   <div class='ocr_carea' id='block_1_20' title="bbox 370 2199 1948 2276">
    <p class='ocr_par' dir='ltr' id='par_1_20' title="bbox 370 2199 1948 2276">
     <span class='ocr_line' id='line_1_20' title="bbox 370 2199 1948 2276; baseline -0.005 -14"><span class='ocrx_word' id='word_1_142' title='bbox 370 2207 482 2262; x_wconf 88' lang='lat' dir='ltr'><strong>bari</strong></span> <span class='ocrx_word' id='word_1_143' title='bbox 502 2221 659 2276; x_wconf 87' lang='lat' dir='ltr'><strong>posse</strong></span> <span class='ocrx_word' id='word_1_144' title='bbox 677 2222 797 2276; x_wconf 80' lang='lat' dir='ltr'><strong>qua:</strong></span> <span class='ocrx_word' id='word_1_145' title='bbox 821 2205 1019 2261; x_wconf 83' lang='lat' dir='ltr'><strong>dixeris</strong></span> <span class='ocrx_word' id='word_1_146' title='bbox 1039 2222 1053 2268; x_wconf 89' lang='lat'><strong>;</strong></span> <span class='ocrx_word' id='word_1_147' title='bbox 1081 2212 1135 2260; x_wconf 91' lang='lat' dir='ltr'><strong>et</strong></span> <span class='ocrx_word' id='word_1_148' title='bbox 1153 2203 1296 2273; x_wconf 82' lang='lat' dir='ltr'><strong>quod</strong></span> <span class='ocrx_word' id='word_1_149' title='bbox 1321 2217 1534 2272; x_wconf 86' lang='lat' dir='ltr'><strong>semper</strong></span> <span class='ocrx_word' id='word_1_150' title='bbox 1552 2201 1768 2258; x_wconf 79' lang='lat' dir='ltr'><strong>studeas</strong></span> <span class='ocrx_word' id='word_1_151' title='bbox 1785 2199 1948 2256; x_wconf 85' lang='lat' dir='ltr'><strong>etiam</strong></span> 
     </span>
    </p>
   </div>
   <div class='ocr_carea' id='block_1_21' title="bbox 369 2289 1952 2370">
    <p class='ocr_par' dir='ltr' id='par_1_21' title="bbox 369 2289 1952 2370">
     <span class='ocr_line' id='line_1_21' title="bbox 369 2289 1952 2370; baseline -0.006 -18"><span class='ocrx_word' id='word_1_152' title='bbox 369 2299 634 2370; x_wconf 84' lang='lat' dir='ltr'><strong>propriam</strong></span> <span class='ocrx_word' id='word_1_153' title='bbox 661 2298 980 2352; x_wconf 88' lang='lat' dir='ltr'><strong>sententiam</strong></span> <span class='ocrx_word' id='word_1_154' title='bbox 1009 2309 1114 2351; x_wconf 90' lang='lat' dir='ltr'><strong>non</strong></span> <span class='ocrx_word' id='word_1_155' title='bbox 1144 2294 1302 2358; x_wconf 92' lang='lat' dir='ltr'><strong>tueri,</strong></span> <span class='ocrx_word' id='word_1_156' title='bbox 1332 2293 1376 2347; x_wconf 92' lang='lat' dir='ltr'><strong>si</strong></span> <span class='ocrx_word' id='word_1_157' title='bbox 1408 2289 1774 2362; x_wconf 77' lang='lat' dir='ltr'><strong>improbabilis</strong></span> <span class='ocrx_word' id='word_1_158' title='bbox 1801 2289 1952 2344; x_wconf 89' lang='lat' dir='ltr'><strong>dete-</strong></span> 
     </span>
    </p>
   </div>
   <div class='ocr_carea' id='block_1_22' title="bbox 367 2365 1950 2460">
    <p class='ocr_par' dir='ltr' id='par_1_22' title="bbox 367 2365 1950 2460">
     <span class='ocr_line' id='line_1_22' title="bbox 367 2365 1950 2460; baseline -0.003 -18"><span class='ocrx_word' id='word_1_159' title='bbox 367 2365 558 2460; x_wconf 82' lang='lat' dir='ltr'><strong>gatur;</strong></span> <span class='ocrx_word' id='word_1_160' title='bbox 585 2365 642 2444; x_wconf 74' lang='lat' dir='ltr'><strong>et</strong></span> <span class='ocrx_word' id='word_1_161' title='bbox 659 2390 726 2444; x_wconf 90' lang='lat' dir='ltr'><strong>sit</strong></span> <span class='ocrx_word' id='word_1_162' title='bbox 751 2387 846 2443; x_wconf 87' lang='lat' dir='ltr'><strong>tibi</strong></span> <span class='ocrx_word' id='word_1_163' title='bbox 869 2387 1038 2451; x_wconf 86' lang='lat' dir='ltr'><strong>cordi,</strong></span> <span class='ocrx_word' id='word_1_164' title='bbox 1081 2386 1300 2458; x_wconf 87' lang='lat' dir='ltr'><strong>proprio</strong></span> <span class='ocrx_word' id='word_1_165' title='bbox 1321 2385 1520 2456; x_wconf 85' lang='lat' dir='ltr'><strong>judicio</strong></span> <span class='ocrx_word' id='word_1_166' title='bbox 1547 2384 1816 2449; x_wconf 88' lang='lat' dir='ltr'><strong>damnato,</strong></span> <span class='ocrx_word' id='word_1_167' title='bbox 1838 2397 1950 2438; x_wconf 91' lang='lat' dir='ltr'><strong>me-</strong></span> 
     </span>
    </p>
   </div>
   <div class='ocr_carea' id='block_1_23' title="bbox 371 2476 1950 2552">
    <p class='ocr_par' dir='ltr' id='par_1_23' title="bbox 371 2476 1950 2552">
     <span class='ocr_line' id='line_1_23' title="bbox 371 2476 1950 2552; baseline -0.004 -15"><span class='ocrx_word' id='word_1_168' title='bbox 371 2484 500 2537; x_wconf 85' lang='lat' dir='ltr'><strong>liora</strong></span> <span class='ocrx_word' id='word_1_169' title='bbox 529 2482 696 2552; x_wconf 84' lang='lat' dir='ltr'><strong>magis</strong></span> <span class='ocrx_word' id='word_1_170' title='bbox 720 2490 774 2537; x_wconf 89' lang='lat' dir='ltr'><strong>et</strong></span> <span class='ocrx_word' id='word_1_171' title='bbox 805 2496 924 2552; x_wconf 65' lang='lat' dir='ltr'><strong>quae</strong></span> <span class='ocrx_word' id='word_1_172' title='bbox 949 2488 1075 2535; x_wconf 92' lang='lat' dir='ltr'><strong>sunt</strong></span> <span class='ocrx_word' id='word_1_173' title='bbox 1098 2479 1304 2534; x_wconf 86' lang='lat' dir='ltr'><strong>veriora</strong></span> <span class='ocrx_word' id='word_1_174' title='bbox 1332 2477 1548 2532; x_wconf 89' lang='lat' dir='ltr'><strong>sectari.</strong></span> <span class='ocrx_word' id='word_1_175' title='bbox 1586 2496 1604 2529; x_wconf 68' lang='grc' dir='ltr'><strong><em>ο</em></strong></span> <span class='ocrx_word' id='word_1_176' title='bbox 1639 2476 1796 2531; x_wconf 82' lang='lat' dir='ltr'><strong>Modo</strong></span> <span class='ocrx_word' id='word_1_177' title='bbox 1825 2490 1950 2546; x_wconf 90' lang='lat' dir='ltr'><strong>pro-</strong></span> 
     </span>
    </p>
   </div>
   <div class='ocr_carea' id='block_1_24' title="bbox 371 2565 1950 2640">
    <p class='ocr_par' dir='ltr' id='par_1_24' title="bbox 371 2565 1950 2640">
     <span class='ocr_line' id='line_1_24' title="bbox 371 2565 1950 2640; baseline -0.003 -13"><span class='ocrx_word' id='word_1_178' title='bbox 371 2574 455 2640; x_wconf 84' lang='lat' dir='ltr'><strong>ba,</strong></span> <span class='ocrx_word' id='word_1_179' title='bbox 485 2571 822 2636; x_wconf 90' lang='lat' dir='ltr'><strong>charissime,</strong></span> <span class='ocrx_word' id='word_1_180' title='bbox 861 2585 968 2625; x_wconf 92' lang='lat' dir='ltr'><strong>non</strong></span> <span class='ocrx_word' id='word_1_181' title='bbox 1013 2577 1066 2624; x_wconf 90' lang='lat' dir='ltr'><strong>te</strong></span> <span class='ocrx_word' id='word_1_182' title='bbox 1112 2567 1370 2624; x_wconf 78' lang='lat' dir='ltr'><strong>fallaciter</strong></span> <span class='ocrx_word' id='word_1_183' title='bbox 1413 2568 1511 2622; x_wconf 90' lang='lat' dir='ltr'><strong>ista</strong></span> <span class='ocrx_word' id='word_1_184' title='bbox 1542 2567 1762 2634; x_wconf 84' lang='lat' dir='ltr'><strong>dixisse,</strong></span> <span class='ocrx_word' id='word_1_185' title='bbox 1795 2577 1850 2621; x_wconf 92' lang='lat' dir='ltr'><strong>ut</strong></span> <span class='ocrx_word' id='word_1_186' title='bbox 1881 2565 1950 2622; x_wconf 90' lang='lat' dir='ltr'><strong>de</strong></span> 
     </span>
    </p>
   </div>
   <div class='ocr_carea' id='block_1_25' title="bbox 371 2659 1945 2730">
    <p class='ocr_par' dir='ltr' id='par_1_25' title="bbox 371 2659 1945 2730">
     <span class='ocr_line' id='line_1_25' title="bbox 371 2659 1945 2730; baseline -0.004 -12"><span class='ocrx_word' id='word_1_187' title='bbox 371 2675 457 2718; x_wconf 89' lang='lat' dir='ltr'><strong>tua</strong></span> <span class='ocrx_word' id='word_1_188' title='bbox 485 2663 664 2718; x_wconf 89' lang='lat' dir='ltr'><strong>indole</strong></span> <span class='ocrx_word' id='word_1_189' title='bbox 691 2675 797 2718; x_wconf 88' lang='lat' dir='ltr'><strong>non</strong></span> <span class='ocrx_word' id='word_1_190' title='bbox 833 2661 1006 2717; x_wconf 88' lang='lat' dir='ltr'><strong>solum</strong></span> <span class='ocrx_word' id='word_1_191' title='bbox 1048 2659 1344 2730; x_wconf 88' lang='lat' dir='ltr'><strong>ingeniosa,</strong></span> <span class='ocrx_word' id='word_1_192' title='bbox 1366 2673 1552 2714; x_wconf 88' lang='lat' dir='ltr'><strong>verum</strong></span> <span class='ocrx_word' id='word_1_193' title='bbox 1581 2659 1739 2714; x_wconf 86' lang='lat' dir='ltr'><strong>etiam</strong></span> <span class='ocrx_word' id='word_1_194' title='bbox 1771 2665 1945 2725; x_wconf 88' lang='lat' dir='ltr'><strong>cauta,</strong></span> 
     </span>
    </p>
   </div>
   <div class='ocr_carea' id='block_1_26' title="bbox 370 2747 1946 2824">
    <p class='ocr_par' dir='ltr' id='par_1_26' title="bbox 370 2747 1946 2824">
     <span class='ocr_line' id='line_1_26' title="bbox 370 2747 1946 2824; baseline -0.006 -15"><span class='ocrx_word' id='word_1_195' title='bbox 370 2754 472 2824; x_wconf 87' lang='lat' dir='ltr'><strong>pia,</strong></span> <span class='ocrx_word' id='word_1_196' title='bbox 499 2753 760 2820; x_wconf 89' lang='lat' dir='ltr'><strong>modesta,</strong></span> <span class='ocrx_word' id='word_1_197' title='bbox 781 2751 1008 2824; x_wconf 75' lang='lat' dir='ltr'><strong>gaudeat</strong></span> <span class='ocrx_word' id='word_1_198' title='bbox 1029 2749 1290 2805; x_wconf 88' lang='lat' dir='ltr'><strong>catholica</strong></span> <span class='ocrx_word' id='word_1_199' title='bbox 1311 2749 1573 2814; x_wconf 86' lang='lat' dir='ltr'><strong>Ecclesia,</strong></span> <span class='ocrx_word' id='word_1_200' title='bbox 1599 2763 1704 2803; x_wconf 91' lang='lat' dir='ltr'><strong>non</strong></span> <span class='ocrx_word' id='word_1_201' title='bbox 1729 2747 1796 2804; x_wconf 90' lang='lat' dir='ltr'><strong>de</strong></span> <span class='ocrx_word' id='word_1_202' title='bbox 1817 2762 1946 2802; x_wconf 85' lang='lat' dir='ltr'><strong>con-</strong></span> 
     </span>
    </p>
   </div>
   <div class='ocr_carea' id='block_1_27' title="bbox 371 2830 1950 2914">
    <p class='ocr_par' dir='ltr' id='par_1_27' title="bbox 371 2830 1950 2914">
     <span class='ocr_line' id='line_1_27' title="bbox 371 2830 1950 2914; baseline -0.004 -14"><span class='ocrx_word' id='word_1_203' title='bbox 371 2845 594 2900; x_wconf 87' lang='lat' dir='ltr'><strong>tentiosa</strong></span> <span class='ocrx_word' id='word_1_204' title='bbox 621 2841 910 2914; x_wconf 82' lang='lat' dir='ltr'><strong>pertinacia</strong></span> <span class='ocrx_word' id='word_1_205' title='bbox 937 2840 1184 2897; x_wconf 62' lang='lat' dir='ltr'><strong>haeretica</strong></span> <span class='ocrx_word' id='word_1_206' title='bbox 1206 2830 1520 2895; x_wconf 81' lang='lat' dir='ltr'><strong>exardescat</strong></span> <span class='ocrx_word' id='word_1_207' title='bbox 1544 2837 1772 2894; x_wconf 89' lang='lat' dir='ltr'><strong>insania.</strong></span> <span class='ocrx_word' id='word_1_208' title='bbox 1796 2835 1950 2893; x_wconf 83' lang='lat' dir='ltr'><strong>Nune</strong></span> 
     </span>
    </p>
   </div>
   <div class='ocr_carea' id='block_1_28' title="bbox 369 2931 1948 3006">
    <p class='ocr_par' dir='ltr' id='par_1_28' title="bbox 369 2931 1948 3006">
     <span class='ocr_line' id='line_1_28' title="bbox 369 2931 1948 3006; baseline -0.006 -13"><span class='ocrx_word' id='word_1_209' title='bbox 369 2947 451 2993; x_wconf 87' lang='lat' dir='ltr'><strong>est</strong></span> <span class='ocrx_word' id='word_1_210' title='bbox 478 2947 536 2992; x_wconf 90' lang='lat' dir='ltr'><strong>ut</strong></span> <span class='ocrx_word' id='word_1_211' title='bbox 557 2935 828 3002; x_wconf 89' lang='lat' dir='ltr'><strong>ostendas,</strong></span> <span class='ocrx_word' id='word_1_212' title='bbox 851 2945 1046 3006; x_wconf 89' lang='lat' dir='ltr'><strong>quanta</strong></span> <span class='ocrx_word' id='word_1_213' title='bbox 1073 2943 1192 3005; x_wconf 90' lang='lat' dir='ltr'><strong>post</strong></span> <span class='ocrx_word' id='word_1_214' title='bbox 1219 2933 1335 2988; x_wconf 61' lang='lat' dir='ltr'><strong>huic</strong></span> <span class='ocrx_word' id='word_1_215' title='bbox 1364 2934 1499 2988; x_wconf 90' lang='lat' dir='ltr'><strong>bona</strong></span> <span class='ocrx_word' id='word_1_216' title='bbox 1525 2931 1686 2988; x_wconf 86' lang='lat' dir='ltr'><strong>verba</strong></span> <span class='ocrx_word' id='word_1_217' title='bbox 1709 2946 1828 3002; x_wconf 79' lang='lat' dir='ltr'><strong>quae</strong></span> <span class='ocrx_word' id='word_1_218' title='bbox 1857 2937 1948 2984; x_wconf 78' lang='lat' dir='ltr'><strong>tua</strong></span> 
     </span>
    </p>
   </div>
   <div class='ocr_carea' id='block_1_29' title="bbox 368 3023 1952 3097">
    <p class='ocr_par' dir='ltr' id='par_1_29' title="bbox 368 3023 1952 3097">
     <span class='ocr_line' id='line_1_29' title="bbox 368 3023 1952 3097; baseline -0.003 -11"><span class='ocrx_word' id='word_1_219' title='bbox 368 3031 810 3097; x_wconf 88' lang='lat' dir='ltr'><strong>commemoravi,</strong></span> <span class='ocrx_word' id='word_1_220' title='bbox 836 3029 1140 3086; x_wconf 82' lang='lat' dir='ltr'><strong>sinceritate</strong></span> <span class='ocrx_word' id='word_1_221' title='bbox 1169 3027 1400 3097; x_wconf 87' lang='lat' dir='ltr'><strong>pectoris</strong></span> <span class='ocrx_word' id='word_1_222' title='bbox 1419 3025 1639 3093; x_wconf 82' lang='lat' dir='ltr'><strong>dixeris,</strong></span> <span class='ocrx_word' id='word_1_223' title='bbox 1656 3023 1797 3096; x_wconf 91' lang='lat' dir='ltr'><strong>quod</strong></span> <span class='ocrx_word' id='word_1_224' title='bbox 1819 3037 1952 3081; x_wconf 81' lang='lat' dir='ltr'><strong>con-</strong></span> 
     </span>
    </p>
   </div>
   <div class='ocr_carea' id='block_1_30' title="bbox 371 3115 1952 3194">
    <p class='ocr_par' dir='ltr' id='par_1_30' title="bbox 371 3115 1952 3194">
     <span class='ocr_line' id='line_1_30' title="bbox 371 3115 1952 3194; baseline -0.004 -16"><span class='ocrx_word' id='word_1_225' title='bbox 371 3125 516 3179; x_wconf 92' lang='lat' dir='ltr'><strong>tinuo</strong></span> <span class='ocrx_word' id='word_1_226' title='bbox 538 3123 808 3194; x_wconf 81' lang='lat' dir='ltr'><strong>subjecisti</strong></span> <span class='ocrx_word' id='word_1_227' title='bbox 835 3140 850 3176; x_wconf 88' lang='lat'>:</span> <span class='ocrx_word' id='word_1_228' title='bbox 879 3140 899 3176; x_wconf 76' lang='grc' dir='ltr'><strong>ι</strong></span> <span class='ocrx_word' id='word_1_229' title='bbox 929 3121 1063 3177; x_wconf 81' lang='lat' dir='ltr'><strong>Nam</strong></span> <span class='ocrx_word' id='word_1_230' title='bbox 1087 3129 1142 3175; x_wconf 91' lang='lat' dir='ltr'><strong>ut</strong></span> <span class='ocrx_word' id='word_1_231' title='bbox 1165 3129 1266 3188; x_wconf 89' lang='lat' dir='ltr'><strong>est,</strong></span> <span class='ocrx_word' id='word_1_232' title='bbox 1295 3139 1315 3173; x_wconf 73' lang='grc' dir='ltr'><strong>ι</strong></span> <span class='ocrx_word' id='word_1_233' title='bbox 1349 3119 1543 3190; x_wconf 88' lang='lat' dir='ltr'><strong>inquis,</strong></span> <span class='ocrx_word' id='word_1_234' title='bbox 1575 3137 1595 3170; x_wconf 75' lang='grc' dir='ltr'><strong>ι</strong></span> <span class='ocrx_word' id='word_1_235' title='bbox 1623 3115 1808 3189; x_wconf 85' lang='lat' dir='ltr'><strong>optimi</strong></span> <span class='ocrx_word' id='word_1_236' title='bbox 1834 3129 1952 3188; x_wconf 85' lang='lat' dir='ltr'><strong>pro-</strong></span> 
     </span>
    </p>
   </div>
   <div class='ocr_carea' id='block_1_31' title="bbox 369 3207 1950 3286">
    <p class='ocr_par' dir='ltr' id='par_1_31' title="bbox 369 3207 1950 3286">
     <span class='ocr_line' id='line_1_31' title="bbox 369 3207 1950 3286; baseline -0.003 -19"><span class='ocrx_word' id='word_1_237' title='bbox 369 3215 529 3286; x_wconf 87' lang='lat' dir='ltr'><strong>positi</strong></span> <span class='ocrx_word' id='word_1_238' title='bbox 553 3215 911 3284; x_wconf 80' lang='lat' dir='ltr'><strong>laudandique</strong></span> <span class='ocrx_word' id='word_1_239' title='bbox 935 3212 1173 3278; x_wconf 88' lang='lat' dir='ltr'><strong>consilii,</strong></span> <span class='ocrx_word' id='word_1_240' title='bbox 1205 3212 1356 3266; x_wconf 90' lang='lat' dir='ltr'><strong>facile</strong></span> <span class='ocrx_word' id='word_1_241' title='bbox 1378 3211 1442 3266; x_wconf 90' lang='lat' dir='ltr'><strong>ad</strong></span> <span class='ocrx_word' id='word_1_242' title='bbox 1464 3212 1670 3265; x_wconf 76' lang='lat' dir='ltr'><strong>veridra</strong></span> <span class='ocrx_word' id='word_1_243' title='bbox 1698 3207 1950 3264; x_wconf 83' lang='lat' dir='ltr'><strong>transdu-</strong></span> 
     </span>
    </p>
   </div>
   <div class='ocr_carea' id='block_1_32' title="bbox 369 3299 1950 3378">
    <p class='ocr_par' dir='ltr' id='par_1_32' title="bbox 369 3299 1950 3378">
     <span class='ocr_line' id='line_1_32' title="bbox 369 3299 1950 3378; baseline -0.005 -16"><span class='ocrx_word' id='word_1_244' title='bbox 369 3307 453 3373; x_wconf 87' lang='lat' dir='ltr'><strong>ci;</strong></span> <span class='ocrx_word' id='word_1_245' title='bbox 483 3309 552 3362; x_wconf 88' lang='lat' dir='ltr'><strong>ita</strong></span> <span class='ocrx_word' id='word_1_246' title='bbox 583 3307 812 3378; x_wconf 84' lang='lat' dir='ltr'><strong>improbi</strong></span> <span class='ocrx_word' id='word_1_247' title='bbox 855 3305 1216 3374; x_wconf 90' lang='lat' dir='ltr'><strong>obstinatique</strong></span> <span class='ocrx_word' id='word_1_248' title='bbox 1257 3303 1445 3372; x_wconf 83' lang='lat' dir='ltr'><strong>judicii</strong></span> <span class='ocrx_word' id='word_1_249' title='bbox 1491 3312 1594 3369; x_wconf 88' lang='lat' dir='ltr'><strong>est,</strong></span> <span class='ocrx_word' id='word_1_250' title='bbox 1623 3301 1764 3356; x_wconf 90' lang='lat' dir='ltr'><strong>nolle</strong></span> <span class='ocrx_word' id='word_1_251' title='bbox 1793 3299 1950 3356; x_wconf 89' lang='lat' dir='ltr'><strong>citius</strong></span> 
     </span>
    </p>
   </div>
   <div class='ocr_carea' id='block_1_33' title="bbox 369 3389 1944 3465">
    <p class='ocr_par' dir='ltr' id='par_1_33' title="bbox 369 3389 1944 3465">
     <span class='ocr_line' id='line_1_33' title="bbox 369 3389 1944 3465; baseline -0.007 -11"><span class='ocrx_word' id='word_1_252' title='bbox 369 3399 436 3454; x_wconf 82' lang='lat' dir='ltr'><strong>ad</strong></span> <span class='ocrx_word' id='word_1_253' title='bbox 459 3399 723 3454; x_wconf 83' lang='lat' dir='ltr'><strong>tramitem</strong></span> <span class='ocrx_word' id='word_1_254' title='bbox 749 3397 970 3452; x_wconf 86' lang='lat' dir='ltr'><strong>rationis</strong></span> <span class='ocrx_word' id='word_1_255' title='bbox 997 3395 1192 3451; x_wconf 84' lang='lat' dir='ltr'><strong>inflecti</strong></span> <span class='ocrx_word' id='word_1_256' title='bbox 1233 3414 1252 3447; x_wconf 69' lang='grc' dir='ltr'><strong>ι</strong></span> <span class='ocrx_word' id='word_1_257' title='bbox 1297 3394 1507 3465; x_wconf 85' lang='lat' dir='ltr'><strong>(Supra</strong></span> <span class='ocrx_word' id='word_1_258' title='bbox 1546 3393 1634 3446; x_wconf 84' lang='lat' dir='ltr'><strong>tib.</strong></span> <span class='ocrx_word' id='word_1_259' title='bbox 1658 3391 1713 3458; x_wconf 73' lang='grc'><strong>2,</strong></span> <span class='ocrx_word' id='word_1_260' title='bbox 1746 3409 1800 3445; x_wconf 89' lang='grc' dir='ltr'><strong>η.</strong></span> <span class='ocrx_word' id='word_1_261' title='bbox 1830 3389 1944 3462; x_wconf 71' lang='lat'><strong>9.2).</strong></span> 
     </span>
    </p>
   </div>
   <div class='ocr_carea' id='block_1_34' title="bbox 371 3483 1952 3560">
    <p class='ocr_par' dir='ltr' id='par_1_34' title="bbox 371 3483 1952 3560">
     <span class='ocr_line' id='line_1_34' title="bbox 371 3483 1952 3560; baseline -0.006 -15"><span class='ocrx_word' id='word_1_262' title='bbox 371 3490 500 3546; x_wconf 84' lang='lat' dir='ltr'><strong>Esto</strong></span> <span class='ocrx_word' id='word_1_263' title='bbox 543 3490 702 3560; x_wconf 86' lang='lat' dir='ltr'><strong>igitur</strong></span> <span class='ocrx_word' id='word_1_264' title='bbox 742 3488 928 3558; x_wconf 89' lang='lat' dir='ltr'><strong>optimi</strong></span> <span class='ocrx_word' id='word_1_265' title='bbox 971 3486 1228 3557; x_wconf 88' lang='lat' dir='ltr'><strong>propositi</strong></span> <span class='ocrx_word' id='word_1_266' title='bbox 1257 3485 1613 3555; x_wconf 89' lang='lat' dir='ltr'><strong>laudandique</strong></span> <span class='ocrx_word' id='word_1_267' title='bbox 1637 3483 1869 3548; x_wconf 89' lang='lat' dir='ltr'><strong>consilii,</strong></span> <span class='ocrx_word' id='word_1_268' title='bbox 1897 3490 1952 3536; x_wconf 89' lang='lat' dir='ltr'><strong>et</strong></span> 
     </span>
    </p>
   </div>
   <div class='ocr_carea' id='block_1_35' title="bbox 370 3573 1952 3645">
    <p class='ocr_par' dir='ltr' id='par_1_35' title="bbox 370 3573 1952 3645">
     <span class='ocr_line' id='line_1_35' title="bbox 370 3573 1952 3645; baseline -0.007 -7"><span class='ocrx_word' id='word_1_269' title='bbox 370 3581 526 3639; x_wconf 78' lang='lat' dir='ltr'><strong>facile</strong></span> <span class='ocrx_word' id='word_1_270' title='bbox 556 3581 623 3636; x_wconf 89' lang='lat' dir='ltr'><strong>ad</strong></span> <span class='ocrx_word' id='word_1_271' title='bbox 653 3583 859 3636; x_wconf 88' lang='lat' dir='ltr'><strong>veriora</strong></span> <span class='ocrx_word' id='word_1_272' title='bbox 887 3579 1237 3634; x_wconf 86' lang='lat' dir='ltr'><strong>transducere</strong></span> <span class='ocrx_word' id='word_1_273' title='bbox 1261 3595 1276 3630; x_wconf 91' lang='lat'><strong>:</strong></span> <span class='ocrx_word' id='word_1_274' title='bbox 1303 3591 1401 3632; x_wconf 90' lang='lat' dir='ltr'><strong>nec</strong></span> <span class='ocrx_word' id='word_1_275' title='bbox 1425 3577 1500 3631; x_wconf 87' lang='lat' dir='ltr'><strong>sis</strong></span> <span class='ocrx_word' id='word_1_276' title='bbox 1530 3575 1754 3645; x_wconf 86' lang='lat' dir='ltr'><strong>improbi</strong></span> <span class='ocrx_word' id='word_1_277' title='bbox 1782 3573 1952 3628; x_wconf 86' lang='lat' dir='ltr'><strong>obsti-</strong></span> 
     </span>
    </p>
   </div>
   <div class='ocr_carea' id='block_1_36' title="bbox 369 3665 1951 3744">
    <p class='ocr_par' dir='ltr' id='par_1_36' title="bbox 369 3665 1951 3744">
     <span class='ocr_line' id='line_1_36' title="bbox 369 3665 1951 3744; baseline -0.006 -16"><span class='ocrx_word' id='word_1_278' title='bbox 369 3665 590 3742; x_wconf 22' lang='lat' dir='ltr'><strong>natique’</strong></span> <span class='ocrx_word' id='word_1_279' title='bbox 607 3672 815 3744; x_wconf 85' lang='lat' dir='ltr'><strong>judicii,</strong></span> <span class='ocrx_word' id='word_1_280' title='bbox 839 3681 897 3724; x_wconf 90' lang='lat' dir='ltr'><strong>ut</strong></span> <span class='ocrx_word' id='word_1_281' title='bbox 926 3671 1059 3726; x_wconf 88' lang='lat' dir='ltr'><strong>nolis</strong></span> <span class='ocrx_word' id='word_1_282' title='bbox 1081 3670 1236 3724; x_wconf 88' lang='lat' dir='ltr'><strong>citius</strong></span> <span class='ocrx_word' id='word_1_283' title='bbox 1253 3669 1318 3723; x_wconf 89' lang='lat' dir='ltr'><strong>ad</strong></span> <span class='ocrx_word' id='word_1_284' title='bbox 1343 3667 1609 3723; x_wconf 81' lang='lat' dir='ltr'><strong>tramitem</strong></span> <span class='ocrx_word' id='word_1_285' title='bbox 1631 3666 1848 3722; x_wconf 88' lang='lat' dir='ltr'><strong>rationis</strong></span> <span class='ocrx_word' id='word_1_286' title='bbox 1871 3666 1951 3719; x_wconf 90' lang='lat' dir='ltr'><strong>iu-</strong></span> 
     </span>
    </p>
   </div>
   <div class='ocr_carea' id='block_1_37' title="bbox 366 3755 1946 3823">
    <p class='ocr_par' dir='ltr' id='par_1_37' title="bbox 366 3755 1946 3823">
     <span class='ocr_line' id='line_1_37' title="bbox 366 3755 1946 3823; baseline -0.006 -4"><span class='ocrx_word' id='word_1_287' title='bbox 366 3764 529 3821; x_wconf 78' lang='lat' dir='ltr'><strong>tlecti.</strong></span> <span class='ocrx_word' id='word_1_288' title='bbox 557 3763 612 3820; x_wconf 87' lang='lat' dir='ltr'><strong>Si</strong></span> <span class='ocrx_word' id='word_1_289' title='bbox 638 3766 779 3819; x_wconf 90' lang='lat' dir='ltr'><strong>enim</strong></span> <span class='ocrx_word' id='word_1_290' title='bbox 813 3763 926 3818; x_wconf 82' lang='lat' dir='ltr'><strong>h.ec</strong></span> <span class='ocrx_word' id='word_1_291' title='bbox 958 3761 1254 3816; x_wconf 83' lang='lat' dir='ltr'><strong>liberaliter</strong></span> <span class='ocrx_word' id='word_1_292' title='bbox 1295 3760 1539 3814; x_wconf 88' lang='lat' dir='ltr'><strong>elocutus</strong></span> <span class='ocrx_word' id='word_1_293' title='bbox 1575 3771 1656 3823; x_wconf 87' lang='lat' dir='ltr'><strong>es,</strong></span> <span class='ocrx_word' id='word_1_294' title='bbox 1688 3757 1733 3812; x_wconf 92' lang='lat' dir='ltr'><strong>si</strong></span> <span class='ocrx_word' id='word_1_295' title='bbox 1761 3772 1866 3812; x_wconf 89' lang='lat' dir='ltr'><strong>non</strong></span> <span class='ocrx_word' id='word_1_296' title='bbox 1894 3755 1946 3810; x_wconf 91' lang='lat' dir='ltr'><strong>in</strong></span> 
     </span>
    </p>
   </div>
   <div class='ocr_carea' id='block_1_38' title="bbox 366 3846 1950 3920">
    <p class='ocr_par' dir='ltr' id='par_1_38' title="bbox 366 3846 1950 3920">
     <span class='ocr_line' id='line_1_38' title="bbox 366 3846 1950 3920; baseline -0.007 -8"><span class='ocrx_word' id='word_1_297' title='bbox 366 3855 521 3912; x_wconf 83' lang='lat' dir='ltr'><strong>labiis</strong></span> <span class='ocrx_word' id='word_1_298' title='bbox 551 3857 648 3910; x_wconf 88' lang='lat' dir='ltr'><strong>ista</strong></span> <span class='ocrx_word' id='word_1_299' title='bbox 677 3853 922 3919; x_wconf 89' lang='lat' dir='ltr'><strong>sonuisti,</strong></span> <span class='ocrx_word' id='word_1_300' title='bbox 955 3853 1048 3908; x_wconf 88' lang='lat' dir='ltr'><strong>sed</strong></span> <span class='ocrx_word' id='word_1_301' title='bbox 1080 3853 1222 3906; x_wconf 83' lang='lat' dir='ltr'><strong>intus</strong></span> <span class='ocrx_word' id='word_1_302' title='bbox 1261 3860 1314 3905; x_wconf 89' lang='lat' dir='ltr'><strong>et</strong></span> <span class='ocrx_word' id='word_1_303' title='bbox 1351 3850 1681 3920; x_wconf 85' lang='lat' dir='ltr'><strong>germanitus</strong></span> <span class='ocrx_word' id='word_1_304' title='bbox 1707 3847 1758 3900; x_wconf 88' lang='lat' dir='ltr'><strong>in</strong></span> <span class='ocrx_word' id='word_1_305' title='bbox 1787 3846 1950 3902; x_wconf 89' lang='lat' dir='ltr'><strong>cordo</strong></span> 
     </span>
    </p>
   </div>
   <div class='ocr_carea' id='block_1_39' title="bbox 364 3940 1949 4007">
    <p class='ocr_par' dir='ltr' id='par_1_39' title="bbox 364 3940 1949 4007">
     <span class='ocr_line' id='line_1_39' title="bbox 364 3940 1949 4007; baseline -0.006 -6"><span class='ocrx_word' id='word_1_306' title='bbox 364 3945 580 4004; x_wconf 82' lang='lat' dir='ltr'><strong>sensisti</strong></span> <span class='ocrx_word' id='word_1_307' title='bbox 601 3963 616 4007; x_wconf 89' lang='lat'><strong>;</strong></span> <span class='ocrx_word' id='word_1_308' title='bbox 641 3946 692 4000; x_wconf 91' lang='lat' dir='ltr'><strong>in</strong></span> <span class='ocrx_word' id='word_1_309' title='bbox 726 3956 826 3999; x_wconf 79' lang='lat' dir='ltr'><strong>tuae</strong></span> <span class='ocrx_word' id='word_1_310' title='bbox 858 3943 1204 4000; x_wconf 88' lang='lat' dir='ltr'><strong>correctionis</strong></span> <span class='ocrx_word' id='word_1_311' title='bbox 1235 3949 1382 3996; x_wconf 86' lang='lat' dir='ltr'><strong>tanto</strong></span> <span class='ocrx_word' id='word_1_312' title='bbox 1411 3941 1554 3996; x_wconf 88' lang='lat' dir='ltr'><strong>bono</strong></span> <span class='ocrx_word' id='word_1_313' title='bbox 1579 3940 1741 3995; x_wconf 88' lang='lat' dir='ltr'><strong>etiam</strong></span> <span class='ocrx_word' id='word_1_314' title='bbox 1770 3953 1949 3992; x_wconf 87' lang='lat' dir='ltr'><strong>moras</strong></span> 
     </span>
    </p>
   </div>
   <div class='ocr_carea' id='block_1_40' title="bbox 363 4028 1950 4106">
    <p class='ocr_par' dir='ltr' id='par_1_40' title="bbox 363 4028 1950 4106">
     <span class='ocr_line' id='line_1_40' title="bbox 363 4028 1950 4106; baseline -0.008 -14"><span class='ocrx_word' id='word_1_315' title='bbox 363 4037 546 4096; x_wconf 83' lang='lat' dir='ltr'><strong>odisti.</strong></span> <span class='ocrx_word' id='word_1_316' title='bbox 577 4036 772 4092; x_wconf 84' lang='lat' dir='ltr'><strong>Parum</strong></span> <span class='ocrx_word' id='word_1_317' title='bbox 809 4035 1006 4106; x_wconf 83' lang='lat' dir='ltr'><strong>quippe</strong></span> <span class='ocrx_word' id='word_1_318' title='bbox 1051 4033 1144 4088; x_wconf 90' lang='lat' dir='ltr'><strong>tibi</strong></span> <span class='ocrx_word' id='word_1_319' title='bbox 1189 4031 1288 4086; x_wconf 82' lang='lat' dir='ltr'><strong>fuit</strong></span> <span class='ocrx_word' id='word_1_320' title='bbox 1315 4032 1512 4095; x_wconf 85' lang='lat' dir='ltr'><strong>dicere,</strong></span> <span class='ocrx_word' id='word_1_321' title='bbox 1543 4049 1562 4082; x_wconf 82' lang='grc' dir='ltr'><strong>ι</strong></span> <span class='ocrx_word' id='word_1_322' title='bbox 1595 4029 1829 4099; x_wconf 83' lang='lat' dir='ltr'><strong>improbi</strong></span> <span class='ocrx_word' id='word_1_323' title='bbox 1855 4028 1950 4082; x_wconf 87' lang='lat' dir='ltr'><strong>oh-</strong></span> 
     </span>
    </p>
   </div>
   <div class='ocr_carea' id='block_1_41' title="bbox 363 4121 1944 4200">
    <p class='ocr_par' dir='ltr' id='par_1_41' title="bbox 363 4121 1944 4200">
     <span class='ocr_line' id='line_1_41' title="bbox 363 4121 1944 4200; baseline -0.006 -15"><span class='ocrx_word' id='word_1_324' title='bbox 363 4128 654 4200; x_wconf 86' lang='lat' dir='ltr'><strong>stiuatique</strong></span> <span class='ocrx_word' id='word_1_325' title='bbox 676 4142 796 4184; x_wconf 89' lang='lat' dir='ltr'><strong>esse</strong></span> <span class='ocrx_word' id='word_1_326' title='bbox 815 4127 1020 4198; x_wconf 74' lang='lat' dir='ltr'><strong>iudicii,</strong></span> <span class='ocrx_word' id='word_1_327' title='bbox 1051 4126 1192 4180; x_wconf 89' lang='lat' dir='ltr'><strong>nolle</strong></span> <span class='ocrx_word' id='word_1_328' title='bbox 1226 4124 1292 4178; x_wconf 90' lang='lat' dir='ltr'><strong>ad</strong></span> <span class='ocrx_word' id='word_1_329' title='bbox 1322 4124 1587 4178; x_wconf 89' lang='lat' dir='ltr'><strong>tramitem</strong></span> <span class='ocrx_word' id='word_1_330' title='bbox 1611 4122 1837 4177; x_wconf 72' lang='lat' dir='ltr'><strong>rationis</strong></span> <span class='ocrx_word' id='word_1_331' title='bbox 1859 4121 1944 4175; x_wconf 83' lang='lat' dir='ltr'><strong>in-</strong></span> 
     </span>
    </p>
   </div>
   <div class='ocr_carea' id='block_1_42' title="bbox 363 4213 1948 4286">
    <p class='ocr_par' dir='ltr' id='par_1_42' title="bbox 363 4213 1948 4286">
     <span class='ocr_line' id='line_1_42' title="bbox 363 4213 1948 4286; baseline -0.006 -8"><span class='ocrx_word' id='word_1_332' title='bbox 363 4222 536 4286; x_wconf 74' lang='lat' dir='ltr'><strong>ﬂet-ti,</strong></span> <span class='ocrx_word' id='word_1_333' title='bbox 571 4239 590 4272; x_wconf 73' lang='grc' dir='ltr'><strong>ι</strong></span> <span class='ocrx_word' id='word_1_334' title='bbox 627 4219 726 4274; x_wconf 88' lang='lat' dir='ltr'><strong>nisi</strong></span> <span class='ocrx_word' id='word_1_335' title='bbox 773 4217 998 4272; x_wconf 85' lang='lat' dir='ltr'><strong>adderes</strong></span> <span class='ocrx_word' id='word_1_336' title='bbox 1029 4236 1049 4268; x_wconf 74' lang='grc' dir='ltr'><strong>ι</strong></span> <span class='ocrx_word' id='word_1_337' title='bbox 1077 4217 1264 4272; x_wconf 90' lang='lat' dir='ltr'><strong>citius:</strong></span> <span class='ocrx_word' id='word_1_338' title='bbox 1296 4233 1316 4266; x_wconf 71' lang='grc' dir='ltr'><strong>ι</strong></span> <span class='ocrx_word' id='word_1_339' title='bbox 1367 4225 1423 4268; x_wconf 91' lang='lat' dir='ltr'><strong>ut</strong></span> <span class='ocrx_word' id='word_1_340' title='bbox 1468 4214 1590 4268; x_wconf 91' lang='lat' dir='ltr'><strong>hinc</strong></span> <span class='ocrx_word' id='word_1_341' title='bbox 1636 4213 1948 4269; x_wconf 82' lang='lat' dir='ltr'><strong>ostenderes</strong></span> 
     </span>
    </p>
   </div>
   <div class='ocr_carea' id='block_1_43' title="bbox 364 4305 1946 4381">
    <p class='ocr_par' dir='ltr' id='par_1_43' title="bbox 364 4305 1946 4381">
     <span class='ocr_line' id='line_1_43' title="bbox 364 4305 1946 4381; baseline -0.006 -16"><span class='ocrx_word' id='word_1_342' title='bbox 364 4328 522 4381; x_wconf 87' lang='lat' dir='ltr'><strong>quam</strong></span> <span class='ocrx_word' id='word_1_343' title='bbox 548 4311 618 4364; x_wconf 81' lang='lat' dir='ltr'><strong>sit</strong></span> <span class='ocrx_word' id='word_1_344' title='bbox 642 4312 1017 4374; x_wconf 68' lang='lat' dir='ltr'><strong>exscerandus,</strong></span> <span class='ocrx_word' id='word_1_345' title='bbox 1041 4310 1126 4376; x_wconf 82' lang='lat' dir='ltr'><strong>qui</strong></span> <span class='ocrx_word' id='word_1_346' title='bbox 1153 4311 1346 4359; x_wconf 84' lang='lat' dir='ltr'><strong>bonum</strong></span> <span class='ocrx_word' id='word_1_347' title='bbox 1366 4305 1464 4358; x_wconf 89' lang='lat' dir='ltr'><strong>hoc</strong></span> <span class='ocrx_word' id='word_1_348' title='bbox 1489 4321 1754 4373; x_wconf 82' lang='lat' dir='ltr'><strong>nunquam</strong></span> <span class='ocrx_word' id='word_1_349' title='bbox 1787 4305 1946 4371; x_wconf 69' lang='lat' dir='ltr'><strong>facit;</strong></span> 
     </span>
    </p>
   </div>
   <div class='ocr_carea' id='block_1_44' title="bbox 361 4397 1950 4476">
    <p class='ocr_par' dir='ltr' id='par_1_44' title="bbox 361 4397 1950 4476">
     <span class='ocr_line' id='line_1_44' title="bbox 361 4397 1950 4476; baseline -0.003 -21"><span class='ocrx_word' id='word_1_350' title='bbox 361 4407 791 4476; x_wconf 80' lang='lat' dir='ltr'><strong>quamloquidem</strong></span> <span class='ocrx_word' id='word_1_351' title='bbox 836 4404 923 4472; x_wconf 89' lang='lat' dir='ltr'><strong>qui</strong></span> <span class='ocrx_word' id='word_1_352' title='bbox 967 4402 1167 4455; x_wconf 85' lang='lat' dir='ltr'><strong>tardius</strong></span> <span class='ocrx_word' id='word_1_353' title='bbox 1211 4399 1356 4462; x_wconf 83' lang='lat' dir='ltr'><strong>facit,</strong></span> <span class='ocrx_word' id='word_1_354' title='bbox 1390 4407 1531 4452; x_wconf 80' lang='lat' dir='ltr'><strong>t.nt:t</strong></span> <span class='ocrx_word' id='word_1_355' title='bbox 1581 4399 1671 4450; x_wconf 83' lang='lat' dir='ltr'><strong>tibi</strong></span> <span class='ocrx_word' id='word_1_356' title='bbox 1711 4397 1950 4453; x_wconf 77' lang='lat' dir='ltr'><strong>videatur</strong></span> 
     </span>
    </p>
   </div>
   <div class='ocr_carea' id='block_1_45' title="bbox 361 4487 1946 4560">
    <p class='ocr_par' dir='ltr' id='par_1_45' title="bbox 361 4487 1946 4560">
     <span class='ocr_line' id='line_1_45' title="bbox 361 4487 1946 4560; baseline -0.008 -9"><span class='ocrx_word' id='word_1_357' title='bbox 361 4499 648 4551; x_wconf 64' lang='lat' dir='ltr'><strong>sexeritate</strong></span> <span class='ocrx_word' id='word_1_358' title='bbox 669 4493 978 4560; x_wconf 74' lang='lat' dir='ltr'><strong>cu!pa.tdus,</strong></span> <span class='ocrx_word' id='word_1_359' title='bbox 1011 4501 1064 4545; x_wconf 90' lang='lat' dir='ltr'><strong>ut</strong></span> <span class='ocrx_word' id='word_1_360' title='bbox 1094 4493 1284 4545; x_wconf 85' lang='lat' dir='ltr'><strong>merito</strong></span> <span class='ocrx_word' id='word_1_361' title='bbox 1309 4489 1534 4557; x_wconf 78' lang='lat' dir='ltr'><strong>improbi</strong></span> <span class='ocrx_word' id='word_1_362' title='bbox 1559 4488 1740 4555; x_wconf 80' lang='lat' dir='ltr'><strong>judicii</strong></span> <span class='ocrx_word' id='word_1_363' title='bbox 1773 4487 1946 4542; x_wconf 74' lang='lat' dir='ltr'><strong>obsti-</strong></span> 
     </span>
    </p>
   </div>
   <div class='ocr_carea' id='block_1_46' title="bbox 364 4577 1950 4654">
    <p class='ocr_par' dir='ltr' id='par_1_46' title="bbox 364 4577 1950 4654">
     <span class='ocr_line' id='line_1_46' title="bbox 364 4577 1950 4654; baseline -0.006 -15"><span class='ocrx_word' id='word_1_364' title='bbox 364 4591 581 4654; x_wconf 85' lang='lat' dir='ltr'><strong>natique</strong></span> <span class='ocrx_word' id='word_1_365' title='bbox 608 4587 832 4637; x_wconf 80' lang='lat' dir='ltr'><strong>dicatur.</strong></span> <span class='ocrx_word' id='word_1_366' title='bbox 875 4581 1006 4636; x_wconf 77' lang='lat' dir='ltr'><strong>Audi</strong></span> <span class='ocrx_word' id='word_1_367' title='bbox 1047 4596 1176 4650; x_wconf 79' lang='lat' dir='ltr'><strong>ergo</strong></span> <span class='ocrx_word' id='word_1_368' title='bbox 1221 4590 1272 4634; x_wconf 92' lang='lat' dir='ltr'><strong>te</strong></span> <span class='ocrx_word' id='word_1_369' title='bbox 1315 4580 1508 4647; x_wconf 78' lang='lat' dir='ltr'><strong>ipsum,</strong></span> <span class='ocrx_word' id='word_1_370' title='bbox 1543 4587 1703 4647; x_wconf 84' lang='lat' dir='ltr'><strong>tuque</strong></span> <span class='ocrx_word' id='word_1_371' title='bbox 1735 4577 1950 4646; x_wconf 89' lang='lat' dir='ltr'><strong>potissi-</strong></span> 
     </span>
    </p>
   </div>
   <div class='ocr_carea' id='block_1_47' title="bbox 365 4667 1949 4740">
    <p class='ocr_par' dir='ltr' id='par_1_47' title="bbox 365 4667 1949 4740">
     <span class='ocr_line' id='line_1_47' title="bbox 365 4667 1949 4740; baseline -0.008 -8"><span class='ocrx_word' id='word_1_372' title='bbox 365 4693 508 4732; x_wconf 88' lang='lat' dir='ltr'><strong>mtnn</strong></span> <span class='ocrx_word' id='word_1_373' title='bbox 537 4687 592 4731; x_wconf 88' lang='lat' dir='ltr'><strong>et</strong></span> <span class='ocrx_word' id='word_1_374' title='bbox 613 4675 839 4728; x_wconf 79' lang='lat' dir='ltr'><strong>maxime</strong></span> <span class='ocrx_word' id='word_1_375' title='bbox 861 4673 1055 4740; x_wconf 83' lang='lat' dir='ltr'><strong>eloquii</strong></span> <span class='ocrx_word' id='word_1_376' title='bbox 1086 4673 1157 4724; x_wconf 91' lang='lat' dir='ltr'><strong>tui</strong></span> <span class='ocrx_word' id='word_1_377' title='bbox 1191 4669 1446 4724; x_wconf 80' lang='lat' dir='ltr'><strong>fructibus</strong></span> <span class='ocrx_word' id='word_1_378' title='bbox 1475 4679 1624 4722; x_wconf 90' lang='lat' dir='ltr'><strong>utere</strong></span> <span class='ocrx_word' id='word_1_379' title='bbox 1647 4669 1684 4732; x_wconf 81' lang='grc'><strong>¹,</strong></span> <span class='ocrx_word' id='word_1_380' title='bbox 1717 4677 1770 4720; x_wconf 92' lang='grc' dir='ltr'><strong>ιιι</strong></span> <span class='ocrx_word' id='word_1_381' title='bbox 1791 4667 1949 4721; x_wconf 91' lang='lat' dir='ltr'><strong>citius</strong></span> 
     </span>
    </p>
   </div>
   <div class='ocr_carea' id='block_1_48' title="bbox 367 4758 1944 4826">
    <p class='ocr_par' dir='ltr' id='par_1_48' title="bbox 367 4758 1944 4826">
     <span class='ocr_line' id='line_1_48' title="bbox 367 4758 1944 4826; baseline -0.005 -4"><span class='ocrx_word' id='word_1_382' title='bbox 367 4780 417 4822; x_wconf 78' lang='lat' dir='ltr'><strong>te</strong></span> <span class='ocrx_word' id='word_1_383' title='bbox 447 4771 510 4821; x_wconf 81' lang='lat' dir='ltr'><strong>atl</strong></span> <span class='ocrx_word' id='word_1_384' title='bbox 548 4767 770 4819; x_wconf 71' lang='lat' dir='ltr'><strong>rationis</strong></span> <span class='ocrx_word' id='word_1_385' title='bbox 810 4766 1076 4818; x_wconf 72' lang='lat' dir='ltr'><strong>tramitem</strong></span> <span class='ocrx_word' id='word_1_386' title='bbox 1125 4761 1390 4826; x_wconf 80' lang='lat' dir='ltr'><strong>gravitate</strong></span> <span class='ocrx_word' id='word_1_387' title='bbox 1434 4761 1630 4814; x_wconf 87' lang='lat' dir='ltr'><strong>mentis</strong></span> <span class='ocrx_word' id='word_1_388' title='bbox 1682 4758 1944 4825; x_wconf 83' lang='lat' dir='ltr'><strong>inflectas,</strong></span> 
     </span>
    </p>
   </div>
   <div class='ocr_carea' id='block_1_49' title="bbox 368 4849 1948 4926">
    <p class='ocr_par' dir='ltr' id='par_1_49' title="bbox 368 4849 1948 4926">
     <span class='ocr_line' id='line_1_49' title="bbox 368 4849 1948 4926; baseline -0.006 -15"><span class='ocrx_word' id='word_1_389' title='bbox 368 4875 521 4926; x_wconf 85' lang='lat' dir='ltr'><strong>quam</strong></span> <span class='ocrx_word' id='word_1_390' title='bbox 553 4865 605 4910; x_wconf 90' lang='lat' dir='ltr'><strong>te</strong></span> <span class='ocrx_word' id='word_1_391' title='bbox 643 4857 764 4908; x_wconf 84' lang='lat' dir='ltr'><strong>inde</strong></span> <span class='ocrx_word' id='word_1_392' title='bbox 792 4855 966 4907; x_wconf 89' lang='lat' dir='ltr'><strong>minus</strong></span> <span class='ocrx_word' id='word_1_393' title='bbox 993 4851 1202 4906; x_wconf 87' lang='lat' dir='ltr'><strong>erudite</strong></span> <span class='ocrx_word' id='word_1_394' title='bbox 1245 4865 1539 4918; x_wconf 88' lang='lat' dir='ltr'><strong>parmnque</strong></span> <span class='ocrx_word' id='word_1_395' title='bbox 1578 4849 1820 4904; x_wconf 87' lang='lat' dir='ltr'><strong>consulte</strong></span> <span class='ocrx_word' id='word_1_396' title='bbox 1861 4849 1948 4902; x_wconf 90' lang='lat' dir='ltr'><strong>lu-</strong></span> 
     </span>
    </p>
   </div>
   <div class='ocr_carea' id='block_1_50' title="bbox 368 4948 1022 5002">
    <p class='ocr_par' dir='ltr' id='par_1_50' title="bbox 368 4948 1022 5002">
     <span class='ocr_line' id='line_1_50' title="bbox 368 4948 1022 5002; baseline -0.009 -1"><span class='ocrx_word' id='word_1_397' title='bbox 368 4953 514 5002; x_wconf 70' lang='lat' dir='ltr'><strong>lirit&#39;n</strong></span> <span class='ocrx_word' id='word_1_398' title='bbox 539 4960 600 5000; x_wconf 85' lang='lat' dir='ltr'><strong>:I&#39;l</strong></span> <span class='ocrx_word' id='word_1_399' title='bbox 624 4948 709 4998; x_wconf 61' lang='lat' dir='ltr'><strong>itii</strong></span> <span class='ocrx_word' id='word_1_400' title='bbox 733 4957 1022 4999; x_wconf 67' lang='grc' dir='ltr'>ειναιιιιιιιτις.</span> 
     </span>
    </p>
   </div>
   <div class='ocr_carea' id='block_1_51' title="bbox 437 5012 1942 5084">
    <p class='ocr_par' dir='ltr' id='par_1_51' title="bbox 437 5012 1942 5084">
     <span class='ocr_line' id='line_1_51' title="bbox 437 5012 1942 5084; baseline -0.005 -10"><span class='ocrx_word' id='word_1_401' title='bbox 437 5025 518 5074; x_wconf 66' lang='grc' dir='ltr'>ιιι.</span> <span class='ocrx_word' id='word_1_402' title='bbox 573 5021 737 5070; x_wconf 60' lang='lat' dir='ltr'><strong>.‘xiuus</strong></span> <span class='ocrx_word' id='word_1_403' title='bbox 783 5018 992 5084; x_wconf 63' lang='lat' dir='ltr'><strong>iungunt</strong></span> <span class='ocrx_word' id='word_1_404' title='bbox 1033 5023 1114 5068; x_wconf 84' lang='lat' dir='ltr'><strong>est</strong></span> <span class='ocrx_word' id='word_1_405' title='bbox 1139 5055 1152 5074; x_wconf 89' lang='lat'><strong>.</strong></span> <span class='ocrx_word' id='word_1_406' title='bbox 1193 5013 1369 5066; x_wconf 78' lang='lat' dir='ltr'><strong>munia</strong></span> <span class='ocrx_word' id='word_1_407' title='bbox 1396 5028 1512 5082; x_wconf 70' lang='lat' dir='ltr'><strong>qua:</strong></span> <span class='ocrx_word' id='word_1_408' title='bbox 1543 5012 1594 5066; x_wconf 90' lang='lat' dir='ltr'><strong>in</strong></span> <span class='ocrx_word' id='word_1_409' title='bbox 1629 5013 1728 5066; x_wconf 92' lang='lat' dir='ltr'><strong>tuis</strong></span> <span class='ocrx_word' id='word_1_410' title='bbox 1759 5012 1942 5079; x_wconf 85' lang='lat' dir='ltr'><strong>libris,</strong></span> 
     </span>
    </p>
   </div>
   <div class='ocr_carea' id='block_1_52' title="bbox 368 5103 1948 5179">
    <p class='ocr_par' dir='ltr' id='par_1_52' title="bbox 368 5103 1948 5179">
     <span class='ocr_line' id='line_1_52' title="bbox 368 5103 1948 5179; baseline -0.003 -17"><span class='ocrx_word' id='word_1_411' title='bbox 368 5115 444 5165; x_wconf 73' lang='lat' dir='ltr'><strong>vel</strong></span> <span class='ocrx_word' id='word_1_412' title='bbox 472 5114 646 5179; x_wconf 64' lang='grc' dir='ltr'>ρ-ιιιιιδ</span> <span class='ocrx_word' id='word_1_413' title='bbox 670 5112 718 5160; x_wconf 86' lang='lat' dir='ltr'><strong>in</strong></span> <span class='ocrx_word' id='word_1_414' title='bbox 751 5118 799 5160; x_wconf 86' lang='lat' dir='ltr'><strong>te</strong></span> <span class='ocrx_word' id='word_1_415' title='bbox 833 5111 944 5175; x_wconf 80' lang='lat' dir='ltr'><strong>ipso</strong></span> <span class='ocrx_word' id='word_1_416' title='bbox 973 5107 1089 5160; x_wconf 58' lang='lat' dir='ltr'><strong>villo</strong></span> <span class='ocrx_word' id='word_1_417' title='bbox 1112 5103 1415 5165; x_wconf 80' lang='lat' dir='ltr'><strong>etnendari,</strong></span> <span class='ocrx_word' id='word_1_418' title='bbox 1447 5113 1768 5172; x_wconf 84' lang='lat' dir='ltr'><strong>pertractare</strong></span> <span class='ocrx_word' id='word_1_419' title='bbox 1788 5113 1948 5174; x_wconf 86' lang='lat' dir='ltr'><strong>atque</strong></span> 
     </span>
    </p>
   </div>
   <div class='ocr_carea' id='block_1_53' title="bbox 365 5195 1949 5264">
    <p class='ocr_par' dir='ltr' id='par_1_53' title="bbox 365 5195 1949 5264">
     <span class='ocr_line' id='line_1_53' title="bbox 365 5195 1949 5264; baseline -0.004 -10"><span class='ocrx_word' id='word_1_420' title='bbox 365 5205 635 5256; x_wconf 57' lang='lat' dir='ltr'><strong>{iiwutere</strong></span> <span class='ocrx_word' id='word_1_421' title='bbox 661 5242 675 5264; x_wconf 92' lang='lat'><strong>,</strong></span> <span class='ocrx_word' id='word_1_422' title='bbox 700 5209 751 5252; x_wconf 86' lang='lat' dir='ltr'><strong>et</strong></span> <span class='ocrx_word' id='word_1_423' title='bbox 778 5216 814 5250; x_wconf 78' lang='lat' dir='ltr'><strong>s.</strong></span> <span class='ocrx_word' id='word_1_424' title='bbox 841 5199 962 5251; x_wconf 82' lang='lat' dir='ltr'><strong>item</strong></span> <span class='ocrx_word' id='word_1_425' title='bbox 990 5200 1198 5250; x_wconf 72' lang='lat' dir='ltr'><strong>brevem</strong></span> <span class='ocrx_word' id='word_1_426' title='bbox 1230 5197 1318 5246; x_wconf 85' lang='lat' dir='ltr'><strong>tibi</strong></span> <span class='ocrx_word' id='word_1_427' title='bbox 1349 5196 1414 5246; x_wconf 86' lang='lat' dir='ltr'><strong>de</strong></span> <span class='ocrx_word' id='word_1_428' title='bbox 1440 5195 1658 5262; x_wconf 78' lang='lat' dir='ltr'><strong>Slllgtliis</strong></span> <span class='ocrx_word' id='word_1_429' title='bbox 1681 5195 1949 5260; x_wconf 68' lang='lat' dir='ltr'><strong>corrigen-</strong></span> 
     </span>
    </p>
   </div>
   <div class='ocr_carea' id='block_1_54' title="bbox 363 5287 1944 5352">
    <p class='ocr_par' dir='ltr' id='par_1_54' title="bbox 363 5287 1944 5352">
     <span class='ocr_line' id='line_1_54' title="bbox 363 5287 1944 5352; baseline -0.004 -7"><span class='ocrx_word' id='word_1_430' title='bbox 363 5295 448 5345; x_wconf 68' lang='lat' dir='ltr'><strong>dis</strong></span> <span class='ocrx_word' id='word_1_431' title='bbox 487 5295 631 5345; x_wconf 62' lang='lat' dir='ltr'><strong>l‘mleit</strong></span> <span class='ocrx_word' id='word_1_432' title='bbox 653 5307 705 5343; x_wconf 86' lang='lat' dir='ltr'><strong>re</strong></span> <span class='ocrx_word' id='word_1_433' title='bbox 739 5292 1012 5342; x_wconf 73' lang='lat' dir='ltr'><strong>rationem.</strong></span> <span class='ocrx_word' id='word_1_434' title='bbox 1045 5287 1151 5340; x_wconf 79' lang='lat' dir='ltr'><strong>Nec</strong></span> <span class='ocrx_word' id='word_1_435' title='bbox 1181 5288 1297 5340; x_wconf 91' lang='lat' dir='ltr'><strong>ideo</strong></span> <span class='ocrx_word' id='word_1_436' title='bbox 1325 5297 1498 5340; x_wconf 84' lang='lat' dir='ltr'><strong>tamen</strong></span> <span class='ocrx_word' id='word_1_437' title='bbox 1530 5300 1579 5340; x_wconf 91' lang='lat' dir='ltr'><strong>te</strong></span> <span class='ocrx_word' id='word_1_438' title='bbox 1605 5295 1944 5352; x_wconf 74' lang='lat' dir='ltr'><strong>contemnas,</strong></span> 
     </span>
    </p>
   </div>
   <div class='ocr_carea' id='block_1_55' title="bbox 367 5380 1948 5448">
    <p class='ocr_par' dir='ltr' id='par_1_55' title="bbox 367 5380 1948 5448">
     <span class='ocr_line' id='line_1_55' title="bbox 367 5380 1948 5448; baseline -0.003 -12"><span class='ocrx_word' id='word_1_439' title='bbox 367 5401 422 5437; x_wconf 85' lang='lat' dir='ltr'><strong>ut</strong></span> <span class='ocrx_word' id='word_1_440' title='bbox 471 5387 744 5438; x_wconf 60' lang='lat' dir='ltr'><strong>arbitri-rh</strong></span> <span class='ocrx_word' id='word_1_441' title='bbox 792 5384 886 5448; x_wconf 61' lang='lat' dir='ltr'><strong>ing</strong></span> <span class='ocrx_word' id='word_1_442' title='bbox 913 5382 1054 5433; x_wconf 90' lang='lat' dir='ltr'><strong>nium</strong></span> <span class='ocrx_word' id='word_1_443' title='bbox 1095 5390 1146 5434; x_wconf 89' lang='lat' dir='ltr'><strong>et</strong></span> <span class='ocrx_word' id='word_1_444' title='bbox 1185 5381 1449 5447; x_wconf 72' lang='lat' dir='ltr'><strong>eloquium</strong></span> <span class='ocrx_word' id='word_1_445' title='bbox 1477 5389 1622 5432; x_wconf 87' lang='lat' dir='ltr'><strong>tuum</strong></span> <span class='ocrx_word' id='word_1_446' title='bbox 1658 5380 1802 5448; x_wconf 80' lang='lat' dir='ltr'><strong>parvi</strong></span> <span class='ocrx_word' id='word_1_447' title='bbox 1829 5395 1948 5432; x_wconf 67' lang='lat' dir='ltr'><strong>esse</strong></span> 
     </span>
    </p>
   </div>
   <div class='ocr_carea' id='block_1_56' title="bbox 367 5471 1946 5544">
    <p class='ocr_par' dir='ltr' id='par_1_56' title="bbox 367 5471 1946 5544">
     <span class='ocr_line' id='line_1_56' title="bbox 367 5471 1946 5544; baseline -0.002 -20"><span class='ocrx_word' id='word_1_448' title='bbox 367 5477 726 5544; x_wconf 55' lang='lat' dir='ltr'><strong>pendendum.</strong></span> <span class='ocrx_word' id='word_1_449' title='bbox 773 5473 880 5526; x_wconf 62' lang='lat' dir='ltr'><strong>Nec</strong></span> <span class='ocrx_word' id='word_1_450' title='bbox 921 5482 1219 5526; x_wconf 70' lang='lat' dir='ltr'><strong>sanctarum</strong></span> <span class='ocrx_word' id='word_1_451' title='bbox 1248 5471 1608 5538; x_wconf 77' lang='lat' dir='ltr'><strong>Sripturarum</strong></span> <span class='ocrx_word' id='word_1_452' title='bbox 1637 5471 1946 5524; x_wconf 76' lang='lat' dir='ltr'><strong>memoriam</strong></span> 
     </span>
    </p>
   </div>
   <div class='ocr_carea' id='block_1_57' title="bbox 435 5584 1949 5652">
    <p class='ocr_par' dir='ltr' id='par_1_57' title="bbox 435 5584 1949 5652">
     <span class='ocr_line' id='line_1_57' title="bbox 435 5584 1949 5652; baseline 0.006 -24"><span class='ocrx_word' id='word_1_453' title='bbox 435 5595 448 5622; x_wconf 82' lang='grc' dir='ltr'><strong>ι</strong></span> <span class='ocrx_word' id='word_1_454' title='bbox 488 5593 710 5652; x_wconf 55' lang='grc' dir='ltr'><strong>[Λξιμίριιδ</strong></span> <span class='ocrx_word' id='word_1_455' title='bbox 732 5589 884 5652; x_wconf 57' lang='lat' dir='ltr'><strong>mter</strong></span> <span class='ocrx_word' id='word_1_456' title='bbox 931 5597 974 5633; x_wconf 57' lang='grc' dir='ltr'><strong>ς.</strong></span> <span class='ocrx_word' id='word_1_457' title='bbox 1005 5597 1140 5634; x_wconf 68' lang='lat' dir='ltr'><strong>Aman</strong></span> <span class='ocrx_word' id='word_1_458' title='bbox 1165 5586 1211 5636; x_wconf 87' lang='lat' dir='ltr'><strong>li.</strong></span> <span class='ocrx_word' id='word_1_459' title='bbox 1236 5584 1422 5646; x_wconf 34' lang='lat' dir='ltr'><strong>t&#39;vi‘que</strong></span> <span class='ocrx_word' id='word_1_460' title='bbox 1456 5585 1757 5652; x_wconf 78' lang='lat' dir='ltr'><strong>potissimum</strong></span> <span class='ocrx_word' id='word_1_461' title='bbox 1777 5593 1823 5636; x_wconf 86' lang='lat' dir='ltr'><strong>et</strong></span> <span class='ocrx_word' id='word_1_462' title='bbox 1845 5599 1949 5652; x_wconf 48' lang='lat' dir='ltr'><strong>ma:</strong></span> 
     </span>
    </p>
   </div>
   <div class='ocr_carea' id='block_1_58' title="bbox 357 5647 1950 5710">
    <p class='ocr_par' dir='ltr' id='par_1_58' title="bbox 357 5647 1950 5710">
     <span class='ocr_line' id='line_1_58' title="bbox 357 5647 1950 5710; baseline 0.004 -18"><span class='ocrx_word' id='word_1_463' title='bbox 357 5655 498 5703; x_wconf 60' lang='lat' dir='ltr'><strong>1mm</strong></span> <span class='ocrx_word' id='word_1_464' title='bbox 522 5647 606 5700; x_wconf 60' lang='grc' dir='ltr'><strong>αξη</strong></span> <span class='ocrx_word' id='word_1_465' title='bbox 629 5651 718 5700; x_wconf 56' lang='lat' dir='ltr'><strong>uti;</strong></span> <span class='ocrx_word' id='word_1_466' title='bbox 743 5648 901 5710; x_wconf 74' lang='lat' dir='ltr'><strong>[&#39;rm&#39;ti!</strong></span> <span class='ocrx_word' id='word_1_467' title='bbox 921 5663 973 5695; x_wconf 74' lang='lat' dir='ltr'><strong>us</strong></span> <span class='ocrx_word' id='word_1_468' title='bbox 997 5655 1070 5695; x_wconf 61' lang='lat' dir='ltr'><strong>ut:</strong></span> <span class='ocrx_word' id='word_1_469' title='bbox 1101 5661 1126 5696; x_wconf 76' lang='grc' dir='ltr'>ι’</span> <span class='ocrx_word' id='word_1_470' title='bbox 1156 5709 1161 5710; x_wconf 13' lang='grc' dir='ltr'><em>γ</em></span> <span class='ocrx_word' id='word_1_471' title='bbox 1190 5655 1300 5710; x_wconf 82' lang='lat' dir='ltr'><strong>t‘:_.r_n</strong></span> <span class='ocrx_word' id='word_1_472' title='bbox 1333 5649 1518 5704; x_wconf 74' lang='lat' dir='ltr'><strong>censis,</strong></span> <span class='ocrx_word' id='word_1_473' title='bbox 1557 5653 1746 5705; x_wconf 74' lang='lat' dir='ltr'><strong>tquue</strong></span> <span class='ocrx_word' id='word_1_474' title='bbox 1770 5647 1950 5700; x_wconf 75' lang='lat' dir='ltr'><strong>notissi-</strong></span> 
     </span>
    </p>
   </div>
   <div class='ocr_carea' id='block_1_59' title="bbox 359 5707 1951 5777">
    <p class='ocr_par' dir='ltr' id='par_1_59' title="bbox 359 5707 1951 5777">
     <span class='ocr_line' id='line_1_59' title="bbox 359 5707 1951 5777; baseline -0.004 -14"><span class='ocrx_word' id='word_1_475' title='bbox 359 5729 500 5764; x_wconf 75' lang='lat' dir='ltr'><strong>mum</strong></span> <span class='ocrx_word' id='word_1_476' title='bbox 523 5722 566 5763; x_wconf 69' lang='lat' dir='ltr'><strong>et</strong></span> <span class='ocrx_word' id='word_1_477' title='bbox 601 5707 1114 5761; x_wconf 43' lang='lat' dir='ltr'><strong>&quot;auruumelm‘uienis</strong></span> <span class='ocrx_word' id='word_1_478' title='bbox 1137 5707 1370 5777; x_wconf 50' lang='lat' dir='ltr'><strong>fratribus</strong></span> <span class='ocrx_word' id='word_1_479' title='bbox 1405 5716 1542 5758; x_wconf 53' lang='lat' dir='ltr'><strong>utere.</strong></span> <span class='ocrx_word' id='word_1_480' title='bbox 1596 5711 1951 5777; x_wconf 58' lang='lat' dir='ltr'><strong>Atittqttissimns</strong></span> 
     </span>
    </p>
   </div>
   <div class='ocr_carea' id='block_1_60' title="bbox 359 5771 1949 5829">
    <p class='ocr_par' dir='ltr' id='par_1_60' title="bbox 359 5771 1949 5829">
     <span class='ocr_line' id='line_1_60' title="bbox 359 5771 1949 5829; baseline -0.002 -7"><span class='ocrx_word' id='word_1_481' title='bbox 359 5789 535 5825; x_wconf 51' lang='grc' dir='ltr'><strong>τηιδιεει-</strong></span> <span class='ocrx_word' id='word_1_482' title='bbox 561 5788 914 5828; x_wconf 56' lang='grc' dir='ltr'>(ιω-ιιιλιηιτιιδιδ,</span> <span class='ocrx_word' id='word_1_483' title='bbox 941 5778 1019 5829; x_wconf 73' lang='lat' dir='ltr'><strong>tul]</strong></span> <span class='ocrx_word' id='word_1_484' title='bbox 1044 5784 1080 5814; x_wconf 69' lang='grc' dir='ltr'><strong>-ρι</strong></span> <span class='ocrx_word' id='word_1_485' title='bbox 1117 5771 1230 5829; x_wconf 66' lang='grc' dir='ltr'><strong>ῖιυεί-</strong></span> <span class='ocrx_word' id='word_1_486' title='bbox 1249 5771 1408 5817; x_wconf 58' lang='grc' dir='ltr'>ηὲιιιιωιι</span> <span class='ocrx_word' id='word_1_487' title='bbox 1443 5777 1488 5819; x_wconf 75' lang='lat' dir='ltr'><strong>et</strong></span> <span class='ocrx_word' id='word_1_488' title='bbox 1513 5771 1720 5820; x_wconf 69' lang='lat' dir='ltr'><strong>ntartnw</strong></span> <span class='ocrx_word' id='word_1_489' title='bbox 1745 5783 1852 5829; x_wconf 68' lang='grc' dir='ltr'><strong>(μην</strong></span> <span class='ocrx_word' id='word_1_490' title='bbox 1885 5772 1949 5819; x_wconf 81' lang='lat' dir='ltr'><strong>lo-</strong></span> 
     </span>
    </p>
   </div>
   <div class='ocr_carea' id='block_1_61' title="bbox 353 5831 1950 5947">
    <p class='ocr_par' dir='ltr' id='par_1_61' title="bbox 353 5831 1950 5947">
     <span class='ocr_line' id='line_1_61' title="bbox 353 5831 1950 5947; baseline 0.001 -67"><span class='ocrx_word' id='word_1_491' title='bbox 353 5848 504 5947; x_wconf 58' lang='lat' dir='ltr'><strong>thx</strong></span> <span class='ocrx_word' id='word_1_492' title='bbox 526 5846 594 5886; x_wconf 61' lang='lat' dir='ltr'><strong>ut.</strong></span> <span class='ocrx_word' id='word_1_493' title='bbox 611 5850 694 5893; x_wconf 71' lang='lat' dir='ltr'><strong>re;</strong></span> <span class='ocrx_word' id='word_1_494' title='bbox 719 5847 908 5889; x_wconf 72' lang='lat' dir='ltr'><strong>ouussn,</strong></span> <span class='ocrx_word' id='word_1_495' title='bbox 928 5831 1174 5891; x_wconf 50' lang='lat' dir='ltr'><strong>fructuum.</strong></span> <span class='ocrx_word' id='word_1_496' title='bbox 1203 5833 1457 5894; x_wconf 62' lang='lat' dir='ltr'><strong>mendose,</strong></span> <span class='ocrx_word' id='word_1_497' title='bbox 1483 5832 1568 5882; x_wconf 79' lang='lat' dir='ltr'><strong>nisi</strong></span> <span class='ocrx_word' id='word_1_498' title='bbox 1597 5833 1748 5894; x_wconf 70' lang='lat' dir='ltr'><strong>legas,</strong></span> <span class='ocrx_word' id='word_1_499' title='bbox 1773 5845 1879 5896; x_wconf 69' lang='lat' dir='ltr'><strong>qua:</strong></span> <span class='ocrx_word' id='word_1_500' title='bbox 1900 5847 1950 5882; x_wconf 72' lang='lat' dir='ltr'><strong>cs</strong></span> 
     </span>
     <span class='ocr_line' id='line_1_62' title="bbox 390 5911 566 5947; baseline -0.011 1"><span class='ocrx_word' id='word_1_501' title='bbox 390 5911 566 5947; x_wconf 45' lang='lat' dir='ltr'><strong>eruum.</strong></span> 
     </span>
    </p>
   </div>
   <div class='ocr_carea' id='block_1_62' title="bbox 390 5911 566 5949">
    <p class='ocr_par' dir='ltr' id='par_1_62' title="bbox 390 5911 566 5949">
     <span class='ocr_line' id='line_1_63' title="bbox 390 5911 566 5949; baseline -0.006 -2"><span class='ocrx_word' id='word_1_502' title='bbox 390 5911 566 5949; x_wconf 64' lang='lat' dir='ltr'><strong>OCL&#39;UIS.</strong></span> 
     </span>
    </p>
   </div>
   <div class='ocr_carea' id='block_1_63' title="bbox 593 5981 1115 6074">
    <p class='ocr_par' dir='ltr' id='par_1_63' title="bbox 593 5981 1115 6074">
     <span class='ocr_line' id='line_1_64' title="bbox 593 5981 1115 6074; baseline 0 -35"><span class='ocrx_word' id='word_1_503' title='bbox 593 5983 866 6074; x_wconf 39' lang='lat' dir='ltr'><strong>l’n&#39;uoc.</strong></span> <span class='ocrx_word' id='word_1_504' title='bbox 909 5982 947 6037; x_wconf 76' lang='grc' dir='ltr'>Χ</span> <span class='ocrx_word' id='word_1_505' title='bbox 967 5981 1115 6039; x_wconf 66' lang='grc' dir='ltr'><strong>ΗΥ.</strong></span> 
     </span>
    </p>
   </div>
   <div class='ocr_carea' id='block_1_64' title="bbox 1703 431 2262 494">
    <p class='ocr_par' dir='ltr' id='par_1_64' title="bbox 1703 431 2262 494">
     <span class='ocr_line' id='line_1_65' title="bbox 1703 431 2262 494; baseline -0.007 0"><span class='ocrx_word' id='word_1_506' title='bbox 1703 437 1905 494; x_wconf 74' lang='lat' dir='ltr'><strong>LIBER</strong></span> <span class='ocrx_word' id='word_1_507' title='bbox 1947 431 2262 492; x_wconf 68' lang='lat' dir='ltr'><strong>Tlifi&#39;l‘il&#39;S.</strong></span> 
     </span>
    </p>
   </div>
   <div class='ocr_carea' id='block_1_65' title="bbox 3537 438 3640 493">
    <p class='ocr_par' dir='ltr' id='par_1_65' title="bbox 3537 438 3640 493">
     <span class='ocr_line' id='line_1_66' title="bbox 3537 438 3640 493; baseline 0 -1"><span class='ocrx_word' id='word_1_508' title='bbox 3537 438 3640 493; x_wconf 64' lang='grc' dir='ltr'><strong>5ἳέ</strong></span> 
     </span>
    </p>
   </div>
   <div class='ocr_carea' id='block_1_66' title="bbox 2053 545 3638 622">
    <p class='ocr_par' dir='ltr' id='par_1_66' title="bbox 2053 545 3638 622">
     <span class='ocr_line' id='line_1_67' title="bbox 2053 545 3638 622; baseline 0.005 -22"><span class='ocrx_word' id='word_1_509' title='bbox 2053 546 2106 600; x_wconf 93' lang='lat' dir='ltr'><strong>in</strong></span> <span class='ocrx_word' id='word_1_510' title='bbox 2155 555 2206 601; x_wconf 88' lang='lat' dir='ltr'><strong>te</strong></span> <span class='ocrx_word' id='word_1_511' title='bbox 2252 559 2466 616; x_wconf 84' lang='lat' dir='ltr'><strong>parvam</strong></span> <span class='ocrx_word' id='word_1_512' title='bbox 2496 561 2616 603; x_wconf 89' lang='lat' dir='ltr'><strong>esse</strong></span> <span class='ocrx_word' id='word_1_513' title='bbox 2641 549 2862 618; x_wconf 82' lang='lat' dir='ltr'><strong>cognovi</strong></span> <span class='ocrx_word' id='word_1_514' title='bbox 2896 569 2908 605; x_wconf 93' lang='lat'><strong>:</strong></span> <span class='ocrx_word' id='word_1_515' title='bbox 2941 546 3034 605; x_wconf 83' lang='lat' dir='ltr'><strong>sed</strong></span> <span class='ocrx_word' id='word_1_516' title='bbox 3066 548 3294 609; x_wconf 86' lang='lat' dir='ltr'><strong>eruditio</strong></span> <span class='ocrx_word' id='word_1_517' title='bbox 3320 552 3493 608; x_wconf 88' lang='lat' dir='ltr'><strong>minor</strong></span> <span class='ocrx_word' id='word_1_518' title='bbox 3516 565 3594 610; x_wconf 85' lang='lat' dir='ltr'><strong>est</strong></span> <span class='ocrx_word' id='word_1_519' title='bbox 3621 545 3638 622; x_wconf 52' lang='grc' dir='ltr'><strong>ζ</strong></span> 
     </span>
    </p>
   </div>
   <div class='ocr_carea' id='block_1_67' title="bbox 2048 633 3640 716">
    <p class='ocr_par' dir='ltr' id='par_1_67' title="bbox 2048 633 3640 716">
     <span class='ocr_line' id='line_1_68' title="bbox 2048 633 3640 716; baseline 0.006 -24"><span class='ocrx_word' id='word_1_520' title='bbox 2048 653 2206 710; x_wconf 91' lang='lat' dir='ltr'><strong>quam</strong></span> <span class='ocrx_word' id='word_1_521' title='bbox 2237 647 2394 693; x_wconf 74' lang='lat' dir='ltr'><strong>tantm</strong></span> <span class='ocrx_word' id='word_1_522' title='bbox 2421 639 2580 694; x_wconf 91' lang='lat' dir='ltr'><strong>indoli</strong></span> <span class='ocrx_word' id='word_1_523' title='bbox 2605 633 2879 711; x_wconf 85' lang='lat' dir='ltr'><strong>laborique</strong></span> <span class='ocrx_word' id='word_1_524' title='bbox 2901 643 3239 712; x_wconf 76' lang='lat' dir='ltr'><strong>congruebat.</strong></span> <span class='ocrx_word' id='word_1_525' title='bbox 3267 642 3446 716; x_wconf 85' lang='lat' dir='ltr'><strong>itaque</strong></span> <span class='ocrx_word' id='word_1_526' title='bbox 3469 654 3521 701; x_wconf 88' lang='lat' dir='ltr'><strong>te</strong></span> <span class='ocrx_word' id='word_1_527' title='bbox 3543 662 3640 702; x_wconf 87' lang='lat' dir='ltr'><strong>nec</strong></span> 
     </span>
    </p>
   </div>
   <div class='ocr_carea' id='block_1_68' title="bbox 2049 733 3639 804">
    <p class='ocr_par' dir='ltr' id='par_1_68' title="bbox 2049 733 3639 804">
     <span class='ocr_line' id='line_1_69' title="bbox 2049 733 3639 804; baseline 0.003 -18"><span class='ocrx_word' id='word_1_528' title='bbox 2049 733 2276 803; x_wconf 85' lang='lat' dir='ltr'><strong>amplius</strong></span> <span class='ocrx_word' id='word_1_529' title='bbox 2303 749 2460 804; x_wconf 88' lang='lat' dir='ltr'><strong>quam</strong></span> <span class='ocrx_word' id='word_1_530' title='bbox 2489 743 2699 803; x_wconf 88' lang='lat' dir='ltr'><strong>oportet</strong></span> <span class='ocrx_word' id='word_1_531' title='bbox 2729 735 2821 790; x_wconf 90' lang='lat' dir='ltr'><strong>tibi</strong></span> <span class='ocrx_word' id='word_1_532' title='bbox 2855 736 3133 791; x_wconf 88' lang='lat' dir='ltr'><strong>tribuendo</strong></span> <span class='ocrx_word' id='word_1_533' title='bbox 3162 753 3448 794; x_wconf 75' lang='lat' dir='ltr'><strong>vanescere</strong></span> <span class='ocrx_word' id='word_1_534' title='bbox 3477 738 3596 792; x_wconf 74' lang='lat' dir='ltr'><strong>volo</strong></span> <span class='ocrx_word' id='word_1_535' title='bbox 3624 781 3639 804; x_wconf 89' lang='lat'><strong>,</strong></span> 
     </span>
    </p>
   </div>
   <div class='ocr_carea' id='block_1_69' title="bbox 2051 825 3638 898">
    <p class='ocr_par' dir='ltr' id='par_1_69' title="bbox 2051 825 3638 898">
     <span class='ocr_line' id='line_1_70' title="bbox 2051 825 3638 898; baseline 0.003 -20"><span class='ocrx_word' id='word_1_536' title='bbox 2051 839 2150 879; x_wconf 89' lang='lat' dir='ltr'><strong>nec</strong></span> <span class='ocrx_word' id='word_1_537' title='bbox 2199 839 2383 878; x_wconf 89' lang='lat' dir='ltr'><strong>rursus</strong></span> <span class='ocrx_word' id='word_1_538' title='bbox 2429 833 2480 880; x_wconf 90' lang='lat' dir='ltr'><strong>te</strong></span> <span class='ocrx_word' id='word_1_539' title='bbox 2523 825 2824 894; x_wconf 83' lang='lat' dir='ltr'><strong>abjiciendo</strong></span> <span class='ocrx_word' id='word_1_540' title='bbox 2868 840 2930 882; x_wconf 86' lang='lat' dir='ltr'><strong>ac</strong></span> <span class='ocrx_word' id='word_1_541' title='bbox 2972 827 3305 898; x_wconf 84' lang='lat' dir='ltr'><strong>desperando</strong></span> <span class='ocrx_word' id='word_1_542' title='bbox 3327 828 3638 898; x_wconf 74' lang='lat' dir='ltr'><strong>frigescere.</strong></span> 
     </span>
    </p>
   </div>
   <div class='ocr_carea' id='block_1_70' title="bbox 2051 913 3643 988">
    <p class='ocr_par' dir='ltr' id='par_1_70' title="bbox 2051 913 3643 988">
     <span class='ocr_line' id='line_1_71' title="bbox 2051 913 3643 988; baseline 0.002 -18"><span class='ocrx_word' id='word_1_543' title='bbox 2051 913 2264 970; x_wconf 89' lang='lat' dir='ltr'><strong>Utinam</strong></span> <span class='ocrx_word' id='word_1_544' title='bbox 2305 925 2390 969; x_wconf 90' lang='lat' dir='ltr'><strong>tua</strong></span> <span class='ocrx_word' id='word_1_545' title='bbox 2421 915 2616 986; x_wconf 86' lang='lat' dir='ltr'><strong>scripta</strong></span> <span class='ocrx_word' id='word_1_546' title='bbox 2651 926 2826 971; x_wconf 81' lang='lat' dir='ltr'><strong>tecum</strong></span> <span class='ocrx_word' id='word_1_547' title='bbox 2870 917 3048 988; x_wconf 82' lang='lat' dir='ltr'><strong>legere</strong></span> <span class='ocrx_word' id='word_1_548' title='bbox 3094 934 3337 988; x_wconf 84' lang='lat' dir='ltr'><strong>possem,</strong></span> <span class='ocrx_word' id='word_1_549' title='bbox 3385 930 3439 975; x_wconf 85' lang='lat' dir='ltr'><strong>ct</strong></span> <span class='ocrx_word' id='word_1_550' title='bbox 3477 922 3643 977; x_wconf 85' lang='lat' dir='ltr'><strong>collo-</strong></span> 
     </span>
    </p>
   </div>
   <div class='ocr_carea' id='block_1_71' title="bbox 2051 1006 3640 1082">
    <p class='ocr_par' dir='ltr' id='par_1_71' title="bbox 2051 1006 3640 1082">
     <span class='ocr_line' id='line_1_72' title="bbox 2051 1006 3640 1082; baseline 0.006 -24"><span class='ocrx_word' id='word_1_551' title='bbox 2051 1006 2262 1078; x_wconf 86' lang='lat' dir='ltr'><strong>qttcndo</strong></span> <span class='ocrx_word' id='word_1_552' title='bbox 2288 1009 2482 1078; x_wconf 86' lang='lat' dir='ltr'><strong>potius,</strong></span> <span class='ocrx_word' id='word_1_553' title='bbox 2509 1024 2671 1079; x_wconf 88' lang='lat' dir='ltr'><strong>quam</strong></span> <span class='ocrx_word' id='word_1_554' title='bbox 2700 1008 3004 1077; x_wconf 80' lang='lat' dir='ltr'><strong>scribendo,</strong></span> <span class='ocrx_word' id='word_1_555' title='bbox 3032 1025 3148 1082; x_wconf 75' lang='lat' dir='ltr'><strong>qum</strong></span> <span class='ocrx_word' id='word_1_556' title='bbox 3175 1013 3282 1066; x_wconf 86' lang='lat' dir='ltr'><strong>sint</strong></span> <span class='ocrx_word' id='word_1_557' title='bbox 3310 1013 3640 1068; x_wconf 74' lang='lat' dir='ltr'><strong>emendanda</strong></span> 
     </span>
    </p>
   </div>
   <div class='ocr_carea' id='block_1_72' title="bbox 2053 1099 3641 1175">
    <p class='ocr_par' dir='ltr' id='par_1_72' title="bbox 2053 1099 3641 1175">
     <span class='ocr_line' id='line_1_73' title="bbox 2053 1099 3641 1175; baseline 0.004 -22"><span class='ocrx_word' id='word_1_558' title='bbox 2053 1109 2424 1155; x_wconf 83' lang='lat' dir='ltr'><strong>monstrarem.</strong></span> <span class='ocrx_word' id='word_1_559' title='bbox 2473 1099 2700 1156; x_wconf 83' lang='lat' dir='ltr'><strong>Facilius</strong></span> <span class='ocrx_word' id='word_1_560' title='bbox 2736 1099 2840 1156; x_wconf 87' lang='lat' dir='ltr'><strong>hoc</strong></span> <span class='ocrx_word' id='word_1_561' title='bbox 2869 1104 3137 1172; x_wconf 80' lang='lat' dir='ltr'><strong>negotium</strong></span> <span class='ocrx_word' id='word_1_562' title='bbox 3170 1115 3512 1175; x_wconf 78' lang='lat' dir='ltr'><strong>perageretur</strong></span> <span class='ocrx_word' id='word_1_563' title='bbox 3542 1121 3641 1160; x_wconf 85' lang='lat' dir='ltr'><strong>uo-</strong></span> 
     </span>
    </p>
   </div>
   <div class='ocr_carea' id='block_1_73' title="bbox 2052 1191 3641 1268">
    <p class='ocr_par' dir='ltr' id='par_1_73' title="bbox 2052 1191 3641 1268">
     <span class='ocr_line' id='line_1_74' title="bbox 2052 1191 3641 1268; baseline 0.006 -24"><span class='ocrx_word' id='word_1_564' title='bbox 2052 1201 2158 1246; x_wconf 89' lang='lat' dir='ltr'><strong>stra</strong></span> <span class='ocrx_word' id='word_1_565' title='bbox 2193 1191 2332 1247; x_wconf 90' lang='lat' dir='ltr'><strong>inter</strong></span> <span class='ocrx_word' id='word_1_566' title='bbox 2363 1205 2460 1245; x_wconf 92' lang='lat' dir='ltr'><strong>nos</strong></span> <span class='ocrx_word' id='word_1_567' title='bbox 2490 1193 2935 1248; x_wconf 86' lang='lat' dir='ltr'><strong>sermocinatione</strong></span> <span class='ocrx_word' id='word_1_568' title='bbox 2956 1236 2968 1257; x_wconf 93' lang='lat'><strong>,</strong></span> <span class='ocrx_word' id='word_1_569' title='bbox 3001 1209 3157 1265; x_wconf 89' lang='lat' dir='ltr'><strong>quam</strong></span> <span class='ocrx_word' id='word_1_570' title='bbox 3187 1195 3378 1251; x_wconf 89' lang='lat' dir='ltr'><strong>litteris</strong></span> <span class='ocrx_word' id='word_1_571' title='bbox 3409 1213 3566 1268; x_wconf 73' lang='lat' dir='ltr'><strong>:qum</strong></span> <span class='ocrx_word' id='word_1_572' title='bbox 3595 1196 3641 1253; x_wconf 85' lang='lat' dir='ltr'><strong>si</strong></span> 
     </span>
    </p>
   </div>
   <div class='ocr_carea' id='block_1_74' title="bbox 2053 1281 3641 1358">
    <p class='ocr_par' dir='ltr' id='par_1_74' title="bbox 2053 1281 3641 1358">
     <span class='ocr_line' id='line_1_75' title="bbox 2053 1281 3641 1358; baseline 0.005 -22"><span class='ocrx_word' id='word_1_573' title='bbox 2053 1281 2334 1337; x_wconf 88' lang='lat' dir='ltr'><strong>scribenda</strong></span> <span class='ocrx_word' id='word_1_574' title='bbox 2376 1290 2556 1346; x_wconf 90' lang='lat' dir='ltr'><strong>esset,</strong></span> <span class='ocrx_word' id='word_1_575' title='bbox 2608 1283 2788 1338; x_wconf 85' lang='lat' dir='ltr'><strong>multis</strong></span> <span class='ocrx_word' id='word_1_576' title='bbox 2832 1284 3188 1342; x_wconf 78' lang='lat' dir='ltr'><strong>voluminibus</strong></span> <span class='ocrx_word' id='word_1_577' title='bbox 3225 1285 3502 1358; x_wconf 79' lang='lat' dir='ltr'><strong>indigeret.</strong></span> <span class='ocrx_word' id='word_1_578' title='bbox 3533 1287 3641 1344; x_wconf 83' lang='lat' dir='ltr'><strong>Ve-</strong></span> 
     </span>
    </p>
   </div>
   <div class='ocr_carea' id='block_1_75' title="bbox 2054 1373 3644 1446">
    <p class='ocr_par' dir='ltr' id='par_1_75' title="bbox 2054 1373 3644 1446">
     <span class='ocr_line' id='line_1_76' title="bbox 2054 1373 3644 1446; baseline 0.007 -20"><span class='ocrx_word' id='word_1_579' title='bbox 2054 1383 2348 1429; x_wconf 88' lang='lat' dir='ltr'><strong>rumtamen</strong></span> <span class='ocrx_word' id='word_1_580' title='bbox 2391 1373 2490 1429; x_wconf 89' lang='lat' dir='ltr'><strong>ista</strong></span> <span class='ocrx_word' id='word_1_581' title='bbox 2537 1376 2818 1445; x_wconf 76' lang='lat' dir='ltr'><strong>capitalia,</strong></span> <span class='ocrx_word' id='word_1_582' title='bbox 2867 1393 2986 1446; x_wconf 69' lang='lat' dir='ltr'><strong>qua:</strong></span> <span class='ocrx_word' id='word_1_583' title='bbox 3027 1386 3177 1434; x_wconf 87' lang='lat' dir='ltr'><strong>certo</strong></span> <span class='ocrx_word' id='word_1_584' title='bbox 3219 1380 3379 1434; x_wconf 81' lang='lat' dir='ltr'><strong>etiam</strong></span> <span class='ocrx_word' id='word_1_585' title='bbox 3421 1396 3644 1438; x_wconf 88' lang='lat' dir='ltr'><strong>numero</strong></span> 
     </span>
    </p>
   </div>
   <div class='ocr_carea' id='block_1_76' title="bbox 2051 1465 3641 1538">
    <p class='ocr_par' dir='ltr' id='par_1_76' title="bbox 2051 1465 3641 1538">
     <span class='ocr_line' id='line_1_77' title="bbox 2051 1465 3641 1538; baseline 0.006 -19"><span class='ocrx_word' id='word_1_586' title='bbox 2051 1465 2505 1534; x_wconf 83' lang='lat' dir='ltr'><strong>comprehendere</strong></span> <span class='ocrx_word' id='word_1_587' title='bbox 2543 1467 2716 1534; x_wconf 89' lang='lat' dir='ltr'><strong>volui,</strong></span> <span class='ocrx_word' id='word_1_588' title='bbox 2760 1469 3020 1524; x_wconf 89' lang='lat' dir='ltr'><strong>instanter</strong></span> <span class='ocrx_word' id='word_1_589' title='bbox 3044 1470 3308 1526; x_wconf 90' lang='lat' dir='ltr'><strong>admoneo</strong></span> <span class='ocrx_word' id='word_1_590' title='bbox 3326 1512 3346 1538; x_wconf 59' lang='grc' dir='ltr'><strong>η,</strong></span> <span class='ocrx_word' id='word_1_591' title='bbox 3369 1486 3441 1528; x_wconf 86' lang='lat' dir='ltr'><strong>ne</strong></span> <span class='ocrx_word' id='word_1_592' title='bbox 3469 1473 3641 1528; x_wconf 86' lang='lat' dir='ltr'><strong>corri-</strong></span> 
     </span>
    </p>
   </div>
   <div class='ocr_carea' id='block_1_77' title="bbox 2053 1557 3641 1632">
    <p class='ocr_par' dir='ltr' id='par_1_77' title="bbox 2053 1557 3641 1632">
     <span class='ocr_line' id='line_1_78' title="bbox 2053 1557 3641 1632; baseline 0.005 -22"><span class='ocrx_word' id='word_1_593' title='bbox 2053 1571 2176 1624; x_wconf 82' lang='lat' dir='ltr'><strong>gere</strong></span> <span class='ocrx_word' id='word_1_594' title='bbox 2205 1557 2443 1620; x_wconf 78' lang='lat' dir='ltr'><strong>differas,</strong></span> <span class='ocrx_word' id='word_1_595' title='bbox 2469 1566 2525 1612; x_wconf 88' lang='lat' dir='ltr'><strong>et</strong></span> <span class='ocrx_word' id='word_1_596' title='bbox 2547 1573 2609 1612; x_wconf 84' lang='lat' dir='ltr'><strong>ea</strong></span> <span class='ocrx_word' id='word_1_597' title='bbox 2634 1573 2859 1628; x_wconf 79' lang='lat' dir='ltr'><strong>prorsus</strong></span> <span class='ocrx_word' id='word_1_598' title='bbox 2884 1576 2914 1614; x_wconf 88' lang='lat' dir='ltr'><strong>a</strong></span> <span class='ocrx_word' id='word_1_599' title='bbox 2941 1559 3044 1616; x_wconf 86' lang='lat' dir='ltr'><strong>fide</strong></span> <span class='ocrx_word' id='word_1_600' title='bbox 3070 1571 3122 1616; x_wconf 88' lang='lat' dir='ltr'><strong>et</strong></span> <span class='ocrx_word' id='word_1_601' title='bbox 3147 1561 3527 1632; x_wconf 64' lang='lat' dir='ltr'><strong>praedicatione</strong></span> <span class='ocrx_word' id='word_1_602' title='bbox 3555 1573 3641 1618; x_wconf 90' lang='lat' dir='ltr'><strong>tua</strong></span> 
     </span>
    </p>
   </div>
   <div class='ocr_carea' id='block_1_78' title="bbox 2055 1649 3640 1726">
    <p class='ocr_par' dir='ltr' id='par_1_78' title="bbox 2055 1649 3640 1726">
     <span class='ocr_line' id='line_1_79' title="bbox 2055 1649 3640 1726; baseline 0.005 -24"><span class='ocrx_word' id='word_1_603' title='bbox 2055 1649 2216 1703; x_wconf 81' lang='lat' dir='ltr'><strong>facias</strong></span> <span class='ocrx_word' id='word_1_604' title='bbox 2263 1649 2434 1704; x_wconf 86' lang='lat' dir='ltr'><strong>aliena</strong></span> <span class='ocrx_word' id='word_1_605' title='bbox 2468 1667 2482 1704; x_wconf 86' lang='lat'><strong>:</strong></span> <span class='ocrx_word' id='word_1_606' title='bbox 2513 1659 2570 1704; x_wconf 89' lang='lat' dir='ltr'><strong>ut</strong></span> <span class='ocrx_word' id='word_1_607' title='bbox 2598 1661 2790 1720; x_wconf 90' lang='lat' dir='ltr'><strong>quanta</strong></span> <span class='ocrx_word' id='word_1_608' title='bbox 2825 1652 2917 1707; x_wconf 92' lang='lat' dir='ltr'><strong>tibi</strong></span> <span class='ocrx_word' id='word_1_609' title='bbox 2947 1651 3170 1708; x_wconf 86' lang='lat' dir='ltr'><strong>facultas</strong></span> <span class='ocrx_word' id='word_1_610' title='bbox 3195 1665 3278 1709; x_wconf 91' lang='lat' dir='ltr'><strong>cst</strong></span> <span class='ocrx_word' id='word_1_611' title='bbox 3303 1655 3640 1726; x_wconf 81' lang='lat' dir='ltr'><strong>disputandi,</strong></span> 
     </span>
    </p>
   </div>
   <div class='ocr_carea' id='block_1_79' title="bbox 2054 1739 3641 1814">
    <p class='ocr_par' dir='ltr' id='par_1_79' title="bbox 2054 1739 3641 1814">
     <span class='ocr_line' id='line_1_80' title="bbox 2054 1739 3641 1814; baseline 0.008 -23"><span class='ocrx_word' id='word_1_612' title='bbox 2054 1755 2272 1793; x_wconf 86' lang='lat' dir='ltr'><strong>munere</strong></span> <span class='ocrx_word' id='word_1_613' title='bbox 2319 1739 2411 1794; x_wconf 89' lang='lat' dir='ltr'><strong>Dei</strong></span> <span class='ocrx_word' id='word_1_614' title='bbox 2452 1740 2618 1794; x_wconf 88' lang='lat' dir='ltr'><strong>utaris</strong></span> <span class='ocrx_word' id='word_1_615' title='bbox 2646 1742 2842 1797; x_wconf 91' lang='lat' dir='ltr'><strong>utiliter</strong></span> <span class='ocrx_word' id='word_1_616' title='bbox 2869 1743 2936 1797; x_wconf 88' lang='lat' dir='ltr'><strong>ad</strong></span> <span class='ocrx_word' id='word_1_617' title='bbox 2967 1743 3367 1801; x_wconf 60' lang='lat' dir='ltr'><strong>aedificationem</strong></span> <span class='ocrx_word' id='word_1_618' title='bbox 3393 1787 3409 1814; x_wconf 94' lang='lat'><strong>,</strong></span> <span class='ocrx_word' id='word_1_619' title='bbox 3444 1763 3547 1802; x_wconf 91' lang='lat' dir='ltr'><strong>non</strong></span> <span class='ocrx_word' id='word_1_620' title='bbox 3574 1749 3641 1803; x_wconf 87' lang='lat' dir='ltr'><strong>ad</strong></span> 
     </span>
    </p>
   </div>
   <div class='ocr_carea' id='block_1_80' title="bbox 2052 1829 3300 1904">
    <p class='ocr_par' dir='ltr' id='par_1_80' title="bbox 2052 1829 3300 1904">
     <span class='ocr_line' id='line_1_81' title="bbox 2052 1829 3300 1904; baseline 0.004 -20"><span class='ocrx_word' id='word_1_621' title='bbox 2052 1829 2466 1884; x_wconf 88' lang='lat' dir='ltr'><strong>destructionem</strong></span> <span class='ocrx_word' id='word_1_622' title='bbox 2497 1844 2642 1886; x_wconf 77' lang='lat' dir='ltr'><strong>sana:</strong></span> <span class='ocrx_word' id='word_1_623' title='bbox 2671 1832 3004 1904; x_wconf 82' lang='lat' dir='ltr'><strong>salubrisque</strong></span> <span class='ocrx_word' id='word_1_624' title='bbox 3025 1835 3300 1890; x_wconf 72' lang='lat' dir='ltr'><strong>doctrinm.</strong></span> 
     </span>
    </p>
   </div>
   <div class='ocr_carea' id='block_1_81' title="bbox 2125 1903 3640 2000">
    <p class='ocr_par' dir='ltr' id='par_1_81' title="bbox 2125 1903 3640 2000">
     <span class='ocr_line' id='line_1_82' title="bbox 2125 1903 3640 2000; baseline 0.007 -26"><span class='ocrx_word' id='word_1_625' title='bbox 2125 1919 2351 1976; x_wconf 80' lang='lat' dir='ltr'><strong>CAPUT</strong></span> <span class='ocrx_word' id='word_1_626' title='bbox 2399 1919 2512 1976; x_wconf 75' lang='lat' dir='ltr'><strong>XV.</strong></span> <span class='ocrx_word' id='word_1_627' title='bbox 2555 1951 2629 1962; x_wconf 92' lang='lat'><strong>--</strong></span> <span class='ocrx_word' id='word_1_628' title='bbox 2668 1921 2758 1978; x_wconf 75' lang='lat'><strong>22.</strong></span> <span class='ocrx_word' id='word_1_629' title='bbox 2788 1903 3122 1981; x_wconf 87' lang='lat' dir='ltr'><strong>Suntautem</strong></span> <span class='ocrx_word' id='word_1_630' title='bbox 3153 1903 3288 1994; x_wconf 71' lang='lat' dir='ltr'><strong>ista,</strong></span> <span class='ocrx_word' id='word_1_631' title='bbox 3319 1928 3386 1985; x_wconf 88' lang='lat' dir='ltr'><strong>de</strong></span> <span class='ocrx_word' id='word_1_632' title='bbox 3412 1929 3606 2000; x_wconf 85' lang='lat' dir='ltr'><strong>quibus</strong></span> <span class='ocrx_word' id='word_1_633' title='bbox 3626 1973 3640 1997; x_wconf 97' lang='lat'><strong>,</strong></span> 
     </span>
    </p>
   </div>
   <div class='ocr_carea' id='block_1_82' title="bbox 2056 2014 3645 2094">
    <p class='ocr_par' dir='ltr' id='par_1_82' title="bbox 2056 2014 3645 2094">
     <span class='ocr_line' id='line_1_83' title="bbox 2056 2014 3645 2094; baseline 0.008 -28"><span class='ocrx_word' id='word_1_634' title='bbox 2056 2021 2115 2068; x_wconf 91' lang='lat' dir='ltr'><strong>ut</strong></span> <span class='ocrx_word' id='word_1_635' title='bbox 2159 2014 2345 2082; x_wconf 87' lang='lat' dir='ltr'><strong>potui,</strong></span> <span class='ocrx_word' id='word_1_636' title='bbox 2389 2014 2498 2083; x_wconf 87' lang='lat' dir='ltr'><strong>jam</strong></span> <span class='ocrx_word' id='word_1_637' title='bbox 2543 2014 2772 2070; x_wconf 87' lang='lat' dir='ltr'><strong>disserui</strong></span> <span class='ocrx_word' id='word_1_638' title='bbox 2816 2033 2834 2072; x_wconf 87' lang='lat'><strong>:</strong></span> <span class='ocrx_word' id='word_1_639' title='bbox 2881 2017 2975 2072; x_wconf 88' lang='lat' dir='ltr'><strong>sed</strong></span> <span class='ocrx_word' id='word_1_640' title='bbox 3012 2017 3243 2075; x_wconf 80' lang='lat' dir='ltr'><strong>breviter</strong></span> <span class='ocrx_word' id='word_1_641' title='bbox 3259 2035 3326 2076; x_wconf 85' lang='lat' dir='ltr'><strong>ea</strong></span> <span class='ocrx_word' id='word_1_642' title='bbox 3352 2023 3645 2094; x_wconf 82' lang='lat' dir='ltr'><strong>repetendo</strong></span> 
     </span>
    </p>
   </div>
   <div class='ocr_carea' id='block_1_83' title="bbox 2057 2103 3640 2177">
    <p class='ocr_par' dir='ltr' id='par_1_83' title="bbox 2057 2103 3640 2177">
     <span class='ocr_line' id='line_1_84' title="bbox 2057 2103 3640 2177; baseline 0.008 -20"><span class='ocrx_word' id='word_1_643' title='bbox 2057 2119 2384 2174; x_wconf 86' lang='lat' dir='ltr'><strong>percurram.</strong></span> <span class='ocrx_word' id='word_1_644' title='bbox 2416 2103 2592 2161; x_wconf 87' lang='lat' dir='ltr'><strong>Unum</strong></span> <span class='ocrx_word' id='word_1_645' title='bbox 2618 2114 2720 2173; x_wconf 90' lang='lat' dir='ltr'><strong>est,</strong></span> <span class='ocrx_word' id='word_1_646' title='bbox 2757 2125 2776 2159; x_wconf 81' lang='grc' dir='ltr'><strong>ι</strong></span> <span class='ocrx_word' id='word_1_647' title='bbox 2811 2107 2961 2176; x_wconf 88' lang='lat' dir='ltr'><strong>Quod</strong></span> <span class='ocrx_word' id='word_1_648' title='bbox 2981 2109 3213 2165; x_wconf 85' lang='lat' dir='ltr'><strong>animam</strong></span> <span class='ocrx_word' id='word_1_649' title='bbox 3241 2125 3346 2167; x_wconf 79' lang='lat' dir='ltr'><strong>non</strong></span> <span class='ocrx_word' id='word_1_650' title='bbox 3367 2128 3434 2169; x_wconf 82' lang='lat' dir='ltr'><strong>ex</strong></span> <span class='ocrx_word' id='word_1_651' title='bbox 3453 2113 3640 2177; x_wconf 87' lang='lat' dir='ltr'><strong>nihilo.</strong></span> 
     </span>
    </p>
   </div>
   <div class='ocr_carea' id='block_1_84' title="bbox 2055 2196 3644 2274">
    <p class='ocr_par' dir='ltr' id='par_1_84' title="bbox 2055 2196 3644 2274">
     <span class='ocr_line' id='line_1_85' title="bbox 2055 2196 3644 2274; baseline 0.008 -23"><span class='ocrx_word' id='word_1_652' title='bbox 2055 2197 2149 2251; x_wconf 88' lang='lat' dir='ltr'><strong>sed</strong></span> <span class='ocrx_word' id='word_1_653' title='bbox 2179 2196 2243 2250; x_wconf 93' lang='lat' dir='ltr'><strong>de</strong></span> <span class='ocrx_word' id='word_1_654' title='bbox 2271 2212 2330 2253; x_wconf 90' lang='lat' dir='ltr'><strong>se</strong></span> <span class='ocrx_word' id='word_1_655' title='bbox 2359 2198 2475 2267; x_wconf 91' lang='lat' dir='ltr'><strong>ipso</strong></span> <span class='ocrx_word' id='word_1_656' title='bbox 2504 2197 2668 2254; x_wconf 90' lang='lat' dir='ltr'><strong>Deum</strong></span> <span class='ocrx_word' id='word_1_657' title='bbox 2699 2198 2886 2255; x_wconf 86' lang='lat' dir='ltr'><strong>fecisse</strong></span> <span class='ocrx_word' id='word_1_658' title='bbox 2921 2219 2942 2252; x_wconf 71' lang='grc' dir='ltr'><strong>ι</strong></span> <span class='ocrx_word' id='word_1_659' title='bbox 2971 2200 3176 2257; x_wconf 82' lang='lat' dir='ltr'><strong>dixisti.</strong></span> <span class='ocrx_word' id='word_1_660' title='bbox 3205 2204 3443 2261; x_wconf 82' lang='lat' dir='ltr'><strong>Alterum</strong></span> <span class='ocrx_word' id='word_1_661' title='bbox 3464 2247 3479 2274; x_wconf 91' lang='lat'><strong>,</strong></span> <span class='ocrx_word' id='word_1_662' title='bbox 3511 2207 3644 2263; x_wconf 68' lang='lat' dir='ltr'><strong>ePer</strong></span> 
     </span>
    </p>
   </div>
   <div class='ocr_carea' id='block_1_85' title="bbox 2056 2286 3646 2364">
    <p class='ocr_par' dir='ltr' id='par_1_85' title="bbox 2056 2286 3646 2364">
     <span class='ocr_line' id='line_1_86' title="bbox 2056 2286 3646 2364; baseline 0.01 -24"><span class='ocrx_word' id='word_1_663' title='bbox 2056 2286 2319 2342; x_wconf 80' lang='lat' dir='ltr'><strong>inﬁnitum</strong></span> <span class='ocrx_word' id='word_1_664' title='bbox 2369 2297 2613 2359; x_wconf 87' lang='lat' dir='ltr'><strong>tempus,</strong></span> <span class='ocrx_word' id='word_1_665' title='bbox 2664 2297 2823 2362; x_wconf 90' lang='lat' dir='ltr'><strong>atque</strong></span> <span class='ocrx_word' id='word_1_666' title='bbox 2867 2292 2938 2348; x_wconf 88' lang='lat' dir='ltr'><strong>ita</strong></span> <span class='ocrx_word' id='word_1_667' title='bbox 2983 2308 3196 2364; x_wconf 83' lang='lat' dir='ltr'><strong>semper</strong></span> <span class='ocrx_word' id='word_1_668' title='bbox 3239 2295 3402 2351; x_wconf 90' lang='lat' dir='ltr'><strong>Deum</strong></span> <span class='ocrx_word' id='word_1_669' title='bbox 3441 2300 3646 2356; x_wconf 88' lang='lat' dir='ltr'><strong>animas</strong></span> 
     </span>
    </p>
   </div>
   <div class='ocr_carea' id='block_1_86' title="bbox 2055 2377 3644 2457">
    <p class='ocr_par' dir='ltr' id='par_1_86' title="bbox 2055 2377 3644 2457">
     <span class='ocr_line' id='line_1_87' title="bbox 2055 2377 3644 2457; baseline 0.009 -25"><span class='ocrx_word' id='word_1_670' title='bbox 2055 2377 2181 2432; x_wconf 84' lang='lat' dir='ltr'><strong>dare</strong></span> <span class='ocrx_word' id='word_1_671' title='bbox 2200 2419 2215 2445; x_wconf 94' lang='lat'><strong>,</strong></span> <span class='ocrx_word' id='word_1_672' title='bbox 2247 2379 2384 2433; x_wconf 91' lang='lat' dir='ltr'><strong>sicut</strong></span> <span class='ocrx_word' id='word_1_673' title='bbox 2404 2394 2616 2451; x_wconf 89' lang='lat' dir='ltr'><strong>semper</strong></span> <span class='ocrx_word' id='word_1_674' title='bbox 2635 2389 2720 2437; x_wconf 91' lang='lat' dir='ltr'><strong>est</strong></span> <span class='ocrx_word' id='word_1_675' title='bbox 2747 2381 2862 2454; x_wconf 89' lang='lat' dir='ltr'><strong>ipse</strong></span> <span class='ocrx_word' id='word_1_676' title='bbox 2889 2383 2979 2454; x_wconf 90' lang='lat' dir='ltr'><strong>qui</strong></span> <span class='ocrx_word' id='word_1_677' title='bbox 2998 2382 3108 2441; x_wconf 89' lang='lat' dir='ltr'><strong>dat.</strong></span> <span class='ocrx_word' id='word_1_678' title='bbox 3145 2403 3164 2438; x_wconf 74' lang='grc' dir='ltr'><strong>ι</strong></span> <span class='ocrx_word' id='word_1_679' title='bbox 3191 2377 3452 2457; x_wconf 80' lang='lat' dir='ltr'><strong>Tertium,</strong></span> <span class='ocrx_word' id='word_1_680' title='bbox 3481 2391 3644 2446; x_wconf 71' lang='lat' dir='ltr'><strong>«Ani-</strong></span> 
     </span>
    </p>
   </div>
   <div class='ocr_carea' id='block_1_87' title="bbox 2055 2475 3644 2555">
    <p class='ocr_par' dir='ltr' id='par_1_87' title="bbox 2055 2475 3644 2555">
     <span class='ocr_line' id='line_1_88' title="bbox 2055 2475 3644 2555; baseline 0.009 -29"><span class='ocrx_word' id='word_1_681' title='bbox 2055 2489 2196 2528; x_wconf 85' lang='lat' dir='ltr'><strong>mam</strong></span> <span class='ocrx_word' id='word_1_682' title='bbox 2237 2475 2484 2529; x_wconf 89' lang='lat' dir='ltr'><strong>meritum</strong></span> <span class='ocrx_word' id='word_1_683' title='bbox 2524 2475 2741 2547; x_wconf 88' lang='lat' dir='ltr'><strong>aliquod</strong></span> <span class='ocrx_word' id='word_1_684' title='bbox 2773 2475 3066 2548; x_wconf 88' lang='lat' dir='ltr'><strong>perdidisse</strong></span> <span class='ocrx_word' id='word_1_685' title='bbox 3095 2493 3190 2550; x_wconf 87' lang='lat' dir='ltr'><strong>per</strong></span> <span class='ocrx_word' id='word_1_686' title='bbox 3219 2495 3470 2550; x_wconf 89' lang='lat' dir='ltr'><strong>carnem,</strong></span> <span class='ocrx_word' id='word_1_687' title='bbox 3501 2485 3644 2555; x_wconf 90' lang='lat' dir='ltr'><strong>quod</strong></span> 
     </span>
    </p>
   </div>
   <div class='ocr_carea' id='block_1_88' title="bbox 2056 2564 3648 2648">
    <p class='ocr_par' dir='ltr' id='par_1_88' title="bbox 2056 2564 3648 2648">
     <span class='ocr_line' id='line_1_89' title="bbox 2056 2564 3648 2648; baseline 0.008 -29"><span class='ocrx_word' id='word_1_688' title='bbox 2056 2564 2298 2620; x_wconf 85' lang='lat' dir='ltr'><strong>habuerit</strong></span> <span class='ocrx_word' id='word_1_689' title='bbox 2343 2575 2468 2622; x_wconf 90' lang='lat' dir='ltr'><strong>ante</strong></span> <span class='ocrx_word' id='word_1_690' title='bbox 2514 2582 2750 2624; x_wconf 87' lang='lat' dir='ltr'><strong>carnem.</strong></span> <span class='ocrx_word' id='word_1_691' title='bbox 2808 2586 2828 2621; x_wconf 75' lang='grc' dir='ltr'><strong>ι</strong></span> <span class='ocrx_word' id='word_1_692' title='bbox 2867 2567 3134 2639; x_wconf 83' lang='lat' dir='ltr'><strong>.Quartum</strong></span> <span class='ocrx_word' id='word_1_693' title='bbox 3159 2613 3175 2640; x_wconf 92' lang='lat'><strong>,</strong></span> <span class='ocrx_word' id='word_1_694' title='bbox 3223 2591 3242 2625; x_wconf 77' lang='grc' dir='ltr'><strong>ι</strong></span> <span class='ocrx_word' id='word_1_695' title='bbox 3275 2573 3521 2631; x_wconf 83' lang='lat' dir='ltr'><strong>Animam</strong></span> <span class='ocrx_word' id='word_1_696' title='bbox 3551 2593 3648 2648; x_wconf 87' lang='lat' dir='ltr'><strong>per</strong></span> 
     </span>
    </p>
   </div>
   <div class='ocr_carea' id='block_1_89' title="bbox 2055 2655 3644 2737">
    <p class='ocr_par' dir='ltr' id='par_1_89' title="bbox 2055 2655 3644 2737">
     <span class='ocr_line' id='line_1_90' title="bbox 2055 2655 3644 2737; baseline 0.009 -25"><span class='ocrx_word' id='word_1_697' title='bbox 2055 2670 2270 2713; x_wconf 86' lang='lat' dir='ltr'><strong>carnem</strong></span> <span class='ocrx_word' id='word_1_698' title='bbox 2313 2673 2565 2728; x_wconf 88' lang='lat' dir='ltr'><strong>reparare</strong></span> <span class='ocrx_word' id='word_1_699' title='bbox 2604 2659 2969 2717; x_wconf 88' lang='lat' dir='ltr'><strong>habitudinem</strong></span> <span class='ocrx_word' id='word_1_700' title='bbox 2999 2655 3226 2732; x_wconf 86' lang='lat' dir='ltr'><strong>priscam</strong></span> <span class='ocrx_word' id='word_1_701' title='bbox 3247 2707 3263 2732; x_wconf 89' lang='lat'><strong>,</strong></span> <span class='ocrx_word' id='word_1_702' title='bbox 3292 2675 3346 2722; x_wconf 89' lang='lat' dir='ltr'><strong>et</strong></span> <span class='ocrx_word' id='word_1_703' title='bbox 3375 2681 3468 2737; x_wconf 87' lang='lat' dir='ltr'><strong>per</strong></span> <span class='ocrx_word' id='word_1_704' title='bbox 3495 2683 3644 2724; x_wconf 83' lang='lat' dir='ltr'><strong>eam-</strong></span> 
     </span>
    </p>
   </div>
   <div class='ocr_carea' id='block_1_90' title="bbox 2053 2746 3640 2830">
    <p class='ocr_par' dir='ltr' id='par_1_90' title="bbox 2053 2746 3640 2830">
     <span class='ocr_line' id='line_1_91' title="bbox 2053 2746 3640 2830; baseline 0.007 -29"><span class='ocrx_word' id='word_1_705' title='bbox 2053 2746 2177 2803; x_wconf 89' lang='lat' dir='ltr'><strong>dem</strong></span> <span class='ocrx_word' id='word_1_706' title='bbox 2207 2763 2422 2804; x_wconf 90' lang='lat' dir='ltr'><strong>carnem</strong></span> <span class='ocrx_word' id='word_1_707' title='bbox 2449 2752 2684 2818; x_wconf 88' lang='lat' dir='ltr'><strong>renasci,</strong></span> <span class='ocrx_word' id='word_1_708' title='bbox 2708 2768 2804 2822; x_wconf 89' lang='lat' dir='ltr'><strong>per</strong></span> <span class='ocrx_word' id='word_1_709' title='bbox 2827 2769 2985 2824; x_wconf 89' lang='lat' dir='ltr'><strong>quam</strong></span> <span class='ocrx_word' id='word_1_710' title='bbox 3007 2766 3275 2812; x_wconf 85' lang='lat' dir='ltr'><strong>meruerat</strong></span> <span class='ocrx_word' id='word_1_711' title='bbox 3301 2757 3584 2830; x_wconf 86' lang='lat' dir='ltr'><strong>inquinari.</strong></span> <span class='ocrx_word' id='word_1_712' title='bbox 3621 2782 3640 2812; x_wconf 74' lang='grc' dir='ltr'><strong>ι</strong></span> 
     </span>
    </p>
   </div>
   <div class='ocr_carea' id='block_1_91' title="bbox 2038 2838 3648 2921">
    <p class='ocr_par' dir='ltr' id='par_1_91' title="bbox 2038 2838 3648 2921">
     <span class='ocr_line' id='line_1_92' title="bbox 2038 2838 3648 2921; baseline 0.009 -25"><span class='ocrx_word' id='word_1_713' title='bbox 2038 2838 2308 2906; x_wconf 73' lang='lat' dir='ltr'><strong>‘Quiutum</strong></span> <span class='ocrx_word' id='word_1_714' title='bbox 2327 2882 2344 2908; x_wconf 91' lang='lat'><strong>,</strong></span> <span class='ocrx_word' id='word_1_715' title='bbox 2373 2860 2391 2894; x_wconf 74' lang='grc' dir='ltr'><strong>ι</strong></span> <span class='ocrx_word' id='word_1_716' title='bbox 2424 2842 2574 2911; x_wconf 85' lang='lat' dir='ltr'><strong>Quod</strong></span> <span class='ocrx_word' id='word_1_717' title='bbox 2601 2845 2777 2900; x_wconf 88' lang='lat' dir='ltr'><strong>anima</strong></span> <span class='ocrx_word' id='word_1_718' title='bbox 2805 2847 3056 2901; x_wconf 90' lang='lat' dir='ltr'><strong>meruerit</strong></span> <span class='ocrx_word' id='word_1_719' title='bbox 3083 2861 3202 2904; x_wconf 87' lang='lat' dir='ltr'><strong>esse</strong></span> <span class='ocrx_word' id='word_1_720' title='bbox 3225 2852 3497 2921; x_wconf 74' lang='lat' dir='ltr'><strong>peccatrix</strong></span> <span class='ocrx_word' id='word_1_721' title='bbox 3523 2865 3648 2911; x_wconf 84' lang='lat' dir='ltr'><strong>ante</strong></span> 
     </span>
    </p>
   </div>
   <div class='ocr_carea' id='block_1_92' title="bbox 2058 2935 3646 3016">
    <p class='ocr_par' dir='ltr' id='par_1_92' title="bbox 2058 2935 3646 3016">
     <span class='ocr_line' id='line_1_93' title="bbox 2058 2935 3646 3016; baseline 0.009 -30"><span class='ocrx_word' id='word_1_722' title='bbox 2058 2943 2220 2987; x_wconf 91' lang='lat' dir='ltr'><strong>omne</strong></span> <span class='ocrx_word' id='word_1_723' title='bbox 2239 2942 2535 3005; x_wconf 87' lang='lat' dir='ltr'><strong>peccatum.</strong></span> <span class='ocrx_word' id='word_1_724' title='bbox 2565 2952 2584 2987; x_wconf 71' lang='grc' dir='ltr'><strong>ι</strong></span> <span class='ocrx_word' id='word_1_725' title='bbox 2599 2935 2846 3003; x_wconf 77' lang='lat' dir='ltr'><strong>Sextum,</strong></span> <span class='ocrx_word' id='word_1_726' title='bbox 2871 2955 2889 2988; x_wconf 77' lang='grc' dir='ltr'><strong>ι</strong></span> <span class='ocrx_word' id='word_1_727' title='bbox 2920 2936 3153 2995; x_wconf 87' lang='lat' dir='ltr'><strong>infantes</strong></span> <span class='ocrx_word' id='word_1_728' title='bbox 3169 2949 3452 3013; x_wconf 81' lang='lat' dir='ltr'><strong>antequam</strong></span> <span class='ocrx_word' id='word_1_729' title='bbox 3471 2943 3646 3016; x_wconf 88' lang='lat' dir='ltr'><strong>bapti-</strong></span> 
     </span>
    </p>
   </div>
   <div class='ocr_carea' id='block_1_93' title="bbox 2055 3031 3646 3119">
    <p class='ocr_par' dir='ltr' id='par_1_93' title="bbox 2055 3031 3646 3119">
     <span class='ocr_line' id='line_1_94' title="bbox 2055 3031 3646 3119; baseline 0.009 -41"><span class='ocrx_word' id='word_1_730' title='bbox 2055 3031 2244 3119; x_wconf 67' lang='lat' dir='ltr'><strong>zentur</strong></span> <span class='ocrx_word' id='word_1_731' title='bbox 2267 3065 2282 3090; x_wconf 93' lang='lat'><strong>,</strong></span> <span class='ocrx_word' id='word_1_732' title='bbox 2315 3034 2487 3081; x_wconf 89' lang='lat' dir='ltr'><strong>morte</strong></span> <span class='ocrx_word' id='word_1_733' title='bbox 2517 3037 2822 3119; x_wconf 76' lang='lat' dir='ltr'><strong>praeventas</strong></span> <span class='ocrx_word' id='word_1_734' title='bbox 2841 3068 2858 3095; x_wconf 95' lang='lat'><strong>,</strong></span> <span class='ocrx_word' id='word_1_735' title='bbox 2890 3032 3173 3100; x_wconf 82' lang='lat' dir='ltr'><strong>pervenire</strong></span> <span class='ocrx_word' id='word_1_736' title='bbox 3202 3049 3359 3104; x_wconf 88' lang='lat' dir='ltr'><strong>posse</strong></span> <span class='ocrx_word' id='word_1_737' title='bbox 3383 3036 3450 3092; x_wconf 90' lang='lat' dir='ltr'><strong>ad</strong></span> <span class='ocrx_word' id='word_1_738' title='bbox 3479 3038 3646 3110; x_wconf 88' lang='lat' dir='ltr'><strong>origi-</strong></span> 
     </span>
    </p>
   </div>
   <div class='ocr_carea' id='block_1_94' title="bbox 2056 3115 3648 3200">
    <p class='ocr_par' dir='ltr' id='par_1_94' title="bbox 2056 3115 3648 3200">
     <span class='ocr_line' id='line_1_95' title="bbox 2056 3115 3648 3200; baseline 0.01 -28"><span class='ocrx_word' id='word_1_739' title='bbox 2056 3115 2258 3172; x_wconf 81' lang='lat' dir='ltr'><strong>nalium</strong></span> <span class='ocrx_word' id='word_1_740' title='bbox 2288 3115 2668 3188; x_wconf 77' lang='lat' dir='ltr'><strong>indulgentiam</strong></span> <span class='ocrx_word' id='word_1_741' title='bbox 2699 3130 3061 3189; x_wconf 89' lang='lat' dir='ltr'><strong>peccatorum.</strong></span> <span class='ocrx_word' id='word_1_742' title='bbox 3086 3142 3108 3177; x_wconf 83' lang='grc'><strong>›</strong></span> <span class='ocrx_word' id='word_1_743' title='bbox 3132 3123 3452 3196; x_wconf 88' lang='lat' dir='ltr'><strong>Septimum,</strong></span> <span class='ocrx_word' id='word_1_744' title='bbox 3475 3131 3648 3200; x_wconf 68' lang='lat' dir='ltr'><strong>(Quos</strong></span> 
     </span>
    </p>
   </div>
   <div class='ocr_carea' id='block_1_95' title="bbox 2056 3207 3631 3292">
    <p class='ocr_par' dir='ltr' id='par_1_95' title="bbox 2056 3207 3631 3292">
     <span class='ocr_line' id='line_1_96' title="bbox 2056 3207 3631 3292; baseline 0.012 -30"><span class='ocrx_word' id='word_1_745' title='bbox 2056 3207 2312 3262; x_wconf 89' lang='lat' dir='ltr'><strong>Dominus</strong></span> <span class='ocrx_word' id='word_1_746' title='bbox 2357 3209 2754 3279; x_wconf 66' lang='lat' dir='ltr'><strong>pra&#39;destinavit</strong></span> <span class='ocrx_word' id='word_1_747' title='bbox 2795 3213 2865 3268; x_wconf 89' lang='lat' dir='ltr'><strong>ad</strong></span> <span class='ocrx_word' id='word_1_748' title='bbox 2906 3213 3266 3286; x_wconf 88' lang='lat' dir='ltr'><strong>Baptismum,</strong></span> <span class='ocrx_word' id='word_1_749' title='bbox 3299 3223 3631 3292; x_wconf 47' lang='lat' dir='ltr'><strong>praidestiua.</strong></span> 
     </span>
    </p>
   </div>
   <div class='ocr_carea' id='block_1_96' title="bbox 2057 3299 3645 3384">
    <p class='ocr_par' dir='ltr' id='par_1_96' title="bbox 2057 3299 3645 3384">
     <span class='ocr_line' id='line_1_97' title="bbox 2057 3299 3645 3384; baseline 0.012 -32"><span class='ocrx_word' id='word_1_750' title='bbox 2057 3299 2188 3354; x_wconf 91' lang='lat' dir='ltr'><strong>tioni</strong></span> <span class='ocrx_word' id='word_1_751' title='bbox 2229 3299 2344 3370; x_wconf 83' lang='lat' dir='ltr'><strong>ejus</strong></span> <span class='ocrx_word' id='word_1_752' title='bbox 2389 3300 2518 3369; x_wconf 87' lang='lat' dir='ltr'><strong>eripi</strong></span> <span class='ocrx_word' id='word_1_753' title='bbox 2563 3315 2754 3371; x_wconf 88' lang='lat' dir='ltr'><strong>posse,</strong></span> <span class='ocrx_word' id='word_1_754' title='bbox 2783 3312 2836 3358; x_wconf 86' lang='lat' dir='ltr'><strong>et</strong></span> <span class='ocrx_word' id='word_1_755' title='bbox 2863 3313 2986 3361; x_wconf 86' lang='lat' dir='ltr'><strong>ante</strong></span> <span class='ocrx_word' id='word_1_756' title='bbox 3011 3307 3225 3381; x_wconf 84' lang='lat' dir='ltr'><strong>defungi</strong></span> <span class='ocrx_word' id='word_1_757' title='bbox 3250 3352 3264 3377; x_wconf 93' lang='lat'><strong>,</strong></span> <span class='ocrx_word' id='word_1_758' title='bbox 3297 3328 3456 3384; x_wconf 88' lang='lat' dir='ltr'><strong>quam</strong></span> <span class='ocrx_word' id='word_1_759' title='bbox 3485 3315 3538 3370; x_wconf 92' lang='lat' dir='ltr'><strong>in</strong></span> <span class='ocrx_word' id='word_1_760' title='bbox 3563 3319 3645 3372; x_wconf 86' lang='lat' dir='ltr'><strong>eis</strong></span> 
     </span>
    </p>
   </div>
   <div class='ocr_carea' id='block_1_97' title="bbox 2056 3387 3640 3473">
    <p class='ocr_par' dir='ltr' id='par_1_97' title="bbox 2056 3387 3640 3473">
     <span class='ocr_line' id='line_1_98' title="bbox 2056 3387 3640 3473; baseline 0.013 -32"><span class='ocrx_word' id='word_1_761' title='bbox 2056 3387 2214 3444; x_wconf 89' lang='lat' dir='ltr'><strong>fuerit</strong></span> <span class='ocrx_word' id='word_1_762' title='bbox 2261 3390 2400 3460; x_wconf 91' lang='lat' dir='ltr'><strong>quod</strong></span> <span class='ocrx_word' id='word_1_763' title='bbox 2442 3390 2792 3462; x_wconf 89' lang='lat' dir='ltr'><strong>Omnipotens</strong></span> <span class='ocrx_word' id='word_1_764' title='bbox 2837 3396 3236 3464; x_wconf 65' lang='lat' dir='ltr'><strong>praedestinavit</strong></span> <span class='ocrx_word' id='word_1_765' title='bbox 3287 3401 3580 3473; x_wconf 91' lang='lat' dir='ltr'><strong>impletum.</strong></span> <span class='ocrx_word' id='word_1_766' title='bbox 3620 3427 3640 3460; x_wconf 73' lang='grc' dir='ltr'><strong><em>ο</em></strong></span> 
     </span>
    </p>
   </div>
   <div class='ocr_carea' id='block_1_98' title="bbox 2053 3479 3646 3562">
    <p class='ocr_par' dir='ltr' id='par_1_98' title="bbox 2053 3479 3646 3562">
     <span class='ocr_line' id='line_1_99' title="bbox 2053 3479 3646 3562; baseline 0.013 -28"><span class='ocrx_word' id='word_1_767' title='bbox 2053 3479 2309 3536; x_wconf 82' lang='lat' dir='ltr'><strong>Octavum</strong></span> <span class='ocrx_word' id='word_1_768' title='bbox 2336 3523 2350 3547; x_wconf 95' lang='lat'><strong>,</strong></span> <span class='ocrx_word' id='word_1_769' title='bbox 2387 3500 2407 3534; x_wconf 71' lang='grc' dir='ltr'><strong>ι</strong></span> <span class='ocrx_word' id='word_1_770' title='bbox 2445 3483 2516 3537; x_wconf 87' lang='lat' dir='ltr'><strong>De</strong></span> <span class='ocrx_word' id='word_1_771' title='bbox 2541 3483 2934 3557; x_wconf 65' lang='lat' dir='ltr'><strong>infantibus&#39;qui</strong></span> <span class='ocrx_word' id='word_1_772' title='bbox 2953 3490 3266 3562; x_wconf 78' lang='lat' dir='ltr'><strong>priusquam</strong></span> <span class='ocrx_word' id='word_1_773' title='bbox 3297 3507 3646 3554; x_wconf 74' lang='lat' dir='ltr'><strong>rcuascnntur</strong></span> 
     </span>
    </p>
   </div>
   <div class='ocr_carea' id='block_1_99' title="bbox 2055 3574 3642 3657">
    <p class='ocr_par' dir='ltr' id='par_1_99' title="bbox 2055 3574 3642 3657">
     <span class='ocr_line' id='line_1_100' title="bbox 2055 3574 3642 3657; baseline 0.011 -27"><span class='ocrx_word' id='word_1_774' title='bbox 2055 3576 2108 3630; x_wconf 93' lang='lat' dir='ltr'><strong>in</strong></span> <span class='ocrx_word' id='word_1_775' title='bbox 2155 3574 2408 3645; x_wconf 83' lang='lat' dir='ltr'><strong>Christo,</strong></span> <span class='ocrx_word' id='word_1_776' title='bbox 2465 3577 2862 3646; x_wconf 63' lang='lat' dir='ltr'><strong>praeveniuntur</strong></span> <span class='ocrx_word' id='word_1_777' title='bbox 2906 3581 3160 3650; x_wconf 89' lang='lat' dir='ltr'><strong>occiduo,</strong></span> <span class='ocrx_word' id='word_1_778' title='bbox 3203 3586 3456 3656; x_wconf 88' lang='lat' dir='ltr'><strong>scriptum</strong></span> <span class='ocrx_word' id='word_1_779' title='bbox 3485 3605 3642 3657; x_wconf 86' lang='lat' dir='ltr'><strong>esse,</strong></span> 
     </span>
    </p>
   </div>
   <div class='ocr_carea' id='block_1_100' title="bbox 2057 3665 3646 3737">
    <p class='ocr_par' dir='ltr' id='par_1_100' title="bbox 2057 3665 3646 3737">
     <span class='ocr_line' id='line_1_101' title="bbox 2057 3665 3646 3737; baseline 0.011 -17"><span class='ocrx_word' id='word_1_780' title='bbox 2057 3665 2254 3737; x_wconf 77' lang='lat' dir='ltr'><strong>Raptus</strong></span> <span class='ocrx_word' id='word_1_781' title='bbox 2300 3676 2371 3722; x_wconf 72' lang='lat' dir='ltr'><strong>est</strong></span> <span class='ocrx_word' id='word_1_782' title='bbox 2417 3683 2480 3720; x_wconf 85' lang='lat' dir='ltr'><strong>ne</strong></span> <span class='ocrx_word' id='word_1_783' title='bbox 2520 3668 2716 3722; x_wconf 78' lang='lat' dir='ltr'><strong>malitia</strong></span> <span class='ocrx_word' id='word_1_784' title='bbox 2745 3679 2957 3725; x_wconf 77' lang='lat' dir='ltr'><strong>mutaret</strong></span> <span class='ocrx_word' id='word_1_785' title='bbox 2986 3672 3456 3734; x_wconf 74' lang='lat' dir='ltr'><strong>iutellectuntillius</strong></span> <span class='ocrx_word' id='word_1_786' title='bbox 3484 3696 3504 3734; x_wconf 90' lang='lat'><strong><em>:</em></strong></span> <span class='ocrx_word' id='word_1_787' title='bbox 3537 3700 3557 3734; x_wconf 75' lang='grc' dir='ltr'><strong>ι</strong></span> <span class='ocrx_word' id='word_1_788' title='bbox 3591 3691 3646 3737; x_wconf 86' lang='lat' dir='ltr'><strong>et</strong></span> 
     </span>
    </p>
   </div>
   <div class='ocr_carea' id='block_1_101' title="bbox 2053 3758 3646 3838">
    <p class='ocr_par' dir='ltr' id='par_1_101' title="bbox 2053 3758 3646 3838">
     <span class='ocr_line' id='line_1_102' title="bbox 2053 3758 3646 3838; baseline 0.009 -25"><span class='ocrx_word' id='word_1_789' title='bbox 2053 3767 2275 3813; x_wconf 70' lang='lat' dir='ltr'><strong>caeterea</strong></span> <span class='ocrx_word' id='word_1_790' title='bbox 2318 3774 2437 3828; x_wconf 71' lang='lat' dir='ltr'><strong>qua:</strong></span> <span class='ocrx_word' id='word_1_791' title='bbox 2483 3758 2536 3814; x_wconf 91' lang='lat' dir='ltr'><strong>in</strong></span> <span class='ocrx_word' id='word_1_792' title='bbox 2584 3775 2701 3815; x_wconf 90' lang='lat' dir='ltr'><strong>eam</strong></span> <span class='ocrx_word' id='word_1_793' title='bbox 2749 3763 3066 3818; x_wconf 86' lang='lat' dir='ltr'><strong>sententiam</strong></span> <span class='ocrx_word' id='word_1_794' title='bbox 3112 3763 3165 3820; x_wconf 91' lang='lat' dir='ltr'><strong>in</strong></span> <span class='ocrx_word' id='word_1_795' title='bbox 3194 3766 3479 3838; x_wconf 69' lang='lat' dir='ltr'><strong>Sapientia:</strong></span> <span class='ocrx_word' id='word_1_796' title='bbox 3505 3772 3646 3828; x_wconf 87' lang='lat' dir='ltr'><strong>libro</strong></span> 
     </span>
    </p>
   </div>
   <div class='ocr_carea' id='block_1_102' title="bbox 2056 3847 3644 3922">
    <p class='ocr_par' dir='ltr' id='par_1_102' title="bbox 2056 3847 3644 3922">
     <span class='ocr_line' id='line_1_103' title="bbox 2056 3847 3644 3922; baseline 0.013 -22"><span class='ocrx_word' id='word_1_797' title='bbox 2056 3847 2320 3917; x_wconf 85' lang='lat' dir='ltr'><strong>leguntur.</strong></span> <span class='ocrx_word' id='word_1_798' title='bbox 2370 3847 2610 3917; x_wconf 83' lang='lat' dir='ltr'><strong>Nonum,</strong></span> <span class='ocrx_word' id='word_1_799' title='bbox 2665 3868 2684 3902; x_wconf 78' lang='grc' dir='ltr'><strong>ι</strong></span> <span class='ocrx_word' id='word_1_800' title='bbox 2719 3851 2938 3922; x_wconf 75' lang='lat' dir='ltr'><strong>Aliquae</strong></span> <span class='ocrx_word' id='word_1_801' title='bbox 2989 3857 3294 3915; x_wconf 88' lang='lat' dir='ltr'><strong>mansiones</strong></span> <span class='ocrx_word' id='word_1_802' title='bbox 3343 3876 3466 3918; x_wconf 84' lang='lat' dir='ltr'><strong>esse</strong></span> <span class='ocrx_word' id='word_1_803' title='bbox 3493 3875 3644 3920; x_wconf 85' lang='lat' dir='ltr'><strong>extra</strong></span> 
     </span>
    </p>
   </div>
   <div class='ocr_carea' id='block_1_103' title="bbox 2053 3941 3644 4014">
    <p class='ocr_par' dir='ltr' id='par_1_103' title="bbox 2053 3941 3644 4014">
     <span class='ocr_line' id='line_1_104' title="bbox 2053 3941 3644 4014; baseline 0.011 -21"><span class='ocrx_word' id='word_1_804' title='bbox 2053 3955 2276 4010; x_wconf 85' lang='lat' dir='ltr'><strong>regnum</strong></span> <span class='ocrx_word' id='word_1_805' title='bbox 2305 3941 2426 4006; x_wconf 85' lang='lat' dir='ltr'><strong>Dei,</strong></span> <span class='ocrx_word' id='word_1_806' title='bbox 2457 3957 2639 3996; x_wconf 81' lang='lat' dir='ltr'><strong>carum</strong></span> <span class='ocrx_word' id='word_1_807' title='bbox 2669 3958 2800 4014; x_wconf 91' lang='lat' dir='ltr'><strong>quas</strong></span> <span class='ocrx_word' id='word_1_808' title='bbox 2832 3944 3086 4002; x_wconf 83' lang='lat' dir='ltr'><strong>Dominus</strong></span> <span class='ocrx_word' id='word_1_809' title='bbox 3110 3964 3230 4006; x_wconf 91' lang='lat' dir='ltr'><strong>esse</strong></span> <span class='ocrx_word' id='word_1_810' title='bbox 3249 3951 3382 4007; x_wconf 82' lang='lat' dir='ltr'><strong>dixit</strong></span> <span class='ocrx_word' id='word_1_811' title='bbox 3407 3955 3461 4011; x_wconf 92' lang='lat' dir='ltr'><strong>in</strong></span> <span class='ocrx_word' id='word_1_812' title='bbox 3481 3955 3644 4012; x_wconf 88' lang='lat' dir='ltr'><strong>domo</strong></span> 
     </span>
    </p>
   </div>
   <div class='ocr_carea' id='block_1_104' title="bbox 2056 4029 3644 4104">
    <p class='ocr_par' dir='ltr' id='par_1_104' title="bbox 2056 4029 3644 4104">
     <span class='ocr_line' id='line_1_105' title="bbox 2056 4029 3644 4104; baseline 0.012 -21"><span class='ocrx_word' id='word_1_813' title='bbox 2056 4029 2226 4086; x_wconf 89' lang='lat' dir='ltr'><strong>Patris</strong></span> <span class='ocrx_word' id='word_1_814' title='bbox 2255 4031 2357 4086; x_wconf 87' lang='lat' dir='ltr'><strong>sui.</strong></span> <span class='ocrx_word' id='word_1_815' title='bbox 2395 4051 2415 4084; x_wconf 71' lang='grc' dir='ltr'><strong>ι</strong></span> <span class='ocrx_word' id='word_1_816' title='bbox 2442 4029 2716 4088; x_wconf 86' lang='lat' dir='ltr'><strong>Decimum</strong></span> <span class='ocrx_word' id='word_1_817' title='bbox 2743 4044 2826 4089; x_wconf 90' lang='lat' dir='ltr'><strong>est</strong></span> <span class='ocrx_word' id='word_1_818' title='bbox 2849 4075 2864 4102; x_wconf 93' lang='lat'><strong>,</strong></span> <span class='ocrx_word' id='word_1_819' title='bbox 2902 4054 2922 4088; x_wconf 72' lang='grc' dir='ltr'><strong>ι</strong></span> <span class='ocrx_word' id='word_1_820' title='bbox 2955 4037 3286 4096; x_wconf 87' lang='lat' dir='ltr'><strong>Sacrificium</strong></span> <span class='ocrx_word' id='word_1_821' title='bbox 3317 4043 3644 4104; x_wconf 65' lang='lat' dir='ltr'><strong>Christianm</strong></span> 
     </span>
    </p>
   </div>
   <div class='ocr_carea' id='block_1_105' title="bbox 2054 4125 3646 4203">
    <p class='ocr_par' dir='ltr' id='par_1_105' title="bbox 2054 4125 3646 4203">
     <span class='ocr_line' id='line_1_106' title="bbox 2054 4125 3646 4203; baseline 0.009 -25"><span class='ocrx_word' id='word_1_822' title='bbox 2054 4139 2172 4179; x_wconf 90' lang='lat' dir='ltr'><strong>rum</strong></span> <span class='ocrx_word' id='word_1_823' title='bbox 2217 4139 2313 4194; x_wconf 91' lang='lat' dir='ltr'><strong>pro</strong></span> <span class='ocrx_word' id='word_1_824' title='bbox 2338 4125 2417 4180; x_wconf 92' lang='lat' dir='ltr'><strong>eis</strong></span> <span class='ocrx_word' id='word_1_825' title='bbox 2443 4127 2530 4194; x_wconf 90' lang='lat' dir='ltr'><strong>qui</strong></span> <span class='ocrx_word' id='word_1_826' title='bbox 2560 4142 2664 4181; x_wconf 89' lang='lat' dir='ltr'><strong>non</strong></span> <span class='ocrx_word' id='word_1_827' title='bbox 2695 4127 2946 4198; x_wconf 85' lang='lat' dir='ltr'><strong>baptizati</strong></span> <span class='ocrx_word' id='word_1_828' title='bbox 2973 4130 3041 4186; x_wconf 91' lang='lat' dir='ltr'><strong>de</strong></span> <span class='ocrx_word' id='word_1_829' title='bbox 3064 4146 3290 4203; x_wconf 89' lang='lat' dir='ltr'><strong>corpore</strong></span> <span class='ocrx_word' id='word_1_830' title='bbox 3313 4135 3542 4194; x_wconf 87' lang='lat' dir='ltr'><strong>exierint</strong></span> <span class='ocrx_word' id='word_1_831' title='bbox 3567 4141 3646 4194; x_wconf 81' lang='lat' dir='ltr'><strong>of-</strong></span> 
     </span>
    </p>
   </div>
   <div class='ocr_carea' id='block_1_106' title="bbox 2054 4215 3646 4301">
    <p class='ocr_par' dir='ltr' id='par_1_106' title="bbox 2054 4215 3646 4301">
     <span class='ocr_line' id='line_1_107' title="bbox 2054 4215 3646 4301; baseline 0.013 -32"><span class='ocrx_word' id='word_1_832' title='bbox 2054 4215 2351 4272; x_wconf 88' lang='lat' dir='ltr'><strong>ferendum.</strong></span> <span class='ocrx_word' id='word_1_833' title='bbox 2399 4233 2420 4268; x_wconf 72' lang='grc' dir='ltr'><strong>ι</strong></span> <span class='ocrx_word' id='word_1_834' title='bbox 2472 4217 2815 4274; x_wconf 89' lang='lat' dir='ltr'><strong>Undecimum</strong></span> <span class='ocrx_word' id='word_1_835' title='bbox 2835 4255 2852 4286; x_wconf 84' lang='lat'><strong>,</strong></span> <span class='ocrx_word' id='word_1_836' title='bbox 2889 4240 2910 4274; x_wconf 80' lang='grc' dir='ltr'><strong>ι</strong></span> <span class='ocrx_word' id='word_1_837' title='bbox 2943 4221 3164 4294; x_wconf 84' lang='lat' dir='ltr'><strong>Aliquos</strong></span> <span class='ocrx_word' id='word_1_838' title='bbox 3193 4241 3379 4284; x_wconf 90' lang='lat' dir='ltr'><strong>eorum</strong></span> <span class='ocrx_word' id='word_1_839' title='bbox 3405 4232 3495 4301; x_wconf 89' lang='lat' dir='ltr'><strong>qui</strong></span> <span class='ocrx_word' id='word_1_840' title='bbox 3523 4233 3646 4290; x_wconf 89' lang='lat' dir='ltr'><strong>sine</strong></span> 
     </span>
    </p>
   </div>
   <div class='ocr_carea' id='block_1_107' title="bbox 2054 4309 3646 4387">
    <p class='ocr_par' dir='ltr' id='par_1_107' title="bbox 2054 4309 3646 4387">
     <span class='ocr_line' id='line_1_108' title="bbox 2054 4309 3646 4387; baseline 0.009 -21"><span class='ocrx_word' id='word_1_841' title='bbox 2054 4311 2324 4381; x_wconf 84' lang='lat' dir='ltr'><strong>Baptsmo</strong></span> <span class='ocrx_word' id='word_1_842' title='bbox 2369 4309 2566 4365; x_wconf 72' lang='lat' dir='ltr'><strong>Christi</strong></span> <span class='ocrx_word' id='word_1_843' title='bbox 2605 4327 2671 4366; x_wconf 81' lang='lat' dir='ltr'><strong>ex</strong></span> <span class='ocrx_word' id='word_1_844' title='bbox 2715 4312 2814 4368; x_wconf 91' lang='lat' dir='ltr'><strong>hac</strong></span> <span class='ocrx_word' id='word_1_845' title='bbox 2844 4315 2950 4368; x_wconf 88' lang='lat' dir='ltr'><strong>vita</strong></span> <span class='ocrx_word' id='word_1_846' title='bbox 2980 4317 3356 4386; x_wconf 81' lang='lat' dir='ltr'><strong>emigraverint</strong></span> <span class='ocrx_word' id='word_1_847' title='bbox 3382 4361 3397 4387; x_wconf 91' lang='lat'><strong>,</strong></span> <span class='ocrx_word' id='word_1_848' title='bbox 3430 4322 3646 4380; x_wconf 85' lang='lat' dir='ltr'><strong>interim</strong></span> 
     </span>
    </p>
   </div>
   <div class='ocr_carea' id='block_1_108' title="bbox 2055 4401 3634 4482">
    <p class='ocr_par' dir='ltr' id='par_1_108' title="bbox 2055 4401 3634 4482">
     <span class='ocr_line' id='line_1_109' title="bbox 2055 4401 3634 4482; baseline 0.011 -28"><span class='ocrx_word' id='word_1_849' title='bbox 2055 4417 2160 4454; x_wconf 84' lang='lat' dir='ltr'><strong>non</strong></span> <span class='ocrx_word' id='word_1_850' title='bbox 2201 4404 2278 4456; x_wconf 89' lang='lat' dir='ltr'><strong>ire</strong></span> <span class='ocrx_word' id='word_1_851' title='bbox 2309 4401 2360 4455; x_wconf 89' lang='lat' dir='ltr'><strong>in</strong></span> <span class='ocrx_word' id='word_1_852' title='bbox 2396 4416 2614 4471; x_wconf 85' lang='lat' dir='ltr'><strong>regnum</strong></span> <span class='ocrx_word' id='word_1_853' title='bbox 2634 4443 2650 4468; x_wconf 94' lang='lat'><strong>,</strong></span> <span class='ocrx_word' id='word_1_854' title='bbox 2681 4402 2775 4458; x_wconf 89' lang='lat' dir='ltr'><strong>sed</strong></span> <span class='ocrx_word' id='word_1_855' title='bbox 2806 4405 2858 4458; x_wconf 93' lang='lat' dir='ltr'><strong>in</strong></span> <span class='ocrx_word' id='word_1_856' title='bbox 2888 4407 3190 4476; x_wconf 87' lang='lat' dir='ltr'><strong>paradisum</strong></span> <span class='ocrx_word' id='word_1_857' title='bbox 3219 4425 3234 4476; x_wconf 89' lang='lat'><strong>;</strong></span> <span class='ocrx_word' id='word_1_858' title='bbox 3264 4420 3448 4481; x_wconf 87' lang='lat' dir='ltr'><strong>postea</strong></span> <span class='ocrx_word' id='word_1_859' title='bbox 3476 4431 3634 4482; x_wconf 86' lang='lat' dir='ltr'><strong>vero,</strong></span> 
     </span>
    </p>
   </div>
   <div class='ocr_carea' id='block_1_109' title="bbox 2055 4494 3640 4572">
    <p class='ocr_par' dir='ltr' id='par_1_109' title="bbox 2055 4494 3640 4572">
     <span class='ocr_line' id='line_1_110' title="bbox 2055 4494 3640 4572; baseline 0.01 -26"><span class='ocrx_word' id='word_1_860' title='bbox 2055 4494 2106 4547; x_wconf 92' lang='lat' dir='ltr'><strong>in</strong></span> <span class='ocrx_word' id='word_1_861' title='bbox 2139 4494 2528 4548; x_wconf 83' lang='lat' dir='ltr'><strong>resurrectione</strong></span> <span class='ocrx_word' id='word_1_862' title='bbox 2555 4504 2906 4563; x_wconf 88' lang='lat' dir='ltr'><strong>mortuorum,</strong></span> <span class='ocrx_word' id='word_1_863' title='bbox 2937 4497 3098 4555; x_wconf 88' lang='lat' dir='ltr'><strong>etiam</strong></span> <span class='ocrx_word' id='word_1_864' title='bbox 3123 4499 3190 4556; x_wconf 90' lang='lat' dir='ltr'><strong>ad</strong></span> <span class='ocrx_word' id='word_1_865' title='bbox 3211 4503 3360 4572; x_wconf 85' lang='lat' dir='ltr'><strong>regni</strong></span> <span class='ocrx_word' id='word_1_866' title='bbox 3381 4505 3640 4564; x_wconf 63' lang='lat' dir='ltr'><strong>caelorum</strong></span> 
     </span>
    </p>
   </div>
   <div class='ocr_carea' id='block_1_110' title="bbox 2053 4584 2812 4656">
    <p class='ocr_par' dir='ltr' id='par_1_110' title="bbox 2053 4584 2812 4656">
     <span class='ocr_line' id='line_1_111' title="bbox 2053 4584 2812 4656; baseline 0 -16"><span class='ocrx_word' id='word_1_867' title='bbox 2053 4584 2432 4640; x_wconf 88' lang='lat' dir='ltr'><strong>beatitudinem</strong></span> <span class='ocrx_word' id='word_1_868' title='bbox 2462 4587 2760 4656; x_wconf 84' lang='lat' dir='ltr'><strong>pervenire.</strong></span> <span class='ocrx_word' id='word_1_869' title='bbox 2792 4605 2812 4640; x_wconf 74' lang='grc' dir='ltr'><strong>ι</strong></span> 
     </span>
    </p>
   </div>
   <div class='ocr_carea' id='block_1_111' title="bbox 2123 4675 3641 4759">
    <p class='ocr_par' dir='ltr' id='par_1_111' title="bbox 2123 4675 3641 4759">
     <span class='ocr_line' id='line_1_112' title="bbox 2123 4675 3641 4759; baseline 0.011 -31"><span class='ocrx_word' id='word_1_870' title='bbox 2123 4675 2212 4728; x_wconf 75' lang='grc'><strong>23.</strong></span> <span class='ocrx_word' id='word_1_871' title='bbox 2268 4675 2392 4730; x_wconf 74' lang='lat' dir='ltr'><strong>llaec</strong></span> <span class='ocrx_word' id='word_1_872' title='bbox 2435 4676 2646 4731; x_wconf 91' lang='lat' dir='ltr'><strong>interim</strong></span> <span class='ocrx_word' id='word_1_873' title='bbox 2675 4677 2922 4734; x_wconf 90' lang='lat' dir='ltr'><strong>undecim</strong></span> <span class='ocrx_word' id='word_1_874' title='bbox 2950 4681 3174 4738; x_wconf 90' lang='lat' dir='ltr'><strong>multum</strong></span> <span class='ocrx_word' id='word_1_875' title='bbox 3201 4696 3487 4756; x_wconf 87' lang='lat' dir='ltr'><strong>aperteque</strong></span> <span class='ocrx_word' id='word_1_876' title='bbox 3514 4703 3641 4759; x_wconf 87' lang='lat' dir='ltr'><strong>pcr-</strong></span> 
     </span>
    </p>
   </div>
   <div class='ocr_carea' id='block_1_112' title="bbox 2053 4767 3642 4846">
    <p class='ocr_par' dir='ltr' id='par_1_112' title="bbox 2053 4767 3642 4846">
     <span class='ocr_line' id='line_1_113' title="bbox 2053 4767 3642 4846; baseline 0.009 -24"><span class='ocrx_word' id='word_1_877' title='bbox 2053 4783 2206 4824; x_wconf 79' lang='lat' dir='ltr'><strong>versa</strong></span> <span class='ocrx_word' id='word_1_878' title='bbox 2228 4809 2242 4832; x_wconf 93' lang='lat'><strong>,</strong></span> <span class='ocrx_word' id='word_1_879' title='bbox 2273 4777 2326 4822; x_wconf 92' lang='lat' dir='ltr'><strong>et</strong></span> <span class='ocrx_word' id='word_1_880' title='bbox 2358 4767 2478 4822; x_wconf 82' lang='lat' dir='ltr'><strong>ﬁdei</strong></span> <span class='ocrx_word' id='word_1_881' title='bbox 2499 4768 2774 4825; x_wconf 67' lang='lat' dir='ltr'><strong>catholicae</strong></span> <span class='ocrx_word' id='word_1_882' title='bbox 2795 4771 3018 4828; x_wconf 86' lang='lat' dir='ltr'><strong>adversa</strong></span> <span class='ocrx_word' id='word_1_883' title='bbox 3038 4814 3054 4840; x_wconf 94' lang='lat'><strong>,</strong></span> <span class='ocrx_word' id='word_1_884' title='bbox 3077 4789 3215 4830; x_wconf 87' lang='lat' dir='ltr'><strong>nunc</strong></span> <span class='ocrx_word' id='word_1_885' title='bbox 3230 4779 3338 4846; x_wconf 84' lang='lat' dir='ltr'><strong>jam</strong></span> <span class='ocrx_word' id='word_1_886' title='bbox 3361 4780 3490 4833; x_wconf 87' lang='lat' dir='ltr'><strong>nihil</strong></span> <span class='ocrx_word' id='word_1_887' title='bbox 3511 4796 3642 4836; x_wconf 84' lang='lat' dir='ltr'><strong>cun-</strong></span> 
     </span>
    </p>
   </div>
   <div class='ocr_carea' id='block_1_113' title="bbox 2052 4860 3636 4941">
    <p class='ocr_par' dir='ltr' id='par_1_113' title="bbox 2052 4860 3636 4941">
     <span class='ocr_line' id='line_1_114' title="bbox 2052 4860 3636 4941; baseline 0.008 -25"><span class='ocrx_word' id='word_1_888' title='bbox 2052 4860 2214 4916; x_wconf 87' lang='lat' dir='ltr'><strong>cteris</strong></span> <span class='ocrx_word' id='word_1_889' title='bbox 2259 4861 2553 4928; x_wconf 84' lang='lat' dir='ltr'><strong>exstirpare</strong></span> <span class='ocrx_word' id='word_1_890' title='bbox 2599 4870 2756 4932; x_wconf 85' lang='lat' dir='ltr'><strong>atque</strong></span> <span class='ocrx_word' id='word_1_891' title='bbox 2785 4862 3017 4932; x_wconf 84' lang='lat' dir='ltr'><strong>abjicere</strong></span> <span class='ocrx_word' id='word_1_892' title='bbox 3039 4865 3108 4920; x_wconf 89' lang='lat' dir='ltr'><strong>ab</strong></span> <span class='ocrx_word' id='word_1_893' title='bbox 3131 4865 3309 4921; x_wconf 89' lang='lat' dir='ltr'><strong>animo</strong></span> <span class='ocrx_word' id='word_1_894' title='bbox 3329 4910 3344 4934; x_wconf 94' lang='lat'><strong>,</strong></span> <span class='ocrx_word' id='word_1_895' title='bbox 3373 4885 3404 4923; x_wconf 90' lang='lat' dir='ltr'><strong>a</strong></span> <span class='ocrx_word' id='word_1_896' title='bbox 3435 4871 3599 4928; x_wconf 80' lang='lat' dir='ltr'><strong>verbo</strong></span> <span class='ocrx_word' id='word_1_897' title='bbox 3619 4914 3636 4941; x_wconf 92' lang='lat'><strong>,</strong></span> 
     </span>
    </p>
   </div>
   <div class='ocr_carea' id='block_1_114' title="bbox 2052 4951 3640 5021">
    <p class='ocr_par' dir='ltr' id='par_1_114' title="bbox 2052 4951 3640 5021">
     <span class='ocr_line' id='line_1_115' title="bbox 2052 4951 3640 5021; baseline 0.009 -14"><span class='ocrx_word' id='word_1_898' title='bbox 2052 4951 2121 5007; x_wconf 89' lang='lat' dir='ltr'><strong>ab</strong></span> <span class='ocrx_word' id='word_1_899' title='bbox 2154 4952 2276 5006; x_wconf 90' lang='lat' dir='ltr'><strong>stilo</strong></span> <span class='ocrx_word' id='word_1_900' title='bbox 2316 4961 2440 5018; x_wconf 82' lang='lat' dir='ltr'><strong>tuo;</strong></span> <span class='ocrx_word' id='word_1_901' title='bbox 2470 4953 2513 5006; x_wconf 91' lang='lat' dir='ltr'><strong>si</strong></span> <span class='ocrx_word' id='word_1_902' title='bbox 2539 4954 2619 5008; x_wconf 88' lang='lat' dir='ltr'><strong>vis</strong></span> <span class='ocrx_word' id='word_1_903' title='bbox 2648 4961 2706 5008; x_wconf 90' lang='lat' dir='ltr'><strong>ut</strong></span> <span class='ocrx_word' id='word_1_904' title='bbox 2734 4962 2802 5018; x_wconf 88' lang='lat' dir='ltr'><strong>te,</strong></span> <span class='ocrx_word' id='word_1_905' title='bbox 2825 4970 2931 5010; x_wconf 91' lang='lat' dir='ltr'><strong>non</strong></span> <span class='ocrx_word' id='word_1_906' title='bbox 2961 4957 3132 5012; x_wconf 89' lang='lat' dir='ltr'><strong>solum</strong></span> <span class='ocrx_word' id='word_1_907' title='bbox 3157 4959 3222 5014; x_wconf 92' lang='lat' dir='ltr'><strong>ad</strong></span> <span class='ocrx_word' id='word_1_908' title='bbox 3249 4960 3434 5017; x_wconf 88' lang='lat' dir='ltr'><strong>altaria</strong></span> <span class='ocrx_word' id='word_1_909' title='bbox 3466 4973 3640 5021; x_wconf 78' lang='lat' dir='ltr'><strong>trans-</strong></span> 
     </span>
    </p>
   </div>
   <div class='ocr_carea' id='block_1_115' title="bbox 2054 5042 3634 5122">
    <p class='ocr_par' dir='ltr' id='par_1_115' title="bbox 2054 5042 3634 5122">
     <span class='ocr_line' id='line_1_116' title="bbox 2054 5042 3634 5122; baseline 0.01 -25"><span class='ocrx_word' id='word_1_910' title='bbox 2054 5043 2158 5097; x_wconf 58' lang='lat' dir='ltr'><strong>isse</strong></span> <span class='ocrx_word' id='word_1_911' title='bbox 2187 5042 2444 5096; x_wconf 83' lang='lat' dir='ltr'><strong>catholica</strong></span> <span class='ocrx_word' id='word_1_912' title='bbox 2465 5082 2480 5107; x_wconf 92' lang='lat'><strong>,</strong></span> <span class='ocrx_word' id='word_1_913' title='bbox 2537 5042 2632 5098; x_wconf 89' lang='lat' dir='ltr'><strong>sed</strong></span> <span class='ocrx_word' id='word_1_914' title='bbox 2657 5059 2782 5098; x_wconf 87' lang='lat' dir='ltr'><strong>vere</strong></span> <span class='ocrx_word' id='word_1_915' title='bbox 2806 5044 3123 5101; x_wconf 86' lang='lat' dir='ltr'><strong>catholicum</strong></span> <span class='ocrx_word' id='word_1_916' title='bbox 3151 5065 3270 5105; x_wconf 85' lang='lat' dir='ltr'><strong>esse</strong></span> <span class='ocrx_word' id='word_1_917' title='bbox 3289 5053 3634 5122; x_wconf 81' lang='lat' dir='ltr'><strong>gaudeamus.</strong></span> 
     </span>
    </p>
   </div>
   <div class='ocr_carea' id='block_1_116' title="bbox 2053 5132 3641 5214">
    <p class='ocr_par' dir='ltr' id='par_1_116' title="bbox 2053 5132 3641 5214">
     <span class='ocr_line' id='line_1_117' title="bbox 2053 5132 3641 5214; baseline 0.009 -26"><span class='ocrx_word' id='word_1_918' title='bbox 2053 5133 2182 5191; x_wconf 85' lang='lat' dir='ltr'><strong>Nam</strong></span> <span class='ocrx_word' id='word_1_919' title='bbox 2229 5132 2343 5190; x_wconf 86' lang='lat' dir='ltr'><strong>h.ec</strong></span> <span class='ocrx_word' id='word_1_920' title='bbox 2385 5136 2427 5188; x_wconf 92' lang='lat' dir='ltr'><strong>si</strong></span> <span class='ocrx_word' id='word_1_921' title='bbox 2478 5136 2816 5205; x_wconf 85' lang='lat' dir='ltr'><strong>pertinaciter</strong></span> <span class='ocrx_word' id='word_1_922' title='bbox 2861 5138 3065 5208; x_wconf 85' lang='lat' dir='ltr'><strong>singula</strong></span> <span class='ocrx_word' id='word_1_923' title='bbox 3112 5141 3505 5214; x_wconf 87' lang='lat' dir='ltr'><strong>defendamur,</strong></span> <span class='ocrx_word' id='word_1_924' title='bbox 3559 5158 3641 5206; x_wconf 87' lang='lat' dir='ltr'><strong>tot</strong></span> 
     </span>
    </p>
   </div>
   <div class='ocr_carea' id='block_1_117' title="bbox 2055 5225 3636 5300">
    <p class='ocr_par' dir='ltr' id='par_1_117' title="bbox 2055 5225 3636 5300">
     <span class='ocr_line' id='line_1_118' title="bbox 2055 5225 3636 5300; baseline 0.012 -20"><span class='ocrx_word' id='word_1_925' title='bbox 2055 5226 2286 5281; x_wconf 82' lang='lat' dir='ltr'><strong>ha-rcses</strong></span> <span class='ocrx_word' id='word_1_926' title='bbox 2332 5225 2502 5280; x_wconf 85' lang='lat' dir='ltr'><strong>facere</strong></span> <span class='ocrx_word' id='word_1_927' title='bbox 2549 5235 2808 5295; x_wconf 87' lang='lat' dir='ltr'><strong>possunt,</strong></span> <span class='ocrx_word' id='word_1_928' title='bbox 2841 5239 2970 5298; x_wconf 76' lang='lat' dir='ltr'><strong>quot</strong></span> <span class='ocrx_word' id='word_1_929' title='bbox 2995 5231 3272 5300; x_wconf 88' lang='lat' dir='ltr'><strong>opiniones</strong></span> <span class='ocrx_word' id='word_1_930' title='bbox 3301 5251 3420 5293; x_wconf 83' lang='lat' dir='ltr'><strong>esse</strong></span> <span class='ocrx_word' id='word_1_931' title='bbox 3446 5253 3636 5298; x_wconf 87' lang='lat' dir='ltr'><strong>nume-</strong></span> 
     </span>
    </p>
   </div>
   <div class='ocr_carea' id='block_1_118' title="bbox 2053 5315 3639 5390">
    <p class='ocr_par' dir='ltr' id='par_1_118' title="bbox 2053 5315 3639 5390">
     <span class='ocr_line' id='line_1_119' title="bbox 2053 5315 3639 5390; baseline 0.009 -19"><span class='ocrx_word' id='word_1_932' title='bbox 2053 5326 2256 5372; x_wconf 81' lang='lat' dir='ltr'><strong>rantur.</strong></span> <span class='ocrx_word' id='word_1_933' title='bbox 2303 5315 2556 5381; x_wconf 77' lang='lat' dir='ltr'><strong>Quocirca</strong></span> <span class='ocrx_word' id='word_1_934' title='bbox 2598 5317 2877 5373; x_wconf 88' lang='lat' dir='ltr'><strong>considera</strong></span> <span class='ocrx_word' id='word_1_935' title='bbox 2903 5361 2918 5382; x_wconf 94' lang='lat'><strong>,</strong></span> <span class='ocrx_word' id='word_1_936' title='bbox 2946 5335 3102 5390; x_wconf 88' lang='lat' dir='ltr'><strong>quam</strong></span> <span class='ocrx_word' id='word_1_937' title='bbox 3131 5323 3201 5376; x_wconf 88' lang='lat' dir='ltr'><strong>sit</strong></span> <span class='ocrx_word' id='word_1_938' title='bbox 3230 5323 3552 5385; x_wconf 89' lang='lat' dir='ltr'><strong>horrendum</strong></span> <span class='ocrx_word' id='word_1_939' title='bbox 3583 5340 3639 5386; x_wconf 88' lang='lat' dir='ltr'><strong>ut</strong></span> 
     </span>
    </p>
   </div>
   <div class='ocr_carea' id='block_1_119' title="bbox 2053 5409 3641 5484">
    <p class='ocr_par' dir='ltr' id='par_1_119' title="bbox 2053 5409 3641 5484">
     <span class='ocr_line' id='line_1_120' title="bbox 2053 5409 3641 5484; baseline 0.009 -20"><span class='ocrx_word' id='word_1_940' title='bbox 2053 5425 2241 5464; x_wconf 88' lang='lat' dir='ltr'><strong>onmcs</strong></span> <span class='ocrx_word' id='word_1_941' title='bbox 2286 5409 2392 5462; x_wconf 87' lang='lat' dir='ltr'><strong>sint</strong></span> <span class='ocrx_word' id='word_1_942' title='bbox 2443 5409 2492 5462; x_wconf 91' lang='lat' dir='ltr'><strong>in</strong></span> <span class='ocrx_word' id='word_1_943' title='bbox 2533 5423 2639 5464; x_wconf 91' lang='lat' dir='ltr'><strong>uno</strong></span> <span class='ocrx_word' id='word_1_944' title='bbox 2681 5410 2930 5477; x_wconf 82' lang='lat' dir='ltr'><strong>homine,</strong></span> <span class='ocrx_word' id='word_1_945' title='bbox 2959 5428 3077 5484; x_wconf 66' lang='lat' dir='ltr'><strong>qua:</strong></span> <span class='ocrx_word' id='word_1_946' title='bbox 3104 5414 3430 5474; x_wconf 83' lang='lat' dir='ltr'><strong>damnabiles</strong></span> <span class='ocrx_word' id='word_1_947' title='bbox 3457 5435 3641 5479; x_wconf 83' lang='lat' dir='ltr'><strong>essent</strong></span> 
     </span>
    </p>
   </div>
   <div class='ocr_carea' id='block_1_120' title="bbox 2055 5500 3637 5577">
    <p class='ocr_par' dir='ltr' id='par_1_120' title="bbox 2055 5500 3637 5577">
     <span class='ocr_line' id='line_1_121' title="bbox 2055 5500 3637 5577; baseline 0.01 -23"><span class='ocrx_word' id='word_1_948' title='bbox 2055 5501 2108 5554; x_wconf 92' lang='lat' dir='ltr'><strong>in</strong></span> <span class='ocrx_word' id='word_1_949' title='bbox 2151 5500 2370 5570; x_wconf 72' lang='lat' dir='ltr'><strong>singulis</strong></span> <span class='ocrx_word' id='word_1_950' title='bbox 2401 5501 2637 5570; x_wconf 76' lang='lat' dir='ltr'><strong>singulae.</strong></span> <span class='ocrx_word' id='word_1_951' title='bbox 2671 5501 2774 5558; x_wconf 83' lang='lat' dir='ltr'><strong>Sed</strong></span> <span class='ocrx_word' id='word_1_952' title='bbox 2820 5505 2862 5559; x_wconf 89' lang='lat' dir='ltr'><strong>si</strong></span> <span class='ocrx_word' id='word_1_953' title='bbox 2893 5513 2947 5559; x_wconf 91' lang='lat' dir='ltr'><strong>tu</strong></span> <span class='ocrx_word' id='word_1_954' title='bbox 2987 5522 3082 5577; x_wconf 89' lang='lat' dir='ltr'><strong>pro</strong></span> <span class='ocrx_word' id='word_1_955' title='bbox 3121 5509 3200 5564; x_wconf 91' lang='lat' dir='ltr'><strong>eis</strong></span> <span class='ocrx_word' id='word_1_956' title='bbox 3241 5511 3382 5566; x_wconf 89' lang='lat' dir='ltr'><strong>nulla</strong></span> <span class='ocrx_word' id='word_1_957' title='bbox 3407 5527 3637 5570; x_wconf 84' lang='lat' dir='ltr'><strong>conten-</strong></span> 
     </span>
    </p>
   </div>
   <div class='ocr_carea' id='block_1_121' title="bbox 2056 5593 3642 5659">
    <p class='ocr_par' dir='ltr' id='par_1_121' title="bbox 2056 5593 3642 5659">
     <span class='ocr_line' id='line_1_122' title="bbox 2056 5593 3642 5659; baseline 0.008 -14"><span class='ocrx_word' id='word_1_958' title='bbox 2056 5593 2197 5645; x_wconf 81' lang='lat' dir='ltr'><strong>tione.</strong></span> <span class='ocrx_word' id='word_1_959' title='bbox 2242 5594 2595 5659; x_wconf 80' lang='lat' dir='ltr'><strong>pugnaveris,</strong></span> <span class='ocrx_word' id='word_1_960' title='bbox 2645 5593 2752 5648; x_wconf 87' lang='lat' dir='ltr'><strong>imo</strong></span> <span class='ocrx_word' id='word_1_961' title='bbox 2795 5610 2922 5650; x_wconf 84' lang='lat' dir='ltr'><strong>vero</strong></span> <span class='ocrx_word' id='word_1_962' title='bbox 2968 5611 3059 5653; x_wconf 87' lang='lat' dir='ltr'><strong>eas</strong></span> <span class='ocrx_word' id='word_1_963' title='bbox 3102 5599 3342 5655; x_wconf 79' lang='lat' dir='ltr'><strong>fidelibus</strong></span> <span class='ocrx_word' id='word_1_964' title='bbox 3387 5603 3561 5658; x_wconf 78' lang='lat' dir='ltr'><strong>verbis</strong></span> <span class='ocrx_word' id='word_1_965' title='bbox 3587 5615 3642 5657; x_wconf 83' lang='lat' dir='ltr'><strong>et</strong></span> 
     </span>
    </p>
   </div>
   <div class='ocr_carea' id='block_1_122' title="bbox 2055 5684 3640 5752">
    <p class='ocr_par' dir='ltr' id='par_1_122' title="bbox 2055 5684 3640 5752">
     <span class='ocr_line' id='line_1_123' title="bbox 2055 5684 3640 5752; baseline 0.006 -14"><span class='ocrx_word' id='word_1_966' title='bbox 2055 5685 2244 5738; x_wconf 74' lang='lat' dir='ltr'><strong>litteris</strong></span> <span class='ocrx_word' id='word_1_967' title='bbox 2291 5684 2714 5752; x_wconf 78' lang='lat' dir='ltr'><strong>expugnaveris;</strong></span> <span class='ocrx_word' id='word_1_968' title='bbox 2770 5687 3083 5744; x_wconf 81' lang='lat' dir='ltr'><strong>laudabilior</strong></span> <span class='ocrx_word' id='word_1_969' title='bbox 3129 5691 3237 5746; x_wconf 90' lang='lat' dir='ltr'><strong>eris</strong></span> <span class='ocrx_word' id='word_1_970' title='bbox 3283 5705 3474 5746; x_wconf 90' lang='lat' dir='ltr'><strong>censor</strong></span> <span class='ocrx_word' id='word_1_971' title='bbox 3503 5694 3557 5746; x_wconf 90' lang='lat' dir='ltr'><strong>in</strong></span> <span class='ocrx_word' id='word_1_972' title='bbox 3589 5705 3640 5747; x_wconf 88' lang='lat' dir='ltr'><strong>te</strong></span> 
     </span>
    </p>
   </div>
   <div class='ocr_carea' id='block_1_123' title="bbox 2055 5778 3646 5850">
    <p class='ocr_par' dir='ltr' id='par_1_123' title="bbox 2055 5778 3646 5850">
     <span class='ocr_line' id='line_1_124' title="bbox 2055 5778 3646 5850; baseline 0.006 -23"><span class='ocrx_word' id='word_1_973' title='bbox 2055 5778 2224 5842; x_wconf 80' lang='lat' dir='ltr'><strong>ipsum</strong></span> <span class='ocrx_word' id='word_1_974' title='bbox 2247 5817 2261 5833; x_wconf 87' lang='lat'><strong>.</strong></span> <span class='ocrx_word' id='word_1_975' title='bbox 2291 5791 2447 5844; x_wconf 87' lang='lat' dir='ltr'><strong>quam</strong></span> <span class='ocrx_word' id='word_1_976' title='bbox 2475 5778 2517 5830; x_wconf 91' lang='lat' dir='ltr'><strong>si</strong></span> <span class='ocrx_word' id='word_1_977' title='bbox 2548 5778 2836 5846; x_wconf 81' lang='lat' dir='ltr'><strong>quemlibet</strong></span> <span class='ocrx_word' id='word_1_978' title='bbox 2867 5780 3025 5834; x_wconf 89' lang='lat' dir='ltr'><strong>alium</strong></span> <span class='ocrx_word' id='word_1_979' title='bbox 3058 5793 3198 5836; x_wconf 79' lang='lat' dir='ltr'><strong>recta</strong></span> <span class='ocrx_word' id='word_1_980' title='bbox 3231 5783 3433 5834; x_wconf 87' lang='lat' dir='ltr'><strong>ratione</strong></span> <span class='ocrx_word' id='word_1_981' title='bbox 3458 5795 3646 5850; x_wconf 84' lang='lat' dir='ltr'><strong>repre-</strong></span> 
     </span>
    </p>
   </div>
   <div class='ocr_carea' id='block_1_124' title="bbox 2061 5866 3640 5937">
    <p class='ocr_par' dir='ltr' id='par_1_124' title="bbox 2061 5866 3640 5937">
     <span class='ocr_line' id='line_1_125' title="bbox 2061 5866 3640 5937; baseline 0.003 -19"><span class='ocrx_word' id='word_1_982' title='bbox 2061 5869 2160 5924; x_wconf 83' lang='lat' dir='ltr'><strong>hcn</strong></span> <span class='ocrx_word' id='word_1_983' title='bbox 2183 5866 2316 5920; x_wconf 85' lang='lat' dir='ltr'><strong>ieres</strong></span> <span class='ocrx_word' id='word_1_984' title='bbox 2345 5882 2360 5931; x_wconf 89' lang='lat'><strong>;</strong></span> <span class='ocrx_word' id='word_1_985' title='bbox 2409 5876 2463 5920; x_wconf 91' lang='lat' dir='ltr'><strong>ct</strong></span> <span class='ocrx_word' id='word_1_986' title='bbox 2509 5869 2798 5926; x_wconf 87' lang='lat' dir='ltr'><strong>mirabilior</strong></span> <span class='ocrx_word' id='word_1_987' title='bbox 2823 5885 3004 5926; x_wconf 90' lang='lat' dir='ltr'><strong>eorum</strong></span> <span class='ocrx_word' id='word_1_988' title='bbox 3036 5869 3374 5930; x_wconf 76' lang='lat' dir='ltr'><strong>emendator,</strong></span> <span class='ocrx_word' id='word_1_989' title='bbox 3404 5883 3566 5937; x_wconf 88' lang='lat' dir='ltr'><strong>quam</strong></span> <span class='ocrx_word' id='word_1_990' title='bbox 3595 5870 3640 5923; x_wconf 85' lang='lat' dir='ltr'><strong>si</strong></span> 
     </span>
    </p>
   </div>
   <div class='ocr_carea' id='block_1_125' title="bbox 2965 5958 3358 6033">
    <p class='ocr_par' dir='ltr' id='par_1_125' title="bbox 2965 5958 3358 6033">
     <span class='ocr_line' id='line_1_126' title="bbox 2965 5958 3358 6033; baseline -0.008 -15"><span class='ocrx_word' id='word_1_991' title='bbox 2965 5958 3358 6033; x_wconf 59' lang='lat' dir='ltr'><strong>{Dim-amt.)</strong></span> 
     </span>
    </p>
   </div>
  </div>
