4144 6538
569 385 671 441 $23

567 511 836 566 utinquam
863 495 952 550 illa
978 492 1256 550 semisses.
1283 491 1435 545 Adsit
1455 489 1711 546 Dominus
1740 500 1843 546 tua:
1871 493 2034 546 menti
2057 535 2069 558 ,
2102 503 2156 548 et

567 602 768 646 tantam
797 588 1004 659 spiritui
1033 596 1124 641 tuo
1147 585 1340 655 Spiritu
1367 598 1463 638 suo
1485 583 1789 638 facilitatem
1821 584 2150 650 humilitatis,

567 685 740 738 lucem
768 680 1006 736 veritatis
1032 719 1044 744 ,
1071 675 1407 732 dulcedinem
1437 674 1711 730 charitatis
1729 715 1745 742 ,
1774 690 1956 744 pacem
1990 676 2153 744 pieta-

565 777 634 832 tis
671 773 946 838 infundat,
989 770 1244 824 ut<victor
1270 767 1346 822 tui
1373 766 1536 820 animi
1566 781 1687 822 esse
1717 767 1868 820 malis
1897 766 1948 820 in
1977 767 2148 832 veris,

565 883 724 939 quam
763 863 1046 935 cujuslibet
1073 857 1487 915 contradicentis
1513 858 1564 911 in
1595 856 1760 911 falsis.
1793 856 1945 912 Absit
1974 865 2151 912 autem

567 969 624 1012 ut
671 968 724 1012 te
771 953 1046 1010 arbitreris
1066 995 1080 1018 ,
1123 951 1238 1006 lucc
1266 947 1561 1019 opinando,
1591 961 1620 1001 a
1651 946 1754 1001 fide
1779 945 2037 1002 catholica
2069 962 2153 1002 re-

565 1049 795 1105 cessisse
817 1088 832 1114 ,
856 1046 1099 1117 quamvis
1128 1058 1192 1099 ea
1222 1040 1345 1096 ﬁdei
1371 1041 1476 1095 sint
1501 1039 1722 1095 adversa
1753 1039 2030 1095 catholicae
2056 1057 2069 1106 ;
2103 1040 2150 1094 si

564 1154 745 1195 coram
793 1138 952 1204 Deo,
977 1135 1127 1205 cujus
1167 1133 1220 1188 in
1261 1129 1460 1187 nullius
1505 1129 1666 1185 corde
1707 1129 1894 1184 oculus
1922 1129 2146 1196 fallitur,

567 1231 831 1287 veraciter
857 1235 910 1284 te
929 1227 1139 1283 dixisse
1165 1223 1390 1295 respicis
1419 1221 1438 1253 ⁸
1459 1263 1476 1290 ,
1513 1239 1534 1274 ι
1572 1235 1676 1276 non
1710 1230 1762 1276 te
1787 1221 1880 1276 tibi
1904 1221 2002 1292 ipsi
2031 1235 2150 1277 esse

637 1347 657 1379 ‘
681 1345 758 1396 sic
771 1343 956 1394 habent
979 1340 1201 1406 quinque
1225 1345 1330 1388 uss.
1357 1332 1442 1384 Alii
1465 1346 1576 1385 cum
1599 1334 1768 1396 editis,
1795 1331 2054 1398 resipiscis.

1493 381 1580 435 DE
1621 381 1829 434 ΑΝΙΜΑ
1875 381 1962 434 ΕΤ
2003 381 2160 436 liJUS
2197 383 2497 452 ORICINE,
2539 387 2598 440 S.
2637 385 3002 442 AUGUSTINI

3741 397 3837 453 52’.

2263 497 2572 564 credulum,
2621 499 2828 569 probari
2869 515 2928 556 ea
2957 519 3072 573 qua:
3097 503 3294 560 dixeris
3324 521 3514 576 posse;
3545 523 3607 564 ac
3631 511 3839 568 studere

2263 601 2312 644 te
2343 605 2554 660 semper
2595 593 2754 646 etiam
2797 595 3064 662 propriam
3108 599 3421 652 sententiam
3455 616 3559 656 non
3603 605 3770 669 tueri,
3797 608 3836 660 si

2259 683 2620 753 improbabilis
2666 683 2972 755 delegatur,
3020 701 3088 743 eo
3116 690 3256 760 quod
3288 692 3356 746 sit
3387 693 3480 747 tibi
3505 695 3692 761 cordi,
3723 711 3836 765 pro-

2259 774 2374 844 prio
2413 774 2662 830 damnato
2689 775 2890 846 judicio
2909 819 2924 845 ,
2953 780 3173 835 meliora
3204 784 3372 854 magis
3399 793 3452 839 et
3479 802 3597 855 qum
3623 790 3728 843 sint
3757 805 3831 845 vel

2257 866 2396 921 riora
2423 867 2634 923 sectari.
2667 884 2685 919 ι
2717 867 2820 923 iste
2843 871 3039 941 quippe
3067 875 3275 929 animus
3297 877 3455 932 etiam
3481 877 3534 933 in
3565 879 3720 936 dictis
3747 900 3836 950 per

2257 957 2606 1028 ignorantiam
2631 973 2735 1015 non
2758 961 3035 1017 catholicis
3057 1005 3070 1028 ,
3096 965 3206 1035 ipsa
3231 976 3315 1022 est
3339 971 3686 1027 correctionis
3705 983 3836 1042 prte-

2256 1048 2596 1105 meditatione
2630 1063 2693 1105 ac
2735 1052 3120 1120 prmparatione
3162 1057 3470 1114 catholicus.
3513 1060 3616 1116 Sed
3649 1063 3746 1118 iste
3775 1067 3834 1120 sit

2257 1139 2448 1196 modus
2473 1140 2628 1212 hujus
2669 1143 2975 1212 voluminis,
3017 1145 3105 1202 ubi
3143 1149 3445 1220 requiescat
3469 1155 3736 1222 paululum
3765 1158 3834 1211 le-

2255 1241 2406 1300 ctor,
2455 1241 2514 1288 ut
2554 1233 2620 1289 ad
2657 1249 2719 1290 ea
2749 1251 2866 1305 qua:
2893 1247 3220 1310 sequuntur,
3249 1245 3364 1312 ejus
3391 1245 3613 1302 intentio
3640 1248 3706 1302 ab
3736 1249 3834 1303 alio

2257 1332 2542 1378 renovetur
2565 1324 2806 1380 exordio.

611 1435 3833 1467 Μ

1523 1512 1992 1629 LIBER
2090 1509 2877 1638 QUARTUS.

1716 1678 1808 1733 AD
1847 1674 2264 1732 VINCENTIUM
2306 1673 2669 1730 VICTOREM.
3691 1764 3698 1770 I

625 1784 830 1833 Primum
849 1781 1200 1832 cunctationem
1222 1793 1360 1830 suam
1381 1779 1446 1830 de
1467 1777 1735 1828 animarum
1755 1773 1946 1835 origine
1979 1771 2221 1842 immerito
2235 1769 2555 1880 reprehendi,
2582 1773 2832 1844 Vincentio
2857 1776 3024 1824 Victori
3049 1777 3366 1852 demonstrat,
3395 1789 3446 1833 et
3467 1795 3524 1833 se
3545 1785 3607 1832 ab
3629 1769 3708 1844 eo,
3727 1799 3834 1848 quia

625 1843 680 1880 hil
719 1844 830 1880 hinn
859 1841 1064 1880 dnﬂnirn
1082 1855 1229 1880 multa
1251 1849 1345 1880 agt-
1369 1841 1542 1880 iniuria
1567 1837 1824 1880 umoribus
1845 1845 2125 1880 comnarart.
2161 1839 2281 1880 Dein
2317 1845 2346 1880 8
2367 1845 2489 1880 γει-ο
2509 1834 2635 1880 uuod
2673 1843 3006 1880 Incunctanter
3041 1839 3179 1880 dixit-
3219 1853 3421 1880 animam
3461 1847 3680 1880 cuii-itum
3705 1860 3815 1880 occa

563 1843 683 1895 nihil
719 1844 830 1894 hinc
859 1841 1064 1904 definire
1081 1855 1229 1892 ausus
1251 1849 1346 1903 est,
1369 1841 1544 1904 injuria
1567 1837 1824 1904 pecoribus
1836 1833 2125 1904 comparari.
2161 1833 2281 1880 Dein

2317 1845 2346 1881 e
2367 1845 2490 1908 vero
2509 1834 2635 1908 quod
2673 1836 3006 1908 incunctanter
3021 1839 3199 1908 _dixit,_
3219 1834 3440 1908 animam
3460 1847 3680 1908 spiritum
3697 1834 3834 1907 esse,

559 1919 662 1956 -ιιοιι
681 1917 871 1968 corpus,
894 1903 988 1953 ιιοο
1009 1908 1200 1953 temere
1223 1895 1372 1953 etiam
1391 1895 1620 1980 redegit
1643 1909 1672 1947 ει
1691 1895 3138 1980 temet.immansuetumemetiuntur
3157 1895 3219 1951 ab
3237 1905 3342 1980 tea.
3359 1906 3404 1953 ίιι
3428 1895 3724 1980 minimam;
3739 1895 3834 1980 έιῑέί

563 1954 780 2017 unctum-
806 1954 1025 2016 statuere
1043 1973 1267 2038 cpnetur.
1291 1954 1702 2042 Quenjt't‘t‘alélleps
1734 1959 2043 2042 Augustipus,
2061 1954 2386 2042 [Rufi-tauquam
2773 1954 3224 2042 sicunssit,‘quibus.
3241 1954 3467 2042 probare.
3489 1966 3574 2017 ille
3595 1954 3834 2042 nitebatur

564 2040 846 2102 corpoream
869 2039 982 2076 esse
1003 2027 1208 2100 animam
1221 2040 1242 2098 _:
1267 2019 1480 2076 ostendit
1501 2023 1636 2102 hanc:l
1643 2021 1799 2094 ipsam
1815 2019 2208 2102 Spirituiumeitiam
2225 2019 2383 2066 vocari
2407 2019 2456 2066 in
2478 2019 2748 2080 Scripturis,
2772 2022 2989 2082 quamvis
3011 2019 3188 2074 revera
3213 2019 3305 2077 is'to
3339 2030 3538 2079 nomine
3557 2033 3768 2094 proprie,
3793 2033 3834 2081 id

567 2081 718 2152 ipsius
737 2089 928 2152 animae,
951 2099 1048 2150 quo
1068 2088 1406 2139 ratiocinamur
1429 2092 1479 2136 et
1499 2081 2184 2146 intelligimus,’nuncupetur.

1870 2189 2018 2242 «ai-oet
2031 2183 2505 2240 accusa-te

638 2294 865 2352 CAPUT
891 2291 1177 2350 PRIMUM.
1205 2321 1276 2334 —
1302 2293 1354 2347 i.
1381 2289 1579 2360 Accipe
1603 2301 1744 2343 nunc
1767 2285 1873 2357 jam
1901 2283 2060 2340 etiam
2087 2278 2155 2334 de

557 2400 655 2440 me
697 2385 812 2454 ipso
853 2399 971 2454 quae
1015 2383 1111 2438 tibi
1139 2382 1316 2438 dicere
1345 2379 1502 2450 cupio
1525 2421 1541 2448 ,
1569 2379 1614 2434 si
1642 2377 1840 2448 possim
1865 2417 1882 2444 ,
1909 2373 2013 2429 hoc
2041 2380 2151 2440 est,

561 2477 612 2530 si
639 2475 728 2530 ille
753 2473 1061 2540 donaverit,
1084 2473 1138 2528 in
1165 2473 1318 2542 cujus
1345 2485 1504 2526 manu
1530 2477 1652 2526 sunt
1677 2476 1732 2524 et
1757 2482 1853 2522 nos
1876 2474 1930 2522 et
1949 2477 2154 2521 sermo-

569 2581 664 2622 nes
709 2565 895 2622 nostri.
935 2564 1342 2636 Reprehendisti
1381 2563 1522 2619 enim
1551 2575 1640 2616 me
1666 2559 1750 2615 bis
1775 2572 2031 2624 numero,
2063 2570 2156 2612 ex-

559 2657 806 2726 primens
843 2655 1002 2711 etiam
1033 2669 1208 2711 meum
1237 2669 1434 2709 nomen
1463 2671 1476 2707 :
1508 2661 1704 2708 etcum
1732 2659 1784 2706 te
1813 2650 1864 2705 in
1895 2647 2156 2720 principio

569 2747 692 2804 libri
734 2748 808 2804 tui
856 2747 1135 2818 imperitiae
1183 2753 1286 2802 tuae
1324 2745 1609 2803 admodum
1656 2744 1928 2802 conscium
1976 2751 2032 2800 et
2057 2741 2154 2799 do-

569 2839 754 2894 ctrinm
790 2839 1108 2894 adminiculo
1145 2837 1484 2904 destitutum,
1529 2852 1614 2892 me
1641 2849 1769 2892 vero
1795 2835 1884 2891 ubi
1913 2835 2157 2890 nomina-

569 2932 676 2995 sti,
729 2930 1094 2986 doctissimum
1149 2943 1212 2984 ac
1263 2926 1644 2999 peritissimum
1692 2925 1931 2992 dixeris;
1974 2935 2153 2980 tamen

555 3021 761 3092 quibus
807 3021 860 3076 in
905 3021 1066 3076 rebus
1105 3019 1198 3076 tibi
1228 3021 1372 3075 visus
1397 3033 1455 3074 es
1481 3033 1638 3074 nosse
1664 3017 1802 3090 quod
1828 3031 1926 3088 ego
1953 3017 2032 3072 vel
2061 3031 2153 3072 ne-

569 3112 708 3167 scire
749 3125 836 3166 me
883 3111 1050 3166 fateor
1071 3153 1085 3178 ,
1131 3111 1215 3166 vel
1234 3152 1248 3178 ,
1287 3109 1529 3180 quamvis
1555 3107 1786 3164 nesciam
1812 3149 1827 3175 ,
1859 3109 1994 3163 scire
2016 3123 2127 3180 pra:

557 3217 726 3258 sumo
749 3241 765 3270 ,
795 3201 1038 3258 libertate
1081 3216 1182 3272 qua
1213 3200 1560 3272 oportebat‘,
1599 3215 1703 3256 non
1743 3207 1942 3255 tantum
1970 3215 2151 3255 senem

567 3292 809 3363 juvenis,
840 3301 892 3347 et
917 3293 1224 3363 episcopum
1250 3292 1415 3348 laicus
1439 3335 1456 3360 ,
1487 3305 1670 3347 verum
1700 3291 1859 3346 etiam
1881 3289 2150 3345 hominem

571 3393 664 3438 tuo
697 3383 899 3454 judicio
943 3383 1311 3439 doctissimum
1341 3392 1395 3439 et
1425 3383 1802 3454 peritissimum
1851 3399 1956 3439 non
1995 3382 2150 3438 dubi-

561 3474 693 3529 tasti
719 3473 1134 3543 reprehendere.
1165 3473 1278 3545 Ego
1304 3483 1478 3529 autem
1509 3481 1562 3528 et
1589 3488 1674 3528 me
1702 3473 2062 3528 doctissimum
2090 3488 2153 3529 ac

567 3563 944 3632 peritissimum
971 3564 1152 3619 nescio
1171 3607 1186 3632 ,
1215 3565 1322 3620 imo
1342 3577 1466 3620 vero
1487 3577 1573 3620 me
1591 3579 1698 3619 non
1719 3579 1836 3619 esse
1856 3565 2152 3620 certissime

567 3653 680 3708 scio
707 3669 722 3720 ;
753 3663 806 3708 et
835 3653 950 3708 fieri
975 3667 1131 3724 posse
1154 3669 1256 3708 non
1287 3654 1496 3726 ambigo
1523 3663 1578 3709 ut
1601 3653 1798 3726 aliquid
1825 3656 2072 3726 imperito
2098 3665 2152 3712 et

567 3741 785 3798 indocto
805 3743 1032 3814 cuipiam
1057 3744 1194 3799 scire
1214 3745 1517 3815 contingat,
1549 3745 1689 3816 quod
1711 3745 1902 3815 aliquis
1919 3745 2105 3802 doctus
2129 3747 2150 3779 ³

565 3843 622 3890 et
647 3835 850 3905 peritus
871 3836 1077 3906 ignorat
1101 3853 1114 3888 :
1145 3845 1200 3891 et
1225 3836 1280 3890 in
1295 3823 1408 3891 hoc
1428 3844 1480 3892 te
1507 3835 1660 3906 plane
1685 3835 1841 3890 laudo
1861 3877 1876 3902 ,
1899 3835 2040 3906 quod
2061 3852 2150 3892 ve-

565 3927 807 3992 ritatem,
847 3928 944 3981 etsi
985 3941 1087 3980 non
1115 3941 1272 3998 quam
1296 3926 1317 3959 ³
1345 3926 1660 3999 percepisti,
1695 3933 1840 3980 certe
1865 3941 2022 3994 quam
2051 3942 2146 3998 pu-

568 4017 727 4084 tasti,
767 4016 969 4072 homini
1011 4017 1327 4088 prmtulisti;
1371 4017 1492 4074 ideo
1525 4017 1737 4087 quidem
1765 4025 1997 4086 temere,
2027 4019 2148 4089 quia

566 4109 878 4166 existimasti
909 4111 1046 4165 scire
1067 4119 1117 4166 te
1141 4111 1284 4181 quod
1310 4108 1518 4174 nescis;
1548 4109 1640 4164 sed
1662 4109 1781 4165 ideo
1802 4109 1998 4176 libere,
2027 4109 2148 4181 quia

567 4213 848 4273 personam
879 4216 984 4256 non
1005 4201 1267 4257 reveritus
1286 4241 1301 4268 ,
1333 4199 1540 4270 elegisti
1565 4201 1773 4270 aperire
1798 4201 1937 4270 quod
1957 4201 2143 4256 sentis.

568 4291 718 4348 Unde
744 4299 794 4348 te
823 4291 1116 4363 intelligere
1141 4299 1390 4362 oportet,
1422 4299 1619 4360 quanto
1644 4305 1763 4346 esse
1787 4291 1938 4347 nobis
1957 4291 2150 4348 debeat

565 4396 692 4436 cura
739 4381 938 4451 major,
985 4381 1279 4437 dominicas
1314 4394 1441 4435 oves
1465 4394 1718 4435 revocare
1743 4379 1811 4435 ab
1835 4381 2105 4437 erroribus
2129 4399 2143 4446 ;

566 4473 611 4528 si
647 4481 703 4528 et
726 4472 913 4527 ovibus
939 4479 1091 4542 turpe
1114 4479 1196 4528 est
1215 4514 1230 4537 ,
1253 4471 1381 4526 vitia
1409 4479 1680 4541 pastorum
1705 4509 1720 4534 ,
1745 4468 1792 4524 si
1819 4485 1919 4540 qua
1951 4486 2147 4541 cogno-

565 4566 738 4620 verint
761 4604 778 4630 ,
817 4563 1017 4619 eisdem
1061 4563 1328 4619 occultare
1367 4562 1684 4632 pastoribus.
1713 4561 1758 4617 Ο
1781 4561 1828 4617 si
1858 4562 1942 4617 illa
1967 4579 2147 4633 reprc-

569 4654 830 4712 hcnderes
867 4669 984 4710 mea
1004 4695 1020 4721 ,
1050 4669 1170 4725 quae
1192 4653 1335 4724 justa
1361 4653 1776 4724 reprehensione
1801 4663 1924 4709 sunt
1949 4655 2141 4728 digna!

564 4747 746 4818 Neque
772 4747 915 4803 enim
935 4760 1132 4816 negare
1155 4745 1326 4801 debeo
1343 4786 1359 4814 ,
1385 4745 1522 4801 sicut
1545 4746 1598 4802 in
1619 4747 1746 4817 ipsis
1775 4749 2012 4804 moribus
2031 4788 2048 4816 ,
2073 4749 2146 4805 ita

566 4839 728 4895 multa
757 4853 876 4894 esse
895 4838 950 4894 in
977 4845 1082 4893 tam
1108 4835 1292 4893 multis
1311 4837 1578 4908 apusculis
1601 4837 1734 4893 meis
1753 4879 1770 4906 ,
1796 4853 1915 4908 quae
1941 4840 2146 4908 possint

567 4939 712 4984 recto
747 4929 974 4998 judicio,
1023 4937 1078 4984 et
1102 4927 1247 4983 nulla
1279 4927 1576 4983 temeritate
1603 4927 1822 4998 culpari.
1851 4930 1928 4984 Ex
1957 4931 2144 5000 quibus

564 5020 610 5074 si
656 5021 829 5090 aliqua
870 5020 982 5090 ipse
1029 5018 1482 5089 reprehenderes,
1525 5017 1633 5075 illic
1679 5031 1733 5074 et
1770 5021 1862 5076 tibi
1902 5021 2141 5078 fortassis

563 5109 896 5166 ostenderem
923 5150 938 5175 ,
964 5110 1172 5180 qualem
1200 5119 1252 5166 te
1277 5125 1395 5166 esse
1413 5152 1428 5176 ,
1453 5109 1716 5182 inquibus
1737 5125 1840 5166 non
1863 5127 2140 5183 perperam

563 5201 968 5273 reprehenderis
992 5243 1006 5270 ,
1039 5203 1228 5258 vellem
1254 5221 1267 5268 ;
1299 5219 1470 5274 neque
1496 5203 1568 5277 (a)
1597 5205 1687 5260 tibi
1708 5205 1908 5276 juniori
1936 5205 2137 5276 major,

563 5305 614 5348 et
641 5294 950 5365 praepositus
976 5293 1207 5364 subdito,
1227 5297 1573 5351 correctionis
1595 5287 1914 5368 exemplum,
1941 5309 2139 5370 quanto

561 5383 843 5452 humilius,
889 5392 1035 5439 tanto
1077 5385 1337 5441 salubrius
1377 5386 1706 5443 exhiberem.
1749 5387 1853 5446 Sed
1880 5407 1942 5446 ea
1971 5391 2023 5445 in
2051 5405 2138 5447 me

559 5471 991 5542 reprehendisti,
1045 5491 1164 5546 qua:
1207 5491 1316 5531 non
1365 5478 1634 5549 corrigere
1679 5479 1986 5550 humilitas,
2039 5484 2132 5540 sed

621 5615 635 5684 ξ
675 5611 862 5684 Aliquot
883 5622 1011 5684 Mss,
1034 5628 1130 5680 qua
1152 5629 1244 5668 non
1263 5617 1526 5684 oportebat,

617 5679 638 5752 ξ
883 5648 1660 5752 Et:
1682 5681 1867 5752 doctus.

617 5741 634 5810 ς
666 5737 810 5810 equi,
1135 5737 1455 5792 [intendantur
1496 5756 1560 5793 ex
1595 5737 1946 5810 manuscriptis.

557 5880 568 5923 ι
592 5798 683 5904 ἐξ)
697 5800 848 5910 ἔξω
871 5798 1138 5863 legendum
1154 5811 1342 5867 censet,
1366 5815 1550 5868 meque.
1566 5807 1679 5860 vide
1703 5798 1936 5863 Element.
1953 5813 2130 5874 Critic.,

2259 2280 2448 2349 partim
2476 2279 2626 2337 fateri
2651 2325 2666 2350 ,
2697 2286 2886 2354 partim
2907 2285 3194 2346 defendere
3220 2291 3415 2346 veritas
3435 2295 3596 2364 cogit.

2328 2371 2555 2429 CAPUT
2593 2374 2658 2429 ll.
2701 2404 2774 2416 —
2811 2375 2865 2430 2.
2899 2377 3026 2434 Haec
3063 2390 3238 2436 autem
3279 2393 3403 2438 sunt
3437 2402 3450 2438 :
3483 2402 3664 2454 unum,
3697 2389 3836 2458 quod

2257 2463 2325 2520 de
2363 2463 2568 2536 origine
2609 2467 2906 2524 animarum
2935 2509 2951 2536 ,
2999 2486 3119 2542 quae
3165 2481 3284 2542 post
3313 2475 3540 2545 primum
3567 2477 3836 2535 hominem

2257 2554 2395 2610 datae
2419 2565 2560 2624 sunt,
2594 2557 2672 2613 vel
2693 2556 2888 2614 dantur
2911 2559 3236 2630 hominibus,
3265 2579 3368 2618 non
3401 2580 3517 2620 sum
3547 2582 3709 2624 ausus
3743 2569 3836 2623 ali-

2258 2646 2383 2716 quid
2407 2647 2629 2704 dciinire
2653 2691 2668 2718 ,
2695 2649 2814 2720 quia
2847 2649 3016 2708 fateor
3041 2668 3129 2710 me
3152 2655 3394 2721 nescire;
3423 2657 3670 2725 alterum,
3699 2661 3834 2730 quod

2258 2737 2488 2792 animam
2525 2739 2666 2795 scire
2705 2756 2791 2796 me
2835 2741 2944 2796 dixi
2981 2743 3226 2814 spiritum
3270 2759 3426 2809 esse,
3475 2762 3582 2802 non
3621 2763 3833 2820 corpus.

2258 2825 2365 2884 Sed
2391 2827 2444 2884 in
2475 2827 2578 2885 hoc
2615 2829 2785 2886 altero
2825 2831 2931 2887 duo
2977 2835 3364 2905 reprehendisti
3407 2855 3610 2895 :unum
3633 2883 3647 2906 ,
3697 2842 3835 2911 quod

2259 2935 2368 2974 non
2395 2935 2512 2976 eam
2541 2921 2815 2978 crederem
2841 2937 3034 2994 corpus
3062 2941 3211 2993 esse;
3241 2919 3461 2984 alterum
3481 2972 3496 2996 ,
3543 2931 3682 3001 quod
3721 2949 3834 2987 cam

2257 3011 2502 3082 spiritum
2532 3012 2826 3069 crederem.
2857 3015 2974 3071 Tibi
3002 3021 3144 3072 enim
3177 3020 3386 3074 videtur
3409 3031 3463 3076 et
3499 3038 3694 3093 corpus
3723 3040 3838 3080 esse

2258 3103 2489 3158 animam
2512 3146 2526 3170 ,
2553 3113 2608 3160 et
2641 3119 2746 3160 non
2783 3121 2902 3162 esse
2931 3109 3192 3180 spiritum.
3223 3111 3358 3166 Audi
3389 3113 3545 3183 igitur
3573 3119 3837 3186 purgatio-

2257 3207 2379 3247 nem
2410 3209 2586 3248 meam
2627 3203 2812 3251 contra
2861 3199 3330 3267 reprehensionem
3361 3213 3524 3270 tuam,
3569 3216 3622 3261 et
3651 3223 3714 3262 ex
3741 3207 3837 3264 hac

2257 3284 2541 3340 occasione
2590 3301 2691 3355 qua
2747 3303 2833 3342 me
2865 3289 2954 3342 tibi
2987 3304 3185 3362 purgo,
3227 3292 3277 3346 in
3319 3301 3368 3349 te
3403 3296 3519 3364 ipso
3547 3296 3694 3354 disce
3721 3315 3837 3368 quae

2257 3388 2472 3444 purges.
2501 3373 2700 3430 Recole
2729 3378 2886 3434 verba
2916 3379 3034 3436 libri
3067 3383 3174 3448 tui,
3217 3385 3303 3438 ubi
3341 3401 3426 3440 me
3465 3388 3706 3456 primitus
3745 3406 3837 3446 no-

2258 3465 2492 3522 minasti.
2529 3485 2548 3520 ‹
2585 3467 2727 3536 Scio,
2761 3485 2780 3522 ι
2820 3470 3028 3541 inquis,
3063 3491 3082 3526 t
3117 3474 3396 3548 plerosque
3431 3487 3486 3534 et
3521 3480 3672 3536 facile
3699 3484 3836 3553 peri-

2257 3557 2491 3612 tissimos
2507 3558 2670 3624 viros,
2687 3560 2900 3632 insuper
2915 3572 2968 3618 et
2988 3566 3256 3620 consultos
3288 3569 3519 3626 tenuisse
3545 3571 3833 3639 silentium,

2255 3657 2346 3700 aut
2372 3647 2504 3702 nihil
2532 3649 2834 3720 expressius
2853 3651 3109 3722 elocutos,
3134 3671 3254 3710 cum
3276 3657 3634 3716 deﬁnitionem
3659 3663 3836 3734 dispu-
3903 3675 3908 3678 '

2258 3739 2543 3795 tatiouibus
2585 3741 2696 3796 suis
2735 3741 2982 3800 inchoata
3033 3749 3364 3816 expositione
3417 3752 3832 3822 subtraherent;

2254 3830 2409 3885 sicuti
2453 3847 2622 3902 nuper
2653 3833 2670 3865 ⁸
2698 3834 2834 3902 apud
2863 3843 2914 3889 te
2941 3839 3220 3908 Augustini
3258 3839 3546 3897 doetissimi
3577 3845 3674 3900 viri
3705 3863 3835 3917 pra:-

2255 3922 2518 3994 dicatique
2565 3925 2798 3998 episcopi
2845 3930 3288 4000 comprehensum
3327 3934 3514 3990 litteris
3551 3937 3784 3994 lectitavi
3817 3959 3830 3992 :

2255 4015 2547 4072 modestius
2573 4018 2808 4088 quidem,
2848 4029 2906 4076 ut
2941 4037 3084 4089 reor,
3123 4039 3186 4079 ac
3226 4028 3574 4084 verecundius
3615 4031 3838 4102 hujusce

2253 4108 2329 4163 rei
2359 4123 2551 4166 arcana
2580 4110 2854 4178 rimantes,
2903 4111 3040 4168 intra
3083 4129 3142 4170 se
3177 4115 3322 4184 ipsos
3351 4127 3604 4176 tractatus
3630 4123 3710 4175 sui
3737 4123 3834 4178 de-

2253 4213 2470 4256 vorasse
2493 4199 2770 4270 judicium,
2795 4217 2967 4274 neque
2991 4219 3050 4260 se
3075 4221 3230 4276 posse
3260 4223 3329 4264 ex
3359 4209 3483 4266 hinc
3511 4212 3708 4282 aliquid
3739 4215 3831 4268 de-

2253 4291 2540 4347 terminare
2567 4291 2857 4362 professos.
2885 4293 2990 4352 Sed
3022 4297 3172 4364 mihi,
3201 4300 3382 4370 crede,
3413 4302 3542 4356 satis
3568 4319 3834 4374 superque

2253 4383 2462 4440 videtur
2485 4384 2773 4440 absurdum
2804 4397 2962 4458 atque
2989 4389 3336 4460 incongruum
3357 4393 3570 4462 rationi,
3591 4406 3642 4450 ut
3673 4395 3835 4450 homo

2250 4476 2362 4546 ipse
2387 4491 2578 4546 expers
2599 4477 2678 4532 sui
2701 4478 2790 4546 sit,
2819 4488 2910 4534 aut
2951 4480 2994 4536 is
3029 4482 3116 4552 qui
3139 4498 3314 4538 rerum
3337 4486 3571 4540 omnium
3599 4489 3834 4544 creditur

2250 4565 2471 4635 adeptus
2519 4581 2639 4622 esse
2681 4570 2953 4638 notitiam,
3003 4573 3102 4626 sibi
3151 4575 3248 4644 ipsi
3297 4575 3552 4630 habeatur
3601 4580 3830 4648 ignotus.

2248 4657 2387 4725 Quid
2428 4669 2604 4715 autem
2647 4661 2822 4717 diti‘ert
2849 4663 3010 4720 homo
3036 4681 3064 4721 a
3093 4682 3285 4736 pecore
3301 4671 3340 4734 ²,
3371 4670 3416 4724 si
3445 4673 3614 4726 nescit
3649 4655 3714 4726 de
3739 4689 3831 4726 sua

2249 4750 2504 4820 qualitate
2552 4760 2844 4825 naturaque
2885 4755 3180 4827 disquirere
3227 4768 3387 4829 atque
3431 4761 3726 4826 disserere;
3779 4775 3834 4818 ut

2249 4839 2440 4896 merito
2465 4840 2518 4895 in
2557 4841 2706 4897 illum
2735 4846 3016 4900 conveniat
3055 4847 3196 4917 quod
3234 4851 3488 4920 scriptum
3517 4859 3632 4919 est,
3665 4853 3834 4909 Homo

2249 4946 2364 4986 cum
2391 4941 2516 4988 esset
2539 4939 2593 4988 in
2622 4934 2830 5004 honore,
2861 4953 2962 4992 non
2999 4938 3282 5005 intellexit;
3311 4943 3620 4998 assimilatas
3645 4955 3718 5000 est
3735 4947 3829 5015 ju-

2247 5025 2426 5080 mentis
2453 5066 2466 5090 ,
2515 5035 2562 5080 et
2595 5035 2914 5099 comparatus
2943 5039 3014 5084 est
3043 5031 3114 5085 eis
3145 5031 3317 5104 (Psat.
3349 5049 3531 5100 xum,
3559 5037 3670 5106 i5).
3696 5035 3830 5091 Nam

2245 5128 2366 5168 cum
2397 5117 2537 5170 Deus
2556 5116 2728 5172 bonus
2755 5118 2886 5172 nihil
2913 5135 3018 5174 non
3049 5122 3255 5177 ratione
3281 5123 3598 5191 condiderit,
3627 5127 3830 5196 ipsum-

2244 5221 2348 5275 que
2374 5206 2640 5262 hominem
2669 5209 2864 5264 animal
2893 5213 3170 5282 rationale,
3205 5215 3498 5271 intellectus
3522 5233 3774 5288 capacem
3813 5262 3826 5278 .

2245 5297 2468 5353 rationis
2511 5309 2834 5369 compotem,
2881 5317 3146 5374 sensuque
3195 5307 3453 5374 vivacem,
3504 5311 3592 5378 qui
3649 5312 3826 5364 nuntia

2243 5389 2464 5444 rationis
2499 5393 2744 5460 expertia
2785 5395 3028 5463 prudenti
3063 5397 3396 5454 ordinatione
3437 5399 3720 5456 distribuat
3760 5403 3779 5432 ³
3811 5442 3826 5468 ,

2305 5543 2475 5628 154‘.“
2498 5543 2909 5628 estimates;
2922 5547 3067 5628 ἐξιεῖ
3088 5564 3214 5628 suae
3238 5565 3343 5628 ρετ·
3496 5623 3506 5628 ,
3584 5627 3589 5628 ,
3760 5617 3771 5628 .

2285 5607 2672 5692 issu?“
2694 5608 2832 5692 homo
2852 5607 3021 5676 pecore
3036 5625 3055 5674 ;
3073 5621 3129 5692 et
3149 5615 3220 5665 sic
3237 5607 3358 5666 infra
3377 5623 3656 5668 constanter
3675 5617 3828 5667 entis-

2237 5679 2289 5721 sa
2313 5679 2684 5734 praepositione,
2707 5683 2769 5742 a._
2909 5732 2920 5744 υ
3019 5735 3034 5744 _
3073 5685 3115 5746 χ
3318 5735 3328 5747 .
3413 5735 3425 5747 .

2244 5732 2536 5810 “1.593-?!
2553 5739 3138 5810 Eﬁizfiiiira‘ﬁ’PE
3159 5743 3486 5810 θενεηεὲπτίίι
3509 5741 3825 5810 “MM”

2236 5793 2537 5904 (ἐξιῖἱιξιὲιὶοέτε
2561 5793 2829 5845 distribuat.
2849 5795 3064 5846 Nonnulli
3093 5793 3832 5862 Mss.,'prudentiia'ordineuene

2275 5867 2316 5905 is
2341 5865 2364 5903 ι’
2415 5868 2478 5904 ua
2499 5892 2512 5904 .
