4144 6538
395 388 501 445 5'25

394 500 787 574 procreaverit;
830 500 956 571 quid
1002 509 1106 558 tam
1146 498 1582 556 inconvenienter
1606 496 1711 553 dici
1756 506 1971 568 potest,

393 609 550 664 quam
579 602 637 648 ut
663 608 786 649 eum
818 593 931 648 sola
954 594 1035 648 sui
1064 595 1281 648 notione
1318 589 1613 646 fraudarit?
1645 588 1713 645 Et
1737 604 1860 645 eum
1886 604 1975 645 sa-

395 686 592 755 pientia
629 684 833 751 mundi,
869 699 987 755 qure
1019 699 1141 741 sese
1174 699 1341 755 usque
1377 683 1444 739 ad
1481 683 1591 740 veri
1619 683 1974 754 cognitionem

391 792 716 848 supervacua
734 776 947 848 quidem
970 778 1373 849 investigatione
1391 776 1677 848 protendit,
1698 775 1820 846 quia
1837 775 1975 831 scire

391 870 575 940 nequit
600 885 694 939 per
719 884 876 940 quem
903 868 1029 924 licet
1054 883 1173 939 qua:
1198 876 1322 924 sunt
1346 882 1474 924 vera
1498 867 1769 938 cognosci,
1799 865 1974 937 aliqua

392 970 571 1016 tamen
616 959 785 1016 vicina
810 1001 826 1023 ,
876 959 984 1014 imo
1023 958 1199 1014 afﬂuia
1237 958 1448 1014 veritati
1485 956 1770 1013 tentaverit
1815 970 1976 1026 super

388 1052 581 1106 anima:
608 1059 797 1105 natura
834 1049 1141 1120 dispicere:
1170 1063 1329 1120 quam
1375 1047 1631 1103 indecens
1672 1056 1831 1117 atque
1878 1061 1977 1116 pu-

387 1144 622 1200 dendum
652 1152 756 1210 est,
796 1143 1102 1214 religiosum
1139 1155 1460 1212 quemquam
1493 1140 1564 1196 de
1602 1140 1704 1195 hoc
1742 1139 1858 1210 ipso
1885 1147 1976 1193 aut

389 1235 519 1292 nihil
549 1249 756 1305 sapere,
786 1243 877 1289 aut
902 1234 1113 1304 penitus
1140 1234 1239 1289 sibi
1267 1232 1608 1289 interdixisse
1634 1247 1704 1289 ne
1728 1231 1915 1303 sapiat.
1947 1249 1968 1284 ι

460 1330 513 1384 5.
544 1327 649 1383 Ista
687 1335 773 1382 tua
810 1335 1007 1383 nostra:
1035 1325 1348 1396 ignorantiae
1372 1323 1724 1381 disertissima
1748 1332 1802 1379 et
1828 1324 1976 1379 lucu-

392 1421 686 1478 lentissima
713 1419 1012 1490 castigatio,
1041 1418 1219 1473 omnia
1238 1433 1358 1489 qua:
1378 1417 1444 1473 ad
1470 1425 1714 1472 naturam
1744 1416 1975 1473 hominis

391 1514 679 1583 pertinent,
720 1512 797 1567 sic
832 1518 886 1567 te
916 1511 1055 1567 scire
1078 1509 1372 1580 compellit,
1403 1517 1463 1563 ut
1489 1508 1534 1564 si
1560 1523 1745 1564 eorum
1776 1507 1973 1580 aliquid

391 1604 738 1675 ignoraveris,
767 1620 870 1658 non
896 1618 1038 1669 meo,
1069 1602 1164 1659 sed
1185 1611 1276 1657 tuo
1294 1601 1496 1672 judicio
1518 1601 1799 1672 pecoribus
1823 1616 1975 1656 com-

391 1696 613 1765 pareris.
639 1693 892 1762 Quamvis
929 1693 1074 1749 enim
1111 1707 1210 1748 nos
1238 1691 1540 1763 insignitius
1571 1693 1588 1726 ⁸
1617 1691 1847 1748 videaris
1894 1701 1975 1748 at-

391 1788 620 1858 tingere,
650 1801 716 1842 eo
742 1785 884 1857 quod
910 1785 1124 1850 dixisti,
1174 1783 1344 1839 Homo
1372 1799 1487 1839 cum
1513 1793 1639 1840 esset
1662 1784 1717 1839 in
1743 1784 1935 1839 honore
1956 1827 1971 1850 ,

390 1893 492 1932 non
532 1876 796 1943 intellexit,
828 1876 952 1948 quia
978 1876 1031 1932 in
1059 1892 1164 1947 quo
1191 1884 1246 1932 tu
1273 1889 1377 1931 non
1417 1890 1477 1932 es
1500 1917 1514 1939 ,
1559 1874 1762 1931 honore
1790 1890 1976 1932 sumus

392 1969 644 2025 Ecclesiae
673 1978 687 2029 ;
720 1977 897 2024 tamen
925 1968 1086 2023 etiam
1119 1976 1172 2023 tu
1203 1968 1254 2022 in
1286 1983 1351 2023 eo
1380 1982 1439 2023 es
1482 1965 1686 2023 honore
1729 1975 1932 2021 naturae
1957 2008 1971 2032 ,

390 2072 448 2118 ut
474 2062 754 2134 pecoribus
781 2061 1099 2132 prmferaris,
1127 2060 1321 2131 quibus
1348 2058 1638 2116 secundum
1664 2068 1810 2115 tuum
1838 2057 1976 2129 iudi-

390 2159 529 2212 cium
555 2154 945 2226 comparandus
969 2169 1050 2221 es,
1091 2154 1137 2209 si
1166 2152 1365 2225 aliquid
1404 2167 1590 2209 eorum
1633 2167 1755 2223 qua:
1781 2151 1849 2208 ad
1875 2166 1973 2207 na-

391 2256 564 2304 turam
598 2257 739 2303 tuam
765 2254 971 2303 constat
1000 2247 1287 2317 pertinere,
1302 2243 1613 2301 nesciveris.
1629 2243 1816 2315 Neque
1831 2244 1975 2299 enim

389 2341 780 2412 eosaspersisti
819 2339 918 2396 hac
964 2338 1385 2408 reprehensione
1435 2335 1837 2400 tantummodo,
1884 2336 1974 2407 qui

391 2434 492 2488 hoc
522 2432 764 2487 nesciunt
790 2430 932 2502 quod
956 2446 1055 2502 ego
1080 2429 1292 2498 nescio,
1325 2429 1426 2484 hoc
1450 2436 1553 2496 est,
1584 2428 1829 2482 humana:
1856 2427 1975 2482 ani-

390 2540 492 2580 m;e
517 2523 776 2595 originem
804 2521 984 2595 (quam
1010 2521 1221 2593 quidem
1250 2536 1355 2575 non
1375 2519 1586 2591 penitus
1617 2519 1835 2583 nescio;
1864 2518 1977 2574 scio

388 2616 531 2672 enim
555 2614 723 2670 Deum
747 2611 958 2669 ﬂavisse
983 2614 1035 2668 in
1062 2612 1250 2668 faciem
1278 2611 1436 2681 primi
1466 2609 1721 2676 hominis,
1744 2608 1975 2666 factum—

388 2722 494 2778 que
534 2719 656 2762 esse
705 2704 976 2759 hominem
1023 2703 1077 2758 in
1114 2702 1348 2758 animam
1385 2701 1560 2757 vivam
1598 2698 1749 2773 (Gen.
1786 2715 1845 2765 ll,
1879 2700 1972 2771 7):

389 2796 532 2868 quod
576 2804 754 2851 tamen
790 2794 891 2849 nisi
928 2793 1210 2864 legissem,
1264 2806 1363 2862 per
1407 2804 1494 2847 me
1525 2790 1642 2861 ipse
1684 2791 1823 2847 seire
1865 2803 1976 2845 non

389 2887 655 2959 possem);
699 2885 794 2942 sed
820 2885 1022 2953 dixisti,
1056 2883 1193 2953 Quid
1222 2893 1392 2939 autem
1433 2882 1606 2952 di/fert
1632 2885 1783 2939 homo
1814 2899 1848 2938 a
1884 2898 1976 2955 pe-

380 2980 505 3035 ‘eore
520 3021 536 3046 ,
572 2979 618 3034 si
662 2977 820 3033 nescit
861 2976 925 3031 de
961 2991 1056 3030 sua
1091 2976 1335 3048 qualitate
1372 2983 1656 3046 naturaque
1700 2974 1979 3047 disquirere

388 3083 537 3142 atque
583 3070 872 3127 disserere?
913 3068 1066 3136 Quod
1104 3069 1340 3125 sensisse
1374 3067 1449 3124 ita
1473 3067 1693 3135 videris,
1723 3076 1974 3138 tanquam

387 3165 457 3221 de
505 3163 752 3219 universa
801 3175 895 3216 sua
947 3160 1201 3231 qualitate
1244 3168 1404 3230 atque
1453 3166 1641 3215 natura
1687 3157 1768 3215 sic
1815 3156 1976 3213 homo

387 3255 686 3326 disquirere
725 3259 886 3323 atque
925 3250 1193 3307 disserere
1220 3249 1435 3317 debeat,
1467 3257 1526 3305 ut
1563 3249 1697 3305 nihil
1726 3264 1849 3305 eum
1892 3248 1976 3306 sui

387 3349 568 3404 lateat.
596 3346 750 3416 Quod
776 3347 822 3402 si
853 3347 924 3401 ita
953 3353 1055 3411 est,
1084 3346 1193 3415 jam
1221 3352 1273 3399 te
1299 3342 1582 3415 pecoribus
1610 3342 1932 3413 comparabo
1955 3383 1971 3411 ,

387 3442 432 3497 si
459 3440 588 3497 mibi
610 3455 718 3497 non
739 3438 1084 3510 responderis
1102 3446 1313 3493 tuorum
1335 3450 1619 3493 numerum
1639 3435 1971 3507 capillorum.

387 3534 445 3591 Si
473 3541 648 3603 autem
678 3541 1164 3606 quantumcumque
1192 3528 1535 3602 proﬁciamus
1581 3528 1636 3584 in
1683 3527 1783 3584 hac
1826 3528 1932 3583 vita
1954 3568 1970 3591 ,

388 3626 560 3697 aliqua
600 3639 701 3680 nos
736 3624 803 3679 ad
848 3631 1092 3678 naturam
1134 3628 1373 3677 nostram
1417 3620 1732 3691 pertinentia
1764 3619 1973 3676 nescire

392 3714 664 3782 concedis,
694 3728 876 3785 quaero
906 3713 957 3768 id
988 3721 1246 3783 quantum
1281 3720 1648 3782 quatenusque
1674 3710 1969 3775 concedas;

389 3819 457 3860 ne
486 3806 621 3861 forte
643 3815 699 3865 et
729 3804 831 3859 hoc
858 3803 926 3858 ibi
957 3804 1045 3866 sit,
1075 3801 1217 3872 quod
1246 3802 1440 3857 animae
1464 3809 1661 3857 nostra:
1692 3815 1797 3855 non
1824 3800 1971 3856 omni

386 3894 545 3951 modo
573 3895 771 3950 scimus
812 3893 1071 3965 originem
1118 3910 1132 3949 :
1176 3892 1419 3963 quamvis
1451 3892 1593 3963 Quod
1629 3891 1695 3948 ad
1740 3892 1971 3948 salutem

384 3987 618 4056 pertinet
641 3985 785 4053 ﬂdei,
815 3985 1066 4040 divinitus
1094 3984 1327 4039 animam
1365 3982 1544 4039 datam
1565 4025 1581 4050 ,
1612 3996 1839 4052 eamque
1866 3997 1972 4037 non

384 4079 501 4150 ejus
523 4078 676 4149 cujus
703 4078 842 4133 Deus
877 4086 959 4133 est
999 4091 1120 4132 esse
1161 4085 1385 4143 naturae,
1417 4074 1640 4130 remotis
1662 4073 1974 4145 ambagibus

384 4170 709 4229 noverimus.
750 4169 832 4225 An
880 4168 1016 4224 forte
1044 4167 1301 4222 hactenus
1345 4175 1500 4237 putas
1534 4175 1774 4221 naturam
1818 4180 1970 4221 suam

382 4263 575 4334 cuique
605 4261 966 4326 nesciendam,
995 4267 1259 4331 quatenus
1282 4273 1400 4314 eam
1441 4266 1497 4313 tu
1525 4259 1734 4323 nescis;
1786 4258 1970 4313 hacte-

382 4369 589 4425 nusque
613 4352 907 4416 sciendam,
928 4361 1190 4422 quatenus
1217 4365 1335 4406 eam
1362 4358 1416 4405 tu
1443 4349 1583 4405 seire
1610 4350 1850 4422 potueris
1876 4368 1890 4406 :
1914 4358 1973 4405 ut

381 4448 427 4501 si
466 4445 625 4516 paulo
664 4444 891 4516 amplius
936 4452 989 4499 te
1028 4443 1149 4514 quis
1191 4443 1479 4511 nescierit,
1525 4456 1649 4498 eum
1689 4442 1971 4512 pecoribus

381 4551 682 4607 compares,
710 4535 849 4606 quod
881 4535 1135 4590 scientier
1163 4535 1257 4589 illo
1284 4550 1406 4590 esse
1432 4534 1685 4604 potuisti;
1714 4542 1875 4604 atque
1898 4533 1968 4588 ita

380 4628 426 4682 si
451 4627 572 4698 quis
595 4641 715 4682 eam
740 4626 899 4697 paulo
931 4626 1048 4695 plus
1068 4632 1121 4679 te
1139 4624 1339 4690 scierit,
1367 4623 1556 4680 eadem
1578 4623 1781 4693 justitia
1808 4632 1858 4679 te
1879 4624 1970 4680 ille

382 4717 665 4790 pecoribus
693 4716 1059 4788 comparabit?
1099 4716 1193 4771 Dic
1219 4729 1346 4786 ergo
1369 4723 1635 4787 quatenus
1668 4715 1824 4771 nobis
1868 4731 1965 4769 na-

379 4819 552 4866 turam
602 4817 839 4864 nostram
896 4806 1104 4862 nescire
1140 4806 1404 4862 concedas
1433 4846 1449 4872 ,
1501 4813 1561 4860 ut
1609 4820 1640 4859 a
1686 4805 1969 4875 pecoribus

378 4902 523 4957 salva
560 4901 631 4957 sit
667 4908 847 4956 nostra
895 4897 1145 4954 distantia
1197 4916 1212 4954 :
1251 4906 1306 4955 et
1349 4898 1627 4953 considera
1674 4907 1854 4954 tamen
1900 4915 1967 4955 ne

375 4993 498 5062 plus
523 5005 554 5045 a
586 4990 871 5062 pecoribus
902 4989 1101 5053 distet,
1141 4989 1229 5059 qui
1270 4988 1388 5059 ejus
1430 4988 1630 5059 aliquid
1672 4988 1880 5044 nescire
1907 5004 1968 5046 se

375 5084 496 5149 scit,
538 5097 698 5153 quam
731 5082 822 5153 qui
859 5095 919 5137 se
968 5087 1118 5152 putat
1162 5080 1301 5135 scire
1342 5079 1485 5149 quod
1527 5082 1716 5135 nescit.
1766 5080 1965 5135 Natura

373 5187 522 5232 certe
564 5183 676 5231 tota
723 5173 955 5230 hominis
992 5183 1073 5231 est
1122 5173 1375 5243 spiritus,
1424 5173 1603 5227 anima
1637 5181 1691 5228 et
1718 5188 1915 5243 corpus
1949 5191 1963 5229 :

374 5270 617 5341 quisquis
645 5284 772 5338 ergo
798 5283 827 5321 a
858 5274 1047 5322 natura
1072 5266 1302 5322 humana
1322 5281 1517 5336 corpus
1543 5266 1776 5322 alienare
1806 5266 1917 5320 vult
1944 5305 1959 5329 ,

375 5361 589 5431 desipit.
621 5359 810 5415 Medici
840 5367 1018 5414 tamen
1046 5358 1134 5428 qui
1161 5357 1499 5427 appellantur
1533 5358 1839 5422 anatomici,
1870 5372 1966 5427 per

374 5452 638 5516 membra,
664 5464 760 5520 per
786 5463 972 5515 venas,
1013 5462 1110 5518 per
1154 5462 1370 5513 nervos,
1417 5461 1513 5517 per
1547 5462 1691 5513 ossa,
1734 5462 1828 5516 per
1854 5461 1965 5501 meo

372 5544 588 5609 dullas,
632 5558 728 5613 per
764 5542 1017 5598 interiora
1057 5540 1259 5605 vitalia,
1308 5542 1468 5596 etiam
1518 5541 1668 5596 vivos
1720 5538 1964 5594 homines

371 5636 628 5709 quamdiu
667 5636 808 5692 inter
859 5648 1051 5690 manus
1091 5633 1396 5689 rimantium
1451 5634 1630 5689 vivere
1679 5641 1965 5703 potuerunt

371 5768 629 5894 ,ὼιέἓμ
665 5767 919 5833 insignius.
956 5767 1294 5829 ttanuscripti,
1335 5765 1630 5834 insignitius;
1677 5766 1785 5827 vel,
1832 5764 1960 5817 desi-

1730 384 1930 440 LIBER
1969 384 2315 454 QUARTUS.

3554 399 3657 456 5‘26

2081 498 2403 556 dissiciendo
2428 502 2445 533 ⁸
2473 501 2693 558 scrutati
2720 513 2864 571 sunt,
2897 512 2955 561 ut
2988 514 3228 562 naturam
3261 508 3500 582 corporis
3545 526 3668 566 nos-

2078 599 2199 646 sent
2225 606 2363 648 :nec
2392 601 2569 649 tamen
2596 609 2722 661 nos,
2754 596 2877 667 quia
2912 597 3012 654 ista
3040 599 3306 655 nescimus
3329 642 3345 668 ,
3386 601 3668 672 pecoribus

2079 695 2473 756 compararunt.
2494 687 2603 743 Nisi
2636 688 2769 745 forte
2790 689 3028 747 dicturus
3070 706 3129 746 es
3151 732 3169 757 ,
3233 706 3327 748 eos
3386 693 3667 763 pecoribus

2078 776 2468 845 comparandos
2487 819 2504 847 ,
2535 778 2625 850 qui
2650 781 2843 836 anima-
2872 789 3114 836 naturam
3139 824 3154 850 ,
3181 798 3288 838 non
3313 784 3403 855 qui
3428 788 3666 855 corporis

2079 868 2345 923 nesciunt.
2372 868 2488 925 Non
2516 886 2645 942 ergo
2671 871 2742 927 ita
2764 873 3020 945 pra-loqui
3047 873 3295 930 debuisti.
3311 874 3497 947 Neque
3517 877 3661 931 enim

2078 957 2231 1028 aisti,
2265 958 2404 1026 Quid
2431 961 2600 1029 diﬂ'ert
2638 962 2788 1019 homo
2812 979 2844 1018 α
2873 981 3071 1038 pecore,
3102 965 3147 1020 si
3182 966 3351 1022 nescit
3377 966 3445 1023 de
3471 968 3665 1022 anima:

2078 1063 2190 1104 sua;
2214 1050 2467 1121 qualitate
2491 1061 2649 1123 atque
2676 1061 2862 1110 natura
2894 1072 2908 1109 :
2933 1054 3027 1111 sed
3053 1055 3195 1124 aisti,
3222 1057 3267 1111 si
3300 1059 3455 1112 nescit
3478 1058 3541 1113 de
3568 1076 3663 1113 sna

2076 1138 2322 1208 qualitate
2346 1151 2625 1214 naturaque
2651 1144 2929 1213 disquirere
2956 1155 3107 1217 atque
3134 1147 3397 1203 disserere.
3426 1149 3665 1217 Qualitas

2079 1229 2260 1300 utique
2289 1241 2470 1288 nostra
2499 1243 2553 1289 et
2590 1244 2777 1291 natura
2819 1245 3001 1293 nostra
3043 1253 3164 1293 cum
3194 1254 3418 1311 corpore
3441 1256 3662 1313 compu-

2079 1326 2252 1387 tatur,
2291 1324 2532 1393 quamvis
2570 1324 2749 1383 dehis
2776 1327 2968 1399 quibus
3009 1338 3318 1387 constamus
3393 1333 3661 1404 sigillatiut

2077 1415 2298 1484 singulis
2322 1415 2631 1474 disseratur.
2672 1418 2870 1477 Verum
2915 1434 3019 1494 ego
3059 1437 3217 1495 quam
3257 1424 3422 1480 multa
3464 1428 3664 1496 possim

2077 1504 2147 1562 de
2175 1506 2404 1565 hominis
2429 1519 2614 1567 natura
2637 1513 2992 1571 scientissime
3011 1515 3301 1587 disputare,
3325 1517 3370 1572 si
3391 1518 3664 1589 explicare

2078 1597 2266 1663 velim,
2316 1599 2468 1670 plura
2512 1601 2782 1659 volumina
2820 1605 3052 1676 implebo
3094 1624 3108 1661 :
3157 1607 3324 1663 multa
3363 1623 3450 1664 me
3488 1618 3664 1665 tamen

2078 1684 2325 1756 ignorare
2353 1689 2628 1746 confiteor.

2149 1776 2376 1836 CAPUT
2415 1779 2502 1835 ill.
2535 1813 2607 1824 —
2635 1783 2689 1839 4.
2735 1782 2815 1841 Tu
2863 1794 3042 1841 autem
3094 1802 3206 1858 quo
3238 1786 3317 1844 vis
3357 1789 3663 1859 pertinere,

2077 1871 2218 1941 quod
2246 1872 2299 1927 in
2323 1872 2596 1943 superiore
2620 1874 2755 1931 libro
2778 1876 2845 1933 de
2865 1876 2992 1933 ﬂatu
3008 1876 3239 1934 hominis
3256 1877 3664 1949 disputavimus,

2079 1968 2253 2018 utrum
2275 1962 2342 2018 ad
2363 1963 2554 2021 animae
2572 1975 2838 2035 naturam,
2860 1968 2982 2039 quia
3004 1969 3116 2039 ipsa
3145 1969 3196 2025 id
3217 1970 3325 2040 agit
3345 1970 3396 2024 in
3426 1971 3663 2038 homine;

2078 2066 2147 2107 an
2171 2053 2237 2108 ad
2265 2056 2527 2133 corporis,
2569 2057 2710 2127 quod
2756 2057 2824 2113 ab
2851 2073 2914 2115 ea
2948 2068 3196 2115 movetur
3233 2068 3291 2116 ut
3325 2060 3378 2117 id
3407 2070 3565 2133 agat;
3597 2078 3666 2118 an

2078 2144 2145 2199 ad
2175 2144 2329 2216 hujus
2347 2147 2487 2202 aeris
2506 2187 2520 2213 ,
2544 2147 2697 2219 cujus
2715 2150 3047 2221 reciprocatu
3075 2150 3127 2207 id
3151 2166 3311 2224 agere
3330 2150 3665 2218 declaratur;

2078 2251 2144 2292 an
2175 2239 2351 2308 potius
2378 2239 2447 2295 ad
2471 2240 2649 2295 omnia
2678 2240 2798 2309 tria,
2826 2240 2895 2298 ad
2917 2241 3151 2298 animam
3176 2244 3380 2301 scilicet
3408 2250 3529 2317 quae
3549 2260 3668 2301 cor-

2078 2343 2179 2400 pus
2214 2337 2431 2398 movet,
2459 2339 2514 2385 et
2541 2330 2609 2385 ad
2635 2345 2831 2402 corpus
2875 2331 3020 2403 quod
3060 2340 3206 2388 motu
3248 2334 3432 2390 ﬂatum
3479 2335 3669 2405 recipit

2079 2429 2239 2491 atque
2281 2419 2475 2489 reddit,
2511 2429 2567 2477 et
2615 2423 2682 2477 ad
2730 2438 2914 2479 auram
2962 2424 3119 2480 istam
3167 2424 3399 2497 undique
3436 2426 3687 2482 circum-.

2079 2508 2251 2566 fusam
2302 2525 2422 2581 quae
2470 2511 2719 2570 intrando
2760 2514 2873 2582 alit,
2926 2513 3128 2572 relevat
3168 2514 3451 2571 exeundo?
3490 2516 3558 2571 Et
3588 2525 3670 2572 ta-

2077 2617 2201 2659 men
2226 2602 2327 2660 hoc
2346 2603 2612 2662 litteratus
2630 2604 2794 2662 homo
2840 2613 3000 2678 atque
3048 2607 3303 2664 facundus
3341 2609 3523 2680 utique
3571 2626 3665 2666 ne-

2078 2693 2307 2763 sciebas,
2343 2695 2558 2766 quando
2599 2696 2877 2766 credebas,
2916 2704 2972 2754 et
3006 2697 3240 2767 dicebas,
3280 2707 3336 2755 et
3374 2699 3666 2765 scribebas.

2078 2793 2134 2840 et
2160 2784 2215 2839 in
2240 2794 2506 2841 conventu
2547 2785 2899 2843 multitudinis
2951 2796 3287 2860 congregata
3316 2789 3561 2861 legebas,
3593 2782 3670 2848 ex

2079 2884 2269 2930 natura
2323 2883 2507 2933 nostra
2561 2890 2662 2933 nos
2717 2886 2891 2933 utrem
2950 2876 3177 2945 inﬂare,
3245 2886 3300 2934 et
3365 2879 3419 2935 in
3481 2890 3669 2938 natura

2079 2977 2262 3026 nostra
2291 2985 2392 3026 nos
2417 2969 2597 3025 minus
2622 2970 2755 3026 nihil
2781 2970 2982 3028 habere
3002 2972 3026 3004 ⁸
3058 2989 3071 3026 :
3100 2985 3221 3028 cum
3261 2970 3365 3029 hoc
3403 2972 3544 3030 unde
3588 2973 3671 3029 fa-

2077 3062 2302 3129 ciamus,
2359 3060 2612 3119 facillime
2654 3076 2877 3134 posses,
2915 3078 3022 3119 non
3066 3063 3275 3121 divinas
3314 3072 3371 3122 et
3410 3064 3670 3125 humanas

2078 3155 2298 3226 paginas
2321 3153 2726 3225 perscrutanda,
2748 3155 2843 3210 sed
2866 3154 2919 3210 in
2939 3163 2992 3211 te
3011 3154 3338 3212 advertendo
3361 3170 3520 3213 nosse
3544 3173 3668 3215 cum

2077 3244 2264 3302 velles.
2295 3243 2574 3313 Quomodo
2599 3242 2761 3316 igitur
2784 3244 2880 3301 tibi
2909 3245 3237 3301 committam
3268 3252 3330 3302 ut
3356 3261 3444 3304 me
3471 3246 3669 3304 doceas

2077 3335 2146 3392 de
2169 3335 2373 3408 origine
2396 3336 2718 3403 animarum,
2739 3334 2881 3407 quod
2908 3351 2997 3393 me
3026 3335 3234 3394 nescire
3258 3337 3553 3406 confiteor;
3575 3340 3666 3412 qui

2076 3427 2219 3500 quod
2254 3428 2357 3483 tuis
2386 3427 2603 3483 naribus
2630 3436 2791 3498 atque
2814 3442 2909 3484 ore
2935 3427 3053 3484 sine
3079 3428 3478 3486 intermissione
3510 3429 3661 3498 facis,

2077 3518 2220 3574 unde
2245 3517 2410 3574 facias
2435 3517 2756 3590 ignorabas?
2783 3519 2848 3575 Et
2876 3528 3095 3591 prtestet
3114 3520 3370 3577 Dominus
3388 3563 3404 3588 ,
3437 3530 3499 3579 ut
3526 3537 3554 3579 a
3579 3540 3667 3587 me

2076 3612 2453 3679 commonitus,
2479 3611 2637 3668 cedas
2658 3613 2838 3684 potius
2856 3627 3017 3686 quam
3038 3613 3255 3671 resistas
3276 3624 3384 3672 tam
3406 3617 3456 3671 in
3487 3634 3668 3687 prom-

2076 3712 2169 3775 ptu
2214 3703 2400 3774 positae
2436 3712 2595 3774 atque
2636 3704 2989 3774 apertissima:
3030 3706 3240 3762 veritati
3281 3722 3296 3763 :
3329 3721 3429 3762 nec
3452 3706 3519 3765 de
3547 3719 3667 3765 utre

2075 3797 2310 3854 inﬂando
2333 3797 2413 3854 sic
2440 3797 2738 3869 interroges
2768 3797 3046 3870 pulmones
3073 3806 3213 3866 tuos,
3254 3807 3312 3854 ut
3351 3812 3445 3855 eos
3471 3799 3659 3857 adven

2075 3902 2168 3946 sus
2203 3904 2291 3945 me
2332 3888 2532 3946 habere
2569 3888 2725 3945 malis
2746 3888 2982 3953 inﬂatos.
3011 3904 3171 3961 quam
3208 3889 3288 3946 eis
3323 3891 3665 3962 acquiescere

2077 3991 2129 4039 te
2146 3981 2482 4051 docentibus,
2503 3988 2561 4038 et
2581 3996 2899 4053 responsum
2921 3982 3015 4038 tibi
3042 3998 3249 4047 verum,
3272 3998 3378 4040 non
3397 3976 3665 4056 loquendo

2073 4084 2130 4134 et
2153 4075 2477 4144 altercando,
2499 4075 2596 4132 sed
2620 4074 2873 4147 spirando
2892 4083 2947 4131 et
2961 4074 3274 4147 respirando
3294 4074 3661 4133 reddentibus.

2074 4169 2306 4227 Proinde
2338 4169 2692 4241 ignorantiam
2728 4182 2902 4225 meam
2933 4169 3003 4225 de
3029 4168 3237 4242 origine
3264 4168 3564 4225 animarum
3612 4179 3665 4225 te

2074 4262 2451 4335 eorripientem
2477 4269 2639 4334 atque
2664 4263 3032 4334 obiurgantem
3059 4277 3166 4318 non
3195 4262 3421 4319 moleste
3442 4261 3660 4332 ferrem,

2076 4358 2183 4412 imo
2210 4357 2426 4427 insuper
2451 4363 2506 4411 et
2530 4353 2728 4426 gratias
2754 4369 2973 4425 magnas
3004 4369 3239 4426 agerem,
3271 4354 3317 4411 si
3344 4369 3461 4410 eam
3489 4355 3617 4410 mihi
3644 4398 3660 4420 ,

2075 4465 2180 4505 non
2208 4447 2380 4504 solum
2404 4446 2553 4504 duris
2577 4455 2885 4518 percuteres
2911 4447 3186 4513 conviciis,
3215 4447 3310 4504 sed
3334 4449 3476 4503 veris
3498 4449 3662 4506 etiam

2074 4538 2352 4597 excuteres
2375 4539 2550 4597 dictis.
2584 4538 2640 4596 Si
2667 4538 2811 4596 enim
2839 4554 2926 4595 me
2953 4554 3140 4611 posses
3165 4540 3359 4597 docere
3391 4540 3535 4612 quod
3563 4556 3663 4597 ne-

2073 4634 2206 4699 scio,
2236 4648 2339 4688 non
2370 4632 2544 4689 solum
2593 4639 2646 4688 te
2683 4631 2882 4700 verbis,
2923 4631 3019 4689 sed
3057 4641 3113 4690 et
3152 4633 3341 4707 pugnis
3365 4633 3662 4691 caedentem

2072 4724 2324 4781 deberem
2352 4723 2740 4793 patientissime
2763 4724 3048 4801 sustinere.

2141 4816 2367 4873 CAPUT
2391 4816 2478 4871 IV.
2503 4845 2577 4856 —
2598 4815 2652 4872 5.
2675 4813 2805 4871 Nam
2829 4814 3000 4871 fateor
3026 4815 3304 4871 Dilectioni
3330 4825 3456 4883 tute,
3487 4831 3664 4889 quan.

2073 4918 2184 4965 tum
2228 4909 2418 4964 attinet
2454 4907 2521 4963 ad
2546 4908 2703 4965 istam
2731 4911 3103 4978 quaestionem,
3149 4924 3312 4963 unum
3348 4907 3418 4965 de
3451 4908 3664 4969 duobus

2071 4999 2223 5054 valde
2250 4999 2408 5069 cupio
2432 5011 2611 5064 nosse,
2644 4997 2687 5051 si
2718 4997 2918 5069 possim
2940 5038 2955 5062 ,
2986 4997 3072 5052 vel
3116 4996 3184 5053 de
3222 4998 3521 5054 animarum
3551 5000 3664 5056 ori-

2068 5093 2192 5163 gine
2217 5089 2360 5161 quod
2390 5090 2599 5160 ignoro,
2645 5089 2731 5145 vel
2779 5097 2955 5144 utrum
2999 5090 3263 5160 pertineat
3304 5090 3371 5146 ad
3410 5106 3510 5148 nos
3559 5079 3693 5147 hoe'

2071 5197 2230 5262 nosse
2253 5197 2375 5236 cum
2398 5181 2485 5237 hic
2499 5180 2745 5236 vivimus.
2770 5178 2908 5249 Quid
2928 5180 2973 5237 si
2996 5180 3139 5236 enim
3160 5196 3225 5237 es
3248 5181 3352 5238 illis
3370 5181 3533 5239 rebus
3554 5191 3664 5258 est,

2070 5274 2137 5330 de
2160 5273 2352 5345 quibus
2379 5271 2532 5355 nobis
2551 5271 2766 5339 dicitur,
2794 5271 2991 5327 Altiora
3020 5281 3068 5329 te
3095 5290 3158 5328 ne
3175 5274 3451 5344 quaesieris,
3477 5282 3525 5329 et
3548 5273 3661 5344 [or-

2071 5366 2201 5420 tiara
2227 5374 2275 5419 te
2298 5382 2361 5419 ne
2381 5352 2634 5419 scrutatus
2672 5365 2867 5435 fueris;
2892 5364 2982 5418 sed
3016 5382 3130 5435 qua:
3158 5367 3396 5437 prweepit
3435 5366 3523 5420 tibi
3552 5365 3662 5421 Do-

2068 5458 2258 5525 minus,
2288 5458 2381 5511 illa
2408 5458 2573 5529 cogita
2602 5472 2797 5528 semper
2826 5454 3017 5526 (Eccli.
3058 5474 3098 5525 ι,
3140 5458 3274 5529 22)?
3313 5458 3511 5514 Verum
3557 5458 3660 5515 hoc

2069 5564 2230 5606 nosse
2254 5550 2432 5620 cupio,
2463 5556 2557 5603 aut
2584 5550 2651 5605 ab
2677 5550 2793 5620 ipso
2820 5550 2933 5605 Deo
2963 5550 3166 5606 sciente
3192 5549 3333 5621 quod
3356 5558 3523 5616 creat,
3563 5558 3657 5603 aut

2133 5703 2149 5767 ξ
2186 5701 2315 5767 Apud
2339 5708 2410 5751 Er.
2439 5709 2493 5753 et
2513 5709 2645 5767 Lov.,
2668 5700 2956 5767 disjiciendo
2984 5714 3002 5752 :
3025 5702 3279 5752 mendose.
3318 5765 3325 5767 ξ
3474 5757 3484 5767 ,

2131 5765 2151 5795 ³
2182 5754 2255 5814 sic
2278 5772 2382 5812 Mss.
2412 5771 2465 5814 Αι
2511 5754 2646 5823 editi,
2688 5754 2755 5815 et'
2769 5764 2831 5814 de
2867 5769 3042 5813 natura
3075 5769 3238 5823 nostra
3275 5765 3429 5810 utrem
3468 5754 3671 5818 inﬂare,

2068 5834 2113 5876 et
2127 5832 2350 5875 naturam
2372 5832 2583 5877 nostram
2605 5822 2653 5877 in
2670 5839 2755 5878 nos
2775 5824 2931 5876 minus
2952 5822 3074 5877 nihil
3093 5822 3286 5874 habere.
