4144 6572
523 346 626 402 827

520 465 680 518 etiam
710 461 778 518 ab
803 461 982 533 aliquo
1007 461 1164 517 docto
1190 461 1391 517 sciente
1419 461 1560 532 quod
1587 460 1748 526 dicat,
1777 476 1880 515 non
1908 459 1974 514 ab
2005 458 2097 514 lio-

521 557 662 610 utine
693 555 963 610 nesciente
985 553 1127 625 quod
1149 552 1382 608 anhelat.
1407 553 1684 608 Infantiam
1708 567 1856 606 suam
1879 553 2100 622 quisque

519 661 623 699 non
652 644 856 711 recolit,
880 653 936 700 et
964 655 1118 715 putas
1148 643 1417 699 hominem
1441 644 1540 698 nisi
1564 645 1672 698 Deo
1693 643 1919 698 docente
1944 655 2099 711 posse

516 753 878 810 cognoscere,
928 738 1069 793 unde
1109 737 1160 792 in
1205 737 1388 793 matris
1433 747 1585 792 utero
1633 737 1808 790 vivere
1837 734 2094 804 coeperit;

515 816 811 904 praesertim
839 833 884 887 si
915 846 1085 903 usque
1113 829 1246 886 adeo
1272 830 1417 898 illum
1455 829 1628 884 adhuc
1668 828 1827 884 lateat
1869 827 2096 881 humana

515 936 722 988 natura,
755 933 812 980 ut
843 939 945 980 non
970 925 1140 979 solum
1171 923 1295 995 quid
1332 924 1473 980 intus
1496 922 1707 989 habeat,
1731 937 1914 978 verum
1937 920 2094 976 etiam

513 1017 638 1089 quid
677 1017 743 1073 ad
778 1033 894 1074 eam
938 1017 1232 1072 forinsecus
1269 1016 1504 1083 accedat,
1535 1017 1777 1088 ignoret?
1807 1015 1951 1071 Itane
1972 1057 1987 1082 ,
2017 1015 2097 1071 di-

511 1112 820 1178 lectissime,
845 1120 898 1166 tu
923 1125 1008 1166 me
1027 1109 1243 1166 docebis
1263 1119 1355 1165 aut
1382 1125 1728 1180 quemquam,
1755 1107 1898 1164 unde
1924 1107 2094 1162 homi~

511 1219 609 1258 nos
636 1211 914 1258 nascentes
941 1201 1247 1256 animentur
1265 1242 1279 1265 ,
1307 1201 1400 1272 qui
1429 1199 1706 1255 nesciebas
1733 1197 1906 1253 adhuc
1928 1212 2093 1268 usque

511 1295 652 1349 unde
681 1295 919 1348 viventes
948 1292 1025 1348 sic
1066 1292 1298 1358 alantur,
1342 1301 1398 1346 ut
1431 1291 1519 1346 illo
1544 1291 1796 1346 alimento
1821 1290 2090 1361 paululum

509 1385 783 1441 subtracto
820 1385 1074 1440 continuo
1122 1381 1450 1438 moriantur?
1487 1381 1567 1436 Tu
1613 1395 1700 1436 me
1742 1379 1958 1435 docebis
2001 1389 2094 1435 aut

509 1492 851 1549 quemquam,
885 1475 1027 1531 unde
1065 1473 1310 1530 homines
1339 1473 1661 1539 animentur,
1684 1472 1777 1543 qui
1815 1471 2092 1526 nesciebas

509 1569 682 1622 adhuc
708 1583 873 1637 usque
903 1565 1042 1621 unde
1068 1575 1232 1629 utres,
1275 1563 1486 1634 quando
1532 1563 1805 1628 inflantur,
1833 1561 2092 1632 implean-

509 1659 636 1714 tur?
687 1658 898 1714 Utinam
945 1653 1390 1728 quemadmodum
1425 1654 1604 1708 ncscis
1652 1653 1794 1709 unde
1836 1655 1986 1723 origo
2023 1651 2091 1707 sit

507 1749 824 1816 animarum,
851 1749 928 1803 sic
951 1763 1048 1818 ego
1072 1747 1258 1802 saltem
1298 1746 1491 1802 scirem
1535 1754 1710 1800 utrum
1739 1743 1870 1800 mihi
1903 1744 1958 1798 in
1990 1744 2090 1800 hac

506 1844 610 1896 vita
629 1841 900 1898 sciendum
923 1850 1084 1896 esset.
1107 1839 1163 1895 Si
1179 1838 1322 1895 enim
1345 1854 1408 1895 ex
1434 1837 1538 1894 illis
1558 1847 1639 1893 est
1658 1837 1954 1902 altioribus,
1969 1851 2088 1908 quae

505 1934 773 2004 inquirere
812 1934 1141 2004 scrutarique
1188 1931 1566 2004 prohibemur;
1598 1929 1888 1987 timendum
1916 1938 1998 1985 est
2021 1944 2088 1985 ne

504 2026 623 2089 hoc,
659 2041 763 2080 non
793 2026 1106 2096 ignorando,
1139 2024 1233 2081 sed
1261 2025 1551 2096 quarrendo
1575 2037 1876 2094 peccemus.
1905 2023 2086 2094 Neque

503 2119 646 2173 enim
669 2125 948 2188 propterea
965 2132 1071 2172 non
1093 2129 1212 2172 esse
1231 2115 1299 2172 de
1318 2115 1422 2170 illis
1435 2113 1711 2170 altioribus
1732 2122 1916 2184 putare
1932 2112 2087 2170 debe-

504 2227 640 2274 mus,
659 2209 777 2280 quia
797 2225 899 2265 non
918 2208 983 2264 ad
1005 2209 1098 2265 Dei
1117 2208 1622 2278 naturam’pertinet,
1636 2204 1730 2262 sed
1745 2205 1811 2262 ad
1825 2214 2081 2261 nostram.

571 2301 800 2358 CAPUT
838 2301 902 2358 ν.
934 2331 1004 2342 --
1032 2302 1085 2358 6.
1114 2300 1272 2370 Quid,
1298 2299 1438 2373 quod
1465 2300 1719 2356 nonnulla
1745 2299 1797 2355 in
1832 2297 2085 2370 operibus

502 2395 618 2462 hei,
661 2409 821 2465 quam
865 2394 1008 2450 Deus
1045 2395 1180 2464 ipse,
1225 2394 1280 2448 in
1313 2402 1568 2464 quantum
1593 2391 1841 2463 cognosci
1870 2398 2080 2461 potest,

499 2487 772 2542 difficilius
813 2484 1248 2556 cognoscuntur?
1283 2483 1414 2540 Nam
1445 2483 1728 2540 didicimus
1761 2483 1927 2539 Deum
1964 2495 2084 2538 esse

498 2578 849 2643 Trinitatem;
870 2587 999 2648 quot
1022 2585 1198 2633 autem
1235 2577 1542 2632 animalium
1566 2591 1760 2648 genera
1784 2575 2079 2642 creaverit,

498 2671 686 2726 saltem
717 2669 1046 2724 terrestrium
1065 2709 1082 2734 ,
1113 2683 1231 2740 qua:
1261 2669 1314 2723 in
1339 2683 1516 2724 arcam
1535 2669 1646 2725 Noe
1665 2669 1864 2724 intrare
1891 2674 2082 2738 potue-

499 2771 645 2825 runt,
679 2761 856 2816 adhuc
887 2775 1058 2830 usque
1101 2759 1392 2816 nescimus.
1422 2759 1534 2815 Nisi
1564 2759 1664 2815 hoc
1701 2767 1757 2814 tu
1793 2759 1904 2830 jam
1946 2757 2082 2814 forte

499 2852 748 2908 didicisti.
782 2851 836 2905 lu
884 2851 1020 2906 libro
1047 2851 1219 2906 etiam
1249 2849 1536 2922 Sapientiae
1577 2851 1834 2920 scriptum
1863 2858 1948 2905 est
1975 2867 1987 2904 :
2020 2849 2081 2906 Si

499 2945 632 2998 enim
677 2951 872 2997 tantum
921 2951 1184 3012 potuerunt
1227 2944 1424 3010 ualere,
1478 2950 1532 2996 ut
1582 2950 1784 3013 possent
1831 2942 2082 2997 aestimare

497 3035 736 3090 steculum
763 3051 782 3088 :
807 3033 1056 3106 quomodo
1085 3036 1194 3104 ejus
1221 3033 1493 3088 Dominum
1517 3048 1618 3088 non
1645 3033 1851 3104 facilius
1875 3033 2080 3088 inuene-

497 3135 616 3180 runt
645 3127 801 3198 (δίῳ.
835 3141 951 3192 xm,
981 3125 1082 3197 9)?
1111 3126 1192 3180 An
1222 3125 1345 3196 quia
1375 3125 1476 3181 hoc
1502 3125 1638 3181 intra
1668 3139 1766 3181 nos
1795 3133 1878 3180 est
1899 3167 1914 3192 ,
1959 3125 2083 3182 ideo

499 3215 787 3272 nonaltius
813 3214 966 3272 nobis
987 3215 1102 3271 est?
1134 3215 1362 3270 Interior
1387 3216 1528 3271 enim
1557 3223 1639 3270 est
1662 3215 1853 3271 animae
1882 3223 2080 3270 nostrae

497 3319 686 3362 natura
715 3323 871 3378 quam
903 3321 1118 3378 corpus.
1150 3306 1312 3374 Quasi
1355 3321 1482 3363 vero
1509 3307 1705 3378 corpus
1755 3307 1928 3378 ipsum
1971 3321 2078 3362 non

499 3399 704 3454 facilius
759 3414 919 3461 nosse
962 3399 1136 3470 potuit
1175 3398 1352 3454 anima
1380 3398 1712 3455 extrinsecus
1757 3413 1854 3470 per
1893 3399 2080 3456 oculos

498 3492 662 3560 ipsius
689 3495 950 3562 corporis,
977 3507 1136 3563 quam
1167 3491 1488 3548 intrinsecus
1513 3507 1607 3562 per
1631 3506 1692 3549 se
1719 3493 1910 3562 ipsam.
1941 3492 2079 3560 Quid

495 3583 638 3637 enim
666 3590 750 3638 est
778 3583 830 3637 iu
858 3583 1120 3638 intestinis
1157 3584 1418 3654 corporis,
1449 3583 1540 3638 ubi
1579 3599 1685 3639 non
1713 3591 1796 3640 est
1831 3584 1990 3655 ipsa?
2013 3585 2079 3641 Et

496 3683 670 3728 tamen
692 3674 852 3730 etiam
876 3689 1101 3744 quaeque
1126 3674 1334 3730 interna
1361 3682 1520 3746 atque
1547 3674 1726 3730 vitalia
1751 3677 1922 3733 oculis
1953 3693 2078 3734 cor-

495 3766 640 3835 poris
653 3763 955 3836 inquisivit,
988 3775 1044 3822 et
1065 3765 1320 3838 quidquid
1343 3781 1412 3822 ex
1435 3767 1518 3824 eis
1538 3767 1746 3825 discere
1769 3771 1961 3840 potuit,
1983 3785 2079 3840 per

495 3859 677 3915 oculos
699 3861 938 3930 corporis
957 3859 1160 3916 didicit.
1181 3859 1250 3916 Et
1270 3869 1414 3917 certe
1437 3861 1506 3916 ibi
1525 3869 1656 3927 erat,
1685 3863 1846 3918 etiam
1867 3863 2079 3934 quando

495 3951 582 4006 illa
607 3950 896 4006 nesciebat.
927 3950 1139 4008 Etcum
1171 3953 1375 4008 viscera
1406 3952 1726 4008 intrinsecus
1752 3961 1933 4009 nostra
1970 3969 2078 4010 non

495 4041 702 4112 possint
747 4041 864 4098 sine
906 4042 1083 4098 anima
1124 4043 1325 4110 vivere,
1363 4041 1568 4099 facilius
1597 4058 1669 4100 ea
1708 4045 1880 4115 potuit
1897 4046 2075 4104 anima

495 4133 762 4188 viviticare
785 4148 943 4204 quam
971 4147 1146 4190 nosse.
1177 4133 1258 4188 An
1289 4133 1428 4189 forte
1469 4133 1536 4188 ad
1573 4133 1690 4205 ejus
1719 4136 2075 4205 cognitionem

494 4223 652 4284 altius
689 4223 772 4280 est
815 4239 1011 4295 corpus
1045 4225 1185 4294 ejus,
1228 4239 1387 4296 quam
1424 4224 1534 4294 ipsa
1565 4226 1619 4292 ¹;
1646 4233 1700 4280 et
1736 4226 1856 4282 ideo
1882 4228 1928 4283 si
1953 4228 2078 4283 velit

494 4317 760 4386 inquirere
803 4313 1306 4386 atquedisserere,
1357 4316 1567 4388 quando
1617 4331 1798 4374 semen
1847 4318 2078 4377 hominis

493 4416 835 4463 convertatur
855 4407 906 4462 in
924 4409 1256 4479 sanguinem,
1281 4409 1493 4480 quando
1515 4409 1565 4465 in
1590 4410 1815 4467 solidam
1836 4427 2074 4481 carnem,

492 4501 706 4572 quando
726 4515 847 4554 ossa
869 4499 1070 4569 durari,
1099 4501 1312 4572 quando
1333 4502 1590 4574 incipiant
1619 4505 1894 4562 medullari
1915 4523 1930 4571 ;
1951 4518 2079 4577 quot

493 4603 598 4647 sint
624 4608 818 4664 genera
846 4608 1100 4648 venarum
1129 4603 1289 4665 atque
1319 4611 1624 4663 nervorum,
1655 4598 1848 4668 quibus
1875 4599 2078 4655 discur-

493 4684 640 4738 sibus
669 4691 721 4738 et
759 4681 1080 4740 anfractibus
1118 4687 1422 4741 universum
1451 4701 1645 4758 corpus
1694 4687 1797 4743 illa:
1835 4689 2072 4760 irrigent,

496 4775 572 4828 illi
612 4773 862 4844 alligent;
900 4783 1075 4828 utrum
1123 4776 1174 4830 in
1221 4777 1400 4832 nervis
1449 4777 1750 4845 deputanda
1791 4781 1861 4836 sit
1898 4783 2072 4849 cutis,

496 4876 672 4920 utrum
702 4865 752 4919 in
783 4865 991 4920 ossibus
1017 4865 1238 4935 dentes;
1269 4867 1466 4923 distant
1487 4871 1650 4935 enim,
1674 4855 1814 4941 quod
1847 4873 2075 4930 medulla

495 4965 708 5022 carent;
737 4968 790 5012 et
816 4957 938 5027 quid
965 4959 1031 5014 ab
1059 4960 1298 5029 utrisque
1321 4959 1800 5034 diﬂ‘erantungnes,
1825 4965 2074 5035 quoniam

495 5049 578 5103 his
609 5047 800 5102 duritia
846 5049 1048 5104 similes
1066 5059 1220 5116 sunt,
1253 5053 1466 5122 praecidi
1497 5063 1672 5110 autem
1699 5066 1752 5112 et
1781 5071 2026 5112 crescere
2054 5097 2069 5122 ,

493 5155 778 5195 commune
821 5141 923 5196 illis
947 5152 1027 5196 est
1055 5157 1173 5198 cum
1200 5145 1438 5216 capillis;
1470 5147 1715 5217 quisnam
1741 5149 1804 5203 sit
1836 5163 1961 5205 usus
1988 5165 2079 5204 ve-

495 5247 704 5298 narum,
735 5247 841 5287 non
869 5236 1162 5305 sanguinis,
1202 5238 1296 5293 sed
1339 5241 1509 5308 acris,
1547 5256 1681 5310 quas
1718 5245 1944 5300 arterias
1987 5259 2051 5300 vo

490 5333 618 5381 cant
645 5343 656 5378 :
688 5323 804 5380 ltzec
831 5335 988 5396 atque
1016 5325 1317 5398 hujusmodi
1345 5331 1412 5386 de
1436 5339 1628 5410 natura
1661 5334 1901 5402 corporis
1925 5335 2004 5391 sui
2029 5335 2074 5393 si

491 5420 666 5473 anima
691 5434 849 5475 nosse
867 5419 1157 5490 desideret,
1184 5432 1378 5480 tuncne
1398 5423 1678 5487 dicendum
1700 5435 1784 5482 est
1804 5426 2002 5484 homini
2031 5431 2074 5486 ’.

501 5596 593 5672 si"
611 5593 728 5646 ιζόίιί
751 5603 804 5646 et
824 5595 1005 5660 aliquot
1041 5606 1170 5658 uss,
1195 5599 1340 5650 altius
1363 5599 1447 5650 illa
1487 5607 1554 5651 est
1586 5615 1760 5668 corpus
1791 5605 1896 5668 ejus
1933 5619 2076 5672 quam

545 5668 613 5704 sa.
1946 5668 1954 5672 ⁷

493 5669 577 5792 ’θ’
614 5729 713 5792 Arn.
755 5727 806 5770 et
829 5726 942 5792 fr,
987 5727 1099 5792 tunc
1139 5730 1266 5792 certe
1297 5720 1574 5791 (linendum,
1609 5727 1694 5777 Lo.
1723 5765 1734 5788 ,
1760 5735 1872 5778 tunc
1912 5731 2077 5783 dicen-

495 5781 624 5831 dum.
657 5788 782 5845 Mssa,
819 5791 992 5835 timene
1033 5784 1311 5836 dicendum.

1427 343 1514 400 DE
1556 342 1762 398 ΑΝΙΜᾹ
1807 343 1896 398 ET
1937 340 2102 398 EJL'S
2139 341 2439 408 ORIGINE,
2481 342 2539 397 S.
2581 342 2945 401 AUCUSTINI
3681 351 3772 408 sas

2212 459 2409 514 Altiora
2437 469 2483 514 te
2507 476 2569 516 ne
2584 463 2856 531 quasien's,
2878 471 2922 516 et
2942 462 3152 532 fortiora
3173 472 3220 518 te
3239 477 3299 516 ne
3321 469 3566 520 scrutatus
3595 467 3770 536 fueris.

2209 551 2252 606 si
2275 561 2452 607 autem
2479 552 2548 608 de
2573 569 2666 608 sua
2690 554 2894 624 origine
2922 553 3060 624 quod
3089 553 3258 610 nescit
3287 555 3535 625 inquirat,
3565 573 3664 612 non
3700 571 3772 614 est

2207 641 2363 697 altius
2389 659 2562 714 neque
2591 643 2796 710 fortius,
2819 661 2976 715 quam
2999 655 3055 700 ut
3077 645 3126 699 id
3151 647 3316 714 possit
3338 645 3723 716 apprehendere
3750 649 3770 702 ἒ)

2205 733 2276 788 Ει
2302 735 2591 791 absurdum
2621 737 2896 792 existimas
2923 747 3084 806 atque
3111 737 3458 808 incongruum
3485 739 3690 806 rationi,
3717 752 3770 796 ut

2205 825 2405 880 nesciat
2434 827 2609 880 anima
2633 838 2934 882 utrumnam
2955 827 3206 883 divinitus
3225 827 3488 884 iusulllata
3513 829 3596 894 sit,
3621 846 3685 885 an
3709 832 3770 888 de

2205 918 2511 988 parentibus
2541 929 2725 983 tracta.
2759 936 2878 974 cum
2912 919 3015 976 hoc
3033 921 3140 991 jam
3165 923 3493 990 prie-teritum
3523 939 3624 977 non
3663 941 3768 980 me-

2204 1010 2436 1077 minerit,
2480 1022 2534 1066 et
2580 1013 2718 1069 inter
2763 1013 2852 1068 illa
2895 1013 3133 1084 deputet,
3177 1030 3295 1084 quae
3335 1014 3768 1083 irrevocabiliter,

2201 1101 2339 1157 sicut
2365 1103 2680 1173 infantiam,
2729 1114 2784 1160 et
2827 1115 3020 1160 caetera
3064 1107 3291 1162 recentis
3335 1107 3402 1161 ab
3440 1117 3588 1162 utero
3613 1110 3770 1176 aetatis

2201 1192 2365 1248 oblita
2395 1205 2496 1260 est,
2527 1195 2572 1249 si
2603 1205 2779 1251 tamen
2805 1211 2928 1252 eum
2959 1212 3117 1251 sensu
3143 1198 3259 1266 ejus
3284 1197 3459 1268 aliquo
3490 1199 3674 1253 factum
3697 1212 3771 1256 est

2199 1285 2410 1355 quando
2440 1285 2633 1341 factum
2654 1296 2736 1342 est
2765 1304 2777 1339 :
2809 1302 2906 1343 nec
2928 1298 3078 1358 putas
3100 1287 3385 1344 absurdum
3413 1299 3570 1360 atque
3589 1282 3768 1346 incon-

2198 1393 2408 1448 gruum,
2439 1390 2496 1433 ut
2523 1393 2719 1448 corpus
2745 1379 2848 1434 sibi
2877 1380 3143 1436 subditum
3174 1383 3396 1446 neseiat,
3429 1392 3484 1438 et
3509 1383 3643 1452 quod
3673 1401 3769 1439 nun

2199 1481 2280 1522 εει
2323 1467 2391 1524 de
2433 1469 2718 1538 praeteritis
2758 1469 2873 1540 ejus
2897 1510 2912 1535 ,
2953 1470 3046 1526 sed
3085 1471 3154 1527 de
3185 1473 3536 1542 ιιι-ιυεθηιὶὺυε
3565 1489 3770 1545 prorsus

2199 1559 2406 1629 ignoret
2429 1599 2444 1626 ,
2477 1567 2651 1615 utrum
2681 1576 2846 1617 venas
2875 1572 3088 1617 moveat
3123 1574 3179 1618 ut
3219 1565 3360 1619 vivat
3410 1566 3462 1619 iu
3509 1581 3725 1636 corpore
3751 1609 3766 1634 ,

2197 1667 2391 1708 nervos
2436 1663 2614 1708 autem
2663 1663 2722 1709 ut
2767 1655 3022 1710 membris
3050 1657 3292 1726 corporis
3320 1669 3575 1728 operetur
3609 1676 3622 1714 :
3652 1669 3704 1715 et
3729 1659 3770 1714 si

2196 1743 2268 1798 ita
2317 1753 2420 1814 est,
2465 1760 2560 1802 cur
2601 1763 2796 1803 nervos
2841 1734 2948 1804 non
2987 1759 3226 1818 moveat,
3274 1750 3374 1804 nisi
3405 1752 3566 1819 velit;
3599 1753 3770 1822 pulsus

2193 1845 2370 1890 autem
2414 1851 2703 1905 venarum,
2729 1839 2890 1894 etiam
2937 1841 2983 1895 si
3031 1841 3199 1907 nolit,
3243 1843 3360 1897 sine
3390 1843 3770 1900 intermissione

2193 1932 2314 1997 agat
2345 1946 2357 1982 :
2391 1925 2459 1981 de
2485 1943 2586 2000 qua
2611 1941 2762 2000 parte
2790 1933 3028 2002 corporis
3056 1934 3264 1989 caeteris
3293 1935 3612 2002 dominetur,
3638 1938 3768 2006 quod

2195 2025 2466 2086 ἡγεμονικόν
2488 2029 2700 2086 vocant,
2727 2032 2904 2078 utrum
2936 2023 3005 2079 de
3029 2024 3212 2089 corde,
3245 2041 3312 2080 an
3344 2027 3410 2081 de
3439 2030 3677 2095 cerebro,
3706 2045 3769 2085 an

2191 2107 2485 2178 dispertitis
2510 2110 2577 2167 de
2603 2112 2766 2168 corde
2796 2111 3049 2182 motibus,
3078 2115 3144 2169 de
3171 2117 3391 2171 cerebro
3419 2119 3680 2186 sensibus,
3707 2137 3768 2176 an

2190 2200 2258 2257 de
2273 2201 2492 2258 cerebro
2509 2211 2562 2259 et
2581 2203 2827 2259 sensibus
2847 2214 2900 2261 et
2921 2206 3229 2261 voluntariis
3249 2209 3504 2276 motibus,
3529 2209 3596 2266 de
3619 2211 3770 2268 corde

2189 2301 2366 2349 autem
2407 2309 2512 2349 non
2564 2295 2881 2352 voluntariis
2920 2313 3174 2352 venarum
3222 2299 3494 2369 pulsibus;
3535 2310 3588 2356 et
3629 2303 3671 2357 si
3707 2303 3805 2358 de-

2189 2386 2410 2442 cerebro
2438 2387 2529 2442 illa
2553 2387 2660 2444 duo
2692 2387 2846 2457 facit,
2875 2404 2972 2445 cur
2996 2390 3190 2444 sentiat
3215 2393 3313 2445 etsi
3339 2393 3505 2459 nolit,
3534 2394 3769 2450 membra

2187 2493 2318 2535 vero
2347 2494 2454 2536 non
2485 2488 2696 2536 moveat
2725 2480 2825 2536 nisi
2853 2479 3014 2536 velit?
3045 2495 3166 2536 cum
3206 2481 3366 2551 igitur
3400 2484 3518 2538 haec
3563 2485 3614 2538 in
3652 2499 3767 2540 cor-

2188 2585 2318 2641 pore
2344 2571 2445 2627 nisi
2473 2573 2584 2643 ipsa
2613 2588 2718 2628 non
2749 2571 2936 2640 faciat;
2969 2587 3065 2628 cur
3114 2573 3280 2629 nescit
3321 2575 3468 2644 quod
3509 2574 3650 2642 facit,
3690 2577 3770 2634 vel

2187 2661 2329 2718 unde
2355 2661 2522 2718 facit?
2548 2662 2654 2720 Nec
2680 2665 2729 2720 ei
2757 2672 2909 2736 turpe
2935 2673 3016 2720 est
3045 2665 3142 2720 ista
3167 2665 3305 2736 quod
3326 2666 3530 2734 nescit;
3555 2676 3610 2724 et
3627 2678 3771 2738 turpe

2186 2767 2308 2809 esse
2337 2755 2634 2823 existimas,
2665 2756 2709 2811 si
2733 2757 2934 2812 neseiat
2963 2756 3101 2812 unde
3129 2741 3512 2828 vel‘quomudo
3532 2759 3664 2815 facta
3683 2761 3766 2828 sit,

2187 2859 2307 2902 cum
2335 2861 2393 2902 se
2427 2847 2537 2918 ipsa
2579 2864 2685 2903 non
2733 2847 2954 2904 fecerit?
2992 2851 3185 2906 Anima
3215 2867 3361 2918 vero,
3395 2853 3529 2908 nulli
3557 2854 3768 2920 sciunt,

2185 2939 2454 3009 quomodo
2490 2939 2605 2997 lucc
2625 2981 2640 3008 ,
2671 2952 2726 2997 ct
2750 2941 2890 2997 unde
2918 2953 3040 3012 agat
3073 2945 3124 2997 in
3152 2959 3409 3016 corpore;
3443 2947 3564 3004 ideo
3586 2948 3651 3004 ad
3688 2947 3784 3002 illa'

2186 3029 2379 3085 altiora
2412 3046 2474 3084 ac
2500 3031 2718 3086 fortiora
2749 3033 2799 3088 id
2835 3035 3103 3103 pertinere
3134 3053 3236 3090 non
3267 3037 3464 3104 putas?

2255 3121 2480 3178 CAPUT
2523 3123 2608 3180 Vl.
2639 3154 2710 3165 —
2731 3125 2782 3179 7.
2811 3127 2879 3180 At
2899 3142 2998 3197 ego
3023 3127 3148 3183 hinc
3178 3129 3269 3183 tibi
3299 3131 3562 3201 majorem
3589 3149 3770 3190 moveo

2185 3214 2564 3285 quaestionem,
2604 3232 2700 3272 cur
2748 3219 3050 3287 paucissimi
3097 3221 3345 3276 noverint
3401 3227 3546 3280 unde
3581 3235 3768 3296 agant,

2185 3304 2329 3376 quod
2357 3321 2548 3362 omnes
2593 3316 2773 3377 agunt.
2805 3307 3056 3365 Fortasse
3080 3310 3320 3366 dicturus
3347 3327 3406 3368 es
3457 3335 3473 3370 :
3521 3316 3653 3385 Quia
3701 3316 3770 3372 illi

2185 3395 2488 3452 didicerunt
2523 3407 2693 3454 artem
2746 3401 3105 3456 anatomicam
3135 3404 3217 3458 vel
3257 3405 3571 3475 empirieam
3593 3449 3606 3474 ,
3646 3423 3773 3480 quas

2187 3487 2520 3544 medicinalis
2565 3490 2807 3545 continet
2853 3491 3167 3562 disciplina,
3209 3510 3370 3566 quam
3416 3499 3577 3568 pauci
3625 3514 3768 3554 asse-

2188 3586 2457 3650 quuntur;
2491 3581 2671 3638 cmteri
2697 3597 2827 3639 vero
2853 3583 2953 3638 ista
2975 3583 3180 3640 discere
3207 3587 3518 3654 noluerunt,
3547 3606 3665 3646 cum
3685 3607 3772 3662 po-

2185 3673 2410 3729 tuissent
2431 3674 2494 3733 'si
2539 3674 2718 3744 utique
2749 3675 3060 3731 voluissent.
3093 3677 3192 3734 Ubi
3224 3681 3412 3736 omitto
3434 3682 3650 3753 dicere,
3681 3699 3772 3739 cur

2185 3763 2338 3819 multi
2367 3775 2628 3821 conentur
2646 3765 2854 3822 discere
2885 3767 3012 3834 ista,
3045 3784 3146 3825 nec
3172 3773 3410 3840 possint;
3440 3776 3568 3846 quia
3597 3775 3768 3842 tardo,

2185 3855 2327 3924 quod
2369 3855 2596 3911 multum
2640 3857 2832 3913 mirum
2879 3867 2997 3926 est,
3029 3859 3390 3930 impediuntur
3437 3867 3680 3937 ingenio,
3710 3881 3769 3922 ea

2183 3949 2391 4006 discere
2415 3951 2484 4006 ab
2512 3952 2658 4020 aliis,
2709 3969 2828 4026 qua:
2861 3965 3090 4026 aguntur
3117 3957 3186 4013 ab
3222 3958 3299 4014 eis
3329 3960 3491 4029 ipsis,
3517 3971 3574 4018 et
3607 3961 3656 4016 in
3697 3961 3770 4016 eis

2185 4043 2333 4115 ipsis.
2376 4043 2485 4100 Sed
2531 4046 2647 4102 haec
2674 4047 2786 4117 ipsa
2829 4057 2914 4104 est
2957 4051 3188 4106 maxima
3227 4055 3488 4122 qumstio,
3522 4071 3618 4110 cur
3659 4065 3769 4112 arte

2193 4152 2299 4192 non
2344 4137 2475 4192 mihi
2519 4153 2654 4210 opus
2683 4139 2751 4196 sit
2796 4150 2856 4196 ut
2897 4157 3018 4198 esse
3047 4144 3099 4199 in
3125 4145 3262 4200 caelo
3286 4148 3451 4202 sciam
3481 4150 3653 4205 solem
3672 4191 3687 4217 ,
3719 4158 3771 4204 et

2183 4227 2360 4283 lunam
2381 4270 2396 4295 ,
2427 4237 2480 4283 et
2507 4229 2606 4284 alia
2628 4230 2837 4298 sidera;
2869 4241 2924 4288 et
2949 4242 3064 4290 arte
3088 4235 3219 4290 mihi
3245 4253 3377 4306 opus
3401 4241 3474 4295 sit
3499 4249 3560 4294 ut
3589 4242 3766 4307 sciam,

2193 4317 2408 4390 quando
2429 4319 2649 4391 digitum
2675 4337 2893 4390 moveo,
2934 4324 3076 4382 unde
3113 4327 3360 4398 incipiam
3381 4371 3395 4394 ,
3427 4346 3456 4385 a
3482 4332 3644 4387 corde
3661 4373 3676 4398 ,
3705 4347 3769 4386 an

2183 4425 2214 4466 a
2242 4411 2500 4480 cerebro,
2528 4427 2595 4468 an
2630 4414 2698 4469 ab
2727 4423 2987 4488 utroque,
3017 4433 3084 4474 an
3131 4435 3162 4474 a
3201 4432 3428 4490 neutro;
3478 4437 3534 4481 et
3558 4426 3770 4480 doctore

2184 4517 2290 4558 non
2328 4516 2513 4573 egeam
2536 4512 2596 4559 ut
2621 4506 2786 4561 sciam
2825 4509 2951 4578 quid
2981 4511 3050 4586 sit
3087 4519 3192 4566 tam
3224 4512 3381 4584 longe
3415 4517 3578 4572 altius
3615 4532 3772 4586 super

2184 4611 2299 4662 me,
2328 4597 2394 4651 ab
2419 4597 2526 4653 alio
2549 4609 2725 4654 autem
2769 4582 3230 4662 homine'discere
3259 4622 3565 4680 empectem
3586 4653 3600 4676 ,
3636 4612 3770 4667 unde

2183 4695 2370 4756 agatur
2413 4702 2442 4741 a
2490 4703 2574 4742 mc
2606 4689 2750 4758 quod
2775 4693 2950 4762 agitur
2983 4693 3036 4748 in
3063 4711 3169 4750 me.
3199 4696 3332 4752 Nam
3361 4715 3484 4755 cum
3517 4703 3570 4756 in
3615 4701 3772 4756 corde

2182 4777 2418 4848 cogitare
2446 4779 2720 4848 dicamur,
2751 4792 2805 4837 et
2828 4783 2970 4853 quod
2998 4787 3291 4854 cogitamus
3310 4831 3324 4856 ,
3351 4791 3500 4846 nullo
3539 4793 3648 4848 alio
3675 4791 3770 4846 ho-

2182 4869 2327 4924 mine
2371 4870 2576 4926 sciente
2603 4873 2863 4940 sciamus;
2895 4875 3065 4944 ipsum
3094 4888 3269 4935 tamen
3299 4897 3394 4936 eor
3434 4885 3524 4940 ubi
3571 4887 3766 4956 cogita-

2185 4975 2304 5016 mus
2326 5002 2340 5028 ,
2371 4963 2640 5018 nescimus
2665 4963 2718 5019 in
2745 4981 2846 5036 qua
2874 4978 3026 5037 parte
3051 4971 3292 5042 corporis
3315 4973 3608 5031 habeamus
3629 5018 3646 5045 ,
3674 4975 3769 5031 nisi

2181 5050 2250 5106 ab
2294 5051 2400 5107 alio
2451 5053 2719 5109 discamus
2761 5057 2852 5128 qui
2901 5061 3072 5114 nescit
3113 5063 3254 5132 quod
3302 5067 3622 5136 cogitamus.
3671 5067 3774 5126 Nec

2183 5141 2402 5212 ignoro,
2452 5159 2570 5199 cum
2616 5146 2864 5204 audimus
2915 5159 2973 5204 ut
2999 5165 3067 5206 ex
3121 5160 3234 5209 toto
3278 5157 3438 5212 corde
3493 5159 3772 5230 diligamus

2185 5237 2380 5304 Deum,
2412 5253 2518 5293 non
2563 5237 2664 5293 hoc
2704 5239 2810 5296 dici
2854 5241 2924 5298 de
2963 5243 3049 5298 illa
3080 5248 3335 5316 particula
3364 5251 3546 5306 carnis
3576 5262 3772 5306 noslrtn

2183 5341 2302 5396 quze
2327 5327 2428 5382 sub
2451 5330 2616 5385 costis
2651 5331 2813 5400 latet;
2843 5333 2938 5388 sed
2983 5335 3052 5391 de
3082 5337 3167 5392 illa
3195 5339 3244 5393 vi
3271 5355 3374 5410 qua
3420 5333 3772 5412 cogitationes

2185 5418 2318 5474 fiunt
2351 5439 2364 5476 :
2395 5437 2514 5492 quae
2543 5424 2735 5478 merito
2755 5427 3054 5496 appellatur
3081 5427 3184 5486 hoc
3211 5433 3610 5504 nominetqui'a
3641 5437 3775 5489 sicut

2184 5521 2362 5569 motus
2404 5529 2508 5573 non
2537 5529 2711 5573 cessat
2737 5517 2790 5574 in
2819 5521 2982 5578 corde
3001 5564 3016 5588 ,
3042 5523 3186 5580 unde
3229 5539 3288 5581 se
3317 5527 3504 5597 pulsus
3529 5527 3771 5586 ditftmdit

2184 5619 2560 5678 usquequaque
2604 5624 2894 5680 venarum,
2945 5613 3014 5668 ita
3054 5630 3159 5671 non
3198 5605 3524 5687 quiescimus
3568 5619 3770 5690 aliqui:

2185 5697 2466 5768 cogitando
2511 5715 2745 5758 versare.
2795 5703 3170 5764 Verumtamen
3209 5724 3328 5764 cum
3359 5712 3538 5766 omnis
3582 5724 3770 5768 sensus

2189 5789 2255 5844 ab
2294 5792 2466 5847 anima
2495 5792 2619 5850 insit
2662 5807 2714 5852 et
2745 5800 2984 5870 corpori,
3014 5815 3109 5856 cur
3143 5803 3301 5858 etiam
3330 5803 3381 5860 in
3416 5803 3654 5861 tenebris
3677 5843 3694 5871 ,
3721 5810 3770 5858 ct
