4144 6528
330 425 430 482 529

329 538 494 593 oculis
535 535 763 602 clausis,
809 550 968 590 sensu
1015 533 1256 604 οοτρυιὶε
1311 532 1400 604 qui
1433 539 1650 586 vocatur
1694 539 1864 586 tactus
1891 570 1905 596 ,

327 627 565 682 membra
597 626 886 681 forinsecus
927 635 1104 680 nostra
1133 637 1500 688 numeremus;
1527 622 1689 694 ipsius
1729 629 1928 676 autem‘

324 718 516 772 anim-.1:
548 718 798 773 interiore
824 715 1102 788 prscsentia
1123 757 1139 784 ,
1171 731 1271 785 qua
1306 713 1512 770 cunctis
1539 729 1656 784 qua:
1682 709 1910 768 viviﬁcat

323 819 483 879 atque
519 809 747 875 animat,
786 817 983 878 praasto
1030 815 1146 871 est,
1194 805 1338 860 nulla
1380 803 1699 859 intrinsecus
1728 809 1908 856 nostra

323 903 525 956 viscera
555 901 882 968 noverimus,
907 913 1012 954 non
1041 896 1274 954 medicos
1301 895 1616 966 empiricos,
1658 908 1758 950 nec
1782 909 1911 949 ana-

325 993 577 1058 tomicos,
609 1007 710 1049 nec
749 990 1078 1062 dogmaticos
1100 1031 1114 1056 ,
1144 1003 1244 1044 nec
1272 986 1604 1044 methodicos
1627 1027 1641 1052 ,
1674 984 1767 1042 sed
1810 985 1910 1040 ho-

325 1085 520 1139 minem
546 1083 686 1139 scire
713 1081 945 1137 arbitror
973 1079 1264 1136 neminem.

395 1173 446 1231 8.
481 1173 546 1230 Et
591 1173 832 1244 quisquis
880 1169 1040 1226 fuerit
1086 1177 1308 1225 conatus
1353 1167 1470 1223 haec
1509 1164 1751 1232 discere,
1799 1178 1908 1219 non

328 1267 516 1323 frustm
546 1267 592 1322 ei
629 1264 856 1331 dicitur,
889 1263 1086 1318 Altiora
1113 1271 1160 1317 te
1189 1277 1252 1316 ne
1284 1259 1568 1331 quaesieris,
1612 1267 1660 1312 et
1697 1256 1911 1328 fortiora

327 1367 373 1414 te
398 1374 457 1413 ne
480 1365 728 1412 scrutatus
755 1357 930 1428 fueris.
975 1355 1157 1425 Neque
1183 1352 1326 1408 enim
1368 1351 1557 1406 altiora
1602 1356 1910 1420 suntquam

325 1459 498 1522 potest
540 1457 721 1503 nostra
765 1455 965 1504 statura
999 1445 1342 1515 contingere,
1397 1441 1492 1497 sed
1536 1454 1692 1511 quam
1736 1445 1912 1510 potest

325 1549 506 1596 nostra
547 1539 853 1610 conjectura
897 1533 1388 1606 comprehendere;
1427 1539 1482 1588 et
1507 1531 1722 1586 fortiora
1752 1543 1908 1600 quam

324 1639 499 1704 potest
526 1631 605 1685 vis
647 1629 866 1684 humani
906 1626 1104 1698 ingenii
1141 1632 1426 1696 penetrare
1457 1640 1472 1678 :
1499 1631 1554 1678 et
1597 1631 1774 1677 tamen
1801 1635 1911 1676 non

323 1733 405 1778 est
427 1722 620 1778 cmlum
648 1721 766 1776 caeli
788 1761 804 1789 ,
850 1734 956 1775 non
983 1716 1250 1774 dimensio
1292 1716 1554 1782 siderum,
1588 1729 1693 1771 non
1725 1713 1912 1769 modus

323 1815 488 1871 maris
534 1823 694 1885 atque
724 1821 1016 1880 terrarum,
1056 1827 1162 1866 non
1209 1810 1446 1866 infernus
1486 1808 1706 1865 inferior
1751 1824 1763 1861 :
1813 1821 1912 1863 nos

322 1921 540 1974 sumus,
589 1906 678 1978 qui
721 1920 820 1961 nos
863 1903 1321 1976 comprehendere
1370 1918 1474 1958 non
1507 1903 1778 1971 valemus;
1811 1917 1910 1958 nos

323 1997 598 2053 modulum
626 1996 864 2052 scientia:
889 2003 1088 2050 nostrae
1111 1994 1328 2050 altiores
1369 1992 1719 2065 fortioresque
1755 2008 1913 2064 snpe-

321 2103 537 2154 ramus;
569 2101 667 2142 DOS
706 2102 810 2142 llOll
839 2100 1126 2158 possumus
1151 2099 1344 2156 capere
1381 2083 1480 2140 ιιὸε
1499 2125 1514 2152 ,
1542 2095 1596 2140 et
1634 2092 1778 2141 certe
1805 2099 1910 2140 non

322 2195 508 2237 sumus
559 2189 710 2236 extra
743 2195 860 2236 nos.
888 2179 998 2236 Nec
1039 2179 1158 2235 ideo
1197 2179 1539 2250 comparandi
1587 2179 1908 2251 pecoribus,

321 2273 444 2342 quia
476 2271 528 2327 id
555 2271 694 2342 quod
723 2285 909 2328 sumus
937 2285 1044 2326 non
1075 2269 1285 2341 penitus
1315 2270 1615 2325 invenimus
1645 2288 1656 2322 :
1689 2279 1740 2326 et
1767 2286 1912 2325 eom—

327 2362 596 2434 parandos
630 2377 730 2418 nos
756 2361 1042 2434 pecoribus
1093 2374 1278 2432 putas,
1310 2361 1355 2416 si
1378 2361 1520 2432 quod
1546 2360 1742 2416 fuimus
1765 2361 1911 2417 obliti

322 2465 545 2522 sumus,
593 2455 636 2510 si
684 2463 860 2509 tamen
908 2453 959 2508 id
1004 2451 1293 2524 aliquando
1343 2466 1680 2508 noveramus.
1729 2451 1912 2522 Neque

322 2545 464 2603 enim
491 2561 635 2601 nunc
659 2542 832 2601 anim'a
865 2560 982 2601 mea
1013 2545 1241 2600 trahitur
1259 2560 1322 2600 ex
1349 2543 1678 2615 parentibus,
1709 2551 1800 2599 aut
1829 2544 1912 2598 in-

321 2637 568 2694 sumatur
607 2653 636 2692 a
669 2639 781 2694 Deo
811 2655 823 2692 :
855 2637 1164 2693 utrumlibet
1192 2635 1384 2692 borum
1429 2635 1652 2703 fecerit,
1681 2646 1805 2691 tunc
1833 2634 1912 2691 fe-

321 2731 395 2789 cit
413 2731 626 2804 quando
650 2747 737 2788 me
765 2730 993 2796 creavit;
1023 2745 1130 2786 non
1157 2730 1318 2786 etiam
1346 2743 1488 2784 nunc
1509 2729 1576 2785 de
1601 2744 1718 2797 me,
1745 2729 1829 2784 vel
1858 2727 1910 2783 in

321 2839 411 2880 me
457 2823 584 2880 facit
627 2841 640 2878 :
687 2833 862 2880 actum
894 2823 1024 2878 illud
1069 2831 1228 2894 atque
1275 2831 1600 2878 transactum
1647 2832 1762 2889 est,
1814 2837 1913 2880 nec

251 2905 258 2911 ’
325 2930 564 2986 prmsens
592 2915 718 2970 mibi
745 2923 862 2981 est,
906 2929 1005 2970 nec
1031 2929 1240 2970 recens.
1286 2913 1365 2970 Ne
1415 2913 1467 2968 id
1499 2913 1714 2984 quidem
1765 2915 1910 2982 scio,

323 3014 502 3060 utrum
550 3006 600 3060 id
644 3007 879 3070 scierim,
912 3005 1214 3076 oblitusque
1252 3006 1388 3072 sim;
1417 3021 1483 3061 an
1510 3021 1639 3062 vero
1665 3021 1762 3062 nec
1788 3015 1914 3065 tunc

321 3097 538 3168 quando
562 3095 759 3151 factum
789 3107 870 3152 est
891 3097 914 3165 ,'
941 3097 991 3152 id
1024 3097 1224 3152 sentire
1249 3111 1312 3152 ac
1342 3111 1502 3154 nosse
1531 3099 1812 3169 potuerim.

396 3187 626 3244 CAPUT
652 3187 764 3243 Vll.
793 3219 864 3230 -—
883 3187 935 3244 9.
959 3187 1098 3244 Ecce
1119 3187 1300 3256 modo,
1331 3188 1490 3244 modo
1507 3189 1630 3245 dum
1657 3205 1838 3248 sumus
1869 3192 1910 3262 ¹,

321 3279 451 3335 dum
479 3279 738 3344 vivimus,
769 3279 896 3336 dum
924 3295 1023 3336 nos
1070 3281 1251 3338 vivere
1285 3282 1482 3337 scimus
1503 3325 1516 3348 ,
1547 3282 1671 3338 dum
1720 3285 1913 3340 memi-

321 3369 473 3430 nisse
499 3387 598 3428 nos
617 3417 632 3440 ,
661 3381 715 3428 et
739 3372 1036 3444 intelligere
1057 3416 1072 3440 ,
1109 3383 1164 3430 et
1187 3373 1324 3430 velle
1350 3375 1634 3431 certissimi
1656 3390 1838 3431 sumus
1867 3379 1910 3439 ',

322 3465 418 3536 qui
444 3478 542 3520 nos
569 3472 773 3520 natura:
803 3473 996 3520 nostrae
1017 3479 1240 3535 magnos
1277 3466 1576 3536 cognitores
1605 3481 1723 3522 esse
1743 3465 1914 3536 jacta-

322 3570 482 3623 mus,
515 3554 642 3626 quid
672 3555 846 3611 valeat
876 3555 1134 3611 memoria
1165 3565 1344 3610 nostra
1363 3598 1378 3620 ,
1408 3556 1488 3610 vel
1521 3556 1868 3629 intelligentia
1893 3599 1909 3625 ,

321 3647 414 3704 vel
469 3646 748 3716 voluntas,
806 3647 1027 3704 omnino
1075 3647 1366 3702 nescimus.
1423 3649 1640 3704 Amicus
1695 3649 1913 3720 quidam

321 3755 484 3796 meus
516 3738 625 3811 jam
653 3739 778 3796 inde
815 3740 883 3798 ab
910 3739 1302 3809 adolescentia,
1332 3739 1636 3812 Simplicius
1664 3745 1912 3816 nomine,

317 3831 488 3888 homo
515 3833 824 3889 excellentis
865 3833 1230 3904 mirabilisque
1258 3834 1529 3890 memoria:
1550 3878 1564 3902 ,
1594 3850 1712 3890 cum
1753 3835 1917 3892 inter-

313 3932 542 3995 rogatus
569 3931 711 3978 esset
736 3938 766 3979 a
797 3924 968 3991 nobis,
1003 3939 1137 3994 quos
1162 3939 1349 3980 versus
1376 3923 1629 3996 Virgilius
1655 3925 1708 3981 in
1735 3927 1913 3981 omni-

315 4015 430 4070 bus
457 4014 606 4070 libris
634 4030 794 4085 supra
815 4016 1032 4071 ultimos
1053 4015 1279 4082 dixerit;
1313 4017 1566 4072 continuo
1585 4058 1600 4084 ,
1629 4017 1874 4074 celeriter
1897 4059 1912 4084 ,

311 4109 738 4176 memoriterque
761 4106 1056 4174 reSpondit.
1097 4106 1448 4176 Quaesivimns
1477 4108 1637 4164 etiam
1666 4110 1914 4180 superio-

311 4211 413 4252 res
452 4203 510 4251 ιιι
534 4196 768 4265 diceret,
797 4197 948 4252 dixit.
994 4198 1060 4253 Et
1095 4199 1417 4255 credidimus
1447 4215 1568 4256 eum
1620 4216 1779 4272 posse
1825 4217 1914 4258 re-

310 4295 556 4341 trorsum
605 4288 833 4344 recitare
859 4288 1155 4360 Virgilium.
1191 4290 1264 4344 De
1285 4305 1617 4362 quocumque
1647 4291 1766 4348 loco
1816 4308 1914 4350 vo-

310 4377 556 4444 luimus,
590 4379 873 4450 petivimus
903 4389 962 4435 ut
1007 4380 1236 4448 faceret,
1269 4381 1410 4438 fecit.
1448 4384 1524 4439 De
1571 4399 1726 4454 prosa
1754 4387 1914 4442 etiam

308 4467 388 4525 de
433 4485 768 4542 quacumque
809 4472 1050 4527 oratione
1095 4472 1399 4540 Ciceronis,
1443 4490 1600 4546 quam
1644 4479 1914 4535 memoriae

307 4562 830 4633 commendaverat,
878 4564 930 4619 id
961 4580 1080 4620 eum
1111 4563 1285 4626 facere
1325 4567 1618 4635 voluimus;
1659 4577 1913 4640 quantum

305 4654 589 4709 voluimus
611 4669 821 4710 sursum
855 4671 1041 4712 versus
1070 4667 1283 4712 secutus
1313 4667 1417 4713 est.
1444 4658 1575 4714 Cum
1615 4659 1914 4718 admirare-

309 4761 480 4811 mur,
510 4753 734 4800 testatus
763 4753 846 4802 est
873 4745 1038 4802 Deum
1067 4746 1108 4812 ³,
1135 4747 1370 4802 nescisse
1395 4763 1454 4803 se
1482 4747 1585 4804 hoc
1611 4765 1768 4820 posse
1791 4760 1914 4807 ante

307 4838 452 4893 illud
493 4839 916 4907 echrimentum
942 4857 956 4894 :
980 4839 1085 4905 ita,
1117 4848 1371 4912 quantum
1397 4841 1461 4895 ad
1492 4845 1805 4900 memoriam
1835 4854 1915 4900 at-

306 4929 497 4993 tinet,
532 4937 658 4984 tunc
684 4943 744 4985 se
771 4929 886 5000 ejus
913 4929 1122 4984 animus
1148 4930 1364 4994 didicit;
1392 4937 1445 4986 et
1472 4932 1913 5007 quandocumque

301 5019 532 5076 discere
551 5061 566 5088 ,
599 5020 700 5074 nisi
733 5021 989 5075 tentando
1010 5031 1062 5076 et
1089 5021 1415 5092 experiendo
1443 5037 1548 5078 non
1571 5023 1592 5054 ⁸
1619 5035 1818 5094 posset.
1847 5027 1913 5083 Et

299 5113 509 5184 utique
552 5122 835 5184 antequam
878 5121 1143 5181 tentaret,
1177 5114 1334 5170 ‘idcm
1381 5115 1492 5184 ipse
1521 5126 1635 5171 erat
1668 5134 1682 5172 :
1715 5133 1810 5174 cur
1853 5134 1914 5176 se

295 5206 486 5276 igitur
515 5204 823 5260 nesciebat?

378 5295 484 5352 ιο.
516 5294 671 5372 Szppe
702 5310 800 5351 nos
831 5296 1204 5365 prresumimus
1233 5298 1428 5368 aliquid
1449 5299 1702 5355 memoria
1731 5309 1909 5356 reten-

290 5399 508 5451 turos,
535 5395 588 5442 et
615 5403 734 5442 cum
760 5385 810 5440 id
841 5395 1105 5456 putamus,
1141 5403 1245 5442 non
1275 5389 1592 5455 scribimus;
1623 5407 1719 5446 nec
1757 5392 1910 5448 nobis

288 5486 506 5551 postea
531 5493 649 5531 cum
675 5478 915 5532 volumus
939 5479 1081 5530 venit
1105 5479 1154 5532 in
1181 5489 1433 5538 mentem.
1460 5497 1662 5551 nosque
1688 5483 1908 5551 paenitet

360 5580 384 5612 ⁸
427 5577 554 5641 Εᾴἱῑί
581 5591 596 5626 :
623 5585 742 5628 Ecce
767 5576 1046 5641 mortarii-nt
1069 5581 1435 5638 sumus;omisso
1457 5580 1627 5641 altero,
1655 5579 1812 5631 modo.

360 5642 386 5673 θ
427 5637 635 5702 Aliquot
651 5648 778 5698 uss,
801 5639 1061 5688 ret-tissime
1082 5653 1276 5688 smnus.

361 5702 388 5734 ⁸
425 5700 656 5752 Son—nulli
678 5701 1215 5762 manusuiptiﬁestatus
1238 5707 1306 5751 est
1345 5701 1548 5752 nescisse
1578 5715 1629 5754 se
1648 5739 1662 5762 ,
1697 5706 1871 5754 omisso
1890 5741 1904 5766 ,

283 5773 759 5874 m‘uTovanienses
777 5824 1057 5890 reiecerunt
1082 5825 1356 5884 [aniculam
1383 5834 1659 5886 negantem,
1698 5840 1803 5890 qum
1831 5827 1908 5878 hic

283 5897 478 5942 tamen
511 5895 670 5938 exstat
695 5889 740 5935 in
767 5887 1020 5949 tnanuscri,
1038 5889 1113 5934 tis.

1671 417 1873 474 LIBER
1911 413 2251 484 QUARTUS.
3507 419 3611 474 550

2019 517 2312 585 credidisse
2340 536 2652 596 venturum,
2681 529 2763 585 vel
2803 528 2992 585 litteris
3020 545 3126 584 non
3155 529 3388 601 illigasse
3432 547 3495 586 nc
3525 533 3605 584 fu-

2015 629 2200 690 geret;
2231 631 2285 675 et
2309 619 2484 676 subito
2511 634 2724 685 rursus,
2765 635 2887 675 cum
2915 619 2967 676 id
2999 635 3106 676 non
3153 635 3485 690 quaeramus,
3517 637 3605 674 oc-

2017 713 2203 768 currit.
2233 712 2498 784 Numquid
2524 727 2624 768 nos
2663 727 2770 767 non
2794 727 3010 768 eramus
3028 755 3042 780 ,
3068 712 3279 782 quando
3321 712 3373 766 id
3399 714 3603 784 cogita-

2017 801 2242 858 bamus?
2271 817 2369 858 nec
2409 811 2584 858 tamen
2617 801 2719 858 hoc
2743 816 2926 858 sumus
2963 801 3103 872 quod
3131 801 3356 868 fuimus,
3390 802 3604 872 quando

2017 894 2070 950 id
2099 896 2332 968 cogitare
2369 910 2474 952 non
2499 911 2805 966 possumus.
2835 897 2970 966 Quid
3017 906 3100 954 est
3127 912 3254 968 ergo
3273 941 3288 966 ,
3344 897 3485 968 quod
3513 914 3608 952 ne-

2015 986 2128 1042 scio
2155 986 2421 1058 quomodo
2463 987 2826 1044 subtrahimur
2851 989 3210 1060 negamurqtte
3230 990 3416 1054 nobis;
3449 989 3605 1044 item-

2015 1093 2120 1150 que
2149 1082 2330 1136 nescio
2361 1081 2378 1112 ³
2407 1079 2677 1152 quomodo
2699 1080 3015 1152 proferimur
3051 1081 3116 1138 ad
3149 1097 3274 1148 nos,
3305 1083 3605 1139 reddimur-

2015 1184 2120 1240 que
2144 1171 2336 1226 nobis?
2359 1173 2508 1242 quasi
2541 1171 2630 1226 alii
2671 1173 2867 1241 simus,
2909 1181 2964 1229 et
2991 1173 3114 1230 alibi
3147 1173 3341 1240 simus,
3391 1175 3606 1244 quando

2015 1261 2342 1332 quaerimus,
2382 1278 2484 1320 nec
2524 1264 2824 1320 invenimus
2850 1265 2991 1336 quod
3023 1265 3077 1320 in
3121 1267 3375 1320 memoria
3420 1275 3601 1321 nostra

2015 1354 2318 1424 posuimus;
2387 1370 2560 1428 neque
2623 1371 2720 1412 nos
2775 1356 2875 1428 ipsi
2945 1357 3013 1412 ad
3069 1371 3167 1414 nos
3225 1357 3368 1428 ipsos
3441 1357 3604 1413 veluti

2016 1443 2141 1500 alibi
2213 1447 2417 1516 positos
2472 1449 2752 1518 pervenire
2826 1448 3123 1518 possimus,
3185 1457 3240 1505 et
3298 1457 3424 1504 tunc
3484 1465 3605 1519 per-

2017 1535 2536 1607 veniamusquando
2563 1538 2882 1594 invenimus.
2909 1538 3010 1596 Ubi
3031 1539 3170 1595 enim
3201 1539 3486 1610 quaerimus
3505 1540 3603 1596 nisi

2017 1625 2159 1696 apud
2187 1626 2320 1680 nos?
2347 1635 2402 1682 et
2425 1627 2552 1699 quid
2583 1630 2872 1700 quaerimus
2914 1629 3016 1684 nisi
3043 1629 3181 1686 nos?
3205 1631 3356 1701 quasi
3399 1647 3505 1686 non
3535 1630 3604 1686 si-

2015 1731 2135 1772 mus
2165 1716 2216 1771 in
2244 1717 2398 1775 nobis
2417 1761 2432 1784 ,
2464 1728 2520 1775 et
2547 1719 2724 1791 aliquo
2753 1721 3136 1778 recesserimus
3161 1737 3190 1777 a
3217 1721 3392 1778 nobis.
3415 1722 3603 1778 Nonne

2015 1810 2284 1880 attendis,
2327 1820 2381 1868 et
2426 1813 2766 1870 exhorrescis
2811 1823 3008 1870 tantam
3051 1815 3503 1886 profunditatem?
3541 1817 3605 1872 Et

2015 1900 2138 1972 quid
2160 1910 2243 1958 est
2267 1901 2367 1959 hoc
2395 1901 2536 1958 aliud
2556 1920 2712 1976 quam
2734 1914 2914 1961 nostra
2929 1913 3138 1974 natura,
3165 1921 3263 1976 nec
3287 1907 3460 1978 qualis
3485 1907 3601 1970 fuit.

2015 1991 2109 2048 sed
2134 1993 2306 2064 qualis
2355 2009 2498 2050 nunc
2525 1996 2646 2050 est?
2671 1995 2735 2051 Et
2765 2010 2888 2054 ecce
2931 1998 3100 2070 magis
3125 1999 3379 2069 quaeritur
3399 2042 3413 2068 ,
3443 2015 3601 2072 quam

2016 2083 2502 2154 comprehenditur.
2553 2085 2706 2157 Stepe
2744 2087 2872 2142 mihi
2901 2089 3226 2160 prepositam
3254 2090 3602 2159 qutcstionetn

2017 2175 2193 2246 putavi
2221 2190 2306 2232 me
2327 2177 2744 2245 intellecturum,
2771 2177 2814 2233 si
2839 2177 2962 2234 inde
2989 2179 3318 2250 cogitarem;
3351 2181 3600 2252 cogitavi,

2015 2283 2115 2323 nec
2143 2269 2286 2339 potui
2322 2286 2334 2322 :
2366 2283 2510 2340 saepe
2538 2285 2643 2324 non
2694 2270 2908 2340 putavi,
2939 2279 2994 2326 et
3040 2281 3218 2326 tamen
3256 2273 3422 2341 potui.
3453 2272 3606 2329 Vires

2016 2359 2195 2432 itaque
2223 2361 2586 2433 intelligentiae
2616 2377 2750 2418 mese
2777 2379 2884 2420 non
2903 2371 3027 2420 sunt
3055 2363 3183 2419 mihi
3205 2365 3392 2436 utique
3421 2368 3604 2438 ωειιί-

2017 2460 2114 2520 v.0,
2143 2459 2197 2508 et
2225 2453 2388 2510 credo
2416 2455 2538 2525 quia
2565 2471 2665 2512 nec
2687 2455 2802 2512 tibi.

2089 2543 2176 2598 ll.
2227 2542 2335 2598 Sed
2391 2560 2478 2600 me
2521 2547 2821 2602 contemnis
2867 2545 3089 2602 forsitan
3127 2548 3502 2617 confitentem,
3555 2560 3610 2606 ct

2017 2648 2236 2705 propter
2275 2633 2376 2691 hoc
2401 2651 2614 2708 quoque
2659 2639 2942 2710 pecoribus
2986 2641 3341 2710 comparabis.
3375 2641 3486 2712 Ego
3513 2658 3608 2696 au-

2018 2735 2124 2784 tem
2154 2741 2407 2798 monere,
2452 2729 2537 2786 vel
2583 2731 2628 2786 si
2669 2747 2776 2786 non
2831 2731 3094 2804 dignaris,
3127 2742 3273 2790 certe
3316 2733 3608 2791 admonere

2015 2833 2122 2874 non
2143 2819 2330 2876 desino
2349 2863 2364 2890 ,
2395 2828 2453 2876 nt
2497 2837 2755 2893 agnoscas
2781 2823 2958 2895 potius
2989 2840 3326 2880 communem
3381 2824 3605 2880 infirmi-

2017 2919 2214 2982 tatem,
2245 2912 2298 2967 in
2341 2928 2445 2985 qua
2476 2913 2644 2971 virtus
2687 2914 2962 2986 perficitur
2995 2934 3008 2973 :
3039 2931 3107 2974 ne
3154 2931 3251 2988 pro
3275 2917 3499 2987 cognitis
3527 2915 3606 2970 in-

2017 3005 2226 3074 cognita
2273 3005 2682 3077 prmsumendo,
2733 3008 2799 3064 ad
2845 3009 3123 3064 veritatem
3171 3011 3452 3082 pervenire
3497 3025 3604 3065 non

2017 3097 2210 3168 possis.
2242 3095 2376 3152 Puto
2403 3098 2545 3153 enim
2579 3113 2697 3155 esse
2725 3099 2943 3171 aliquid,
2975 3100 3116 3172 quod
3139 3109 3193 3156 et
3223 3109 3278 3156 tu
3309 3101 3605 3171 intelligere

2017 3189 2212 3260 qumris
2233 3231 2246 3255 ,
2279 3203 2378 3245 nec
2406 3199 2560 3262 potes
2580 3233 2594 3258 ,
2619 3205 2719 3246 nec
2747 3199 2922 3247 tamen
2953 3207 3252 3262 qurereres,
3281 3194 3380 3248 nisi
3409 3202 3461 3248 te
3485 3209 3606 3264 pos-

2018 3294 2077 3334 se
2105 3294 2369 3350 sperares.
2396 3280 2474 3336 Ac
2501 3295 2598 3352 per
2627 3279 2729 3336 hoc
2758 3289 2811 3336 et
2848 3289 2906 3336 tu
2941 3281 3082 3337 vires
3111 3283 3472 3355 intelligentia:
3501 3294 3606 3339 tute

2019 3371 2222 3440 nescis,
2257 3371 2345 3442 qui
2373 3379 2576 3427 naturae
2607 3380 2710 3428 tuae
2737 3372 3012 3428 scientiam
3039 3375 3331 3444 profiteris,
3360 3391 3459 3432 nec
3487 3391 3605 3430 me-

2018 3474 2140 3515 cum
2167 3460 2482 3532 igerantiam
2503 3461 2802 3518 conﬁteris.
2830 3461 2968 3530 Quid
2997 3463 3167 3519 dicam
3197 3467 3267 3522 de
3295 3466 3569 3522 voluntate
3587 3508 3604 3535 ,

2018 3551 2108 3607 ubi
2164 3561 2310 3609 certe
2349 3553 2576 3610 liberum
2623 3568 2652 3607 a
2694 3553 2847 3610 nobis
2904 3554 3227 3627 praedicatur
3282 3556 3602 3614 arbitrium?

2018 3644 2223 3716 Nempe
2252 3643 2590 3702 beatissimus
2611 3646 2885 3717 apostolus
2915 3649 3104 3704 Petrus
3133 3650 3344 3706 volebat
3369 3665 3465 3722 pro
3496 3651 3602 3706 Do-

2019 3736 2166 3792 mino
2190 3737 2418 3791 animam
2442 3751 2640 3807 ponere
2661 3735 2837 3811 (Joan.
2860 3754 2977 3806 χιιι,
3009 3737 3103 3813 57)
3137 3755 3150 3793 :
3181 3739 3339 3811 plane
3362 3741 3602 3808 volebat;

2019 3843 2192 3899 neque
2216 3829 2357 3884 enim
2387 3829 2552 3884 Deum
2597 3829 2648 3885 id
2679 3829 2978 3898 pollicendo
3023 3829 3236 3888 fallebat
3265 3850 3278 3886 :
3310 3833 3402 3888 scd
3431 3848 3604 3905 quan-

2018 3929 2101 3976 tas
2147 3921 2288 3976 vires
2326 3920 2583 3986 haberet,
2613 3921 2859 3978 voluntas
2909 3923 3021 3994 ipsa
3051 3925 3341 3982 nesciebat.
3376 3925 3605 3981 Proinde

2019 4011 2100 4066 vir
2127 4019 2339 4076 tantus,
2369 4011 2463 4083 qui
2503 4011 2696 4068 Filium
2737 4013 2831 4069 Dei
2859 4029 2976 4070 esse
3001 4025 3357 4086 cognoverat,
3389 4032 3448 4072 se
3477 4018 3605 4071 latc—

2019 4101 2128 4156 bat.
2174 4101 2383 4157 Scimus
2429 4117 2530 4158 nos
2574 4103 2752 4175 itaque
2795 4103 2994 4178 aliquid
3039 4106 3209 4172 velle,
3265 4123 3359 4163 seu
3418 4110 3602 4164 nolle:

2019 4191 2112 4248 sed
2139 4195 2382 4248 voluntas
2427 4203 2609 4249 nostra
2648 4195 2811 4250 etiam
2841 4211 2961 4252 cum
3003 4195 3142 4252 bona
3187 4208 3300 4265 εδι,
3349 4210 3602 4269 quantum

2021 4285 2226 4350 valeat,
2270 4295 2499 4356 quantas
2541 4285 2684 4342 vires
2723 4285 2942 4353 habeat,
2989 4287 3182 4358 quibus
3223 4290 3603 4346 tentatiunibus

2019 4377 2206 4445 cedat,
2251 4378 2510 4449 quibusve
2535 4393 2638 4434 non
2681 4377 2867 4449 cedat,
2897 4379 2942 4436 si
2973 4395 3071 4439 nos
3102 4395 3206 4440 non
3235 4379 3462 4436 fallimus
3487 4426 3500 4448 ,
3533 4384 3605 4438 lili

2019 4469 2211 4525 dilecte
2231 4513 2244 4535 ,
2273 4470 2560 4526 nescimus.

2091 4559 2314 4617 CAPUT
2366 4559 2498 4617 Vlll.
2529 4591 2602 4604 -—-
2633 4563 2717 4620 12.
2767 4564 2899 4622 Vide
2927 4565 3086 4636 igitur
3113 4582 3269 4636 quam
3301 4568 3466 4622 multa
3496 4583 3601 4624 non

2017 4651 2306 4722 praeterita,
2337 4653 2432 4708 sed
2478 4655 2760 4724 prmscntia
2805 4655 2872 4712 de
2896 4666 3083 4713 natura
3123 4667 3334 4726 nostra,
3365 4676 3465 4715 nec
3487 4670 3601 4716 tan-

2017 4753 2128 4799 tum
2170 4744 2312 4817 quod
2365 4743 2432 4801 ad
2474 4760 2722 4818 corpus,.
2750 4763 2938 4805 verum
2978 4751 3138 4806 etiam
3179 4751 3319 4822 quod
3358 4752 3424 4806 ad
3465 4753 3604 4809 inte~

2017 4836 2212 4891 riorem
2269 4836 2540 4892 hominem
2589 4840 2822 4909 pertinet
2862 4841 3204 4912 ignoremus,
3261 4857 3359 4898 nec
3426 4853 3608 4900 tamen

2018 4927 2298 4997 pecoribus
2319 4942 2709 4998 comparemur.
2739 4928 2805 4985 Et
2836 4939 2912 4998 tu,
2943 4931 3063 5002 quia
3088 4933 3408 5002 praeteritam
3439 4935 3603 5006 origi-

2017 5033 2138 5074 nem
2169 5019 2360 5075 anima:
2385 5034 2522 5074 mete
2559 5036 2668 5075 non
2694 5019 2912 5076 omnino
2935 5021 3116 5078 nescio
3139 5065 3156 5090 ,
3187 5023 3284 5080 sed
3310 5040 3414 5078 non
3447 5026 3604 5096 plene

2016 5113 2158 5177 scio;
2190 5126 2311 5166 nam
2357 5111 2470 5167 seio
2511 5112 2642 5166 mihi
2690 5111 2866 5169 datam
2904 5129 3023 5170 esse
3059 5129 3085 5167 a
3115 5115 3257 5182 Deo,
3288 5131 3386 5172 nec
3427 5126 3600 5173 tamen

2017 5218 2134 5257 csse
2158 5201 2223 5258 de
2266 5201 2404 5271 Deo;
2449 5212 2596 5259 tanto
2635 5219 2723 5261 me
2748 5206 2990 5293 conviciol
3037 5207 3252 5278 dignum
3293 5209 3510 5280 putasti.
3539 5211 3607 5266 Et

2015 5293 2229 5362 quando
2255 5307 2470 5362 possum
2497 5292 2566 5349 de
2609 5303 2796 5373 natura
2836 5292 3053 5368 spiritus
3079 5307 3132 5353 et
3173 5299 3364 5354 animze
3405 5311 3606 5374 nostra

2015 5398 2436 5441 commemorare
2487 5385 2666 5442 omnia
2728 5403 2847 5459 qua:
2901 5389 3208 5446 nescimus?
3261 5390 3360 5448 Ubi
3425 5392 3604 5461 potius

2013 5476 2314 5532 exclamare
2355 5475 2613 5534 debemus
2641 5477 2708 5534 ad
2751 5480 2947 5546 Deum,
2995 5480 3136 5551 quod
3167 5481 3255 5536 ille
3281 5481 3604 5537 exclamavit

2015 5567 2066 5622 in
2097 5567 2308 5622 Psalmo
2341 5583 2353 5618 :
2387 5565 2666 5638 Miriﬁcata
2689 5579 2764 5626 est
2799 5571 3007 5625 scientia
3027 5579 3114 5624 tua
3138 5587 3200 5626 ea:
3229 5586 3341 5636 me;
3367 5571 3600 5631 ἱηυιιιιιὶτ,

2077 5703 2094 5734 ι
2128 5700 2244 5749 ιτΔίιί
2264 5697 2413 5760 :ouid
2429 5705 2500 5751 est
2522 5714 2642 5774 ergo
2657 5703 2785 5766 quod
2807 5699 3082 5771 nescimus?
3103 5699 3606 5774 Qtwmodgsubtrahi-

2011 5774 2465 5830 murnrgamurque
2487 5759 2636 5830 nobis.
2672 5759 2845 5830 'ltaqtte
2881 5763 3052 5822 nescio,
3099 5759 3429 5830 egenum?!“
3479 5771 3600 5830 ⁸⁸8ξῶ

2011 5823 2132 5880 (irit!
2157 5819 2224 5869 es}
2245 5834 2358 5882 ergo
2381 5819 2508 5884 quod
2533 5838 2624 5875 non
2642 5819 2805 5877 sumtis
2823 5825 2950 5875 ?ctc.
2965 5819 3282 5873 timendantur
3300 5819 3358 5868 ad
3375 5825 3604 5872 vetustis-

2013 5898 2184 5935 snuunt
2208 5884 2420 5932 codicem
2443 5891 2834 5940 Get'mancttsem.
