4096 6518
420 381 518 435 531

423 513 522 550 non
544 504 714 564 potero
744 491 811 544 ad
837 490 976 544 illam
1003 486 1153 558 (Psal
1181 499 1446 547 cxxxvnt,
1479 478 1576 554 6
1602 477 1708 534 Cur
1735 477 1875 532 enim
1904 473 1996 526 ad-

421 587 566 658 jecit,
595 601 656 638 ca:
683 600 780 648 me,
813 581 914 636 nisi
939 581 1062 650 quia
1086 593 1154 632 ex
1180 591 1243 632 se
1267 575 1384 645 Ipso
1412 588 1569 644 quam
1597 565 2008 654 incomprehen-

427 657 595 733 sibilis
639 683 779 731 csset
821 673 916 728 Dei
947 669 1168 728 scientia
1197 665 1516 737 eonjiciebat
1539 707 1554 732 ,
1583 657 2012 734 quandoquidem

427 783 488 824 se
527 769 700 837 ipsum
744 760 1200 834 comprehendere
1239 773 1344 812 non
1391 753 1630 810 valebat?
1691 748 2016 820 Rapiebatur

429 857 718 929 Apostolus
749 856 803 910 in
849 854 1062 910 tertium
1092 851 1286 907 coelum
1312 889 1326 914 ,
1356 857 1408 902 et
1435 845 1684 900 audiebat
1730 838 2015 896 ineffabilia

428 953 590 1008 Verba
610 993 624 1016 ,
653 966 773 1021 quae
799 965 904 1003 non
933 947 1056 1002 licet
1091 941 1295 1000 homini
1321 939 1483 1011 loqui,
1514 947 1568 994 et
1595 944 1775 991 utrum
1811 935 1866 988 in
1892 947 2014 988 cor—

433 1058 564 1114 pore
588 1041 692 1096 hoc
720 1040 794 1094 illi
815 1037 1115 1100 accidisset,
1135 1051 1199 1088 an
1221 1044 1368 1089 extra
1394 1043 1606 1100 corpus,
1631 1027 1836 1081 nescire
1859 1039 1916 1079 se
1937 1023 2020 1076 di-

435 1135 503 1186 cit
533 1131 608 1204 (ll
648 1130 878 1195 Cor.xn,
905 1128 1072 1198 2-5),
1111 1140 1210 1180 nec
1248 1139 1280 1178 a
1322 1132 1374 1178 te
1411 1118 1710 1190 comparari
1737 1116 2020 1187 pecoribus

438 1220 787 1294 prrtimescit.
839 1218 1054 1273 Sciebat
1106 1231 1165 1270 se
1207 1213 1422 1283 Spiritus
1462 1210 1578 1280 ejus
1620 1223 1740 1263 esse
1768 1208 1820 1260 in
1867 1205 2021 1260 tertio

443 1315 596 1380 uelo,
636 1326 756 1368 esse
802 1314 852 1363 in
897 1308 1181 1378 paradiso,
1214 1313 1268 1359 et
1294 1313 1469 1358 utrum
1521 1307 1665 1355 esset
1713 1299 1764 1352 in
1795 1310 2025 1366 corpore

441 1406 730 1462 nesciebat.
760 1403 830 1458 Et
867 1402 1046 1471 utique
1076 1399 1287 1454 tertium
1314 1395 1509 1452 caelum
1538 1401 1588 1448 el
1617 1389 1893 1464 Ρπίίάίδθδ
1915 1403 2022 1443 “0"

379 1489 385 1506 ⁵
440 1507 555 1551 erat
577 1498 690 1568 ipse
711 1493 982 1565 apostolus
1005 1489 1229 1554 Paulus;
1255 1501 1448 1556 corpus
1470 1498 1600 1540 vero
1621 1483 1738 1553 ejus
1767 1489 1822 1537 et
1846 1481 2024 1534 anima

371 1571 386 1608 ’·
443 1599 602 1660 atque
644 1587 866 1658 spiritus
925 1583 1040 1653 ejus
1091 1581 1206 1650 ipse
1251 1585 1386 1634 erat.
1450 1575 1592 1632 Ecce
1643 1573 1844 1630 sciebat
1907 1586 2026 1626 ma-

441 1697 564 1752 gna,
616 1680 717 1733 alta
771 1687 930 1746 atque
969 1675 1182 1737 divina,
1211 1685 1332 1741 quae
1372 1670 1488 1739 ipse
1529 1680 1634 1722 non
1663 1673 1813 1729 erat;
1847 1663 2028 1718 ethoc

447 1751 741 1834 nesciebat,
777 1767 920 1836 quod
967 1763 1034 1820 ad
1076 1771 1316 1817 naturam
1361 1759 1528 1828 ipsius
1553 1755 1870 1828 pertinebat.
1900 1751 2030 1819 Quis

447 1862 497 1912 in
531 1869 675 1913 tanta
703 1857 1031 1912 occultarum
1060 1866 1238 1907 rerum
1256 1849 1500 1913 scientia,
1532 1855 1734 1902 tantam
1761 1843 1839 1900 sui
1865 1843 2032 1912 ipsius

445 1949 795 2018 ignorantiam
837 1963 942 2002 non
981 1943 1229 1999 miretur?
1255 1941 1384 2010 Quis
1423 1947 1695 2011 postremo
1756 1936 2030 2003 crederet,

447 2041 546 2095 nisi
562 2039 652 2110 qui
671 2036 1044 2094 nonfallithoc
1060 2031 1447 2098 diceretzﬂuid
1476 2045 1696 2094 oremus,
1723 2029 1854 2082 situt
1884 2042 2036 2096 opor-

448 2141 534 2197 tet,
565 2131 855 2186 nescimus?
877 2129 976 2184 Ubi
1002 2142 1122 2182 esse
1147 2135 1330 2180 nostra
1353 2121 1584 2176 maxime
1602 2119 1764 2175 debet
1783 2117 2032 2180 intentio,

447 2232 508 2278 ut
525 2239 621 2278 nos
641 2223 694 2277 in
711 2237 774 2278 ea
800 2235 918 2291 quae
944 2228 1068 2274 ante
1093 2225 1217 2273 sunt
1241 2213 1589 2272 extendamus
1609 2219 1814 2276 :etme,
1831 2210 1876 2264 si
1894 2209 1944 2262 in
1960 2208 2036 2264 eis

449 2329 568 2382 qua:
593 2321 738 2367 retro
763 2318 914 2372 sunt,
935 2307 1128 2378 aliquid
1150 2307 1217 2362 de
1261 2321 1379 2360 mea
1406 2302 1611 2372 origine
1657 2301 1851 2356 oblitus
1878 2314 1996 2354 sum
2019 2340 2033 2366 ,

453 2403 738 2474 pecoribus
763 2416 1042 2471 comparas
1061 2442 1075 2465 ,
1107 2414 1226 2455 eum
1257 2397 1440 2452 audias
1464 2393 1712 2451 eumdem
1739 2393 2038 2462 apostolum

451 2494 748 2557 dicentem,
771 2492 900 2558 Quae
913 2499 1044 2544 retro
1065 2489 1266 2554 oblitus,
1293 2487 1346 2540 in
1377 2503 1435 2540 ea
1463 2501 1575 2558 qua:
1594 2492 1710 2538 ante
1729 2493 1845 2538 sunt
1869 2492 2044 2537 extene

455 2593 535 2636 tus
553 2624 570 2650 ,
598 2581 874 2637 secundum
899 2581 1222 2634 intentionem
1257 2593 1436 2648 sequor
1459 2575 1526 2628 ad
1565 2575 1786 2644 palmam
1812 2589 2044 2643 superna:

453 2675 725 2730 rocationis
741 2675 839 2728 Dei
859 2679 912 2727 in
932 2672 1131 2728 Christo
1155 2671 1279 2725 Jesu
1306 2668 1562 2739 (Philipp.
1601 2667 1782 2733 111,15,
1807 2664 1936 2737 H)?

526 2765 753 2822 CAPUT
781 2765 872 2820 lx.
895 2794 966 2805 —
992 2765 1077 2818 13.
1109 2763 1191 2817 An
1233 2760 1369 2816 forte
1398 2759 1556 2814 etiam
1599 2757 1702 2812 hoc
1741 2757 1866 2827 quia
1893 2755 2040 2822 dixi,

464 2857 603 2925 Quid
628 2873 848 2922 oremus,
873 2856 1002 2910 sicut
1029 2861 1246 2923 Oportet,
1271 2852 1558 2914 nescimus;
1601 2847 1929 2903 irridendum
1958 2864 2044 2902 me

458 2947 768 3012 arbitraris,
817 2953 872 2999 et
921 2942 1316 2998 irrationalibus
1387 2941 1614 2996 similem
1685 2938 2045 2993 animantibus

457 3037 702 3108 iudicas?
731 3037 800 3090 Et
841 3036 976 3090 forte
1001 3033 1350 3090 tolerabilius.
1382 3030 1515 3086 Cum
1545 3031 1687 3086 enim
1709 3038 1858 3086 recto
1883 3043 2044 3084 sano-

462 3143 568 3197 qne
589 3127 788 3196 judicio
831 3125 1006 3180 futura
1035 3133 1216 3179 nostra
1249 3121 1532 3194 prteteritis
1575 3119 1924 3191 praeferamus
1948 3160 1962 3184 ,
1993 3127 2049 3173 et

461 3218 635 3273 oratio
679 3218 832 3273 nobis
871 3232 978 3271 non
1021 3223 1237 3286 propter
1267 3211 1406 3284 quod
1437 3213 1632 3267 fuimus
1659 3253 1672 3278 ,
1703 3209 1796 3266 sed
1831 3219 2048 3280 propter

461 3307 603 3376 quod
634 3307 832 3362 erimus
860 3307 930 3360 sit
973 3303 1272 3359 necessaria
1300 3343 1314 3367 ,
1345 3302 1515 3356 multo
1544 3312 1626 3355 eSt
1655 3301 1836 3370 utique
1877 3301 2046 3354 mole~

460 3397 596 3452 stius
646 3398 855 3452 nescire
904 3395 1031 3466 quid
1085 3407 1340 3459 oremus,
1387 3407 1547 3463 quam
1593 3391 2044 3462 quemadmodum

462 3490 633 3545 exorti
662 3488 934 3544 fuerimus.
973 3486 1078 3542 Sed
1107 3487 1284 3541 veniat
1327 3486 1422 3540 tibi
1452 3485 1506 3539 in
1541 3493 1775 3540 mentem
1815 3485 1903 3539 ubi
1949 3485 2051 3539 hoe

461 3580 676 3650 legeris,
703 3580 786 3634 vel
811 3577 1091 3650 relegendo
1115 3577 1290 3634 recole
1322 3595 1333 3628 :
1357 3587 1410 3632 et
1432 3577 1538 3631 noli
1561 3577 1614 3630 in
1631 3592 1717 3631 me
1738 3575 1893 3646 hujus
1919 3591 2052 3630 con-

462 3673 584 3728 vicii
607 3671 842 3741 lapidem
866 3670 1046 3740 jacere
1073 3686 1087 3734 ;
1119 3685 1186 3723 ne
1206 3667 1272 3723 ad
1301 3685 1457 3738 quem
1482 3683 1587 3722 non
1619 3667 1721 3734 vis,
1750 3666 2047 3737 perveniat.

466 3765 560 3819 Ille
581 3765 695 3834 ipse
715 3763 910 3834 quippe
933 3763 1120 3816 doctor
1136 3761 1390 3817 Gentium
1412 3760 1699 3829 Apostolus
1727 3759 1881 3820 dixit,
1913 3758 2052 3826 Quid

465 3856 596 3910 enim
621 3871 836 3919 oremus,
866 3853 994 3908 sicut
1035 3859 1271 3923 Oportet,
1300 3850 1566 3903 nescimus.
1597 3847 1751 3916 Quod
1789 3863 1894 3902 non
1932 3856 2052 3901 tan-

465 3955 578 3998 tum
627 3944 792 3999 verbo
847 3943 1066 4009 docuit,
1117 3939 1214 3996 sed
1257 3954 1355 3996 suo
1397 3953 1610 4009 quoque
1666 3937 2056 3994 demonstravit

466 4035 738 4104 exemplo.
761 4033 894 4088 Nam
917 4041 1102 4088 contra
1133 4031 1417 4086 utilitatem
1453 4039 1506 4084 et
1535 4028 1722 4084 salutis
1745 4043 1854 4082 suae
1877 4027 2054 4098 perfe-

467 4128 698 4181 ctionem
728 4124 972 4179 nesciens
1000 4123 1192 4178 orabat
1211 4131 1268 4176 ut
1288 4119 1589 4176 discederet
1613 4119 1680 4174 ab
1701 4134 1768 4175 eo
1796 4119 2046 4175 stimulus

470 4217 674 4281 carnis,
705 4231 860 4285 quem
888 4213 990 4268 sibi
1011 4213 1192 4268 datum
1227 4213 1394 4278 dixit,
1427 4227 1494 4267 ne
1516 4211 1879 4280 magnitudine
1899 4226 2058 4266 reve-

471 4300 728 4353 lationum
777 4313 992 4351 suarum
1032 4298 1394 4352 extolleretur.
1423 4295 1493 4350 Et
1537 4297 1656 4364 quia
1688 4295 1839 4350 illum
1869 4296 2056 4350 Domi—

471 4406 572 4445 nus
623 4389 892 4460 diligebat,
944 4405 1050 4444 non
1099 4387 1228 4444 fecit
1287 4387 1428 4458 quod
1487 4388 1796 4458 ignoranter
1843 4387 2060 4458 petebat

471 4483 544 4536 tll
567 4482 686 4537 Cor.
719 4497 814 4545 xn,
846 4481 939 4537 7-9
953 4478 994 4552 ).
1024 4480 1129 4535 Sed
1157 4489 1334 4534 tamen
1357 4480 1447 4534 ubi
1485 4479 1591 4544 ait,
1624 4479 1761 4544 Quid
1783 4480 1914 4534 enim
1939 4495 2056 4534 ore-

469 4590 601 4636 mus,
631 4573 759 4626 sicut
789 4581 1003 4643 oportet,
1031 4572 1320 4635 nescimus,-
1345 4587 1466 4625 mox
1497 4569 1738 4640 adjunxit
1767 4613 1781 4637 ,
1819 4571 1925 4627 Sed
1950 4573 2058 4643 ipse

473 4665 700 4732 Spiritus
719 4665 1012 4730 interpellat
1037 4679 1130 4734 pro
1151 4663 1292 4716 nobis
1317 4662 1580 4734 gemitibus
1609 4664 2056 4720 incnarrabilibus.

474 4755 576 4820 Qui
605 4765 771 4808 autem
797 4761 1055 4808 scrutatur
1093 4753 1250 4808 corda
1273 4795 1288 4820 ,
1319 4754 1411 4807 scit
1442 4753 1564 4824 quid
1594 4751 1820 4824 Spiritus
1861 4756 2056 4827 sapiat,

471 4847 588 4912 quia
607 4848 882 4901 secundum
904 4845 1066 4902 Deum
1087 4847 1374 4918 interpellat
1403 4863 1496 4918 pro
1519 4849 1706 4903 sanctis
1733 4849 1911 4920 (Rom.
1940 4862 2057 4919 Vm,

471 4939 561 5004 295,
593 4937 686 5011 27)
707 4955 721 5004 ;
745 4939 796 4993 id
819 4947 924 5006 est,
951 4939 1291 5010 interpellare
1310 4947 1522 4996 sanctos
1567 4940 1712 4996 facit.
1757 4941 1850 4998 Ille
1877 4944 2062 5013 utique

473 5029 718 5097 Spiritus,
748 5045 906 5098 quem
935 5029 1075 5085 Deus
1095 5030 1230 5085 misit
1255 5031 1308 5084 in
1329 5031 1484 5085 corda
1510 5041 1706 5100 nostra,
1733 5033 2056 5102 clamantem,

475 5119 635 5184 Abba,
669 5119 826 5172 Pater
851 5119 1050 5189 (Galat.
1071 5137 1142 5186 tv,
1170 5121 1225 5189 6)
1251 5139 1266 5186 ;
1293 5130 1348 5177 et
1372 5123 1424 5176 in
1448 5139 1547 5190 quo
1572 5124 1872 5188 clamamus,
1895 5124 2058 5188 Abba,

485 5211 634 5264 Pater
655 5212 674 5282 (
699 5211 850 5265 Rom.
885 5227 1015 5277 vm,
1049 5211 1150 5283 15)
1182 5229 1196 5264 :
1229 5223 1514 5283 utrumque
1559 5229 1700 5268 ennn
1733 5214 1968 5282 dictum,
2003 5227 2056 5271 et

477 5301 750 5368 accepisse
799 5314 899 5353 nos
943 5299 1198 5368 Spiritum
1247 5303 1583 5370 clamantem,
1639 5305 1818 5372 Abba,
1866 5305 2060 5370 Pater;

475 5403 528 5445 rt
553 5392 604 5444 in
635 5407 732 5461 quo
747 5391 1048 5455 clamamus,
1068 5390 1227 5456 Abba,
1249 5391 1442 5458 Pater;
1465 5403 1522 5448 ut
1548 5409 1609 5448 ex
1619 5405 1903 5463 poneretur
1923 5413 2061 5466 quo-

477 5481 634 5534 modo
655 5479 788 5534 dixit
811 5479 1110 5532 clamantem
1131 5522 1144 5543 ,
1175 5480 1277 5535 hoc
1301 5490 1400 5545 est,
1429 5483 1660 5538 clamare
1687 5484 1982 5548 facientem,
2008 5495 2064 5540 ut

479 5573 593 5639 ipso
616 5571 840 5625 faciente
860 5570 1173 5623 clamemus.
1195 5571 1390 5624 Doceat
1407 5587 1532 5641 ergo
1553 5572 1727 5628 ethoc
1747 5591 1833 5630 me
1851 5575 2063 5645 quando

479 5662 723 5724 voluerit,
747 5663 788 5716 si
815 5661 914 5714 hoc
937 5660 1063 5714 mibi
1086 5661 1338 5732 expedire
1361 5665 1777 5730 novit,utsciam
1810 5667 1949 5722 unde
1977 5682 2061 5722 se-

478 5754 706 5808 cundum
729 5755 960 5807 animam
977 5753 1236 5821 originem
1264 5753 1475 5809 ducam.
1496 5755 1600 5812 Sed
1624 5759 1711 5814 ille
1729 5760 1830 5816 huc
1854 5777 1935 5809 mc
1964 5763 2058 5812 do-

1288 372 1376 426 DE
1414 367 1622 424 suum
1669 363 1754 418 ET
1795 358 1956 416 EJUS
1997 355 2294 418 ORIGINE.
2335 355 2392 416 S.
2438 349 2805 412 AUGUSTINI

3593 347 3701 404 532

2118 477 2236 524 ceat
2249 466 2497 538 Spiritus,
2514 466 2602 536 qui
2623 463 2952 519 altitudinem
2967 463 2982 494 ²
3002 462 3094 516 Dei
3117 469 3406 528 scrutatur;
3421 477 3526 517 non
3543 461 3704 517 homo

2117 559 2208 632 qui
2225 559 2466 630 spiritum
2495 558 2685 624 nescit,
2709 555 2850 612 unde
2873 564 2991 610 uter
3017 553 3250 609 inflatur.
3281 554 3433 612 Absit
3457 564 3632 609 tamen
3651 563 3706 608 ut

2119 669 2219 724 ego
2243 652 2366 708 hinc
2387 660 2440 707 te
2467 650 2747 723 pecoribus
2770 663 3095 719 comparem.
3121 646 3238 704 Non
3267 648 3409 704 enim
3441 648 3564 716 hoc,
3585 649 3707 719 quia

2121 761 2228 800 non
2255 753 2486 815 poteras,
2519 743 2612 799 sed
2643 742 2768 814 quia
2795 757 2898 796 non
2927 741 3257 808 adverteras,
3285 741 3583 806 nesciebas.

2193 833 2418 890 CAPUT
2471 833 2540 888 Χ.
2585 863 2660 874 -
2689 833 2776 888 id.
2819 831 3018 888 Verum
3065 841 3121 886 tu
3175 831 3421 898 fortasse,
3469 832 3712 903 quamvis

2124 927 2314 982 altiora
2344 928 2451 982 sint
2476 967 2492 994 ,
2518 942 2636 997 qum
2673 926 2739 980 de
2763 926 3058 980 animarum
3087 925 3294 996 origine
3323 923 3706 995 requiruntur.

2125 1033 2286 1089 quam
2317 1027 2400 1072 est
2429 1017 2570 1072 unde
2596 1016 2842 1071 ducimus
2872 1023 2927 1070 et
2971 1014 3246 1070 reddimus
3291 1014 3505 1080 ﬂatum;
3533 1023 3712 1068 tamen

2126 1112 2312 1168 eadem
2341 1111 2528 1166 altiora
2553 1111 2622 1165 de
2651 1109 2940 1180 Scripturis
2969 1107 3167 1164 sanctis
3208 1117 3260 1164 te
3305 1106 3556 1162 didicisse
3581 1121 3712 1163 con-

2129 1204 2267 1270 fidis,
2290 1204 2358 1260 de
2387 1203 2580 1274 quibus
2605 1218 2701 1273 per
2728 1203 2884 1257 fidem
2917 1201 3196 1256 didicimus
3222 1243 3234 1266 ,
3264 1215 3384 1272 quae
3409 1199 3553 1256 nulla
3583 1215 3682 1272 pos
3705 1228 3712 1234 -

2097 1361 2100 1366 _
2131 1296 2289 1349 sent”
2321 1293 2551 1348 humana
2581 1292 2792 1363 ingenia
2836 1293 3118 1362 vestigare.
3148 1291 3279 1345 Nam
3327 1291 3486 1362 longe
3533 1292 3718 1359 utique

2129 1385 2468 1456 praestantius
2495 1392 2596 1449 est,
2625 1397 2786 1437 nosse
2815 1392 3234 1435 resurrecturam
3263 1395 3477 1435 carnem
3506 1395 3569 1435 ac
3597 1380 3716 1434 sine

2133 1479 2237 1531 line
2262 1477 2540 1542 victuram,
2563 1489 2722 1544 quam
2746 1471 3002 1543 quidquid
3031 1472 3083 1526 in
3109 1488 3172 1528 ea
3201 1473 3390 1527 medici
3422 1473 3712 1526 scrutando

2134 1570 2340 1625 discere
2371 1575 2677 1640 potuerunt,
2715 1564 2856 1636 quod
2891 1564 3035 1618 nullo
3062 1580 3222 1618 sensu
3259 1564 3436 1618 anima
3465 1563 3716 1633 percipit,

2135 1679 2256 1716 cum
2305 1661 2724 1731 prmsentia_sua
2767 1665 2976 1727 vegetet
3025 1666 3213 1711 cuncta
3256 1673 3374 1726 qua:
3425 1656 3595 1711 nescit
3624 1673 3638 1709 :
3666 1663 3722 1710 et

2137 1754 2294 1824 longe
2319 1763 2399 1808 est
2415 1752 2624 1816 melius,
2645 1763 2803 1804 nosse
2823 1748 3076 1830 animam,
3097 1763 3213 1816 quae
3235 1748 3287 1801 in
3309 1748 3520 1803 Christo
3535 1753 3724 1801 renata

2138 1855 2191 1901 et
2222 1853 2470 1900 renovata
2496 1843 2674 1909 fuerit,
2703 1841 2754 1896 in
2774 1849 3033 1896 :eternum
3062 1839 3271 1894 beatam
3291 1839 3541 1902 futuram,
3562 1851 3722 1907 quam

2139 1934 2393 2006 quidquid
2435 1934 2502 1990 de
2529 1934 2672 1988 illius
2703 1933 2956 1988 memoria
2991 1972 3005 1996 ,
3035 1931 3383 2000 intelligentia
3409 1971 3425 1996 ,
3449 1929 3727 1984 voluntate

2141 2027 2430 2082 nescimus.
2481 2026 2605 2080 llaec
2649 2032 2826 2079 autem
2869 2037 2986 2092 quae
3015 2021 3124 2076 dixi
3165 2020 3534 2090 prmstantiora
3565 2028 3726 2088 atque

2141 2117 2384 2184 meliora,
2431 2115 2578 2170 nullo
2625 2114 2785 2170 modo
2825 2127 2986 2168 nosse
3033 2111 3353 2179 valeremus,
3389 2110 3490 2166 nisi
3534 2108 3731 2164 divinis

2143 2208 2487 2264 crederemus
2513 2206 2759 2277 eloquiis.
2786 2205 2880 2260 His
2918 2219 3046 2276 ergo
3076 2201 3303 2273 eloquiis
3331 2201 3496 2256 fidere
3537 2211 3588 2256 te
3617 2199 3732 2255 for-

2145 2300 2303 2355 tassis
2332 2300 2629 2366 existimas,
2649 2313 2718 2354 ne
2742 2297 2811 2356 de
2837 2298 3042 2367 origine
3069 2297 3367 2350 animarum
3411 2293 3732 2350 sententiam

2145 2393 2417 2450 definitam
2446 2393 2685 2464 proferre
2729 2391 3017 2448 cuncteris.
3051 2391 3285 2445 Primum
3316 2389 3362 2444 si
3409 2389 3479 2442 ita
3507 2395 3651 2444 esset
3685 2387 3731 2454 ⁸,

2149 2501 2252 2540 non
2280 2486 2378 2555 ipsi
2401 2486 2649 2539 humanae
2687 2492 2892 2537 natura:
2916 2483 3152 2537 tribuere
3181 2481 3432 2546 debuisti,
3463 2479 3604 2551 quod
3630 2481 3733 2533 scit

2149 2575 2310 2631 homo
2338 2576 2404 2630 de
2431 2590 2526 2630 sua
2552 2573 2806 2644 qualitate
2832 2583 2991 2643 atque
3021 2583 3208 2626 natura
3249 2572 3548 2641 disquirere
3575 2581 3736 2640 atque

2148 2668 2434 2734 disserere,
2456 2663 2549 2722 sed
2581 2666 2676 2722 Dei
2711 2666 2939 2720 muneri.
2971 2665 3154 2719 Dixisti
3187 2663 3327 2718 enim
3355 2705 3369 2730 ,
3405 2663 3540 2728 Quid
3563 2661 3736 2730 dilfert

2150 2762 2298 2816 homo
2337 2779 2368 2814 a
2407 2777 2581 2832 pecore
2609 2802 2624 2828 ,
2677 2760 2720 2814 si
2782 2761 2876 2813 hoc
2935 2759 3092 2812 nescit
3137 2758 3161 2812 ?
3213 2756 3348 2823 Quid
3399 2757 3556 2824 igitur
3601 2771 3737 2826 opus

2151 2863 2233 2908 est
2287 2853 2484 2923 aliquid
2538 2852 2754 2921 legere,
2809 2858 2868 2904 nt
2915 2849 3018 2904 hoc
3072 2849 3343 2914 sciamus,
3403 2849 3447 2901 si
3500 2863 3565 2902 eo
3619 2849 3738 2918 ipso

2150 2959 2255 3014 quo
2301 2959 2330 2998 a
2381 2958 2576 3014 pecore
2603 2943 2888 3004 distamus,
2938 2941 3045 3011 jam
3096 2940 3200 2994 hoc
3241 2939 3380 2994 scire
3428 2939 3738 2994 debemus?

2152 3035 2300 3090 Sicut
2321 3035 2462 3090 enim
2493 3033 2622 3086 nihil
2647 3033 2774 3086 mihi
2803 3032 2936 3101 legis
2959 3040 3015 3086 ut
3043 3047 3127 3085 me
3147 3031 3326 3086 vivere
3357 3031 3544 3095 sciam,
3575 3029 3739 3084 habet

2153 3127 2294 3182 enim
2327 3133 2514 3180 natura
2559 3139 2678 3180 mea
2706 3135 2762 3177 ut
2788 3123 2890 3178 hoc
2925 3123 3138 3177 nescire
3169 3137 3272 3176 non
3311 3121 3510 3191 possim
3545 3137 3560 3172 :
3593 3120 3663 3173 ita
3693 3119 3740 3174 si

2153 3227 2207 3272 et
2235 3218 2360 3273 illud
2389 3219 2526 3272 scire
2567 3225 2770 3271 natura:
2799 3224 2900 3280 est,
2932 3229 3027 3270 cur
3048 3215 3178 3268 mihi
3207 3216 3274 3270 de
3305 3215 3404 3268 hac
3435 3229 3494 3269 re
3527 3213 3740 3283 profers

2158 3312 2351 3384 quibus
2386 3311 2598 3366 credam
2642 3311 2943 3365 testimonia
2985 3309 3425 3378 Scripturarum?
3475 3309 3742 3378 Numquid

2155 3405 2253 3458 soli
2283 3403 2482 3458 distant
2507 3419 2534 3456 a
2567 3417 2760 3472 pecore
2789 3402 2878 3471 qui
2902 3417 2994 3456 eas
3015 3402 3236 3472 legunt?
3264 3401 3452 3456 Nonne
3479 3402 3550 3456 ita
3576 3403 3744 3458 creati

2155 3511 2360 3561 sumus,
2413 3503 2474 3549 ut
2525 3494 2784 3549 distemus
2827 3508 2855 3546 a
2897 3494 3199 3564 pecoribus,
3251 3504 3306 3547 et
3349 3501 3631 3563 antequam
3673 3493 3743 3547 ad

2156 3588 2360 3658 aliquas
2389 3587 2594 3650 litteras
2637 3585 2914 3654 pervenire
2941 3583 3245 3653 possimus?
3273 3583 3412 3652 Quid
3441 3593 3522 3638 est
3549 3598 3738 3654 quaeso

2155 3675 2298 3746 quod
2338 3683 2542 3729 tantum
2571 3683 2775 3730 natura:
2815 3684 3014 3728 nostra:
3041 3687 3276 3744 arrogas,
3311 3683 3372 3728 ut
3409 3690 3474 3730 eo
3501 3675 3614 3745 ipso
3637 3689 3746 3744 quo

2157 3769 2321 3825 distat
2345 3786 2373 3823 a
2395 3785 2610 3838 pecore,
2627 3769 2734 3838 jam
2753 3767 2896 3824 norit
2916 3768 2983 3824 de
3007 3769 3214 3839 origine
3234 3770 3530 3824 animarum
3551 3770 3746 3840 disqui-

2161 3875 2281 3915 rere
2322 3869 2481 3930 atqne
2515 3859 2811 3920 disserere;
2853 3869 2906 3914 et
2934 3874 3121 3914 rursus
3153 3875 3272 3914 eam
3327 3861 3404 3914 sic
3429 3859 3562 3915 facis
3591 3860 3750 3930 hujus

2158 3951 2478 4020 cognitionis
2497 3961 2789 4020 expertem,
2817 3950 2986 4004 utboc
3005 3950 3142 4006 scire
3161 3950 3468 4004 humanitus
3497 3959 3746 4021 nequeat,

2159 4044 2258 4096 nisi
2287 4043 2480 4096 divinis
2509 4045 2730 4098 testibus
2747 4043 2970 4097 credat?

2231 4133 2454 4191 CAPUT
2486 4135 2573 4190 X1.
2605 4165 2676 4176 -—
2706 4137 2794 4192 15.
2840 4135 3041 4190 Deinde
3067 4145 3120 4190 et
3147 4137 3200 4190 in
3241 4135 3342 4192 hoc
3369 4134 3588 4190 falleris.
3614 4135 3750 4190 Nam

2161 4227 2340 4281 divina
2367 4227 2695 4293 testimonia,
2721 4241 2840 4296 quae
2865 4225 2932 4280 ad
2959 4227 3114 4281 istam
3154 4227 3506 4296 qumstionem
3532 4225 3749 4280 solven-

2161 4311 2284 4364 dam
2315 4309 2518 4366 referre
2545 4312 2780 4378 voluisti,
2813 4327 2920 4366 non
2943 4309 2994 4364 id
3017 4311 3283 4380 aperiunt.
3317 4309 3476 4366 Aliud
3504 4318 3586 4366 est
3607 4309 3750 4380 quod

2163 4403 2252 4457 illa
2289 4401 2700 4469 demonstrant,
2750 4404 2868 4459 sine
2896 4418 3003 4472 quo
3045 4419 3172 4460 vere
3199 4418 3304 4458 non
3333 4416 3621 4473 possumus
3663 4405 3751 4472 pie

2163 4487 2378 4551 vivere,
2428 4487 2572 4558 quod
2624 4487 2828 4542 scilicet
2882 4488 3182 4542 animarum
3224 4498 3527 4542 nostrarum
3581 4487 3751 4541 Deum

2165 4578 2458 4634 habeamus
2511 4579 2751 4636 datorem
2783 4621 2800 4648 ,
2849 4587 3172 4648 creatorem,
3226 4579 3592 4634 formatorem.
3645 4576 3754 4632 Sed

2165 4671 2434 4741 quomodo
2477 4671 2529 4726 id
2579 4670 2777 4740 faciat,
2809 4681 2988 4726 utrum
3035 4685 3202 4726 novas
3227 4685 3319 4726 eas
3348 4669 3522 4724 ﬂando
3545 4711 3560 4736 ,
3592 4685 3659 4724 an
3685 4668 3755 4724 de

2165 4763 2474 4833 parentibus
2501 4761 2782 4828 trahendo,
2815 4778 2922 4818 non
2950 4763 3278 4832 exprimunt,
3301 4762 3402 4816 nisi
3432 4761 3500 4816 de
3531 4761 3618 4814 illa
3649 4775 3754 4814 una

2167 4871 2324 4926 quam
2353 4856 2524 4926 primo
2553 4855 2750 4910 homini
2772 4855 2936 4910 dedit.
2964 4855 3106 4926 Lege
3126 4856 3408 4925 diligenter
3433 4853 3576 4924 quod
3601 4854 3745 4910 scri-

2167 4949 2248 5020 psi
2279 4949 2344 5003 ad
2373 4948 2592 5004 fratrem
2637 4957 2884 5003 nostrum
2930 4947 3022 5002 Dei
3057 4963 3273 5003 servum
3319 4947 3582 5002 Renatum
3618 4945 3758 5016 (Su-

2168 5057 2284 5110 pra,
2313 5040 2400 5094 lib.
2431 5041 2484 5107 1,
2516 5057 2569 5094 n.
2595 5039 2660 5094 17
2681 5039 2832 5110 sqq.)
2861 5057 2873 5092 :
2901 5038 2973 5093 ibi
2997 5039 3138 5092 enim
3165 5040 3288 5108 quia
3319 5037 3370 5092 id
3388 5035 3616 5102 ostendi,
3647 5050 3756 5092 non

2169 5131 2264 5185 fuit
2287 5145 2506 5186 necesse
2527 5139 2578 5185 et
2605 5129 2694 5185 hic
2721 5129 2975 5185 scribere.
3013 5128 3190 5184 Velles
3211 5136 3388 5183 autem
3416 5143 3502 5182 me
3531 5127 3758 5182 delinire

2167 5224 2308 5294 quod
2338 5224 2452 5294 ipse
2476 5223 2738 5287 definisti,
2763 5231 2815 5278 ut
2847 5222 2900 5276 in
2924 5221 3057 5275 tales
3082 5221 3351 5290 angustias
3375 5219 3752 5296 contraderet,

2169 5316 2221 5368 in
2249 5315 2428 5386 quales
2453 5315 2566 5384 ipse
2597 5325 2882 5369 contrusus
2907 5353 2922 5378 ,
2949 5313 3206 5368 adversus
3249 5311 3565 5366 Catholicam
3600 5309 3758 5364 fidem

2171 5415 2248 5461 tot
2270 5417 2323 5461 et
2349 5414 2492 5459 tanta
2522 5406 2736 5460 locutus
2763 5421 2822 5460 es
2847 5447 2861 5470 ,
2891 5415 2950 5460 ut
2993 5420 3056 5459 ea
3081 5403 3101 5435 ⁵
3133 5403 3174 5458 si
3208 5403 3433 5457 fideliter
3469 5409 3630 5470 atque
3663 5399 3758 5452 hu-

2233 5524 2249 5554 ι
2285 5521 2454 5571 Plures
2473 5528 2601 5580 Mss,
2627 5518 2917 5572 altitudines.

2233 5585 2252 5616 ²
2287 5590 2412 5645 διεδ..
2439 5583 2632 5645 possint.

2233 5647 2253 5677 ³
2287 5641 2508 5704 Plerique
2533 5652 2659 5704 Mss,
2698 5641 2974 5694 sententiam
2998 5641 3242 5704 deﬁniunt:
3278 5642 3514 5692 cunctaris
3553 5653 3758 5702 primus.

2169 5708 2214 5758 si
2238 5707 2304 5756 im
2326 5715 2460 5756 esset.

2233 5771 2253 5799 δ
2289 5769 2423 5822 aditi,
2449 5781 2544 5817 cas.
2575 5767 2738 5816 Melius
2761 5774 2887 5822 Mss,
2924 5779 2998 5816 ea.
