4096 6504
804 1 1195 20 ..-ν-ν

287 361 385 417 533

285 477 482 535 militer
527 474 734 530 recolas
780 481 939 544 atque
987 468 1334 535 consideres,
1390 466 1575 523 videas
1626 465 1869 536 profecto

286 582 539 643 quantum
575 567 670 624 tibi
698 564 1013 638 profuisset,
1053 565 1098 619 si
1125 563 1318 619 scisses
1361 560 1570 616 nescire
1599 556 1741 629 quod
1773 571 1870 612 ne-

287 663 424 727 scis;
455 670 509 717 et
547 667 802 731 quantum
832 656 925 713 tibi
953 655 1157 726 prosit,
1186 654 1231 709 si
1261 653 1347 709 vel
1381 666 1523 708 nunc
1551 651 1709 707 scias.
1737 648 1870 704 Nam

286 755 330 810 si
352 749 698 822 intelligentia
724 748 817 804 tibi
837 748 1012 817 placet
1037 747 1089 802 in
1119 755 1305 801 natura
1332 743 1586 811 hominis,
1610 741 1865 814 quoniam

286 859 470 901 revera
518 843 563 897 si
597 857 716 897 eam
761 854 869 896 non
899 838 1154 903 haberet,
1183 837 1338 905 nihil,
1370 844 1626 907 quantum
1664 833 1730 890 ad
1760 833 1877 889 ani—

288 951 404 992 mas
439 934 696 1013 pertinet,
717 948 748 989 a
777 932 1063 1005 pecoribus
1083 932 1408 987 distaremus
1431 945 1447 995 ;
1476 927 1715 1000 intellige
1740 927 1872 998 quid

285 1043 388 1084 non
417 1027 704 1097 intelligas,
736 1041 807 1082 ne
855 1033 1024 1081 totum
1056 1040 1165 1079 non
1206 1023 1511 1094 intelligas;
1543 1028 1600 1077 et
1621 1019 1732 1076 noli
1774 1019 1871 1076 de-

284 1122 490 1189 spicere
512 1119 806 1184 hominem,
835 1118 924 1190 qui
949 1128 1006 1174 ut
1034 1117 1298 1175 veraciter
1319 1116 1581 1187 intelligat
1600 1113 1742 1186 quod
1769 1127 1875 1169 non

282 1210 571 1282 intelligit,
629 1209 729 1266 hoc
790 1225 852 1266 se
897 1225 1003 1266 non
1056 1208 1353 1280 intelligere
1405 1205 1668 1275 intelligit.
1726 1204 1876 1263 Unde

280 1313 458 1358 autem
488 1301 687 1359 dictum
716 1302 784 1358 sit
815 1302 868 1357 in
913 1316 1069 1358 sacro
1108 1302 1320 1359 Psalmo
1343 1342 1359 1369 ,
1390 1298 1556 1356 Homo
1585 1300 1639 1355 in
1687 1300 1876 1355 honore

280 1409 397 1449 cum
446 1403 594 1456 esset,
650 1409 749 1447 non
798 1394 1077 1460 intellexit;
1116 1400 1441 1464 comparatus
1486 1400 1560 1447 est
1610 1390 1874 1463 pecoribus

279 1484 569 1550 tnsensatis,
598 1493 644 1538 et
674 1483 853 1544 similis
882 1486 1048 1558 factus
1072 1493 1144 1539 est
1183 1484 1288 1539 illis
1312 1481 1483 1557 (Psal.
1510 1498 1694 1551 xum,
1727 1483 1829 1553 15)
1855 1499 1871 1549 ;

283 1575 421 1645 lege,
453 1585 509 1629 et
538 1574 793 1646 intellige,
819 1583 877 1631 ut
892 1575 993 1632 hoc
1018 1574 1366 1648 opprobrium
1395 1575 1672 1631 humiliter
1697 1574 1874 1646 potius

281 1667 397 1735 ipse
426 1680 617 1722 caveas
644 1708 660 1734 ,
691 1681 852 1738 quam
898 1668 1130 1738 superbe
1179 1668 1334 1723 alteri
1379 1668 1620 1741 objicias.
1668 1668 1745 1723 De
1794 1667 1876 1723 his

228 1768 239 1775 '
278 1761 423 1813 enim
446 1757 645 1814 dictum
675 1769 803 1823 est,
836 1760 925 1829 qui
980 1759 1135 1815 istam
1184 1760 1346 1815 vitam
1405 1760 1575 1817 solam
1620 1759 1878 1830 deputant

278 1852 442 1907 vitam
465 1894 481 1922 ,
509 1852 799 1908 secundum
849 1868 1065 1909 carnem
1096 1854 1364 1919 viventes,
1394 1860 1449 1909 et
1476 1863 1598 1925 post
1644 1860 1872 1909 mortem

278 1945 414 1999 nihil
448 1954 745 2016 sperantes,
781 1947 943 2002 veluti
982 1960 1173 2016 pecora
1204 1963 1219 2002 :
1246 1960 1353 2001 non
1379 1945 1446 2001 de
1469 1944 1551 2000 his
1587 1945 1676 2017 qui
1702 1960 1875 2016 neque

278 2046 480 2106 negant
522 2051 583 2093 se
630 2038 768 2093 scire
806 2037 949 2108 quod
998 2037 1194 2103 sciunt,
1217 2046 1271 2092 et
1319 2035 1641 2092 conﬁtentur
1697 2050 1875 2099 sene-

276 2129 420 2185 seire
449 2128 591 2200 quod
618 2130 880 2195 nesciunt,
910 2137 965 2186 et
992 2130 1168 2201 potius
1190 2130 1491 2200 intelligunt
1512 2128 1873 2184 inﬁrmitatem

279 2235 435 2275 suam
460 2262 473 2284 ,
505 2234 663 2290 quam
692 2220 760 2276 de
787 2235 882 2276 sua
908 2221 1102 2277 virtute
1126 2220 1422 2277 conﬁdunt.

355 2311 445 2366 l6.
490 2310 605 2366 Non
632 2312 814 2382 itaque
839 2310 1118 2382 displiceat
1143 2311 1544 2383 praesumptioni
1590 2320 1694 2367 tua:
1726 2311 1875 2383 juve-

282 2400 379 2457 nili
402 2403 420 2434 ί
449 2417 600 2458 meus
626 2402 810 2458 senilis
833 2403 995 2459 timor
1018 2445 1033 2470 ,
1059 2403 1154 2460 ﬁli.
1185 2403 1300 2475 Ego
1325 2405 1468 2459 enim
1495 2445 1511 2471 ,
1539 2404 1585 2460 si
1609 2403 1712 2459 hoc
1732 2403 1874 2475 quod

280 2493 353 2550 de
382 2494 680 2548 animarum
702 2493 909 2565 origine
937 2495 1249 2566 quasrimus,
1281 2510 1379 2551 nec
1402 2495 1535 2561 Deo,
1564 2508 1667 2550 nec
1691 2494 1873 2565 aliquo

280 2584 544 2654 spirituali
600 2583 819 2639 homine
861 2583 1121 2652 docente,
1166 2585 1307 2641 scire
1341 2592 1566 2656 potuero
1588 2627 1605 2655 ,
1634 2584 1872 2656 paratior

278 2689 402 2729 sum
447 2672 737 2730 defendere
761 2715 776 2741 ,
819 2689 977 2746 quam
1023 2683 1170 2732 recte
1209 2676 1372 2732 etiam
1417 2676 1521 2731 hoc
1545 2676 1708 2745 Deus,
1737 2676 1875 2734 sicut

280 2763 389 2818 alia
416 2764 604 2830 multa,
628 2778 727 2820 nos
755 2766 894 2821 scire
935 2765 1203 2833 noluerit,
1231 2781 1388 2839 quam
1439 2777 1642 2824 temere
1670 2767 1872 2835 dicere,

280 2857 427 2929 quod
464 2867 558 2913 aut
580 2858 652 2914 ita
680 2860 750 2914 sit
769 2859 1144 2927 obscurum,ut
1170 2859 1274 2917 hoc
1296 2876 1402 2916 non
1429 2859 1607 2918 solum
1658 2860 1724 2917 ad
1745 2861 1877 2917 alio-

282 2966 407 3007 rum
436 2951 838 3023 intelligentiam
868 2952 1165 3024 perducere
1192 2969 1478 3026 nequeam,
1510 2954 1607 3010 sed
1635 2969 1737 3012 nec
1760 2955 1876 3026 ipse

285 3044 629 3116 intelligam;
661 3055 753 3100 aut
796 3053 944 3102 certe
988 3049 1149 3102 etiam
1194 3047 1475 3104 bmreticos
1502 3046 1755 3118 adjuvet,
1784 3048 1875 3119 qui

214 3196 231 3209 '
283 3147 572 3206 propterea
615 3137 940 3207 persuadere
962 3147 1226 3205 conantur
1249 3139 1318 3195 ab
1346 3139 1493 3195 omni
1536 3154 1674 3195 noxa
1716 3154 1876 3210 puras

280 3242 408 3284 esse
442 3229 649 3285 animas
671 3230 1011 3301 parvulorum
1036 3273 1052 3299 ,
1083 3246 1154 3287 ne
1178 3231 1383 3288 scilicet
1420 3231 1611 3289 eadem
1655 3246 1793 3288 noxa
1824 3232 1877 3288 in

283 3328 560 3377 auctorem
604 3322 772 3377 Deum
812 3330 1052 3378 recurrat
1093 3331 1149 3379 et
1190 3322 1415 3390 redeat,
1459 3323 1602 3394 quod
1638 3323 1879 3378 insontes

283 3413 515 3481 animas,
541 3412 733 3484 quibus
755 3429 858 3470 nec
885 3414 1156 3471 lavacrum
1183 3415 1603 3487 regenerationis
1649 3414 1878 3470 subven-

290 3513 470 3558 turum
519 3518 641 3559 esse
680 3503 983 3574 praescivit,
1023 3503 1201 3561 dando
1226 3504 1374 3561 carni
1402 3503 1685 3575 peccatrici
1709 3544 1727 3572 ,
1758 3517 1879 3559 esse

286 3596 613 3666 compulerit
639 3597 990 3668 peccatrices,
1018 3598 1163 3654 nulla
1193 3597 1532 3669 Baptismatis
1557 3597 1725 3670 gratia
1753 3597 1880 3653 sub-

287 3696 535 3751 ventura,
586 3701 690 3757 qua
737 3686 1032 3743 liberentur
1081 3703 1112 3743 a
1161 3688 1503 3745 damnatione
1545 3695 1801 3760 perpetua
1860 3704 1876 3743 :

289 3778 723 3850 quandoquidem
752 3779 1169 3837 innumerabiles
1201 3781 1393 3837 anima:
1418 3779 1680 3836 infantum
1722 3787 1877 3836 ante-

288 3885 448 3940 quam
472 3870 826 3941 baptizenlur,
854 3870 921 3926 de
949 3871 1262 3942 corporibus
1290 3879 1506 3929 exeunt.
1530 3871 1686 3928 Absit
1707 3872 1873 3940 enim,

292 3970 353 4015 ut
401 3960 505 4016 hoc
561 3962 744 4018 volens
795 3961 1022 4029 diluere,
1071 3962 1244 4018 dicam
1288 3979 1409 4034 quae
1460 3962 1577 4034 ipse
1623 3962 1804 4018 dixisti
1863 3981 1878 4018 :

297 4070 321 4104 ‹
356 4052 508 4118 Quod
534 4052 712 4108 anima
729 4067 826 4123 per
844 4068 1061 4109 carnem
1086 4054 1346 4110 meruerit
1370 4053 1655 4124 inquinari,
1683 4062 1739 4111 et
1758 4067 1880 4110 esse

296 4144 566 4214 peccatrix
590 4186 605 4210 ,
635 4143 838 4199 nullum
867 4143 1073 4201 habens
1099 4154 1224 4201 ante
1255 4154 1533 4218 peccatum
1557 4187 1573 4211 ,
1600 4160 1708 4217 quo
1736 4154 1883 4202 recte

296 4233 351 4288 id
372 4234 634 4290 meruisse
657 4232 868 4290 dicatur
895 4253 911 4291 :
950 4254 969 4288 ι
995 4243 1051 4292 et
1072 4253 1092 4288 ι
1117 4236 1260 4308 quod
1279 4237 1440 4292 etiam
1465 4237 1580 4292 sine
1604 4236 1884 4309 Baptismo

294 4327 577 4399 eriginalia
635 4337 852 4400 peccata
903 4329 1178 4386 solvantur
1220 4348 1234 4385 :
1273 4350 1294 4385 ι
1326 4338 1384 4388 et
1415 4349 1436 4385 ι
1468 4331 1613 4404 quod
1657 4347 1882 4404 regnum

295 4433 512 4489 quoque
551 4418 813 4475 cmicrum
857 4435 964 4476 non
992 4422 1272 4493 baptizatis
1314 4425 1369 4479 in
1394 4423 1503 4480 ﬁne
1530 4424 1834 4485 tribuatur.,
1858 4443 1878 4479 ι

298 4507 425 4564 Haec
463 4520 622 4581 atque
650 4509 955 4580 huiusmodi
985 4527 1188 4569 venena
1216 4513 1336 4570 ﬁdei
1376 4515 1481 4571 nisi
1507 4514 1689 4573 dicere
1727 4516 1886 4573 time-

297 4614 411 4655 rem
439 4640 454 4663 ,
502 4598 728 4656 fortasse
754 4600 826 4658 de
853 4601 953 4658 hac
982 4617 1041 4658 re
1081 4604 1306 4661 delinire
1337 4606 1535 4678 aliquid
1573 4623 1681 4664 non
1726 4608 1884 4665 time-

299 4706 435 4746 rem.
465 4690 674 4760 Quanto
701 4693 890 4749 melius
919 4694 1080 4764 igitur
1118 4712 1225 4752 non
1267 4700 1555 4769 separatim
1589 4699 1659 4757 de
1707 4701 1886 4757 anima

303 4782 519 4854 disputo
542 4794 596 4838 et
624 4784 833 4840 afﬁrmo
861 4785 1002 4855 quod
1028 4788 1241 4855 nescio;
1271 4788 1367 4845 sed
1388 4790 1529 4860 quod
1551 4792 1888 4862 apertissime

298 4874 617 4945 Apostolum
645 4875 802 4933 video
824 4876 1093 4945 docuisse,
1123 4878 1440 4951 simpliciter
1461 4892 1636 4939 teneo.
1665 4885 1746 4941 Ex
1777 4902 1885 4943 uno

303 4965 520 5023 homine
571 4981 761 5023 omnes
803 4967 1049 5026 homines
1079 4970 1157 5026 ire
1173 4971 1225 5026 in
1264 4973 1760 5030 condemnationem
1799 4977 1891 5048 qui

302 5069 593 5115 nascuntur
613 5076 679 5117 ex
713 5061 885 5118 Adam
917 5059 1091 5136 (Rom.
1122 5062 1300 5134 v,18)
1326 5106 1340 5132 ,
1373 5065 1473 5120 nisi
1502 5065 1572 5120 ita
1600 5081 1889 5123 renascan-

304 5160 391 5207 tur
418 5153 473 5207 in
501 5151 717 5209 Christo
736 5194 751 5221 ,
779 5153 936 5209 sicuti
965 5154 1191 5210 instituit
1228 5163 1284 5211 ut
1326 5165 1705 5223 renascantur,
1737 5168 1889 5215 antc-

302 5258 458 5315 quam
486 5258 712 5315 corpore
724 5244 1039 5312 moriantur,
1058 5261 1192 5317 quos
1220 5246 1616 5317 praedestinavit
1650 5248 1717 5308 ad
1732 5260 1893 5305 teter-

307 5349 428 5390 nam
459 5337 620 5389 vitam
646 5335 1178 5393 misericordissimus
1214 5339 1399 5410 gratia:
1419 5340 1639 5411 largitor
1665 5342 1792 5413 :qui
1813 5350 1897 5398 est

304 5434 358 5481 et
381 5424 486 5480 illis
499 5437 632 5495 quos
652 5424 1041 5496 praedestinavit
1056 5426 1123 5482 ad
1139 5436 1389 5484 aeternam
1408 5430 1901 5501 mortem,justissi-

308 5530 427 5573 mus
436 5515 679 5587 supplicii
693 5516 980 5573 retributor
996 5532 1132 5586 ;non
1154 5520 1325 5575 solum
1337 5520 1652 5591 prepterilla
1673 5537 1790 5592 qua:
1802 5537 1899 5577 vo—

310 5606 482 5664 lentes
496 5606 772 5679 adjiciunt,
789 5623 973 5667 verum
1001 5608 1163 5666 etiam
1183 5611 1227 5667 si
1242 5607 1468 5668 infantes
1486 5611 1613 5667 nihil
1631 5612 1897 5683 adjiciant,

372 5744 391 5778 ¹
428 5751 478 5795 tn
497 5751 605 5797 uss.
626 5753 923 5798 constanter.
942 5743 1170 5802 iuvenali.

1637 342 1835 398 LIBER
1872 343 2218 411 QUARTUS.

3454 363 3525 420 δῦ
3541 368 3587 419 ἱῖο

1981 477 2198 537 propter
2224 469 2483 540 originale
2510 479 2802 543 peccatum.
2832 477 2956 534 llaec
2969 480 3131 535 est‘in
3154 479 3240 536 illa
3264 486 3579 554 quaestione-

1979 558 2220 617 deﬁnitio
2249 577 2390 632 mea,
2419 574 2475 620 ut
2493 566 2698 621 occulta
2727 582 2895 637 opera
2916 569 3012 626 Dei
3041 570 3274 629 habeant
3300 589 3455 631 suum
3478 593 3565 632 se-
3617 615 3620 620 -

1979 659 2207 721 cretum,
2236 654 2384 712 salva
2412 655 2517 714 ﬁde
2543 673 2683 714 mea.

2049 743 2277 802 CAPUT
2311 746 2425 802 XII.
2459 751 2644 805 -17.
2678 751 2827 809 Nunc
2858 753 2988 826 jam,
3018 765 3274 826 quantum
3307 757 3588 815 Dominus-

1979 835 2182 896 donare
2220 839 2499 912 dignatur,
2531 844 2693 900 etiam
2729 846 2795 901 ad
2839 846 2971 903 illud
3001 848 3173 905 debeo
3213 852 3562 922 respondere,

1980 929 2071 986 ubi
2108 930 2176 987 de
2204 933 2380 988 anima
2410 934 2663 1005 loquens,
2695 944 2874 993 meum
2903 953 3099 995 nomen
3139 939 3377 1007 iterasti,
3404 950 3566 1014 atque

1980 1024 2157 1082 dixisti
2190 1043 2205 1083 :
2252 1046 2271 1081 ι
2306 1026 2425 1084 Non
2462 1030 2635 1099 enim,
2679 1032 2821 1087 sicut
2845 1034 3170 1105 Augustinus
3212 1036 3583 1107 peritissimus-

1980 1120 2264 1192 episcopus
2304 1123 2602 1193 proﬁtetur,
2632 1126 3003 1198 incorpoream
3032 1139 3088 1187 et
3128 1132 3371 1188 eamdem
3411 1135 3570 1204 spiri-

1958 1222 2092 1268 tum
2131 1229 2252 1270 esse
2292 1215 2667 1286 permittimus.
2699 1237 2720 1272 ι
2752 1219 2907 1276 Prius
2943 1221 3124 1293 itaque
3166 1231 3345 1279 utrum
3388 1225 3581 1280 anima-

1980 1305 2315 1376 incorporea,
2359 1308 2497 1363 sicut
2539 1323 2639 1379 ego
2680 1310 2811 1376 dixi,
2858 1326 2927 1367 an
2957 1327 3250 1384 corporea,
3300 1316 3436 1372 sicut
3488 1326 3561 1383 tu,

1979 1396 2333 1453 existimanda
2379 1398 2483 1465 sit,
2529 1398 2882 1472 disputemus.
2938 1403 3142 1460 Deinde
3184 1413 3360 1462 utrum
3403 1408 3565 1463 etiam

1980 1486 2096 1558 ipsa
2138 1489 2431 1544 secundum
2460 1490 2764 1562 Scripturas
2808 1503 3023 1551 nostras
3064 1495 3273 1552 dicatur
3312 1498 3565 1568 spiritus;

1979 1580 2222 1648 quamvis
2251 1580 2411 1635 etiam
2440 1582 2657 1653 proprie
2690 1583 2908 1654 spiritus
2931 1594 3289 1656 nuncupetur,
3315 1602 3423 1643 non
3452 1588 3571 1643 uni-

1978 1683 2154 1736 versa,
2200 1668 2295 1726 sed
2340 1671 2539 1742 aliquid
2583 1671 2725 1742 ejus.
2771 1674 2852 1729 Ac
2891 1674 3126 1745 primum
3169 1675 3312 1732 scire
3348 1677 3564 1745 vellem,

1979 1777 2173 1833 corpus
2197 1764 2322 1834 quid
2360 1779 2480 1821 esse
2508 1765 2750 1823 deﬁnias.
2800 1766 2858 1825 Si
2896 1769 3038 1824 enim
3079 1783 3186 1825 non
3229 1779 3312 1826 est
3348 1785 3564 1841 corpus,

1980 1852 2080 1908 nisi
2110 1853 2253 1925 quod
2280 1855 2534 1912 membris
2561 1857 2861 1914 carnalibus
2887 1869 3130 1927 constat;
3160 1874 3261 1917 nec
3288 1869 3427 1917 terra
3464 1863 3568 1917 erit

1979 1956 2194 2014 corpus,
2225 1959 2327 2000 nec
2354 1946 2571 2014 caelum,
2599 1960 2700 2003 nec
2722 1946 2877 2018 lapis,
2908 1963 3011 2005 nec
3034 1963 3172 2020 aqua
3191 1991 3208 2018 ,
3238 1965 3341 2008 nec
3365 1950 3563 2018 sidera,

1978 2051 2079 2092 nec
2102 2036 2146 2092 si
2175 2036 2301 2107 quid
2328 2036 2633 2109 huiusmodi
2659 2045 2761 2095 est.
2791 2038 2848 2096 Si
2876 2047 3055 2096 autem
3078 2055 3273 2111 corpus
3298 2050 3382 2098 est
3404 2042 3563 2113 quid-

1978 2127 2104 2198 quid
2133 2127 2425 2198 majoribus
2451 2137 2505 2185 et
2529 2130 2826 2186 minoribus
2857 2132 2970 2187 suis
3004 2131 3247 2202 partibus
3282 2131 3485 2203 majora
3510 2142 3566 2189 et

1979 2219 2183 2274 minora
2210 2219 2382 2289 spatia
2408 2219 2650 2276 locorum
2678 2220 3042 2278 obtinentibus
3064 2229 3308 2290 constat;
3338 2238 3563 2294 corpora

1978 2319 2102 2365 sunt
2138 2310 2300 2366 etiam
2326 2310 2431 2366 ista
2466 2326 2586 2382 quae
2617 2313 3037 2369 commemoravi
3064 2332 3077 2368 :
3106 2327 3303 2385 corpus
3340 2322 3427 2371 est
3447 2330 3562 2383 aer,

1978 2414 2176 2471 corpus
2198 2408 2284 2457 est
2310 2401 2401 2456 lux
2426 2401 2527 2457 ista
2552 2402 2797 2471 visibilis,
2825 2412 2882 2460 et
2903 2404 3083 2462 omnia
3111 2404 3252 2461 sicut
3274 2403 3405 2461 dicit
3422 2406 3568 2475 Apo-

1978 2491 2179 2559 stolus,
2207 2507 2423 2563 corpora
2448 2492 2672 2549 caelestia
2689 2535 2704 2562 ,
2736 2503 2784 2549 et
2823 2509 3042 2565 corpora
3077 2493 3334 2551 terrestria
3362 2493 3422 2567 (ι
3445 2493 3563 2551 Cor.

1978 2597 2079 2649 xv,
2108 2582 2232 2655 40).

2053 2675 2141 2751 ιβ.
2182 2674 2287 2731 Sed
2316 2683 2491 2731 utrum
2521 2676 2722 2748 aliquid
2740 2676 2857 2734 'tale
2879 2680 2953 2733 sit
2979 2678 3179 2747 anima,
3210 2679 3567 2750 scrupulosis-

1980 2766 2115 2823 sime
2138 2780 2202 2822 ac
2233 2766 2583 2825 subtilissime
2605 2769 2883 2841 quieritur.
2921 2770 3296 2827 Verumtamen
3325 2783 3400 2840 tu,
3428 2772 3569 2830 unde

1983 2859 2077 2915 tibi
2111 2860 2343 2916 maxime
2366 2861 2622 2931 gratulor,
2652 2862 2819 2919 Deum
2850 2878 3045 2934 corpus
3078 2880 3186 2921 non
3220 2880 3342 2921 esse
3372 2866 3569 2921 conﬁr-

1980 2964 2116 3006 mas.
2147 2949 2251 3007 Sed
2290 2966 2376 3007 me
2408 2966 2596 3008 rursus
2631 2953 2915 3010 sollicitum
2940 2954 3093 3023 facis,
3135 2957 3228 3012 ubi
3249 2956 3383 3014 dicis
3411 2975 3426 3011 :
3461 2977 3481 3011 ι
3509 2960 3567 3015 Si

1981 3042 2158 3097 anima
2194 3053 2342 3100 caret
2369 3059 2620 3116 corpore,
2651 3054 2712 3102 ut
2734 3047 2824 3115 sit,
2852 3048 2990 3104 sicut
3026 3048 3344 3119 quibusdam
3373 3051 3565 3122 placet.

1980 3148 2148 3189 cassae
2188 3134 2482 3202 inanitatis,
2510 3138 2671 3193 aeria:
2707 3137 2979 3210 futilisquo
3005 3140 3321 3198 substantia:
3345 3143 3384 3196 ⁸.
3422 3161 3442 3195 ι
3472 3143 3568 3198 llis

1981 3225 2125 3281 enim
2169 3226 2275 3281 tuis
2317 3227 2495 3283 verbis
2521 3228 2719 3285 videris
2760 3230 3020 3299 credere,
3050 3245 3211 3289 omne
3250 3232 3395 3304 quod
3422 3241 3569 3289 caret

1981 3332 2228 3388 corpore,
2251 3320 2426 3376 inanis
2453 3334 2573 3377 esse
2596 3320 2928 3378 substantiae.
2957 3322 3112 3390 Quod
3133 3323 3182 3379 si
3206 3324 3278 3379 ita
3304 3334 3409 3393 est,
3435 3340 3570 3396 quo-

1980 3408 2145 3465 modo
2174 3408 2340 3465 Deum
2378 3409 2543 3468 audes
2569 3410 2750 3467 dicere
2781 3426 2967 3469 carere
2994 3427 3250 3486 corpore,
3279 3429 3381 3471 nec
3410 3416 3568 3472 times

1981 3512 2054 3554 ne
2091 3508 2346 3569 sequatur
2388 3500 2563 3556 inanis
2598 3515 2721 3557 eum
2759 3515 2882 3557 esse
2909 3501 3264 3559 substantti
3306 3503 3478 3561 Porro
3519 3504 3569 3561 si

1983 3595 2040 3644 et
2080 3603 2307 3659 corpore
2352 3598 2501 3646 caret
2529 3591 2699 3657 Deus,
2729 3591 2875 3663 quod
2917 3592 3028 3662 jam
3057 3593 3336 3650 confessus
3376 3609 3471 3661 es;
3517 3604 3572 3651 et

1984 3695 2110 3737 eum
2135 3681 2310 3736 inanis
2335 3697 2458 3739 esse
2482 3683 2815 3753 substantiae,
2844 3684 2983 3740 absit
3007 3693 3065 3741 ut
3087 3684 3275 3742 dicas:
3307 3701 3414 3743 non
3441 3702 3572 3759 ergo

1985 3771 2161 3828 inanis
2203 3773 2515 3831 substantiae
2557 3782 2660 3843 est,
2715 3775 2973 3847 quidquid
3020 3790 3245 3847 corpore
3290 3786 3458 3834 caret.
3504 3780 3573 3834 Et
3631 3829 3636 3835 .

1986 3862 2108 3921 ideo
2149 3864 2239 3935 qui
2283 3866 2655 3937 incorpoream
2697 3865 2828 3923 dicit
2866 3880 2989 3924 esse
3032 3867 3287 3935 animam,
3335 3883 3442 3924 non
3487 3879 3574 3925 est

1985 3970 2319 4028 consumens
2344 3966 2402 4014 ut
2424 3973 2543 4014 eam
2571 3959 2700 4015 velit
2724 3959 2893 4016 videri
2923 3960 3098 4016 inanis
3136 3958 3412 4033 futilisque
3439 3962 3571 4018 sub-

1986 4047 2196 4102 stantiae
2224 4064 2238 4102 :
2270 4047 2392 4118 quia
2431 4056 2486 4104 et
2517 4049 2717 4117 Deum,
2745 4049 2837 4121 qui
2879 4065 2986 4106 non
3016 4058 3103 4106 est
3148 4051 3306 4107 inane
3349 4052 3580 4123 aliquid,

1987 4138 2147 4195 simul
2177 4139 2548 4211 incorporeum
2592 4142 2897 4199 conﬁtetur.
2928 4142 3063 4200 Vide
3107 4153 3286 4200 autem
3315 4154 3570 4216 quantum

1987 4229 2202 4286 intersit
2229 4231 2370 4287 inter
2397 4231 2452 4287 id
2485 4232 2637 4303 quod.
2654 4232 2775 4289 dico
2796 4274 2810 4300 ,
2843 4241 2898 4289 et
2925 4232 3068 4304 quod
3099 4242 3155 4290 ιιι
3184 4250 3272 4291 me
3300 4236 3576 4292 existimas

1988 4321 2188 4377 dlcere.
2214 4321 2330 4393 Ego
2354 4323 2497 4378 enim
2521 4338 2622 4380 nec
2642 4325 2804 4381 aeriae
2829 4326 3141 4383 substantiae
3164 4329 3397 4385 animam
3415 4329 3573 4397 dico;

1989 4412 2224 4482 alioquin
2267 4427 2462 4484 corpus
2501 4429 2627 4472 esse
2667 4416 2952 4473 conﬁteor.
3004 4419 3114 4474 Aer
3140 4419 3338 4491 quippe
3382 4435 3580 4495 corpus

1989 4513 2093 4571 est,
2121 4503 2416 4560 secundum
2440 4519 2630 4579 omnes
2652 4507 2744 4577 qui
2766 4506 2835 4562 de
2858 4508 3175 4578 corporibus
3202 4524 3324 4565 cum
3354 4512 3578 4582 loquun-

1992 4603 2101 4662 tur,
2147 4593 2277 4666 quid
2325 4594 2612 4666 loquantur
2658 4597 2854 4652 sciunt.
2909 4598 2992 4653 Tu
3036 4607 3215 4655 autem
3263 4610 3480 4671 propter
3527 4603 3577 4657 id

1991 4687 2136 4760 quod
2180 4689 2554 4760 incorpoream
2595 4688 2706 4745 dixi
2752 4689 3008 4759 animam,
3048 4706 3157 4747 non
3200 4693 3376 4748 solum
3412 4707 3581 4750 cassae

1994 4781 2287 4846 inanitatis,
2318 4781 2413 4837 sed
2440 4782 2513 4837 ob
2537 4782 2641 4838 hoc
2663 4782 2865 4839 aeriam
2895 4798 2983 4839 me
3011 4783 3207 4853 putasti
3234 4799 3354 4839 eam
3383 4785 3582 4841 dixisse

1995 4872 2346 4929 substantiam
2378 4890 2393 4928 :
2425 4888 2546 4928 cum
2575 4882 2629 4930 et
2668 4889 2863 4945 corpus
2889 4889 3006 4930 eam
3046 4889 3152 4930 non
3182 4889 3301 4931 esse
3325 4876 3581 4942 dixerim,

1995 4965 2138 5034 quod
2168 4973 2250 5020 est
2277 4979 2408 5032 aer;
2439 4973 2496 5021 et
2521 4965 2663 5037 quod
2691 4980 2817 5022 aere
2844 4966 3112 5036 impletur,
3143 4967 3301 5024 inane
3327 4983 3449 5025 esse
3474 4985 3583 5025 non

1999 5055 2188 5125 possit.
2233 5053 2387 5123 Quod
2418 5069 2518 5111 nec
2559 5064 2707 5112 utres
2735 5057 2814 5112 tui
2853 5065 2907 5112 te
2941 5056 3236 5115 admonere
3276 5067 3582 5130 potuerunt.

1997 5146 2137 5214 Quid
2163 5148 2304 5202 enim
2340 5147 2487 5203 aliud
2528 5148 2582 5204 in
2612 5164 2739 5217 eos,
2771 5150 2874 5206 nisi
2911 5166 3039 5219 aer,
3064 5152 3283 5223 quando
3312 5154 3583 5221 inﬂantur,

2000 5237 2273 5294 arctatur?
2300 5238 2401 5305 Qui
2431 5254 2601 5309 usque
2624 5241 2761 5297 adeo
2791 5241 2976 5299 inanes
3002 5259 3111 5298 non
3140 5256 3284 5311 sunt,
3319 5255 3377 5302 ut
3400 5247 3587 5305 eadem

2002 5328 2330 5399 plenitudine
2358 5330 2519 5385 etiam
2567 5331 2803 5400 pondera
2851 5333 3127 5389 suﬁ'erant.
3174 5335 3329 5405 Quod
3366 5337 3415 5394 si
3452 5337 3593 5396 forte

2004 5421 2149 5475 aliud
2193 5420 2287 5476 tibi
2313 5420 2526 5477 videtur
2566 5436 2691 5479 esse
2729 5421 2926 5499 ﬂatus,
2962 5424 3108 5481 aliud
3152 5440 3287 5494 aer;
3332 5442 3455 5483 cum
3499 5445 3591 5484 aet

2004 5521 2184 5567 motus
2210 5511 2325 5582 ipse
2347 5511 2418 5567 sit
2457 5511 2616 5568 flatus
2634 5552 2650 5581 ,
2680 5515 2821 5584 quod
2849 5524 2905 5572 et
2940 5516 3155 5573 ﬂabello
3182 5518 3387 5588 agitato
3410 5518 3590 5574 doceri

2008 5609 2183 5672 potest
2215 5619 2229 5656 :
2260 5612 2404 5659 certe
2432 5618 2559 5660 vasa
2596 5606 2846 5677 quaelibet
2883 5621 3113 5660 concava
3156 5622 3277 5677 quae
3316 5617 3474 5676 putas
3503 5608 3589 5662 in-

2077 5752 2092 5781 ι
2129 5756 2232 5798 Mss.
2258 5783 2272 5809 ,
2313 5748 2445 5799 aeria
2480 5749 2724 5813 {utilisque
2761 5747 2863 5811 (vel
2902 5750 3201 5803 subtilisque)
3243 5749 3528 5801 substantia.
