4144 6506
546 326 655 383 535

549 443 668 497 auia
693 481 708 507 ,
740 448 796 495 ut
825 441 978 512 plena
1023 455 1142 503 esse
1172 452 1495 509 cognoscas,
1541 437 1609 492 ab
1633 451 1696 492 ea
1727 445 1875 504 parte
1900 447 2002 502 qua
2031 433 2134 485 im-

553 535 782 604 plentur,
808 532 1050 602 deprime
1077 531 1130 586 in
1157 545 1370 601 aquam,
1399 537 1454 582 et
1473 525 1594 582 vide
1619 526 1758 596 quod
1788 523 1919 578 nihil
1945 522 2134 576 humo-

543 627 619 681 ris
650 626 818 696 possit
861 624 1060 679 intrare
1106 621 1404 693 repellente
1446 635 1606 684 aere,
1637 633 1742 689 quo
1794 615 1943 686 plena
1984 623 2132 668 sunt.

543 717 678 772 Cum
705 725 882 775 autem
911 731 1008 778 ore
1047 731 1260 772 sursum
1291 715 1476 770 versus
1500 713 1830 770 collocantur
1857 713 1898 776 ³,
1930 711 2042 765 sive
2067 725 2131 762 ex

542 811 745 876 latere,
779 817 906 864 tunc
949 807 1212 878 recipiunt
1257 806 1540 876 liquorem,
1587 807 1633 858 si
1680 803 1799 872 quis
1837 800 2134 856 infunditur

543 903 625 957 vel
675 899 990 972 ingreditur,
1048 907 1280 955 exeunte
1307 907 1465 968 atque
1515 894 1778 952 evadente
1828 907 1974 958 aere,
2024 905 2132 962 qua

542 992 718 1048 exitus
761 1000 923 1062 patet.
975 990 1087 1046 lloc
1130 989 1380 1061 praesenti
1425 987 1636 1044 facilius
1679 995 1858 1058 posset
1899 985 2111 1040 demon-

540 1083 698 1138 strari
728 1083 870 1140 facto
913 1097 1072 1154 quam
1101 1081 1323 1154 scripto.
1373 1080 1479 1137 Sed
1526 1095 1632 1135 non
1673 1089 1756 1135 est
1801 1079 1888 1134 hic
1928 1078 2128 1134 diutius

543 1175 955 1240 immorandum,
986 1189 1108 1230 cum
1136 1175 1257 1230 sive
1279 1173 1542 1244 intelligas
1569 1172 1710 1228 aeris
1738 1179 1982 1226 naturam
2006 1183 2128 1226 esse

539 1280 874 1336 corpoream,
901 1266 1014 1322 sive
1037 1280 1144 1320 non
1173 1264 1453 1334 intelligas,
1481 1277 1570 1318 me
1598 1271 1777 1316 tamen
1804 1269 1992 1332 putare
2019 1276 2127 1316 non

461 1359 467 1371 '
537 1356 704 1412 debes
731 1355 822 1414 vel
838 1357 1039 1411 aeriam
1065 1355 1264 1410 dixisse
1288 1354 1544 1419 animam,
1569 1351 1665 1408 sed
1689 1353 1910 1407 omnino
1943 1351 2126 1407 incor-

457 1517 462 1522 '
539 1464 756 1518 paream
798 1465 812 1503 :

859 1447 1010 1518 (ιιιοά
1043 1456 1099 1504 et
1145 1457 1198 1502 tu
1247 1461 1366 1502 esse
1412 1444 1688 1501 conﬁteris
1731 1445 1922 1511 Deum,
1965 1459 2123 1515 quem

537 1541 718 1596 dicere
744 1556 852 1596 non
881 1539 1048 1594 audes
1072 1539 1229 1593 inane
1259 1553 1378 1592 esse
1407 1537 1643 1608 aliquid;
1673 1536 1766 1592 sed
1793 1551 1988 1606 negare
2013 1551 2123 1592 non

541 1645 694 1702 potes
721 1635 742 1665 ³
773 1631 1156 1701 omnipotentis
1183 1637 1242 1684 et
1269 1628 1613 1683 innnutabilis
1641 1643 1760 1683 esse
1788 1627 2119 1684 substantias.

535 1727 643 1782 Cur
667 1742 794 1798 euge
822 1725 1107 1781 metuimus
1135 1738 1202 1777 ne
1231 1722 1299 1776 sit
1327 1736 1493 1778 cassae
1533 1720 1803 1776 inanitatis
1841 1720 2044 1788 anima,
2077 1719 2122 1774 si

536 1820 607 1874 sit
647 1818 992 1886 incorporea,
1024 1830 1146 1870 cum
1179 1813 1345 1868 Deum
1388 1811 1758 1882 incorporeum
1799 1824 1918 1866 esse
1959 1808 2123 1864 fatea-

535 1925 695 1976 mur,
725 1922 824 1963 nec
860 1922 981 1962 eum
1029 1919 1196 1960 cassae
1237 1904 1508 1958 inanitatis
1549 1916 1670 1958 esse
1711 1901 1990 1958 dicamus?
2029 1900 2122 1956 Sic

533 2004 714 2072 itaque
755 2001 928 2070 potuit
971 1999 1320 2068 incorporeus
1364 1997 1736 2064 incerpoream
1778 2007 1965 2049 creare
2000 1993 2117 2047 ani-

534 2111 696 2160 mum,
727 2091 1186 2167 quemadmodum.
1205 2089 1390 2146 vivens
1416 2089 1684 2144 viventem
1704 2127 1718 2153 ,
1747 2087 1988 2156 quamvis
2015 2086 2118 2140 itu-

533 2184 806 2242 mutabilis
833 2182 1143 2240 mutabilem
1161 2223 1180 2248 ,
1207 2190 1260 2238 et
1287 2179 1627 2248 omnipotens
1654 2179 1808 2248 longe
1837 2177 2116 2246 imparem.

603 2275 834 2333 CAPUT
862 2274 1000 2330 XIII.
1028 2303 1100 2315 —-
1129 2272 1216 2328 l9.
1239 2273 1346 2327 Cur
1373 2282 1548 2326 autem
1576 2271 1805 2324 animam
1837 2269 1974 2324 nolis
2001 2283 2120 2324 esse

532 2369 778 2440 spiritum
798 2408 814 2434 ,
845 2366 940 2421 sed
979 2379 1177 2436 corpus
1204 2379 1322 2419 eam
1351 2362 1484 2418 velis
1518 2377 1637 2416 csse
1658 2401 1672 2427 ,
1701 2376 1805 2414 non
1839 2359 2012 2414 video.
2061 2360 2118 2414 Si

532 2463 675 2522 enim
705 2467 986 2538 propterea
1022 2458 1240 2529 spiritus
1267 2471 1372 2514 non
1399 2465 1512 2523 est,
1543 2455 1665 2525 quia
1693 2453 1944 2508 distincte
1969 2453 2117 2522 Apo-

531 2555 704 2623 stolus
731 2551 1026 2610 nominavit
1053 2545 1297 2622 spiritum
1324 2549 1509 2604 dicens
1527 2589 1544 2615 ,
1574 2545 1644 2601 Et
1681 2547 1872 2616 integer
1909 2544 2118 2615 spiritu

531 2656 726 2714 vett-er,
755 2655 802 2702 et
829 2646 1003 2700 auium
1021 2687 1036 2711 ,
1066 2653 1114 2698 et
1139 2658 1324 2714 corpus
1355 2640 1410 2711 (ι
1441 2639 1616 2694 Thess.
1644 2654 1677 2692 v
1696 2679 1710 2699 ,
1738 2635 1844 2708 23)
1869 2653 1884 2702 ;
1929 2635 2116 2692 eadem

532 2753 691 2796 causa
727 2747 842 2802 est,
873 2751 972 2795 cur
995 2751 1059 2792 ea
1089 2749 1196 2791 non
1225 2734 1296 2788 sit
1334 2745 1530 2802 corpus
1549 2771 1565 2797 ,
1599 2729 1720 2800 quia
1747 2728 1995 2797 distincte
2023 2742 2118 2783 ne-

533 2829 760 2886 minavit
793 2837 848 2884 et
875 2841 1092 2897 corpus.
1133 2825 1189 2882 Si
1217 2833 1394 2880 autem
1425 2822 1662 2878 afﬁrmas
1691 2819 1832 2892 quod
1861 2828 1915 2876 et
1941 2819 2116 2876 anima

531 2937 728 2994 corpus
757 2921 848 2988 sit,
878 2919 1120 2992 quamvis
1149 2918 1399 2976 distincte
1424 2929 1649 2984 corpore
1676 2914 1968 2979 nominate,
2001 2927 2120 2981 per-

533 3016 682 3073 mitte
711 3023 770 3083 ut
805 3013 969 3069 etiam
993 3010 1214 3082 spiritus
1239 3009 1338 3075 sit,
1368 3007 1610 3080 quamvis
1639 3005 1889 3061 distincte
1929 3005 2116 3074 Spiritu

532 3105 829 3162 nominato.
855 3103 1022 3160 Multo
1047 3102 1190 3159 enim
1229 3099 1401 3172 magis
1429 3098 1528 3155 tibi
1559 3097 1721 3154 debet
1747 3096 1912 3152 videri
1941 3095 2116 3150 anima

530 3199 752 3270 spiritus
775 3213 898 3255 esse
925 3211 1085 3268 quam
1116 3207 1350 3266 corpus;
1379 3193 1506 3265 quia
1531 3191 1776 3262 spiritum
1805 3199 1860 3245 et
1884 3190 2116 3244 animam

532 3290 690 3345 unius
716 3288 899 3346 fateris
937 3301 1060 3344 esse
1087 3283 1431 3351 substantiae,
1465 3283 1622 3338 unius
1650 3289 1826 3336 autem
1867 3280 2114 3334 substan-

531 3381 622 3436 tia:
661 3381 894 3436 animam
935 3392 1233 3450 corpusque
1274 3391 1396 3432 esse
1439 3389 1546 3430 non
1594 3373 1748 3450 dicis.
1797 3371 1916 3438 Quo
1960 3371 2119 3442 igitur

530 3480 686 3542 pacto
724 3484 920 3541 corpus
959 3477 1042 3525 est
1081 3468 1292 3534 anima,
1337 3481 1459 3521 cum
1507 3463 1624 3535 ejus
1667 3449 1720 3519 et
1767 3462 2006 3531 corporis
2048 3461 2118 3514 sit

527 3563 744 3620 diversa
765 3574 991 3628 natura;
1022 3568 1079 3618 et
1106 3559 1326 3630 spiritus
1355 3573 1463 3614 non
1494 3565 1578 3613 est
1606 3555 1802 3618 anima,
1833 3569 1956 3610 cum
1997 3552 2116 3623 ejus

525 3664 583 3712 et
629 3652 846 3725 spiritus
888 3653 960 3708 sit
1011 3667 1118 3708 una
1159 3650 1454 3720 eademque
1502 3647 1726 3703 natura?
1773 3645 1931 3714 Quid,
1973 3645 2116 3716 quod

528 3747 628 3800 ista
672 3753 760 3800 tua
799 3743 1010 3798 ratione
1047 3741 1206 3797 etiam
1237 3740 1482 3810 spiritum
1527 3753 1721 3808 corpus
1761 3751 1882 3794 esse
1909 3736 2116 3806 cogeris

525 3835 747 3894 dicere?
775 3833 1024 3905 Alioquin
1052 3832 1097 3887 si
1127 3830 1348 3901 spiritus
1371 3843 1570 3900 corpus
1593 3843 1697 3884 non
1725 3837 1830 3894 est,
1856 3836 1911 3883 et
1937 3827 2114 3882 anima

524 3942 720 3997 corpus
751 3934 874 3992 est;
925 3939 1032 3980 non
1061 3932 1187 3978 sunt
1225 3922 1442 3992 spiritus
1469 3929 1526 3976 et
1560 3919 1738 3976 anima
1785 3919 1940 3978 unius
1965 3919 2114 3988 ejus-

525 4018 762 4087 demque
797 4014 1127 4072 substantiae.
1175 4013 1258 4068 Tu
1299 4021 1476 4068 autent
1522 4019 1842 4080 utrumque,
1871 4010 2114 4081 quamvis

524 4111 634 4164 duo
661 4105 909 4180 qumdam
945 4105 1173 4170 sentias,
1203 4119 1361 4159 unam
1405 4102 1590 4158 fateris
1633 4103 1830 4160 habere
1858 4101 2110 4156 substan-

528 4202 677 4256 tiam.
727 4198 866 4268 Ergo
901 4206 958 4254 et
991 4197 1210 4267 spiritus
1252 4211 1450 4266 corpus
1477 4203 1596 4260 est,
1628 4195 1671 4250 si
1713 4195 1890 4256 anima
1918 4210 2112 4264 corpus

526 4303 611 4350 est
642 4311 657 4347 :
689 4307 862 4360 neque
903 4291 1045 4346 enim
1087 4291 1242 4346 aliter
1289 4298 1515 4360 possunt
1561 4289 1716 4348 unius
1761 4289 2112 4358 ejusdemque

524 4399 647 4440 esse
688 4390 911 4438 naturae.
962 4381 1192 4438 Proinde
1235 4381 1528 4436 secundum
1574 4391 1654 4446 te,
1695 4379 1825 4442 illud
1867 4380 2008 4450 quod
2037 4381 2113 4434 ait

525 4474 814 4545 Apostolus
835 4514 852 4535 .
883 4473 1110 4544 Spiritus
1137 4483 1295 4529 uerter
1313 4514 1330 4540 ,
1357 4483 1405 4526 et
1438 4472 1641 4541 anima,
1673 4483 1718 4526 ct
1748 4487 1934 4542 corpus
1959 4485 1980 4525 :
2011 4471 2110 4525 tria

521 4579 646 4626 sunt
666 4581 926 4637 corpora;
956 4564 1050 4621 scd
1077 4581 1144 4620 ex
1171 4564 1252 4619 his
1281 4563 1408 4628 duo,
1432 4563 1606 4618 anima
1632 4574 1688 4618 et
1710 4563 1930 4632 spiritus
1955 4563 2111 4618 unius

524 4672 727 4718 natura
748 4669 873 4716 sunt
895 4673 1157 4730 corpora;
1187 4670 1383 4727 corpus
1407 4665 1583 4712 autem
1607 4655 1758 4722 illud,
1781 4656 1922 4726 quod
1949 4655 2108 4710 etiam

521 4770 650 4810 caro
677 4753 892 4819 dicitur,
924 4751 1154 4809 diversae
1179 4759 1386 4806 natura;
1411 4760 1494 4805 eSt
1510 4747 1552 4802 ³.
1598 4747 1666 4804 Et
1699 4763 1766 4803 ex
1803 4747 1886 4802 his
1917 4747 2106 4814 tribus,

523 4859 581 4901 ut
603 4845 860 4916 opinaris,
892 4843 1230 4914 corporibus,
1264 4855 1489 4912 quorum
1517 4854 1680 4896 unum
1717 4838 1973 4905 diversae,
2000 4839 2110 4894 duo

522 4953 652 4995 vero
678 4945 805 4992 sunt
847 4937 1004 4992 unius
1029 4935 1380 5004 ejusdemque
1408 4930 1752 4992 substantia.
1781 4937 1991 4986 constat
2025 4939 2108 4986 to-

525 5043 610 5085 tus
640 5028 834 5092 homo,
874 5041 978 5082 una
1017 5027 1259 5096 qttazdum
1307 5039 1394 5080 res
1438 5033 1598 5094 atque
1643 5037 1747 5077 una
1789 5021 2106 5076 substantia.

527 5127 778 5176 Luscum
820 5132 1066 5184 asseras,
1099 5133 1206 5172 non
1233 5118 1316 5172 vis
1360 5125 1538 5171 tamen
1576 5123 1634 5169 ut
1673 5113 1792 5168 dua:
1823 5128 1908 5168 res
1953 5112 2112 5167 unius

524 5215 873 5284 ejusdemque
921 5209 1261 5276 substantiae,
1312 5208 1363 5263 id
1414 5221 1524 5272 est,
1571 5207 1748 5262 anima
1793 5216 1848 5262 et
1893 5205 2110 5275 spiritus

526 5309 755 5364 habeant
801 5319 966 5360 unum
1013 5302 1232 5374 spiritus
1271 5317 1465 5356 nomen
1508 5317 1522 5354 :
1563 5315 1684 5356 cum
1715 5300 1834 5355 dum
1875 5316 1962 5355 res
2004 5317 2109 5358 non

525 5401 683 5457 unius
707 5396 1083 5468 ejusdemque,
1115 5393 1208 5448 sed
1239 5393 1459 5460 imparis
1493 5392 1828 5461 diversaeque
1859 5391 2112 5446 substan-

525 5495 646 5558 tiae,
680 5488 731 5545 id
776 5495 894 5555 est,
925 5485 1100 5541 anima
1136 5494 1192 5540 et
1229 5497 1426 5553 corpus
1469 5482 1701 5539 habeant
1745 5499 1930 5550 unum,
1976 5483 2112 5538 sicut

589 5651 606 5680 ι
644 5643 832 5709 Aliquot
855 5651 980 5698 Mss,
1004 5653 1195 5709 sursum
1223 5650 1356 5709 rerso
1377 5635 1685 5709 collocantur.

587 5711 615 5752 ι
641 5702 811 5757 Plui-es
835 5713 937 5754 MSS.
955 5739 971 5764 ,
994 5702 1078 5753 sed
1103 5702 1272 5765 negari
1289 5713 1380 5748 mn
1405 5707 1570 5762 potest.

591 5772 616 5816 δυ
633 5769 684 5828 tu
700 5776 828 5830 ωδε..
853 5765 1041 5817 diuersa
1063 5771 1236 5815 natura
1259 5769 1343 5812 est.

1430 323 1518 378 DE
1555 323 1765 378 ANIMA
1811 319 1895 374 ΕΤ
1940 319 2096 372 EJL'S
2133 317 2432 385 OillGlNE,
2472 320 2528 374 S.
2571 320 2936 378 AL'CUSTINI

3719 325 3822 382 556

2247 441 2420 500 putas,
2451 435 2692 502 corporis
2717 451 2932 490 nomen.

2315 521 2541 580 CAPUT
2580 525 2714 581 XIV.
2747 557 2816 566 —
2839 527 2930 582 20.
2963 527 3069 583 Sed
3099 527 3200 582 hoc
3228 528 3436 596 omitto,
3466 545 3530 584 ne
3556 531 3624 586 de
3653 533 3820 588 mimi.

2245 615 2401 670 nibus
2448 616 2585 671 inter
2631 633 2730 673 nes
2779 619 2848 674 sit
2897 620 3072 689 potius
3115 621 3498 690 controversia,
3547 639 3703 694 quam
3755 625 3820 680 de

2241 705 2421 760 rebus.
2464 709 2716 774 Quisnam
2753 711 2822 764 sit
2863 710 3024 766 homo
3063 712 3282 767 interior
3307 713 3611 780 videamus,
3646 724 3820 772 utrum

2243 796 2452 864 anima,
2479 814 2548 852 an
2577 803 2824 869 spiritus,
2862 818 2928 858 an
2965 813 3266 875 utrumque.
3299 805 3404 861 Sed
3433 807 3566 861 sicut
3608 817 3658 862 te
3691 808 3808 862 scri-

2241 889 2413 958 psisse
2461 892 2651 959 video,
2702 894 3010 950 interiorem
3060 897 3330 954 bemmem
3381 898 3613 953 animam
3664 899 3814 955 dicis.

2241 979 2318 1036 De
2347 981 2446 1037 hac
2472 984 2613 1038 enim
2658 985 2959 1056 loquebaris
2979 1029 2993 1050 ,
3022 1003 3144 1044 cum
3172 988 3382 1046 diceres
3411 1007 3424 1044 :
3455 1009 3476 1042 ι
3506 990 3573 1044 Ει
3610 991 3817 1060 gelante

2237 1075 2531 1130 substantia
2573 1079 2732 1148 qum'
2767 1079 3146 1150 comprehendi
3177 1098 3282 1137 non
3311 1093 3551 1153 poterat,
3585 1084 3815 1140 efﬁceret

2237 1179 2430 1236 corpus
2455 1167 2597 1222 aliud
2623 1168 2761 1224 intra
2787 1185 2984 1242 corpus
3009 1183 3212 1228 natum
3237 1189 3347 1229 sua:
3370 1174 3420 1228 vi
3450 1185 3503 1229 et
3532 1175 3816 1244 spiramine

2237 1257 2652 1330 conglobatum,
2703 1261 3005 1334 exindeque
3055 1265 3315 1335 inciperet
3376 1265 3538 1320 homo
3598 1266 3816 1322 interior

2235 1363 2515 1420 apparere,
2561 1369 2720 1423 quem
2761 1355 2924 1410 veluti
2968 1356 3020 1412 in
3068 1357 3240 1412 forma
3278 1357 3482 1428 vagime
3525 1359 3816 1428 corporalis

2237 1441 2500 1498 inclusum
2523 1484 2540 1512 ,
2567 1444 2633 1498 ad
2661 1446 3062 1503 similitudinem
3093 1449 3174 1503 sui
3196 1449 3498 1504 'delineavit
3537 1450 3816 1505 exterioris

2235 1529 2465 1587 hominis
2513 1533 2786 1591 habitudo.
2825 1557 2844 1590 ›
2879 1538 3080 1594 Deinde
3127 1539 3292 1595 infers
3333 1558 3346 1593 :
3396 1559 3416 1593 ι
3464 1539 3646 1596 Flatus
3689 1557 3814 1610 ergo

2237 1624 2328 1680 Dei
2370 1627 2606 1682 animum
2650 1627 2794 1694 fecit,
2843 1629 2949 1684 imo
2985 1630 3142 1692 ﬂatus
3181 1646 3248 1687 ex
3287 1631 3396 1687 Dee
3429 1632 3604 1686 anima
3649 1633 3815 1688 factus

2231 1729 2346 1784 est,
2399 1719 2625 1789 efﬁgiata
2681 1721 3084 1789 substantialis,
3134 1731 3189 1778 et
3233 1722 3523 1778 secundum
3573 1735 3812 1778 naturam

2231 1825 2381 1864 suam
2412 1827 2667 1882 corporea
2689 1854 2704 1878 ,
2736 1824 2789 1868 et
2831 1815 2915 1870 sui
2955 1817 3196 1885 corporis
3238 1816 3461 1881 similis,
3494 1816 3812 1887 imaginique

2230 1901 2540 1986 conformis.
2589 1921 2610 1955 ι
2653 1903 2781 1960 Post
2827 1904 2940 1960 Ιιωε
2984 1907 3240 1977 incipiens
3285 1907 3428 1976 loqui
3464 1907 3532 1962 de
3572 1908 3807 1976 Spiritu:

2237 2011 2255 2044 ι
2290 1993 2437 2059 Haec,
2476 2011 2495 2045 ›
2533 1993 2728 2064 inquis,
2765 2013 2785 2048 ς
2821 1997 2995 2050 anima
3035 1987 3152 2067 qua:
3194 2013 3258 2052 ex
3289 1995 3416 2051 ﬂatu
3459 1997 3550 2051 Dei
3595 1997 3812 2052 haberet

2230 2085 2521 2154 originem,
2553 2086 2668 2141 sine
2694 2103 2852 2144 sensu
2885 2090 3099 2160 proprie
3125 2099 3284 2160 atque
3326 2090 3594 2146 intellectu
3626 2093 3810 2146 intimo

2230 2193 2350 2230 esse
2380 2193 2484 2230 non
2515 2181 2704 2247 potuit,
2729 2181 2866 2251 quod
2893 2193 2975 2236 est
2999 2183 3238 2252 spiritus.
3270 2202 3289 2234 ι
3315 2182 3456 2239 Sicut
3484 2198 3610 2254 ergo
3635 2184 3804 2252 video,

2231 2267 2537 2324 interiorem
2570 2269 2838 2326 hominem
2861 2271 2938 2327 vis
2965 2288 3086 2328 esse
3115 2275 3343 2328 animam
3370 2291 3384 2338 ;
3417 2275 3679 2341 intimum,
3704 2277 3808 2344 spi-

2229 2359 2387 2412 ritum
2423 2378 2436 2413 :
2472 2372 2718 2431 tanquam
2765 2371 2818 2418 et
2862 2364 2977 2434 ipse
3023 2366 3246 2420 interior
3290 2368 3359 2421 sit
3402 2369 3628 2432 animm,
3671 2369 3808 2423 sicut

2229 2449 2315 2503 illa
2365 2454 2596 2522 corpori.
2653 2457 2728 2508 lta
2777 2457 2835 2510 (it
2882 2446 2942 2512 ut.
2981 2459 3426 2525 quemadmodum
3474 2475 3666 2530 corpus
3714 2477 3806 2530 per

2227 2543 2481 2600 interiora
2525 2561 2650 2601 cava
2697 2564 2794 2603 sua
2819 2550 2839 2580 ⁸
2879 2551 3066 2620 recipit
3105 2551 3244 2606 aliud
3288 2567 3503 2623 corpus,
3548 2553 3686 2621 quod
3726 2563 3808 2607 est

2227 2638 2424 2704 anima,
2449 2639 2586 2693 sicut
2616 2651 2801 2709 putas;
2833 2643 2908 2696 sic
2938 2653 2990 2697 et
3017 2643 3189 2696 anima
3220 2643 3484 2698 credenda
3517 2645 3582 2698 sit
3612 2643 3805 2699 habere

2230 2729 2479 2784 interiora
2514 2731 2687 2787 inania
2708 2773 2724 2798 ,
2756 2749 2857 2802 qua
2889 2749 3084 2802 corpus
3115 2735 3325 2788 tertium
3360 2737 3620 2803 receperit
3645 2735 3803 2805 spiri-

2231 2829 2339 2876 tum
2372 2840 2385 2877 :
2418 2831 2576 2893 atque
2607 2825 2676 2880 ita
2719 2831 2858 2879 totus
2901 2825 3061 2881 homo
3090 2837 3298 2881 constet
3327 2843 3389 2880 ex
3423 2828 3622 2894 trilms,
3653 2837 3800 2882 exte-

2227 2913 2406 2982 riore,
2462 2915 2752 2983 interiore,
2807 2917 3012 2972 intimo.
3077 2917 3224 2972 Itane
3275 2920 3511 2972 nendum
3561 2921 3800 2988 respicis,

2227 3014 2423 3076 quanta
2467 3016 2516 3062 te
2547 3007 2924 3064 absurdissima
2970 3018 3395 3078 consequantur,
3424 3026 3543 3066 cum
3575 3011 3802 3066 animam

2225 3099 2438 3154 conaris
2486 3101 3198 3171 asseverare-corpoream?
3255 3101 3453 3157 Deinde
3495 3102 3581 3158 dic
3626 3103 3798 3157 mihi:

2225 3193 2344 3260 quis
2371 3205 2554 3246 eorum
2586 3193 2928 3248 renovabitur
2953 3195 3006 3248 in
3029 3194 3352 3264 agnitionem
3377 3195 3488 3256 Dei,
3513 3195 3801 3250 secundum

2225 3281 2507 3352 imaginem
2537 3282 2654 3352 ejus
2679 3284 2768 3352 qui
2795 3285 3000 3338 creavit
3023 3283 3172 3338 illum
3202 3283 3416 3352 (Coloss.
3450 3301 3528 3350 ut,
3564 3286 3646 3355 ιο)
3669 3286 3693 3338 ‘l
3719 3286 3798 3339 in-
3881 3283 3886 3290 ’

2225 3373 2420 3440 terior,
2452 3389 2518 3428 an
2550 3375 2812 3430 intimus?
2857 3376 3143 3446 Apostolus
3168 3377 3410 3446 quidem,
3444 3386 3634 3446 praeter
3664 3378 3799 3432 inte-

2225 3466 2420 3520 riorem
2469 3476 2524 3520 et
2566 3468 2905 3534 exteriorem,
2955 3481 3061 3522 neu
3089 3467 3242 3521 video
3284 3467 3424 3538 quod
3469 3468 3603 3522 sciat
3643 3467 3800 3521 alium

2226 3556 2496 3612 interioris
2521 3557 2848 3638 interiorem,
2872 3557 2924 3612 id
2954 3566 3054 3622 est,
3091 3559 3250 3613 totius
3281 3559 3508 3614 hominis
3535 3559 3798 3613 intimum.

2223 3647 2328 3705 Sed
2371 3649 2507 3719 elige
2549 3665 2709 3720 quem
2749 3651 3014 3718 volueris,
3056 3651 3144 3720 qui
3189 3659 3474 3705 renovetur
3514 3647 3800 3704 secundum

2225 3740 2507 3811 imaginem
2531 3741 2620 3796 Dei
2654 3758 2666 3796 :
2695 3742 2962 3812 quomodo
2987 3741 3125 3796 hanc
3149 3741 3386 3812 recipiet,
3409 3742 3497 3812 qui
3521 3742 3631 3810 jam
3657 3758 3800 3796 sum-

2225 3835 2330 3904 psit
2355 3835 2633 3890 cxterioris
2662 3835 2988 3906 imaginem?
3016 3836 3071 3892 Si
3101 3837 3240 3891 enim
3271 3853 3366 3906 per
3389 3838 3628 3892 membra
3655 3848 3800 3893 exte-

2223 3928 2379 3982 rioris
2425 3927 2658 3981 cucurrit
2704 3927 2928 3982 interior
2955 3937 3009 3982 et
3054 3927 3249 3996 gelavit
3291 3927 3431 4000 (hoc
3464 3929 3606 3982 enim
3641 3929 3800 3984 etiam

2223 4019 2386 4074 verbo
2417 4035 2543 4076 usus
2584 4036 2677 4086 es,
2703 4016 2972 4092 ‘tanquam
3017 4023 3327 4091 ﬁgmentum
3369 4021 3521 4076 fusile
3561 4022 3710 4076 ﬁeret
3736 4037 3799 4076 ex

2220 4111 2391 4166 forma
2433 4113 2607 4179 lutea,
2641 4130 2758 4181 quin
2800 4112 2866 4166 de
2907 4114 3125 4181 pulvere
3173 4112 3305 4166 facta
3348 4113 3506 4180 Cal);
3538 4115 3800 4182 quomodo

2221 4204 2406 4258 eadem
2439 4213 2686 4258 ritatiente
2713 4204 2904 4267 forma,
2934 4219 3051 4273 qua:
3080 4206 3334 4273 impressa
3378 4204 3447 4258 illi
3491 4214 3571 4258 est
3599 4205 3679 4258 vel
3709 4220 3798 4258 ex.

2220 4308 2402 4363 pressa
2447 4294 2515 4350 de
2561 4309 2806 4362 corpore,
2856 4305 3029 4362 potest
3072 4295 3346 4349 refurtttari
3397 4294 3462 4348 ad
3517 4297 3799 4364 imaginem

2221 4385 2358 4440 Dei?
2404 4389 2485 4440 An
2531 4385 2664 4440 duas
2708 4387 2920 4440 habebit
2963 4387 3238 4455 imagines,
3268 4402 3296 4438 a
3342 4403 3552 4440 summo
3586 4388 3798 4457 quidem

2220 4478 2334 4542 Dei,
2367 4478 2434 4532 ab
2463 4479 2568 4533 imo
2608 4490 2783 4534 autem
2823 4481 3100 4550 corporis;
3145 4481 3280 4534 sicut
3311 4480 3364 4534 in
3405 4496 3624 4534 nummo
3665 4482 3796 4536 dlci-

2220 4579 2334 4634 tur,
2381 4569 2553 4640 Caput
2597 4579 2652 4625 et
2700 4571 2848 4624 navia
2886 4571 2907 4602 ³
2945 4571 3095 4643 (a)?
3140 4575 3219 4624 An
3266 4571 3402 4626 forte
3449 4572 3615 4638 dicis,
3661 4574 3798 4642 quod

2219 4662 2393 4716 anima
2421 4661 2623 4732 ceperit
2663 4661 2944 4734 imaginem
2975 4661 3248 4732 corporis,
3290 4673 3345 4717 et
3387 4663 3606 4732 Spiritus
3631 4665 3800 4734 capiat

2282 4892 2304 4924 ι
2337 4898 2436 4957 Arn.
2465 4897 2515 4940 et
2557 4894 2654 4948 Er.,
2677 4887 2824 4952 quod.
2852 4897 2940 4938 Mss
2963 4926 2977 4948 ,
3003 4901 3098 4954 qua
3117 4925 3132 4948 ,
3159 4886 3268 4950 vel,
3315 4900 3460 4950 quam
3489 4899 3508 4937 :
3531 4887 3656 4938 forte
3680 4904 3766 4952 pro
3783 4927 3796 4952 ,

2253 4966 2357 5004 non.
2365 4965 2462 5002 am.

2220 4965 2670 5078 gufuczignanensis
2701 5021 2800 5078 Ms”
2826 5025 2912 5078 per
2933 5010 3255 5078 internarum
3289 5025 3392 5060 sua.
3427 5009 3510 5060 Alii
3546 5020 3672 5073 Mss,
3716 5027 3800 5078 per

2217 5076 2445 5128 interiora
2461 5089 2578 5125 cava
2601 5089 2704 5124 sua.
2728 5075 2864 5131 Editi,
2886 5088 2970 5137 per
2992 5073 3222 5124 interiora
3243 5087 3447 5122 concava
3464 5087 3570 5124 sua.

2289 5142 2308 5174 ³
2345 5151 2466 5194 anu,
2485 5137 2625 5185 nniva
2647 5175 2660 5195 ,
2687 5138 2942 5185 mendose.

2281 5203 2354 5264 (α)
2380 5200 2778 5264 tlittstrabitbanc
2801 5212 2968 5245 vocem
3009 5197 3224 5264 atacrobii
3250 5197 3398 5256 locus,
3418 5196 3503 5264 lib.
3533 5198 3550 5245 l
3580 5205 3800 5245 Saturna-

2221 5260 2354 5320 liuin,
2380 5276 2482 5322 cap.
2505 5262 2552 5316 7,
2579 5262 2661 5308 ubi
2696 5262 2758 5306 de
2791 5267 2908 5307 .tauo
2954 5260 3116 5307 SCl‘iuil
3144 5273 3154 5307 :
3191 5278 3210 5302 α
3234 5268 3345 5306 Cum
3387 5261 3567 5320 prunus
3605 5273 3800 5320 qumpie

2227 5345 2250 5373 ι
2273 5339 2370 5375 tera
2391 5326 2626 5381 signaret,
2651 5323 2861 5371 servavit
2888 5329 2938 5368 et.
2959 5323 3004 5368 in
3044 5322 3132 5368 hoc
3154 5323 3340 5370 Saturni
3363 5322 3714 5374 reverentiam,
3753 5330 3802 5370 ut

2228 5410 2250 5435 ι
2272 5383 2736 5450 qneniarnillc‘navi
2761 5385 3188 5450 tuct'at._ailvectus.
3220 5397 3281 5431 ex
3310 5395 3403 5450 una
3443 5384 3640 5450 quidem
3667 5391 3800 5450 [arte

2228 5471 2249 5497 ε
2273 5443 2346 5498 sui
2373 5462 2440 5506 ca,
2463 5447 2542 5493 itis
2567 5445 2772 5503 efﬁgies,
2801 5457 2860 5491 ex
2890 5443 3042 5492 altm'a
3071 5459 3187 5491 vero
3232 5445 3366 5492 navis
3408 5457 3487 5501 ex;
3507 5444 3796 5504 rimct'etur;

2227 5532 2250 5560 σι
2272 5509 2573 5574 (prosaturni
2602 5508 2877 5574 memoriam
2902 5508 3048 5574 etiam
3072 5506 3118 5574 in
3147 5515 3364 5574 gesturos
3394 5511 3697 5574 [remigat-et.
3725 5513 3800 5559 .‘Ls

2227 5594 2252 5620 ι
2274 5563 2338 5622 ita
2359 5573 2508 5618 l‘uisse
2537 5571 2795 5629 signatum,
2824 5568 3064 5630 hodieque
3106 5563 3404 5630 inteliigilur
3432 5563 3490 5612 in
3517 5563 3640 5630 alere
3664 5563 3796 5630 lusu,

2229 5655 2250 5684 α
2274 5648 2382 5682 cum
2409 5633 2546 5692 tueti
2579 5627 2805 5678 denarius
2831 5632 2876 5676 in
2901 5629 3107 5677 suntiam
3136 5629 3394 5689 jactantas,
3417 5634 3501 5692 Atzal
3519 5627 3582 5692 ita
3605 5633 3688 5672 aut
3716 5627 3798 5679 na;

2230 5719 2250 5744 α
2276 5699 2366 5747 vim
2392 5687 2677 5758 (legendum
2701 5693 2778 5740 hic
2801 5691 3010 5748 \idetnr,
3042 5699 3114 5750 (la;
3135 5687 3186 5737 ut
3217 5688 3502 5758 anttmvia),
3530 5687 3644 5758 .Iusu
3675 5695 3797 5754 teste

2235 5779 2256 5806 (ι
2284 5751 2538 5809 vetemus
2562 5754 2850 5804 cxclnnanz.
2875 5771 2895 5798 ε
2928 5761 3168 5803 δοειιτλιυδ
3200 5751 3373 5801 Gallice
3389 5784 3406 5812 ,
3432 5751 3579 5800 (Troia:
3601 5761 3662 5798 eu
3686 5751 3788 5820 μέλις

4075 3955 4077 3984 Δ

4076 3987 4077 4010 1
