4144 6518
311 382 414 440 537

311 497 592 562 imaginem
623 491 735 557 Dei,
767 498 1019 561 tanquam
1055 488 1143 544 illa
1173 488 1416 561 contigua
1447 491 1695 562 corpori,
1729 499 1782 544 et
1811 488 1896 544 ille

311 587 378 640 sit
409 584 518 638 Deo
543 600 557 647 ;
601 598 663 638 ac
701 582 779 637 sic
805 581 870 636 ad
912 581 1196 651 imaginem
1225 579 1319 634 Dei
1347 579 1509 636 homo
1538 582 1626 636 ille
1655 580 1893 645 intimus,

311 692 415 730 non
448 676 546 729 iste
587 674 807 728 interior
836 671 1196 726 reformetur?
1240 670 1344 726 Sed
1387 670 1580 726 frustra
1609 671 1710 725 hos
1739 669 1892 725 dieis.

309 764 441 821 Nam
474 767 515 819 si
548 774 600 817 et
629 765 716 819 ille
743 763 960 817 intimus
988 763 1056 816 ita
1083 771 1165 816 est
1194 777 1288 832 per
1306 761 1498 816 anima:
1525 763 1700 817 omnia
1731 777 1898 816 mem-

308 857 403 912 bra
439 857 700 919 dimisus,
747 863 802 908 ut
849 853 938 907 illa
990 868 1083 922 per
1123 853 1398 922 corporis;
1444 853 1552 923 jam
1582 855 1742 908 etiam
1784 853 1896 922 ipse

313 965 409 1020 per
438 951 668 1002 animam
701 947 842 1016 cepit
882 945 1166 1016 imaginem
1193 933 1464 1015 corporis,
1494 947 1630 1000 sicut
1659 945 1744 999 illa
1774 961 1895 999 cum

308 1045 479 1099 forma
527 1044 821 1097 formavit:
853 1057 915 1096 ac
955 1057 1050 1112 per
1091 1039 1193 1096 hoc
1239 1055 1346 1094 non
1392 1040 1550 1094 habet
1595 1037 1682 1094 ubi
1725 1038 1898 1107 capiat

308 1135 592 1204 imaginem
625 1133 750 1194 Dei.
783 1142 1032 1187 manente
1061 1133 1114 1186 in
1142 1146 1201 1188 se
1230 1131 1328 1186 ista
1361 1132 1591 1202 imagine
1619 1131 1893 1201 corporis;

312 1229 408 1283 nisi
441 1225 888 1296 quemadmodum
931 1241 1203 1289 nummus,
1235 1235 1292 1278 ut
1317 1224 1454 1288 dixi,
1485 1225 1640 1279 aliter
1665 1239 1726 1279 ex
1758 1222 1894 1277 infe-

311 1321 481 1380 riore,
513 1319 669 1371 aliter
697 1333 762 1371 ex
793 1326 940 1386 parte
976 1316 1252 1386 superiore
1285 1316 1560 1370 formetur.
1606 1313 1684 1368 Ad
1716 1315 1815 1368 ista
1845 1323 1896 1368 te

307 1408 535 1464 absurda
565 1406 779 1476 quando
821 1407 890 1462 de
919 1407 1093 1460 anima
1123 1405 1324 1475 cogitas
1343 1446 1360 1472 ,
1391 1406 1618 1460 carnalis
1646 1405 1895 1475 cogitatio

307 1515 591 1570 corporum
617 1542 632 1567 ,
676 1499 808 1553 velis
852 1499 1090 1564 nolisvc,
1123 1497 1417 1566 compellit.
1465 1497 1569 1552 Sed
1618 1497 1796 1560 Deus,
1840 1504 1897 1551 ut

306 1593 466 1646 etiam
517 1591 628 1659 ipse
673 1589 970 1644 rectissime
1017 1587 1320 1655 confiteris,
1366 1603 1472 1643 non
1522 1596 1605 1644 est
1650 1604 1892 1658 corpus:

306 1681 576 1751 qUontodo
618 1681 776 1749 igitur
815 1679 990 1749 capiat
1031 1680 1146 1750 ejus
1186 1680 1469 1749 imaginem
1509 1679 1744 1750 corpus?
1783 1677 1892 1734 Ob-

305 1781 576 1835 secrete,
622 1771 815 1837 frater,
848 1780 904 1825 ut
953 1787 1056 1824 non
1105 1770 1460 1826 conformeris
1505 1771 1629 1826 huic
1670 1771 1891 1834 Saecula,

305 1862 402 1918 sed
444 1863 752 1917 reformeris
782 1864 833 1916 in
863 1862 1097 1916 novitate
1123 1863 1316 1916 mentis
1349 1871 1453 1916 tua:
1485 1861 1658 1934 (llam.
1687 1878 1779 1926 xu,
1808 1861 1890 1931 2),

305 1969 408 2010 nec
453 1954 626 2024 sapias
674 1954 965 2009 secundum
1017 1969 1268 2022 carnem,
1319 1955 1570 2025 quoniam
1620 1970 1764 2010 mors
1808 1963 1894 2010 est

305 2043 420 2115 (Id.
449 2061 571 2104 vm,
605 2043 683 2113 o).

375 2133 602 2190 CAPUT
640 2133 754 2188 XV.
787 2164 858 2174 —
893 2135 982 2190 2|.
1019 2134 1120 2191 Sed
1160 2135 1352 2206 inquis,
1391 2155 1410 2189 ι
1447 2136 1501 2190 Si
1534 2138 1708 2190 anima
1745 2146 1890 2191 caret

313 2237 562 2294 corpore,
595 2225 720 2294 quid
751 2233 834 2280 est
867 2226 1004 2295 quod
1046 2228 1185 2296 apud
1232 2228 1430 2282 inferos
1469 2228 1618 2282 dives
1667 2229 1754 2282 ille
1798 2243 1890 2281 co-

304 2319 508 2389 gnoscit
530 2318 553 2370 ?
577 2319 754 2382 Certe,
781 2336 798 2368 ι
823 2318 1015 2387 inquis,
1038 2338 1056 2370 ‹
1079 2330 1299 2374 noverat
1317 2320 1424 2389 jam
1449 2321 1728 2387 Lazarum,
1759 2321 1888 2376 non'

305 2417 528 2463 noverat
555 2409 818 2462 Abraham
852 2409 1000 2481 (Luc.
1029 2426 1142 2476 xvr,
1174 2411 1367 2480 I9-5!)
1402 2429 1414 2463 :
1443 2411 1582 2466 unde
1627 2411 1700 2465 illi
1749 2420 1892 2465 tanto

305 2499 430 2554 ante
453 2512 692 2570 tempore
714 2500 949 2555 defuncti
976 2502 1013 2555 Λ
1026 2501 1202 2555 bralne
1229 2503 1476 2572 provenit
1503 2501 1737 2572 agnitio?
1770 2502 1892 2556 Iliec

305 2590 525 2658 dicens,
569 2591 614 2645 si
653 2592 974 2661 agnitionem
1009 2591 1238 2647 hominis
1287 2594 1572 2663 provenire
1601 2609 1705 2647 non
1737 2602 1892 2662 putas

304 2683 421 2738 sine
440 2684 680 2752 corporis
705 2682 912 2748 forma;
939 2692 996 2738 ut
1024 2685 1236 2739 noveris
1265 2697 1314 2740 te
1342 2686 1536 2756 ipsum,
1565 2686 1724 2741 credo
1751 2686 1890 2756 quod

304 2777 518 2831 assidue
544 2776 818 2845 speculum
845 2776 1096 2842 attendis,
1132 2793 1198 2833 ne
1227 2779 1271 2834 si
1299 2777 1464 2832 fueris
1485 2779 1678 2832 oblitus
1703 2777 1889 2832 faciem

305 2877 474 2936 tuam,
505 2884 610 2922 non
639 2877 690 2924 te
720 2870 894 2938 possis
921 2883 1229 2939 agnoscere.
1257 2869 1406 2939 Rogo
1438 2879 1508 2934 te,
1538 2885 1696 2940 quem
1727 2871 1893 2940 mag’s

304 2957 582 3014 hominum
612 2959 755 3012 novit
786 2959 948 3013 homo
976 2975 1133 3029 quam
1161 2975 1220 3014 se
1251 2961 1444 3029 ipsum,
1471 2973 1523 3014 et
1544 2961 1696 3029 cujus
1718 2961 1892 3014 minus

304 3057 481 3119 potest
508 3049 695 3105 faciem
723 3050 906 3105 videre
947 3067 1105 3121 quam
1137 3053 1326 3107 suam?
1353 3053 1482 3119 Quis
1513 3061 1686 3106 autem
1720 3061 1893 3121 potest

303 3154 631 3210 cognoscere
682 3141 889 3205 Deum,
941 3158 1096 3211 quem
1147 3151 1203 3196 tu
1245 3158 1455 3212 quoque
1519 3145 1889 3213 incorporeum

305 3243 428 3285 esse
464 3245 570 3284 non
597 3229 844 3296 dubitas;
875 3232 917 3287 si
950 3242 1147 3300 praeter
1184 3234 1426 3302 corporis
1457 3233 1702 3298 formam,
1753 3235 1893 3289 sicut

303 3328 496 3391 putas,
524 3337 629 3377 non
671 3333 845 3393 potest
871 3325 1105 3394 cognitio
1133 3326 1434 3396 provenire,
1476 3326 1528 3380 id
1560 3337 1660 3391 est,
1695 3327 1738 3380 si
1769 3342 1891 3380 cor-

310 3426 443 3482 pora
469 3423 692 3485 possunt
737 3415 850 3470 sola
879 3417 1170 3486 cognosci?
1194 3417 1325 3485 Quis
1365 3428 1540 3472 autem
1569 3419 1892 3474 christianos

307 3502 376 3557 de
398 3513 504 3558 tam
535 3506 743 3576 magnis
771 3507 1210 3579 diflicillimisque
1253 3511 1413 3564 rebus
1443 3510 1738 3580 disputans,
1771 3513 1889 3566 ani-

311 3606 452 3648 mum
492 3596 558 3649 ~in
601 3597 760 3652 verba
789 3598 969 3653 divina
1017 3608 1122 3653 tam
1170 3601 1501 3671 negligenter
1545 3603 1804 3668 intendat,
1834 3613 1893 3659 ut

309 3683 471 3750 dicat,
517 3706 537 3740 ι
575 3687 631 3742 Si
663 3689 974 3759 incorporea
1015 3701 1096 3745 est
1124 3693 1320 3758 anima,
1356 3708 1576 3747 necesse
1605 3703 1686 3748 est
1715 3705 1893 3750 careat

307 3777 545 3834 forma?»
577 3781 780 3836 Oblitus
809 3798 888 3846 es,
913 3793 964 3837 te
987 3781 1210 3837 formam
1229 3784 1418 3853 legisse
1434 3784 1689 3838 doctrina:
1716 3786 1889 3853 (Rom.

307 3884 382 3936 vl,
412 3872 499 3944 I7)
522 3872 546 3925 7
573 3873 712 3942 Ergo
744 3889 998 3942 corporea
1031 3883 1112 3928 est
1143 3874 1630 3930 forma'doctriure.
1685 3876 1892 3931 Oblitus

306 3977 369 4020 es
407 3966 661 4035 scviptum
689 3982 808 4022 esse
833 3968 899 4023 de
926 3967 1145 4021 Christo
1193 3968 1339 4030 Jcsu,
1385 3979 1669 4038 antequam
1716 3969 1893 4024 homi-

308 4070 430 4112 nem
450 4055 633 4111 fuisset
652 4057 886 4122 indutus,
906 4059 1047 4127 quod
1067 4058 1303 4112 informa
1326 4059 1413 4112 Dei
1429 4057 1815 4128 erat(Pltilipp.
1833 4075 1889 4124 ll,

307 4145 400 4217 6)?
425 4147 704 4216 Quomodo
732 4165 858 4219 ergo
884 4150 1050 4216 dicis,
1089 4169 1107 4202 ι
1155 4152 1207 4204 Si
1248 4151 1556 4219 incorporea
1585 4160 1666 4204 est
1693 4152 1889 4217 anima,

307 4252 528 4294 necesse
552 4247 633 4293 est
661 4251 840 4294 careat
864 4240 1060 4305 forum;
1101 4257 1120 4292 ι
1147 4257 1266 4294 cum
1299 4242 1484 4294 audias
1522 4241 1742 4294 formam
1777 4241 1890 4308 Dei,

306 4343 463 4400 quem
512 4347 616 4383 non
648 4345 766 4385 esse
797 4347 1110 4400 corporeum
1139 4333 1440 4396 conliteris;
1469 4341 1520 4385 ct
1562 4333 1628 4384 ita
1660 4332 1892 4400 loqueris

307 4428 558 4490 tanquam
601 4421 767 4475 forma
801 4421 900 4476 nisi
940 4423 991 4476 in
1022 4425 1333 4492 corporibus
1363 4438 1481 4477 esse
1514 4439 1616 4476 non
1647 4423 1848 4493 possit?

375 4511 465 4567 22.
512 4514 653 4568 Dicis
699 4516 882 4580 etiam,
919 4533 938 4566 ι
982 4518 1207 4571 Cessare
1247 4516 1357 4570 illic
1399 4518 1636 4582 nomina,
1671 4516 1756 4568 ubi
1785 4531 1905 4592 non.

305 4604 645 4673 distinguitur
667 4606 833 4659 forma
859 4624 877 4670 ;
901 4615 956 4661 et
980 4607 1111 4660 nihil
1151 4608 1258 4661 illic
1287 4623 1448 4675 agere
1476 4607 1887 4678 appellationem

305 4695 616 4761 nominum,
661 4695 749 4748 ubi
794 4696 937 4750 nulla
981 4707 1064 4751 est
1108 4697 1405 4766 designatio
1453 4713 1822 4766 perstmarum.
1866 4715 1886 4750 ι

306 4787 441 4841 Hinc
486 4788 670 4842 volens
696 4787 924 4857 pmlhre
965 4787 1190 4842 Abt-aha!
1226 4789 1458 4843 animam
1504 4787 1668 4844 fuisse
1696 4804 1888 4858 corpo-

305 4892 470 4941 ream,
501 4878 624 4948 quia
654 4878 756 4931 dici
780 4878 972 4948 potuit,
1011 4877 1165 4932 Pater
1190 4878 1466 4932 Abraham.
1488 4880 1604 4933 Jam
1636 4881 1888 4946 diximus,

301 4970 464 5024 etiam
493 4971 577 5022 ubi
620 4985 816 5040 corpus
843 4972 1045 5025 nullum
1075 4982 1176 5036 est,
1207 4988 1326 5026 esse
1359 4974 1603 5025 formam.
1635 4972 1687 5028 Si
1713 4985 1889 5027 autem

301 5060 708 5128 appellationem
753 5066 1025 5116 nominum
1052 5063 1182 5116 nihil
1227 5072 1380 5132 putas
1421 5079 1610 5132 agere,
1653 5063 1742 5118 ubi
1786 5081 1889 5118 non

301 5158 426 5202 runt
476 5165 737 5218 corpora;
791 5168 1014 5206 numera
1070 5155 1165 5207 ista
1225 5156 1478 5216 nom'na,
1537 5170 1720 5223 qureso
1791 5164 1889 5210 te:

307 5237 530 5296 Fructus
583 5254 750 5296 autent
788 5246 993 5314 Spiritus
1047 5255 1117 5298 est
1163 5245 1417 5312 Charitas,
1459 5247 1722 5316 gaudium,
1769 5258 1888 5314 pax,

300 5336 693 5404 longanimitas,
733 5336 1042 5406 benignitas,
1083 5336 1308 5400 bonitas,
1340 5338 1483 5402 ﬁdes,
1529 5338 1880 5402 mansuetudo,

300 5427 606 5479 continentia
631 5425 826 5497 (Galat.
857 5443 908 5490 v,
939 5428 1029 5488 22,
1060 5427 1163 5496 ‘25)
1193 5443 1206 5482 :
1241 5437 1294 5481 et
1328 5428 1412 5480 dic
1445 5427 1570 5480 mihi
1599 5436 1774 5480 utrum
1808 5440 1893 5480 res

301 5521 444 5585 ipsas
467 5537 573 5576 non
615 5537 896 5591 agnoscas,
941 5537 1164 5591 quantm
1212 5521 1310 5574 ista
1356 5529 1479 5573 sunt
1521 5521 1776 5586 nomina,
1805 5520 1891 5574 vel

301 5619 379 5670 sic
451 5629 745 5682 agnoscas,
824 5623 882 5667 ut
960 5613 1134 5683 aliqua
1206 5613 1524 5668 lineamenta
1602 5628 1888 5680 corporum

304 5705 501 5760 Videas.
538 5708 696 5770 l'lcce,
720 5715 775 5759 ut
804 5705 904 5758 alia
936 5713 1158 5766 taceam,
1192 5704 1276 5757 dic
1307 5705 1436 5757 ηιίιιί
1466 5721 1622 5774 quam
1650 5705 1888 5774 figuram,

367 5818 381 5851 ⁸
421 5817 652 5870 Particnla
669 5831 858 5883 negans
878 5819 1018 5869 abest
1042 5832 1067 5867 a
1092 5817 1374 5883 quibusdam
1391 5823 1524 5866 Mss.-

1655 371 1853 430 LIBI'ZR
1892 368 2233 437 QUARTUS.

3482 379 3586 432 5311

2009 501 2127 556 quae
2157 485 2391 541 membra
2413 527 2428 550 ,
2473 501 2629 556 quem
2675 487 2908 542 colorem
2949 487 3180 543 charitas
3203 489 3394 545 habeat
3427 508 3442 555 ;
3471 507 3589 560 quae

2007 587 2174 640 certe,
2215 578 2259 632 si
2305 579 2418 648 ipse
2447 579 2619 631 inanis
2647 594 2751 632 non
2781 594 2860 645 es,
2893 580 3049 633 inane
3076 581 3272 649 aliquid
3303 583 3392 635 tibi
3425 582 3588 635 videri

2008 685 2112 722 non
2141 679 2334 738 potest.
2383 687 2402 721 ι
2439 668 2604 739 Cujus
2647 669 2898 722 auxilium
2932 671 3266 742 imploratum
3294 681 3396 736 est,
3438 690 3456 724 ι
3503 672 3588 725 io-

2005 762 2144 831 quis,
2182 782 2200 813 ι
2239 776 2528 830 corporeus
2567 762 2748 831 utique
2779 763 2921 816 visus
2959 773 3041 818 est
3067 773 3222 834 atque
3249 764 3523 819 formatus.
3561 784 3582 817 ι

2005 853 2238 907 Autliant
2265 862 2315 908 te
2347 854 2608 920 homines,
2644 864 2695 908 et
2727 855 2817 908 Dei
2847 869 3005 910 nemo
3031 857 3281 926 imploret
3307 859 3586 923 auxilium,

2003 944 2124 1014 quia
2152 959 2309 998 nemo
2335 960 2456 999 eum
2485 954 2656 1014 potest
2685 945 2864 1000 videre
2892 961 3231 1016 corporemn.

2074 1035 2300 1090 CAPUT
2334 1035 2472 1090 XVI.
2498 1036 2688 1105 —25.
2722 1054 2742 1089 ι
2777 1037 3032 1108 Denique,
3073 1057 3091 1091 ι
3132 1039 3326 1108 inquis,
3359 1057 3378 1091 ι
3418 1055 3590 1095 mem-

2003 1125 2098 1180 bra
2122 1126 2229 1182 illic
2254 1129 2443 1182 animre
2467 1127 2859 1194 describuntur,
2891 1138 2946 1183 nt
2965 1146 3090 1184 vere
3119 1131 3187 1184 sit
3213 1145 3443 1197 corpus:
3476 1151 3494 1183 ι
3535 1142 3590 1188 et

2003 1216 2104 1279 vis,
2139 1234 2158 1268 ι
2193 1231 2286 1286 per
2313 1220 2524 1273 oculum
2555 1227 2720 1274 totum
2752 1230 2908 1288 caput
2937 1221 3174 1290 intelligi,
3213 1239 3234 1274 ι
3261 1222 3380 1290 quia
3411 1221 3588 1276 dictus

2004 1317 2086 1363 est
2112 1309 2317 1364 levasse
2345 1311 2529 1364 oculos
2578 1324 2737 1373 suos;
2789 1329 2808 1362 ι
2845 1327 2938 1382 per
2977 1311 3209 1382 linguam
3257 1311 3453 1376 fauces,
3493 1329 3589 1384 per

2003 1398 2223 1468 digitum
2265 1416 2504 1468 manum,
2543 1421 2563 1454 ι
2603 1401 2726 1471 quia
2757 1400 2960 1456 dictum
2995 1412 3094 1465 est,
3134 1402 3281 1456 Mitte
3307 1402 3582 1464 Lazarum.

2003 1499 2055 1542 ut
2083 1491 2333 1562 intinguat
2359 1503 2634 1546 extremum
2659 1494 2800 1564 digiti
2821 1495 2900 1546 sui
2927 1495 2978 1547 in
3013 1509 3219 1563 aquam,
3254 1504 3300 1548 et
3326 1497 3587 1566 refrigeret

2003 1584 2227 1654 linguam
2253 1601 2432 1638 meam.
2459 1585 2658 1640 Tamen
2691 1568 2757 1640 ne
2780 1601 2874 1654 per
2901 1587 3262 1653 membrorum
3284 1590 3496 1642 uoaiiua
3519 1589 3588 1644 de

2007 1675 2113 1728 lleo
2136 1675 2226 1728 tibi
2265 1690 2525 1744 corporeo
2557 1679 2962 1746 prmscribatur,
2989 1678 3122 1732 dicis
3156 1697 3174 1729 ι
3211 1693 3303 1748 per
3344 1679 3456 1733 lucc
3501 1678 3587 1732 in-

2002 1779 2285 1833 corporeas
2337 1766 2709 1836 intelligendas
2751 1783 2871 1822 esse
2916 1772 3180 1824 virtutes:
3218 1787 3237 1821 r
3274 1770 3393 1839 quia
3420 1771 3582 1824 Deum

2002 1857 2294 1912 rectissime
2317 1857 2556 1913 defendis
2583 1875 2687 1914 non
2717 1875 2837 1915 esse
2872 1877 3213 1929 corporeum.
3246 1861 3380 1928 Quid
3425 1863 3584 1932 igitur

2001 1963 2176 2002 causae
2203 1959 2306 2014 est,
2337 1965 2432 2004 cur
2474 1951 2692 2004 nomina
2725 1953 2818 2005 ista
2852 1952 3214 2006 membrorum
3256 1951 3310 2006 in
3341 1953 3448 2009 Deo
3493 1954 3586 2007 tibi

2001 2055 2194 2108 corpus
2226 2057 2329 2096 non
2350 2041 2576 2106 faciant,
2610 2043 2662 2096 in
2689 2044 2864 2096 anima
2893 2042 3124 2098 faciant?
3151 2045 3231 2098 Au
3265 2060 3391 2099 vero
3417 2061 3585 2115 quan-

1999 2132 2070 2185 do
2113 2132 2178 2187 do
2223 2143 2465 2186 creatura
2527 2133 2641 2186 haec
2685 2134 2973 2197 dietmtur,
3024 2135 3238 2203 proprie
3277 2137 3584 2203 accipienda

2000 2235 2156 2290 sunt;
2211 2225 2426 2294 quando
2477 2235 2652 2278 autem
2703 2226 2770 2279 de
2825 2223 3098 2289 Creatorc,
3159 2227 3362 2294 tropice
3419 2237 3578 2295 atque

2003 2318 2298 2372 translate?
2343 2318 2552 2372 Pennas
2585 2317 2762 2386 itaque
2809 2332 3095 2386 corporeas
3139 2317 3359 2371 daturus
3387 2332 3444 2372 cs
3487 2334 3584 2371 no-

2001 2411 2100 2475 bis,
2125 2411 2374 2480 quouiam
2403 2424 2507 2462 non
2535 2407 2776 2476 Creator,
2797 2409 2889 2463 sed
2916 2418 3178 2472 creatura,
3211 2408 3261 2462 id
3284 2418 3384 2470 est,
3420 2409 3578 2462 homo

1999 2503 2146 2566 dicit,
2173 2502 2234 2555 Si
2263 2517 2582 2570 assumpsere
2610 2517 2801 2570 pennas
2831 2517 2967 2554 meas
2991 2501 3120 2552 sicut
3151 2501 3378 2552 columba
3404 2499 3577 2570 (Psal.

1999 2609 2257 2656 cxxxvm,
2289 2592 2365 2660 9).
2396 2592 2563 2645 Porro
2589 2600 2789 2657 autem,
2821 2593 2864 2644 si
2894 2600 3174 2660 propterea
3223 2591 3451 2660 linguam
3487 2592 3583 2645 ha-

1999 2685 2159 2740 bebat
2182 2684 2331 2738 dives
2373 2685 2459 2738 ille
2497 2699 2809 2753 corpoream
2847 2683 3095 2752 quoniam
3124 2683 3272 2748 dixit,
3308 2685 3587 2755 Refrigerat

2001 2785 2224 2852 linguam
2251 2797 2413 2833 meam
2444 2796 2462 2834 :
2494 2781 2545 2833 in
2593 2779 2748 2834 nobis
2798 2795 3008 2848 quoque
3027 2779 3198 2831 adhuc
3229 2778 3278 2830 in
3306 2793 3466 2832 carne
3511 2780 3588 2829 vi-

1998 2873 2267 2938 ventibus,
2311 2887 2500 2927 manus
2545 2871 2708 2926 habet
2753 2871 2864 2942 ipsa
2911 2872 3085 2940 lingua
3112 2885 3414 2939 corporeas,
3465 2874 3584 2940 quia

1998 2967 2254 3036 scriptum
2283 2974 2386 3030 est,
2421 2963 2564 3018 Mors
2607 2973 2654 3019 et
2692 2965 2791 3016 vita
2816 2963 2869 3016 iu
2901 2963 3129 3015 manibus
3178 2963 3365 3030 lingua:
3402 2962 3581 3032 (Prov.

1996 3075 2146 3121 xvnt,
2173 3055 2286 3127 21).
2321 3056 2456 3111 Puto
2483 3056 2642 3110 ctiam
2671 3069 2774 3108 non
2809 3054 2898 3106 tibi
2934 3053 3120 3117 videri,
3152 3053 3232 3106 vel
3280 3069 3401 3106 esse
3431 3069 3585 3106 crea-

1999 3150 2233 3214 turam‘,
2274 3148 2361 3202 vel
2403 3161 2598 3215 corpns
2625 3161 2746 3200 esse
2783 3155 3057 3216 peccatum
3085 3162 3097 3197 :
3121 3161 3217 3198 cur
3256 3160 3384 3214 ergo
3426 3147 3587 3199 habet

1998 3239 2229 3294 faciem?
2255 3238 2337 3292 An
2368 3252 2474 3291 non
2495 3237 2647 3291 audis
2690 3237 2743 3290 in
2776 3236 3007 3299 Psalmo,
3035 3235 3155 3288 Non
3179 3245 3252 3288 est
3279 3252 3380 3304 pax
3395 3236 3587 3289 assibus

1998 3333 2141 3398 meis,
2171 3348 2202 3384 a
2227 3329 2358 3402 facie
2382 3339 2699 3399 peccatorum
2725 3345 2945 3381 meorum
2969 3327 3140 3398 (Psal.
3171 3343 3374 3393 xxxvu,
3402 3327 3457 3396 4)
3478 3329 3503 3378 '.’

2065 3422 2157 3475 2i.
2189 3420 2340 3486 Quod
2387 3434 2514 3473 vero
2544 3436 2562 3469 ι
2598 3419 2745 3472 illum
2779 3418 3006 3472 Abrahae
3037 3415 3210 3470 sinum
3243 3435 3262 3468 ι
3312 3416 3588 3470 existimas

2005 3531 2023 3564 ι
2052 3528 2171 3568 esse
2192 3526 2531 3580 corporeum,
2565 3518 2618 3566 et
2648 3525 2742 3580 per
2764 3511 2934 3578 ipsum
2967 3528 2986 3562 ι
3008 3511 3203 3564 asseris
3225 3527 3244 3560 ι
3272 3518 3437 3562 totum
3467 3523 3588 3562 cor-

1998 3619 2098 3675 pus
2127 3607 2240 3672 ejus
2270 3602 2483 3671 agnosci
2505 3642 2522 3668 ,
2568 3619 2589 3653 ›
2622 3616 2814 3657 vereor
2837 3615 2905 3656 ne
2943 3603 2994 3654 in
3025 3616 3083 3656 re
3114 3610 3253 3655 tanta
3279 3601 3587 3670 joculariter

1997 3703 2157 3764 atque
2203 3693 2504 3758 irridentcr,
2536 3708 2641 3746 non
2669 3692 2810 3746 serio
2837 3693 3175 3762 graviterque
3213 3707 3370 3761 agere
3397 3693 3585 3746 creda-

1999 3787 2092 3841 ris.
2116 3785 2296 3854 Neque
2317 3785 2460 3838 enim
2489 3799 2658 3853 usque
2682 3783 2816 3838 adeo
2845 3782 3140 3852 desiperes,
3171 3792 3226 3837 ut
3248 3783 3587 3838 arbitrareris

1999 3893 2316 3948 corporeum
2366 3877 2522 3931 unius
2571 3876 2805 3932 hominis
2851 3877 3024 3930 sinum
3077 3877 3216 3932 ferre
3254 3883 3328 3929 tot
3360 3876 3586 3938 animas,

1999 3970 2124 4034 imo,
2156 3977 2211 4023 ut
2235 3967 2525 4022 secundum
2556 3975 2608 4022 te
2636 3967 2841 4036 loquar,
2881 3985 2899 4017 ι
2936 3964 3074 4020 ferre
3101 3975 3178 4020 tot
3205 3980 3427 4035 corpora
3454 3965 3588 4019 bene

2000 4062 2333 4122 meritorum,
2365 4067 2495 4130 quot
2524 4059 2647 4113 illuc
2693 4059 2882 4126 Angeli
2925 4059 3062 4112 sicut
3103 4057 3362 4112 Lazarum
3411 4058 3587 4127 perfe-

2000 4160 2142 4204 runt.
2181 4170 2199 4202 ι
2231 4150 2340 4204 Nisi
2372 4150 2611 4218 epinaris
2639 4149 2863 4203 fortasse
2891 4150 3033 4202 illam
3067 4151 3472 4202 unamanimam
3503 4162 3592 4203 so-

1999 4243 2126 4306 lam,
2159 4243 2223 4296 ad
2251 4242 2496 4297 eumdem
2537 4243 2708 4296 sinum
2750 4243 3027 4312 pervenire
3059 4243 3340 4296 meruisse.
3385 4241 3438 4296 Si
3481 4257 3586 4297 non

1995 4338 2216 4406 jocaris,
2265 4345 2318 4391 et
2344 4351 2527 4390 errare
2561 4337 2836 4406 pueriliter
2881 4353 2984 4388 non
3014 4337 3124 4402 iis,
3156 4337 3329 4388 sinum
3359 4334 3589 4392 Abrahae

2001 4431 2255 4498 intellige,
2289 4439 2547 4484 remotam
2577 4428 2759 4482 sedem
2788 4429 2980 4498 quietis
3002 4437 3160 4496 atque
3191 4437 3476 4490 secretam,
3502 4426 3590 4481 ubi

1999 4529 2083 4576 est
2106 4521 2394 4575 Abraham.
2425 4519 2493 4574 Ει
2533 4521 2652 4576 ideo
2682 4521 2910 4574 Abrahae
2932 4519 3131 4573 dictum
3163 4519 3308 4592 (Luc.
3347 4534 3456 4584 XVI,
3489 4519 3589 4574 I9-

1999 4609 2126 4681 31),
2187 4627 2294 4665 non
2339 4609 2480 4680 quod
2530 4610 2696 4680 ipsius
2743 4619 2942 4664 tantum
2988 4611 3090 4670 sit,
3151 4609 3245 4663 scd
3291 4611 3432 4678 quod
3477 4609 3590 4678 ipse

1999 4712 2150 4772 pater
2189 4703 2473 4756 multarum
2502 4703 2737 4772 gentium
2769 4703 2836 4754 sit
2866 4703 3064 4769 positus
3088 4700 3237 4770 (Gen.
3267 4717 3394 4763 xvn,
3423 4701 3477 4761 4,
3505 4702 3585 4771 5),

1997 4793 2187 4862 quibus
2207 4800 2290 4846 est
2309 4792 2375 4846 ad
2406 4792 2718 4846 imitandum
2750 4791 2868 4845 fidei
2895 4792 3213 4860 principatu'
3240 4792 3540 4860 prepositus
3572 4809 3586 4845 :

1999 4883 2136 4937 sicut
2163 4882 2328 4935 Deum
2356 4881 2646 4945 Abraham,
2678 4891 2730 4934 et
2760 4881 2922 4933 Deum
2949 4878 3113 4943 Isaae,
3143 4888 3196 4932 et
3216 4879 3379 4932 Deum
3400 4878 3587 4945 Jacob,

1999 4987 2056 5026 se
2087 4973 2223 5024 Dens
2253 4971 2430 5024 vocari
2467 4971 2629 5024 voluit
2655 4970 2844 5042 (Exod.
2872 4986 2945 5030 tu,
2972 4968 3050 5040 (ἰ),
3090 4984 3210 5023 etun
3253 4968 3320 5022 sit
3347 4969 3591 5024 innume-

2000 5065 2243 5118 rabilium
2275 5063 2432 5116 Dens.

2069 5155 2294 5209 CAPLT
2336 5154 2498 5208 XVII.
2522 5183 2591 5194 —
2624 5154 2715 5206 25.
2751 5153 2931 5222 Neque
2964 5170 3048 5208 me
3076 5155 3187 5208 ha‘c
3221 5154 3287 5206 ita
3326 5153 3591 5206 tlEsserere

1999 5249 2299 5312 existimes,
2325 5257 2573 5316 tanquam
2608 5263 2793 5328 negem
2836 5246 2947 5300 ﬁeri
2978 5261 3135 5316 posse
3162 5257 3218 5300 ut
3243 5249 3416 5298 anima
3447 5261 3594 5298 mor—

1969 5340 2073 5414 ,ιιιὶ
2100 5341 2236 5392 sicut
2259 5337 2597 5397 dormientis,
2627 5337 2676 5390 in
2707 5337 3058 5390 similitudine
3087 5337 3328 5404 corporis
3351 5336 3430 5388 sui
3461 5350 3588 5388 sen-

2003 5433 2114 5496 tiat,
2148 5446 2241 5484 seu
2271 5431 2429 5492 bona,
2459 5444 2551 5483 seu
2583 5431 2742 5483 mala.
2775 5429 2904 5483 Nam
2949 5440 3004 5484 et
3031 5429 3082 5482 in
3130 5428 3333 5482 somnis
3375 5425 3589 5496 quando

1999 5525 2174 5593 aliqua
2205 5523 2334 5576 dura
2377 5533 2429 5577 et
2475 5523 2693 5575 molesta
2739 5522 3090 5592 perpetimur,
3141 5533 3241 5574 nos
3282 5520 3460 5586 utique
3499 5532 3587 5568 su-

2001 5633 2154 5683 mus;
2197 5625 2252 5670 et
2308 5614 2412 5670 nisi
2455 5617 2824 5685 cvigilantibus
2881 5614 3035 5670 nobis
3094 5613 3182 5666 illa
3228 5616 3584 5680 pra-tereanh

2067 5758 2079 5785 ¹
2118 5764 2294 5802 omnes
2317 5755 2464 5803 nostri
2490 5761 2617 5812 Mss,
2644 5756 2690 5803 :‘n
2718 5759 2954 5801 fremere.
3277 5804 3282 5810 _

2065 5819 2083 5847 ²
2121 5817 2254 5874 Etliti,
2279 5810 2613 5876 piim'ipntmu.
2640 5818 2936 5875 (assignatur
2964 5826 3024 5860 ea
3052 5817 3300 5864 nmmuqu
3321 5810 3398 5849 [ις.
