4096 6504
501 343 602 401 539

499 467 686 524 pmnas
725 447 1065 522 gravissimas
1093 445 1395 516 pendimus.
1429 441 1536 497 Sed
1569 451 1794 508 corpora
1825 452 1946 492 esse
1971 452 2090 492 cre-

498 545 648 610 dere,
693 540 883 612 quibus
924 539 1022 594 hac
1055 547 1211 606 atque
1241 535 1360 589 illae
1390 531 1538 604 quasi
1569 529 1790 585 ferimur
1817 537 1870 583 et
1899 527 2091 582 volita-

501 651 621 691 mus
651 635 701 688 in
732 633 954 696 somnis,
995 627 1244 692 hominis,
1271 634 1352 682 est
1391 624 1478 694 qui
1511 637 1694 692 parum
1723 621 1999 691 vigilanter
2027 619 2093 674 de

505 727 663 780 rebus
695 723 886 778 talibus
916 719 1196 790 cogitavit:
1221 717 1290 772 de
1319 717 1401 770 his
1422 715 1616 785 quippe
1638 714 1872 768 visorum
1903 711 2090 782 imagi-

503 819 680 880 nibus,
710 814 940 868 maxime
979 812 1156 866 anima
1197 810 1451 880 probatur
1492 821 1598 861 non
1621 819 1750 870 esse
1777 819 2038 874 corporea
2071 820 2086 857 :

501 911 602 964 nisi
633 908 761 964 velis
791 915 845 962 et
869 907 958 962 illa
987 918 1212 974 corpora
1237 902 1435 966 dicere,
1461 915 1581 970 qua:
1620 907 1811 968 praeter
1831 912 1929 952 nos
1951 897 2094 966 ipsos

505 1013 610 1056 tam
635 1001 798 1056 multa
827 999 1067 1054 videmus
1097 997 1148 1051 in
1175 995 1399 1059 somnis,
1427 991 1647 1057 malum,
1681 999 1896 1054 terram,
1923 1004 2089 1055 mare,

503 1097 693 1158 solem,
729 1094 932 1158 lunam,
973 1091 1172 1155 stellas,
1199 1087 1412 1151 ﬂuvios,
1445 1094 1674 1149 montes,
1707 1083 1948 1150 arbores,
1979 1082 2094 1136 ani-

504 1185 683 1240 malia.
714 1185 836 1237 Ilmc
860 1183 946 1252 qui
969 1196 1194 1250 corpora
1226 1195 1348 1234 esse
1373 1177 1562 1240 credit,
1593 1175 1972 1230 incredibiliter
1996 1173 2093 1228 de-

503 1277 627 1346 sipit
643 1291 656 1328 :
675 1283 800 1330 sunt
823 1283 997 1327 tamen
1015 1270 1332 1340 corporibus
1349 1268 1568 1322 omnino
1584 1266 1872 1320 simillima.
1889 1264 1967 1320 Ex
1991 1265 2094 1318 hoc

503 1381 698 1436 genere
727 1374 849 1418 sunt
869 1364 1052 1424 etiam,
1070 1377 1187 1430 quae
1205 1361 1325 1413 alia‘
1349 1357 1694 1426 signiﬁcantia
1711 1355 1962 1410 divinitus
1982 1354 2080 1408 de-

515 1463 902 1520 monstrantur,
933 1454 1044 1508 sive
1067 1451 1355 1516 insomnis,
1380 1451 1492 1503 sive
1523 1451 1573 1504 in
1597 1447 1928 1517 ectasizquze
1955 1445 2094 1500 unde

506 1550 654 1612 fiant,
687 1549 737 1602 id
766 1557 866 1614 est,
895 1561 1136 1617 quamam
1174 1546 1242 1599 sit
1282 1545 1420 1598 velut
1447 1544 1696 1598 materies
1731 1555 1937 1604 eorum,
1975 1540 2094 1608 quis

505 1643 756 1711 indagare
778 1649 950 1709 potest
976 1648 1065 1692 aut
1094 1636 1310 1692 dicere?
1341 1636 1532 1690 Procul
1559 1634 1719 1690 dubio
1747 1642 1920 1687 tamen
1945 1631 2094 1701 spiri-

506 1733 664 1788 tualis
685 1741 787 1796 est,
815 1745 918 1784 non
945 1727 1258 1797 corporalis.
1291 1727 1528 1796 Namque
1547 1724 1856 1794 huiusmodi
1885 1723 2092 1792 species

506 1825 654 1878 velut
678 1837 988 1890 corporum,
1027 1836 1132 1873 non
1171 1829 1348 1874 tamen
1390 1832 1640 1887 corpora,
1689 1825 1744 1870 et
1771 1815 2092 1884 vigilantium

503 1915 824 1985 cogitatione
851 1913 1170 1978 formantur,
1194 1921 1246 1965 ct
1274 1909 1630 1981 profunditate
1661 1907 1934 1962 memoriae
1963 1921 2094 1960 con-

503 2005 760 2068 tinentur;
794 2011 847 2058 et
875 2017 942 2057 ex
983 2002 1099 2070 ejus
1139 2001 1484 2056 abditissimis
1505 1998 1746 2064 sinibus,.
1765 1997 1946 2052 nescio
1991 2010 2097 2066 quo

506 2094 734 2148 mirabili
777 2102 828 2147 et
875 2090 1132 2147 inellabili
1176 2090 1359 2158 modo,
1413 2105 1534 2144 cum
1575 2088 1921 2144 recordamur
1968 2102 2095 2156 pro-

505 2183 692 2246 deunt,
729 2191 782 2238 ct
810 2182 961 2252 quasi
998 2193 1122 2235 ante
1143 2181 1327 2235 oculos
1355 2179 1559 2249 prolata
1602 2185 1908 2232 versantur.
1957 2177 2092 2230 Tam

506 2275 702 2329 miiltas
731 2273 890 2344 igitur
926 2281 980 2327 et
1011 2279 1116 2326 tam
1155 2285 1376 2341 magnas
1409 2283 1692 2339 corporum
1732 2267 1988 2338 imagines
2009 2307 2022 2330 ,
2047 2266 2094 2320 si

517 2365 693 2418 anima
743 2378 939 2432 corpus
973 2371 1134 2424 esset,
1179 2375 1372 2430 capere
1417 2357 1699 2428 cogitando
1726 2358 1807 2411 vel
1840 2356 2096 2410 memoria

518 2452 846 2508 continendo
867 2454 886 2484 '
914 2467 1019 2506 non
1049 2460 1246 2521 posset.
1279 2449 1580 2508 Secundum
1611 2458 1754 2503 tuam
1782 2449 1977 2518 quippe
2003 2447 2098 2503 de-

515 2546 835 2611 ﬁnitionem,
897 2563 916 2595 σ
969 2557 1229 2613 corporea
1275 2541 1571 2596 substantia
1627 2555 1720 2596 sua
1763 2555 1960 2610 corpus
1999 2539 2100 2595 hoc

508 2635 746 2688 exterius
775 2649 883 2688 non
905 2633 1136 2688 excedit.
1175 2651 1194 2684 ›
1227 2630 1340 2698 Qua
1381 2631 1542 2703 igitur
1569 2629 1952 2700 magnitudine,
1982 2645 2101 2700 qua:

510 2726 654 2780 nulla
685 2725 756 2779 illi
797 2734 899 2790 est,
945 2724 1202 2794 imagines
1230 2731 1340 2778 tam
1381 2737 1694 2792 magnorum
1735 2734 2020 2790 corporum
2048 2728 2102 2775 et

507 2819 800 2887 spatiorum
815 2826 972 2887 atque
985 2817 1262 2886 regionum
1280 2815 1445 2885 capit?
1457 2814 1592 2884 Quid
1608 2828 1736 2884 ergo
1759 2813 1972 2879 mirum,
1991 2813 2035 2868 si
2049 2821 2104 2869 et

511 2911 624 2977 ipsa
646 2909 743 2964 sibi
763 2909 814 2963 in
840 2909 920 2962 sui
947 2907 1185 2978 corporis
1201 2906 1546 2962 similitudine
1563 2912 1806 2976 apparet,
1820 2913 1874 2960 et
1889 2905 2104 2975 quando

511 3003 624 3054 sine
641 3015 867 3068 corpore
887 3015 912 3050 a
923 3009 1104 3068 pparet
1120 2997 1144 3051 ?
1159 2997 1337 3066 Neque
1353 2996 1496 3052 enim
1513 3011 1632 3050 cum
1652 3011 1748 3049 suo
1762 3009 1990 3064 corpore
2003 2995 2103 3050 sibi

513 3099 733 3158 apparet
771 3089 824 3142 in
869 3089 1100 3152 somnis,
1131 3097 1184 3142 et
1215 3096 1390 3142 tamen
1419 3087 1472 3140 in
1501 3101 1564 3142 ea
1603 3087 1715 3154 ipsa
1756 3085 2105 3140 similitudine

511 3181 752 3252 corporis
779 3182 881 3248 sui,
899 3181 1047 3250 quasi
1079 3196 1174 3251 per
1191 3181 1308 3234 loca
1329 3181 1506 3248 ignota
1533 3187 1586 3232 et
1615 3188 1740 3232 nota
1763 3177 2034 3242 discurrit,
2053 3185 2107 3233 et

481 3341 488 3344 _
511 3275 632 3328 Iusta
659 3275 818 3328 sentit
849 3273 1010 3326 multa
1033 3276 1112 3326 vel
1138 3272 1326 3326 tristia.
1348 3271 1451 3326 Sed
1475 3281 1603 3341 puto
1629 3269 1768 3342 quod
1801 3285 1901 3325 nec
1933 3279 1986 3324 tu
2017 3285 2107 3325 au-

513 3367 644 3422 deas
662 3366 861 3430 dicere,
885 3365 1102 3435 figuram
1122 3365 1262 3418 illam
1280 3363 1522 3432 corporis
1541 3374 1700 3432 atque
1719 3363 2102 3428 membrorum,

513 3473 670 3528 quam
691 3458 792 3512 sibi
811 3457 1006 3513 habere
1019 3457 1226 3512 videtur
1243 3457 1294 3510 in
1309 3456 1533 3522 somnis,
1547 3470 1732 3510 verum
1748 3470 1942 3526 corpus
1961 3469 2104 3510 esse.

513 3548 646 3606 Nam
675 3551 780 3605 isto
807 3549 970 3604 modo
998 3549 1104 3604 erit
1130 3563 1288 3604 verus
1332 3562 1508 3613 mons,
1546 3561 1704 3618 quem
1753 3545 1854 3600 sibi
1898 3545 2109 3600 videtur

513 3641 837 3706 ascendere;
867 3649 922 3695 et
950 3654 1208 3710 corporea
1239 3638 1450 3702 domus,
1493 3651 1650 3706 quam
1671 3636 1772 3690 sibi
1793 3635 2004 3690 videtur
2029 3635 2111 3690 in-

515 3742 693 3798 trare;
726 3739 780 3786 et
803 3732 962 3786 arbor
986 3745 1112 3786 vera
1139 3730 1446 3800 lignumque
1473 3743 1654 3782 verum
1672 3741 1864 3796 corpus
1885 3725 2104 3790 habens,

515 3824 616 3878 sub
643 3838 744 3892 qua
775 3823 874 3878 sibi
914 3823 1124 3876 videtur
1147 3822 1364 3890 jacere;
1396 3827 1450 3874 et
1477 3833 1612 3888 aqua
1645 3833 1793 3884 vera,
1822 3833 1978 3888 quam
2009 3817 2108 3872 sibi

516 3917 728 3970 videtur
753 3915 994 3980 haurire;
1024 3921 1079 3968 et
1111 3913 1290 3968 omnia
1323 3911 1374 3965 in
1402 3910 1594 3981 quibus
1617 3909 1768 3979 quasi
1797 3907 2112 3978 corporibus

517 4021 779 4074 versatur,
821 4021 1046 4076 corpora
1097 4013 1254 4060 erunt
1281 4005 1326 4059 si
1375 4011 1431 4059 et
1475 4003 1586 4073 ipsa
1615 4017 1810 4072 corpus
1850 4011 1952 4068 est,
1992 4017 2111 4072 qua:

518 4098 680 4152 simili
710 4097 936 4167 imagine
965 4098 1103 4150 inter
1123 4104 1313 4150 cuncta
1343 4095 1433 4148 illa
1449 4101 1721 4148 versatur.

593 4187 819 4243 CAPUT
857 4187 1044 4242 XVIII.
1086 4185 1274 4240 —-26.
1319 4187 1396 4240 De
1443 4184 1758 4254 conscriptis
1805 4183 2108 4238 visionibus

524 4287 820 4350 martyrum
867 4277 1152 4332 dicendum
1211 4277 1304 4330 tibi
1357 4283 1440 4329 est
1485 4274 1719 4344 aliquid;
1761 4274 2010 4344 quoniam
2055 4282 2112 4327 tu

519 4371 680 4425 etiam
715 4351 838 4424 inde
864 4367 1228 4424 testimonium
1273 4365 1632 4420 adhibendum
1657 4365 1869 4434 putasti.
1899 4365 2103 4436 Nempe

521 4471 708 4518 sancta
731 4462 994 4530 Perpetua
1021 4460 1132 4514 visa
1172 4459 1271 4514 sibi
1294 4467 1376 4514 est
1402 4457 1454 4512 in
1485 4457 1705 4524 somnis,
1741 4471 1860 4512 cum
1881 4456 2109 4526 quodam

521 4557 777 4628 Egyptio
807 4555 858 4608 in
896 4553 1066 4606 virum
1109 4565 1367 4605 conversa
1407 4549 1622 4604 luctari.
1655 4549 1786 4616 Quis
1813 4557 1988 4602 autem
2009 4547 2111 4602 du-

521 4652 672 4714 bitct,
707 4649 760 4702 in
785 4647 872 4702 illa
895 4643 1248 4700 similitudine
1271 4643 1516 4712 corporis
1539 4643 1770 4696 animam
1790 4641 1904 4711 ejus
1923 4641 2106 4709 fuisse,

523 4756 628 4794 non
655 4753 870 4808 corpus,
895 4736 1034 4806 quod
1063 4737 1246 4806 utique
1265 4736 1315 4788 in
1337 4749 1434 4790 suo
1457 4733 1688 4789 femineo
1709 4749 1838 4790 sexu
1865 4750 2107 4801 manens,

520 4831 710 4902 sopitis
739 4831 984 4886 sensibus
1005 4829 1217 4899 jacebat
1239 4827 1289 4880 in
1319 4826 1520 4890 stratis,
1544 4825 1756 4896 quando
1789 4826 1964 4880 anima
1995 4827 2112 4894 ejus

520 4927 574 4982 in
619 4925 706 4978 illa
737 4923 904 4976 virilis
943 4921 1184 4992 corporis
1227 4917 1578 4974 similitudine
1611 4918 1948 4972 luctabatur?
1973 4917 2110 4986 Quid

521 5017 612 5070 hic
637 5015 806 5071 dicis?
847 5029 1104 5068 verumne
1143 5020 1260 5066 erat
1302 5025 1498 5080 corpus
1527 5009 1616 5062 illa
1648 5009 1752 5062 viri
1793 5008 2108 5073 similitudo,

522 5122 590 5157 an
621 5121 726 5158 non
767 5111 882 5156 erat
906 5119 1100 5172 corpus
1121 5145 1135 5168 ,
1169 5101 1415 5171 quamvis
1453 5099 1678 5154 haberet
1705 5098 2108 5154 similitudinem

524 5195 767 5262 corporis
787 5192 810 5244 ?
856 5193 1004 5260 Elige
1045 5193 1174 5261 quid
1199 5191 1354 5246 velis.
1383 5191 1438 5245 Si
1482 5203 1676 5260 corpus
1717 5199 1854 5256 erat,
1886 5204 1981 5244 cur
2005 5205 2109 5244 non

524 5283 772 5338 servabat
815 5282 1016 5351 vagina:
1043 5297 1154 5336 sua:
1199 5281 1462 5336 formam?
1499 5282 1680 5350 Neque
1705 5283 1846 5336 enim
1893 5282 1946 5336 in
1973 5281 2110 5336 illius

523 5375 734 5429 ten-nime
752 5387 914 5426 carne
931 5372 1098 5426 virilia
1115 5371 1662 5440 rcpereratgenitalia,
1683 5371 1823 5426 unde
1843 5372 1910 5426 ita
1931 5381 2112 5440 posset

523 5483 647 5524 sese
683 5463 1036 5529 coarctando,
1081 5471 1155 5528 et,
1187 5471 1245 5516 ut
1279 5473 1332 5516 tu
1363 5463 1596 5532 loqueris
1623 5505 1638 5528 ,
1676 5481 1696 5514 ε
1733 5462 1960 5533 gelando
1999 5463 2110 5518 for-

527 5559 679 5614 mari.
723 5577 742 5610 ι
787 5555 1007 5620 Deinde,
1053 5554 1277 5608 obsecro
1303 5561 1374 5617 te,
1425 5569 1544 5608 cum
1575 5569 1770 5626 corpus
1795 5555 2110 5612 dormientis

589 5691 606 5721 ¹
634 5687 803 5738 Plures
825 5694 952 5744 διεδ..
968 5683 1148 5744 aliqua.

589 5753 610 5782 ν
644 5753 714 5799 sic
739 5750 918 5798 habent
938 5743 1055 5797 Mss.
1083 5744 1220 5804 Editi,
1241 5743 1498 5794 relinmdo.

1363 333 1454 388 DE
1494 331 1702 386 ANIMA
1749 329 1836 384 ET
1879 329 2042 384 EJUS
2079 327 2378 392 URIGINE,
2419 327 2479 384 S.
2521 329 2882 385 AUGUSTINI

3681 333 3786 390 5w

2206 436 2382 492 adhuc
2409 442 2628 505 viveret,
2669 439 2882 510 quando
2905 437 3021 508 ejus
3047 440 3222 494 anima
3261 441 3580 510 luctabatur,
3613 445 3664 500 in
3691 460 3786 500 sua

2203 529 2389 598 vagina
2421 537 2556 594 erat,
2596 531 2776 600 utique
2796 530 3044 584 omnibus
3073 531 3330 586 membris
3361 532 3586 588 viventis
3617 535 3785 590 inclu-

2202 633 2282 688 sa,
2311 630 2364 676 et
2393 619 2446 675 in
2485 620 2604 692 ejus
2625 635 2850 692 corpore
2888 635 3040 678 suam
3088 620 3336 688 formam,
3387 622 3454 678 de
3481 639 3586 692 quo
3609 623 3784 680 fuerat

2201 710 2450 778 formata,
2481 711 2726 766 servabat
2753 730 2766 767 :
2795 711 3030 766 nondum
3059 711 3256 782 quippe
3293 723 3440 768 artus
3479 713 3620 779 illos,
3649 715 3788 770 sicut

2203 801 2262 856 fit
2287 801 2342 854 in
2367 811 2563 868 morte,
2607 801 2926 872 reliquerat;
2955 801 3190 858 nondum
3223 803 3463 858 membra
3509 818 3574 860 ex
3618 819 3788 858 mem-

2201 891 2312 947 bris
2336 891 2559 948 formata
2589 907 2653 948 ex
2681 893 3030 950 formantibus
3057 902 3281 964 cogente
3305 895 3356 950 vi
3383 895 3572 950 mortis
3601 904 3785 950 extra-

2199 993 2389 1040 xerat:
2423 983 2565 1040 unde
2601 985 2760 1056 igitur
2784 994 2900 1041 erat
2943 986 3098 1042 virile
3126 987 3318 1042 animae
3355 1001 3572 1057 corpus,
3601 986 3654 1041 in
3681 1002 3786 1058 quo

2200 1076 2302 1131 sibi
2329 1076 2516 1156 luctari
2547 1093 2668 1132 eum
2707 1077 3018 1134 adversario
3046 1078 3365 1134 videbatur?
3386 1077 3444 1134 Si
3471 1088 3648 1134 autem
3677 1093 3786 1133 non

2200 1178 2316 1223 erat
2343 1183 2558 1238 corpus,
2592 1179 2648 1224 et
2673 1177 2852 1225 tamen
2871 1179 2988 1224 erat
3012 1169 3214 1240 aliquid
3240 1170 3414 1226 simile
3437 1171 3702 1240 corporis,
3733 1171 3788 1226 in

2201 1273 2306 1328 quo
2351 1273 2480 1314 sane
2524 1275 2684 1315 verus
2729 1261 2881 1315 labor
2921 1269 3014 1315 aut
3061 1275 3186 1316 vera
3241 1261 3420 1315 lmtitia
3460 1261 3788 1326 sentiretur;

2197 1351 2378 1419 jamne
2408 1351 2618 1406 tandem
2655 1351 2823 1416 vides,
2855 1351 3303 1424 quemadmodum
3339 1351 3456 1408 fieri
3509 1353 3680 1424 possit
3731 1361 3788 1408 ut

2201 1442 2268 1496 sit
2291 1442 2340 1496 in
2363 1444 2538 1496 anima
2566 1444 2858 1499 similitudo
2881 1444 3124 1514 quardam
3155 1444 3418 1514 corporis,
3448 1459 3550 1500 nec
3573 1445 3690 1514 ipsa
3719 1443 3789 1498 sit

2199 1533 2434 1600 corpus?

2269 1622 2358 1676 27.
2389 1623 2522 1692 Quid
2550 1625 2592 1678 si
2621 1625 2725 1680 tale
2759 1625 2954 1695 aliquid
2985 1625 3126 1696 apud
3155 1625 3353 1682 inferos
3381 1625 3604 1697 geritur,
3636 1633 3693 1682 et
3723 1626 3778 1682 in

2201 1712 2278 1766 eis
2309 1728 2386 1780 se,
2419 1731 2524 1768 non
2550 1717 2885 1786 corporibus,
2917 1717 3010 1772 sed
3035 1731 3324 1788 corporum
3352 1717 3792 1776 similitudinibus

2201 1806 2392 1860 anima:
2421 1809 2756 1877 agnoscunt?
2782 1809 2916 1864 Cum
2946 1809 3088 1865 enim
3128 1811 3296 1864 tristia
3323 1811 3572 1881 patimur,
3604 1826 3794 1882 quam-

2201 1897 2281 1950 vis
2313 1896 2363 1950 in
2394 1899 2622 1966 somnis,
2653 1900 2754 1954 etsi
2781 1901 3145 1956 membrorum
3188 1918 3570 1974 corporeorum
3599 1905 3670 1960 sit
3701 1905 3792 1962 illa

2201 1987 2510 2053 similitudo,
2541 2005 2648 2044 non
2675 1991 2912 2046 membra
2932 2007 3188 2062 corporea
3209 2010 3224 2059 ;
3244 2010 3348 2048 non
3377 2005 3655 2052 esttamen
3677 2011 3792 2068 pce-

2205 2093 2284 2130 naa
2308 2078 2621 2146 similitudo,
2649 2081 2742 2136 sed
2769 2095 2926 2152 paena
2955 2100 2966 2136 :
2997 2083 3076 2138 sic
3099 2083 3260 2138 etiam
3284 2083 3374 2140 ubi
3401 2085 3518 2140 laeta
3547 2087 3790 2142 sentiun-

2205 2176 2310 2221 tur.
2343 2168 2447 2224 Sed
2473 2171 2724 2240 quoniam
2755 2181 2934 2227 sancta
2959 2173 3220 2243 Perpetua
3251 2173 3482 2230 nondum
3511 2183 3628 2232 erat
3649 2191 3794 2232 mor-

2206 2269 2290 2314 tua
2313 2302 2330 2326 ,
2363 2277 2466 2316 non
2495 2263 2574 2318 vis
2603 2263 2728 2320 hinc
2755 2265 2848 2320 tibi
2879 2265 3102 2321 fortasse
3131 2267 3404 2336 praescribi
3431 2286 3444 2322 :
3473 2282 3594 2323 cum
3641 2269 3796 2326 valde

2205 2349 2270 2404 ad
2315 2365 2427 2404 rem
2459 2353 2761 2420 pertineat,
2791 2355 2944 2426 cujus
2973 2370 3090 2412 esse
3121 2365 3326 2412 naturae
3355 2358 3632 2414 existimes
3675 2359 3796 2414 illas

2206 2441 2583 2499 similitudines
2619 2459 2905 2516 corporum
2939 2463 3070 2518 quas
3099 2449 3358 2504 habemus
3383 2449 3435 2504 in
3475 2451 3712 2516 somnis;
3743 2459 3799 2506 et

2208 2539 2316 2587 tota
2346 2533 2444 2588 ista
2472 2549 2630 2590 causa
2659 2537 2810 2593 finita
2835 2538 2924 2604 sit,
2955 2539 3000 2594 si
3027 2555 3120 2595 eas
3148 2549 3202 2595 et
3231 2541 3432 2596 similes
3455 2543 3792 2612 corporibus,

2207 2634 2262 2680 et
2287 2643 2390 2680 non
2419 2644 2540 2684 esse
2567 2645 2790 2700 corpora
2817 2631 3110 2688 confiteris.
3143 2631 3518 2688 Verumtamen
3546 2634 3800 2690 Dinocra-

2210 2725 2290 2772 tes
2335 2718 2500 2774 frater
2533 2721 2647 2790 cjns
2689 2730 2930 2778 mortuus
2973 2731 3090 2778 erat
3137 2741 3150 2777 :
3200 2723 3342 2780 hunc
3371 2723 3499 2780 vidit
3541 2740 3661 2781 cum
3708 2725 3801 2782 illo

2207 2809 2426 2865 vulnere
2466 2812 2608 2882 quod
2646 2813 2797 2868 vivus
2843 2813 3064 2882 habuit,
3109 2823 3163 2869 et
3203 2815 3346 2872 unde
3392 2825 3475 2872 est
3515 2818 3804 2888 perductus

2209 2899 2276 2955 ad
2337 2911 2586 2958 mortem.
2642 2903 2738 2959 Ubi
2787 2914 2870 2960 est
2919 2905 3060 2974 quod
3111 2907 3272 2962 tantis
3319 2909 3598 2964 conatibus
3651 2909 3803 2966 labo-

2209 2993 2338 3046 rasti
2371 3034 2387 3060 ,
2450 3009 2569 3048 cum
2641 3010 2828 3066 ageres
2891 2996 2958 3052 de
3019 2998 3332 3066 prmcisione
3391 2999 3756 3056 membrorum
3785 3043 3802 3068 ,
3863 3035 3874 3046 ς

2211 3104 2280 3144 ne
2336 3090 2492 3143 simul
2557 3091 2764 3145 concidi
2811 3091 2988 3145 anima
3046 3093 3360 3161 putaretur?
3411 3093 3552 3149 Ecce
3611 3095 3807 3150 vulnus

2213 3189 2328 3236 erat
2366 3181 2418 3234 in
2447 3182 2622 3236 anima
2659 3183 2976 3250 Dinocratis,
3017 3185 3159 3254 quod
3193 3199 3311 3240 eam
3349 3187 3400 3240 vi
3435 3201 3552 3254 sua,
3593 3189 3808 3258 quando

2213 3282 2328 3327 erat
2373 3273 2426 3327 in
2469 3273 2584 3343 ejus
2614 3289 2874 3344 corpore,
2911 3276 3142 3330 exclusit
3182 3291 3212 3331 e
3237 3291 3480 3346 corpore.
3525 3277 3808 3346 Quomodo

2213 3377 2340 3434 ergo
2371 3363 2662 3419 secundum
2709 3375 2856 3419 tuam
2895 3367 3234 3435 opinionem,
3283 3385 3302 3420 ι
3327 3369 3540 3438 quando
3565 3371 3807 3424 membra

2214 3457 2456 3524 corporis
2489 3457 2866 3526 praeciduntur,
2897 3459 2964 3514 ab
2989 3459 3096 3514 ictu
3122 3475 3181 3515 se
3205 3461 3486 3527 subtrahit,
3511 3471 3567 3518 et
3593 3464 3646 3518 in
3677 3465 3809 3520 alias

2217 3557 2394 3614 partes
2423 3547 2700 3602 deusando
2731 3563 2788 3603 se
2814 3549 3052 3619 colligit,
3085 3565 3152 3604 ne
3177 3550 3352 3620 aliqua
3379 3566 3504 3622 pars
3533 3552 3650 3621 ejus
3687 3554 3800 3606 vul-

2217 3653 2346 3692 nere
2373 3641 2616 3710 corporis
2653 3651 2986 3712 amputetur,
3030 3661 3050 3696 ι
3085 3643 3292 3698 etiamsi
3335 3645 3618 3700 dormienti
3649 3655 3810 3717 atque

2219 3732 2476 3786 nescienti
2530 3733 2890 3788 membrorum
2937 3733 3136 3803 aliquid
3184 3735 3538 3804 praecidatur?
3581 3736 3808 3792 Tantam

2218 3822 2412 3891 quippe
2439 3823 2516 3876 illi
2547 3823 2777 3878 tribuisti
2808 3824 3130 3894 vigilantiam
3153 3865 3167 3887 ,
3199 3833 3256 3880 ut
3299 3826 3456 3880 etiam
3485 3826 3614 3882 visis
3649 3841 3810 3883 oceu-

2222 3923 2338 3982 pata
2367 3914 2719 3980 somniorum,
2749 3915 2792 3970 si
2821 3915 2970 3986 plaga
2999 3915 3215 3970 irruerit
3241 3917 3526 3987 ignoranti,
3555 3933 3658 3987 qua
3681 3933 3809 3974 caro

2221 4005 2457 4072 feriatur,
2487 4021 2544 4061 se
2575 4006 2660 4061 illa
2699 4006 3040 4076 providenter
3080 4007 3468 4078 perniciterque
3509 4008 3806 4076 subducat,

2219 4113 2286 4152 ne
2317 4099 2482 4166 possit
2521 4097 2670 4154 feriri
2700 4107 2860 4168 atque
2897 4098 3108 4163 vexari,
3151 4099 3264 4153 sive
3305 4098 3512 4156 concidi
3541 4116 3554 4152 :
3588 4115 3690 4154 nec
3725 4109 3808 4156 at-

2221 4189 2416 4254 tendis,
2440 4189 2600 4244 homo
2627 4189 2888 4259 prudens,
2920 4190 3060 4261 quod
3085 4189 3130 4244 si
3164 4205 3224 4246 se
3249 4191 3424 4246 anima
3455 4191 3580 4247 inde
3607 4192 3810 4248 subdu-

2219 4287 2382 4344 ceret,
2413 4295 2512 4334 nec
2537 4281 2626 4334 illa
2655 4281 2928 4350 percussio
2961 4280 3266 4336 sentiretur.
3306 4281 3410 4336 Sed
3456 4281 3634 4336 inveni
3665 4283 3808 4353 quod

2221 4371 2476 4439 potueris,
2509 4372 2634 4442 quid
2662 4371 2786 4428 inde
2815 4371 3161 4442 reSpondeas,
3189 4371 3456 4443 quomodo
3485 4373 3660 4428 anima
3689 4389 3810 4443 par-

2221 4473 2300 4516 tes
2325 4478 2447 4517 suas
2469 4463 2696 4532 abripiat
2723 4465 2762 4532 ¹,
2791 4473 2846 4520 et
2870 4463 3124 4519 recondat
3149 4465 3430 4530 introrsus,
3465 4480 3534 4521 ne
3561 4465 3646 4520 ubi
3671 4482 3812 4536 pra:-

2219 4555 2412 4609 ciditur
2439 4571 2534 4615 seu
2563 4557 2854 4624 percutitur
2881 4557 3120 4626 corporis
3147 4557 3470 4620 membrum,
3503 4567 3810 4626 amputetur

2219 4657 2274 4701 et
2303 4649 2412 4717 ipsa
2441 4659 2598 4717 atque
2625 4659 2861 4702 vexetur.
2895 4649 3233 4704 Dinocratem
3263 4649 3444 4717 aspice
3466 4689 3482 4714 ,
3513 4658 3568 4702 et
3595 4649 3684 4704 dic
3713 4665 3812 4704 cur

2219 4737 2334 4807 ejus
2361 4738 2538 4792 anima
2573 4753 2676 4792 non
2706 4753 2764 4793 se
2793 4738 3118 4792 subtraxerit
3159 4738 3227 4792 ab
3269 4753 3335 4794 eo
3376 4739 3618 4806 corporis
3659 4739 3810 4806 loco,

2225 4828 2314 4897 qui
2359 4825 2639 4882 mortifero
2677 4828 2899 4882 vulnere
2939 4828 3273 4895 vastabatur,
3317 4843 3384 4882 ne
3425 4829 3478 4882 in
3525 4828 3614 4882 illa
3662 4829 3810 4885 fieret

2219 4916 2360 4986 quod
2389 4917 2440 4969 in
2472 4915 2588 4986 ejus
2623 4915 2760 4972 facie
2786 4917 2946 4972 etiam
2977 4925 3096 4986 post
3119 4926 3348 4972 mortem
3375 4917 3542 4986 ipsius
3568 4921 3812 4988 corporis

2219 5017 2522 5076 appareret.
2551 5007 2632 5061 An
2659 5006 2798 5062 forte
2819 5009 2978 5062 etiam
3007 5010 3026 5039 '
3059 5008 3152 5062 tibi
3173 5008 3367 5077 placet,
3392 5017 3450 5062 ut
3477 5008 3608 5064 istas
3638 5012 3810 5080 potius

2221 5095 2596 5151 similitudines
2617 5111 2900 5166 corporum
2927 5111 3082 5166 quam
3107 5111 3328 5165 corpora
3351 5112 3470 5152 esse
3495 5098 3810 5164 credamus;

2221 5195 2280 5240 ut
2307 5185 2574 5256 quomodo
2599 5195 2820 5256 apparet
2847 5187 2998 5256 quasi
3026 5185 3240 5253 vulnus,
3270 5185 3410 5257 quod
3439 5201 3546 5242 non
3576 5196 3664 5243 est
3691 5190 3809 5246 vul-

2223 5291 2342 5340 nus,
2373 5278 2443 5331 ita
2470 5277 2612 5348 quod
2643 5291 2746 5332 non
2779 5285 2860 5332 est
2883 5291 3098 5346 corpus,
3128 5277 3279 5348 quasi
3304 5293 3498 5348 corpus
3519 5281 3811 5348 appareat?

2221 5368 2352 5424 Nam
2393 5371 2437 5424 si
2466 5370 2643 5424 anima
2681 5369 2950 5424 vulnerari
2989 5378 3165 5439 potest
3190 5369 3258 5424 ab
3293 5369 3374 5426 eis
3409 5370 3500 5440 qui
3525 5372 3812 5426 vulnerant

2222 5475 2450 5532 corpus,
2483 5459 2684 5516 nihilne
2713 5459 3056 5516 metuendum
3086 5469 3199 5528 est,
3231 5477 3298 5516 ne
3326 5463 3496 5532 possit
3531 5463 3704 5518 occidi
3743 5463 3811 5518 ab

2221 5555 2300 5610 cis
2325 5553 2416 5624 qui
2450 5553 2700 5608 occidunt
2731 5555 2964 5626 corpus?
2994 5553 3145 5620 Quod
3190 5554 3448 5612 Dominus
3472 5556 3810 5626 apertissime

2287 5692 2300 5718 ³
2339 5686 2467 5748 Apud
2491 5693 2620 5746 ima,
2643 5687 2863 5749 arripiat.

2290 5753 2308 5782 ³
2337 5749 2502 5796 Plures
2527 5757 2648 5808 uss,
2679 5764 2738 5800 an
2762 5751 2882 5808 forte
2897 5749 3024 5810 jam.
