4144 6558
302 440 401 496 Si!

308 551 421 605 fieri
469 562 574 603 non
626 559 783 615 posse
829 550 1051 598 testatur
1080 536 1294 610 (Matth.
1335 550 1405 602 ι,
1449 531 1565 602 28).
1609 530 1675 584 Et
1713 539 1891 597 tamen

310 642 485 698 anima
517 636 817 694 Dinocratis
855 630 994 688 mori
1022 645 1128 686 non
1159 626 1360 699 potuit,
1395 623 1536 678 unde
1564 636 1761 689 corpus
1781 621 1896 686 ejus

305 744 393 792 est
416 742 685 788 mortuum
712 746 726 784 :
753 736 809 784 et
836 724 987 797 quasi
1017 722 1292 779 vulnerata
1318 718 1430 773 visa
1467 725 1574 780 est,
1609 715 1745 767 sicut
1775 727 1895 764 cor-

311 837 411 894 pus
435 825 605 878 fuerat
638 821 991 884 vulneratum,
1015 813 1264 886 quoniam
1291 822 1485 878 corpus
1511 820 1615 860 non
1642 810 1777 868 erat,
1804 800 1898 855 sed

312 892 541 975 habebat
570 913 622 967 in
652 906 1002 967 similitudine
1029 903 1273 974 corporis
1300 899 1460 956 etiam
1500 892 1899 952 similitudinem

320 1005 592 1062 vulneris:
634 1015 796 1074 porro
823 1008 1001 1055 autem
1049 997 1103 1051 in
1132 996 1150 1028 ι
1199 1007 1303 1048 non
1342 1002 1472 1045 vero
1506 999 1733 1055 corpore
1779 997 1900 1036 vera

316 1098 528 1158 miseria
570 1096 666 1151 fuit
705 1093 934 1159 animae,
983 1104 1104 1163 quat
1152 1083 1549 1159 signiﬁcabatur
1591 1077 1905 1133 adumbrata

317 1188 557 1261 corporis
580 1187 836 1253 vulnere,
877 1184 947 1241 de
987 1196 1091 1255 qua
1117 1178 1321 1237 sororis
1349 1182 1547 1233 sanctae
1575 1168 1906 1227 orationibus

323 1281 515 1339 meruit
536 1278 771 1336 liberari.

390 1372 479 1428 28.
509 1370 627 1427 Jam
667 1369 796 1425 illud
826 1367 981 1440 quale
1007 1374 1119 1434 est,
1150 1363 1332 1421 dicere
1367 1359 1509 1433 quod
1544 1376 1563 1410 ι
1594 1357 1769 1441 anima
1801 1353 1909 1409 for-

322 1479 462 1520 mam
492 1462 559 1518 de
587 1476 812 1532 corpore
837 1459 1094 1530 accipiat,
1126 1467 1179 1513 et
1205 1469 1327 1511 cum
1357 1452 1688 1508 incremento
1714 1461 1908 1516 corpo-

321 1559 396 1612 ris
420 1554 765 1627 protendatur
790 1561 846 1608 ct
864 1558 1104 1617 crescat;
1135 1567 1155 1603 ι
1189 1554 1244 1603 et
1266 1560 1373 1601 non
1398 1540 1675 1599 attendere
1698 1540 1720 1573 ⁸
1751 1552 1909 1609 quam

322 1655 662 1704 monstruosa
691 1644 880 1701 evadat
916 1641 1094 1697 anima
1128 1637 1337 1711 juvenis
1369 1636 1481 1692 sive
1507 1632 1682 1699 senis,
1715 1630 1759 1686 si
1795 1629 1912 1699 ejus

325 1738 597 1793 brachium
630 1734 947 1807 princidatur
975 1731 1209 1788 infantis.
1244 1747 1264 1782 ι
1292 1723 1573 1784 Contrahit
1597 1722 1739 1778 enim
1767 1734 1848 1787 se,
1885 1737 1906 1772 ι

326 1838 383 1884 ut
421 1828 590 1892 dicis;
627 1844 647 1880 ‹
675 1825 867 1880 animae
906 1837 1125 1889 manus,
1157 1836 1226 1876 ne
1255 1819 1368 1890 ipsa
1393 1816 1706 1873 etiam'cum
1752 1826 1911 1866 manu

323 1919 564 1989 corporis
588 1924 910 1987 amputetur,
933 1922 988 1971 et
1007 1913 1059 1969 in
1077 1912 1211 1968 alias
1230 1924 1290 1966 se
1310 1918 1489 1981 partes
1508 1904 1749 1976 corporis
1776 1902 1912 1958 den-

324 2008 498 2065 sando
522 2007 811 2064 concludit.
842 2024 862 2060 ι
892 2006 972 2061 Ac
997 2019 1095 2076 per
1119 2004 1219 2057 hoc
1245 1999 1373 2056 illud
1403 1999 1594 2053 animae
1615 1995 1910 2060 brachium,

326 2116 486 2171 quam
526 2100 689 2156 breve
715 2097 956 2170 corporis
980 2095 1076 2152 fuit
1106 2094 1248 2151 unde
1273 2099 1487 2162 ceperat
1517 2088 1740 2144 formam
1759 2128 1774 2151 ,
1807 2094 1914 2140 tam

326 2190 490 2246 breve
516 2189 816 2246 servabitur
853 2186 1176 2256 ubicumque
1216 2190 1492 2247 servetur;
1537 2179 1658 2249 quia
1690 2175 1917 2248 perdidit

328 2280 552 2335 formam
571 2322 585 2346 ,
628 2279 779 2351 cujus
816 2278 1144 2334 incremento
1188 2281 1370 2346 posset
1408 2271 1608 2343 pariter
1646 2282 1912 2325 crescere.

328 2373 455 2429 Exit
480 2387 611 2444 ergo
635 2373 811 2427 anima
836 2370 1051 2441 juvenis
1077 2375 1170 2422 aut
1194 2366 1339 2422 senis
1356 2404 1371 2429 ,
1406 2364 1493 2433 qui
1522 2375 1735 2417 manum
1753 2401 1767 2427 ,
1793 2374 1914 2414 cum

328 2473 474 2521 esset
513 2480 742 2536 parvus,
789 2462 999 2530 amisit,
1046 2461 1247 2517 habens
1275 2456 1489 2529 quidem
1532 2455 1665 2510 duas
1691 2466 1913 2517 manus,

328 2557 452 2629 quia
480 2572 582 2612 una
625 2555 890 2627 refugiens
917 2568 1024 2610 non
1075 2560 1159 2608 est
1196 2558 1465 2621 amputata
1503 2562 1626 2605 cum
1654 2560 1912 2618 corpore,

329 2646 425 2704 sed
447 2648 670 2704 alteram
694 2646 989 2717 iuvenilem
1014 2643 1099 2700 vel
1117 2643 1362 2709 senilem,
1385 2641 1608 2697 alteram
1635 2653 1761 2694 vero
1782 2638 1919 2693 sicut

338 2740 568 2810 primum
595 2737 786 2803 fuerat,
817 2724 1132 2792 infantilem.
1154 2733 1312 2791 Tales
1332 2732 1558 2798 animas,
1585 2730 1744 2786 crede
1766 2728 1916 2795 mihi,

329 2844 438 2887 non
458 2830 627 2885 forma
645 2828 885 2899 corporis
905 2825 1050 2893 facit,
1072 2824 1168 2882 sed
1188 2822 1386 2881 erroris
1406 2820 1717 2876 deformitas
1743 2816 1913 2888 ﬁngit.

329 2921 448 2977 Non
476 2919 608 2976 mihi
640 2918 839 2974 videris
874 2917 942 2973 ab
970 2916 1075 2974 isto
1099 2930 1286 2971 errore
1312 2927 1469 2984 posse
1491 2911 1636 2978 erui,
1676 2909 1778 2964 nisi
1809 2908 1922 2965 Deo

330 3012 615 3084 adjuvante
637 3010 919 3083 diligenter
937 3005 1362 3066 consideraveris
1382 3004 1493 3059 visa
1521 2988 1918 3066 somniantium,
1946 3046 1956 3056 .

333 3113 393 3161 et
419 3103 545 3159 inde
567 3101 900 3175 cognoveris
925 3114 1045 3156 esse
1083 3096 1340 3170 quasdam
1369 3110 1489 3167 quae
1517 3109 1622 3149 non
1664 3092 1773 3147 sint
1798 3105 1922 3146 cor-

331 3207 463 3265 pora
483 3232 501 3260 ,
528 3192 623 3250 sed
668 3190 1043 3248 similitudines
1084 3202 1390 3259 corporum.
1421 3184 1674 3255 Quamvis
1700 3183 1845 3239 enim
1870 3191 1926 3236 et

334 3300 398 3341 ea
425 3299 546 3355 qua:
568 3282 761 3339 similia
800 3280 1115 3352 corporibus
1143 3278 1466 3350 cogitamus,
1507 3291 1574 3332 ex
1618 3289 1684 3330 eo
1727 3287 1925 3344 genere

332 3375 443 3431 sint
471 3391 485 3429 :
518 3382 699 3430 tamen
737 3372 879 3444 quod
908 3371 975 3427 ad
1005 3379 1247 3427 mortuos
1276 3370 1494 3434 attinet,
1525 3367 1699 3438 aptior
1736 3363 1921 3435 conje-

335 3474 484 3521 ctura
510 3465 580 3521 de
620 3462 1012 3521 dormientibus
1048 3462 1279 3519 ducitur.
1324 3460 1508 3531 Neque
1545 3458 1690 3514 enim
1729 3455 1925 3512 frustra

338 3570 465 3622 cos,
493 3555 585 3627 qui
623 3554 820 3611 mortui
860 3563 986 3610 sunt
1012 3553 1244 3625 appellat
1282 3561 1465 3607 sancta
1494 3549 1767 3618 Scriptura
1796 3547 1925 3603 dor-

336 3648 565 3705 mientes
595 3647 639 3721 (ι
664 3646 839 3704 Thess.
868 3662 945 3715 iv,
977 3644 1067 3719 12)
1090 3686 1105 3713 ,
1134 3644 1234 3700 nisi
1274 3642 1397 3714 quia
1423 3651 1506 3698 est
1533 3637 1927 3711 quodammodo

335 3739 761 3811 consanguineus
805 3738 940 3796 lethi
981 3752 1145 3809 sopor
1183 3733 1403 3811 (Virgil.
1428 3773 1445 3801 ,
1483 3730 1699 3789 zE'neid.
1739 3730 1828 3787 lib.
1858 3730 1922 3798 6,

336 3848 467 3888 vers.
492 3832 643 3903 279).

408 3923 636 3981 CAPUT
662 3921 806 3979 XIX.
831 3952 904 3965 —
926 3922 1019 3979 29.
1048 3916 1285 3977 Proinde
1318 3919 1364 3975 si
1402 3918 1579 3973 anima
1604 3929 1800 3986 corpus
1836 3928 1929 3970 es-

338 4024 455 4085 set,
485 4024 540 4072 et
564 4029 823 4087 corporea
852 4023 997 4071 esset
1026 4013 1190 4085 ﬁgura
1218 4013 1269 4068 in
1299 4026 1403 4084 qua
1428 4025 1491 4067 se
1537 4009 1684 4065 videt
1716 4008 1772 4063 in
1823 4021 1917 4063 so-

337 4107 496 4174 mnis,
511 4106 728 4178 eoquod
752 4105 821 4162 de
841 4119 1067 4176 corpore
1090 4105 1207 4175 ejus
1222 4102 1412 4159 fuisset
1433 4113 1720 4172 expressa;
1751 4097 1929 4153 nullus

338 4198 617 4254 hominum
646 4196 888 4253 membro
910 4195 1153 4267 corporis
1177 4199 1474 4264 amputato,
1502 4191 1640 4246 sicut
1666 4204 1733 4245 eo
1757 4196 1927 4255 caret,

342 4291 418 4346 ita
442 4289 559 4345 sine
585 4288 681 4347 illo
718 4302 780 4345 se
806 4286 1015 4344 videret
1041 4286 1095 4341 in
1124 4285 1328 4343 somnis
1345 4324 1363 4351 ,
1391 4282 1487 4339 sed
1513 4281 1690 4353 potius
1717 4293 1931 4349 semper

345 4381 635 4452 integrum,
664 4394 731 4436 eo
757 4377 899 4451 quod
928 4378 1122 4434 anima:
1147 4377 1313 4448 ipsius
1338 4374 1467 4431 nihil
1500 4373 1661 4430 fuerit
1683 4380 1930 4441 amputa-

342 4480 478 4526 tum.
516 4468 651 4526 Cum
690 4484 820 4525 vero
852 4467 1137 4539 aliquando
1178 4481 1238 4523 se
1273 4467 1507 4537 integros
1540 4463 1787 4527 videant,
1827 4462 1931 4516 ali-

342 4560 558 4634 quando
581 4568 758 4616 autem
799 4559 937 4615 sicut
962 4568 1122 4626 sunt,
1152 4573 1220 4615 ex
1245 4569 1577 4629 quacumque
1604 4560 1755 4625 parte
1784 4562 1933 4608 trun-

343 4661 526 4718 ratos;
553 4650 679 4724 quid
705 4650 850 4707 aliud
875 4651 976 4707 ista
1000 4665 1089 4705 res
1113 4649 1271 4705 docet
1288 4689 1304 4716 ,
1353 4648 1455 4704 nisi
1482 4647 1716 4704 animam
1736 4687 1752 4714 ,
1794 4647 1932 4701 sicut

349 4745 570 4800 aliarum
598 4759 776 4801 rerum
803 4757 935 4815 quas
958 4742 1129 4799 sensit
1158 4741 1211 4796 in
1240 4741 1465 4808 somnis,
1490 4740 1562 4795 ita
1588 4748 1645 4796 et
1668 4752 1930 4808 corporis,

349 4834 507 4890 modo
528 4835 627 4901 sic,
653 4833 814 4889 modo
833 4833 935 4901 sic,
956 4846 1064 4888 non
1088 4832 1388 4896 veritatem,
1412 4829 1506 4885 sed
1529 4829 1931 4885 similitudinem

343 4926 567 4998 gerere?
605 4924 869 4982 Gaudium
905 4937 1034 4979 vero
1069 4922 1187 4994 ejus
1220 4920 1335 4978 sive
1365 4920 1613 4986 tristitia,
1650 4920 1934 4975 delectatio

345 5017 429 5073 vel
456 5016 679 5073 offensio
699 5059 714 5083 ,
746 5017 859 5072 sive
880 5014 950 5070 sit
976 5015 1028 5070 in
1053 5012 1395 5084 corporibus,
1426 5013 1540 5068 sive
1566 5012 1620 5067 in
1644 5026 1931 5081 corporum

346 5107 799 5175 similitudinibus,
819 5122 947 5163 vera
976 5115 1078 5163 est.
1103 5105 1183 5161 Tu
1209 5105 1323 5176 ipse
1350 5118 1528 5160 nonne
1553 5102 1754 5169 dixisti,
1777 5116 1933 5158 vere~

345 5216 449 5272 que
464 5200 667 5266 dixisti,
704 5218 724 5253 ι
748 5200 1013 5256 Alimenta
1035 5206 1094 5255 et
1111 5198 1426 5255 vestimenta
1448 5211 1556 5253 non
1575 5211 1697 5253 esse
1716 5196 1930 5262 animae,

345 5292 441 5348 sed
468 5294 679 5363 corpori
711 5292 1053 5348 necessaria?
1080 5310 1100 5344 ι
1130 5291 1242 5347 Cur
1267 5305 1396 5363 ergo
1425 5306 1578 5362 aquie
1607 5290 1804 5346 stillam
1834 5290 1935 5346 de-

346 5381 598 5437 sideravit
616 5382 755 5453 apud
777 5382 976 5438 inferos
998 5381 1185 5437 dives?
1209 5381 1318 5438 Cur
1337 5381 1551 5438 Samuel
1576 5390 1794 5437 sanctus
1815 5390 1938 5451 post

346 5484 576 5530 mortem
597 5516 612 5542 ,
641 5484 701 5528 ut
736 5475 850 5545 ipse
887 5488 1100 5545 quoque
1126 5474 1579 5540 commemorasti,
1610 5472 1773 5529 solito
1798 5472 1819 5504 ³
1850 5471 1934 5526 in-

346 5566 604 5623 damento
628 5568 853 5623 vestitus
880 5567 1125 5639 apparuit
1153 5565 1203 5639 (1
1231 5566 1356 5637 Reg.
1392 5581 1584 5634 xxviii,
1615 5564 1746 5636 lt)?
1775 5564 1937 5620 Num-

413 5733 430 5797 !
464 5739 541 5797 Er.
565 5740 618 5797 et
637 5728 769 5794 mm,
786 5731 831 5785 si
852 5732 922 5797 iit,
947 5733 1110 5795 Abest,
1135 5734 1194 5794 si,
1219 5746 1247 5785 a
1263 5736 1595 5797 manuscriptis
1621 5741 1669 5785 et
1697 5734 1757 5784 ab
1784 5742 1879 5782 Am.

412 5796 434 5827 ²
468 5796 603 5853 aditi,
621 5807 714 5844 non
735 5793 960 5845 utendis.

414 5856 435 5888 ³
469 5856 655 5919 Aliquot
676 5863 779 5907 Mss.
790 5890 804 5917 ,
828 5853 999 5908 solido.

1654 418 1851 473 LlBER
1891 414 2240 484 QUARTUS.

3479 418 3583 474 πη

2003 527 2127 598 quid
2160 528 2245 580 ille
2274 525 2453 580 ruinas
2477 526 2667 580 animm
2689 568 2703 591 ,
2734 526 2870 581 sicut
2895 527 3090 589 carnis,
3108 542 3201 595 per
3224 528 3463 584 humoris
3493 534 3584 584 aiio

2006 627 2241 672 mentum
2272 618 2491 673 reﬁcere
2526 618 2809 686 cupiebat?
2844 617 3108 688 Numquid
3136 620 3235 674 istc
3260 618 3327 675 de
3361 636 3587 690 corpore

2004 709 2227 775 vestitus
2255 710 2499 764 exierat?
2525 707 2722 765 Sed'iii
2754 710 2843 764 illo
2883 727 3002 765 vera
3035 721 3149 765 erat
3178 712 3450 780 moleStia,
3478 730 3582 784 qua

2006 801 2342 855 cruciabatur
2383 803 2588 866 anima;
2636 817 2739 854 non
2783 812 2958 855 tamen
3000 819 3182 857 verum
3228 818 3457 874 corpus,
3500 806 3584 860 cui

2007 901 2270 960 quaereret
2306 893 2576 948 alimenta.
2607 893 2670 947 Et
2697 894 2793 948 iste
2818 894 2895 948 sic
2923 894 3096 963 potuit
3132 910 3391 963 apparere
3425 897 3586 951 vesti-

2009 992 2114 1045 tus,
2145 993 2204 1037 ut
2239 999 2342 1038 non
2373 1000 2567 1055 corpus
2591 996 2736 1040 esset
2761 1027 2777 1051 ,
2807 984 2899 1040 sed
2928 986 3322 1040 similitudinem
3351 988 3591 1057 corporis

2011 1077 2233 1131 haberet
2269 1086 2322 1131 et
2348 1078 2525 1131 anima
2569 1086 2623 1133 et
2664 1076 2895 1132 habitus.
2926 1076 3108 1146 Neque
3134 1078 3276 1133 enim
3316 1093 3375 1134 se
3415 1078 3592 1132 anima

2010 1171 2149 1226 sicut
2176 1172 2227 1225 in
2253 1172 2489 1227 membra
2516 1174 2778 1243 corporis,
2813 1172 2883 1226 ita
2913 1181 2966 1227 et
2996 1174 3047 1226 in
3074 1173 3389 1228 vestimenta
3419 1174 3591 1242 porri-

2011 1264 2086 1333 git
2105 1271 2158 1317 et
2182 1274 2438 1331 coarctat,
2469 1273 2526 1318 ut
2552 1266 2711 1319 etiam
2740 1263 2861 1318 inde
2882 1262 3160 1318 formetur.

2083 1353 2170 1409 50.
2204 1355 2329 1409 Post
2357 1364 2583 1410 mortem
2622 1371 2750 1409 vero
2787 1370 2946 1425 quam
2991 1354 3096 1409 vim
3127 1354 3443 1425 cognitionis
3471 1370 3594 1410 cor-

2014 1446 2350 1516 ruptibilibus
2396 1457 2698 1502 exonerata:
2741 1447 3057 1515 corporibus
3101 1447 3292 1500 anima:
3335 1447 3598 1516 accipiant

2014 1537 2173 1591 etiam
2203 1552 2306 1591 non
2339 1538 2523 1603 bonae;
2557 1547 2615 1592 ut
2641 1538 2723 1592 vel
2751 1539 2951 1608 pariter
2980 1537 3179 1603 malas,
3206 1537 3289 1592 vel
3315 1537 3476 1592 etiam
3503 1537 3599 1593 bo.

2017 1644 2114 1685 nas
2132 1628 2344 1685 valeant
2363 1629 2702 1686 interioribus
2724 1629 2969 1685 sensibus
2989 1631 3180 1686 intueri
3205 1639 3259 1686 et
3283 1644 3592 1701 agnoscere,

2018 1721 2131 1776 sive
2161 1721 2215 1775 in
2242 1721 2372 1791 ipsis
2399 1735 2503 1775 non
2530 1722 2868 1791 corporibus,
2901 1722 2994 1777 sed
3023 1721 3456 1778 similitudinibus
3482 1737 3602 1778 cor-

2020 1826 2227 1880 porum,
2259 1812 2371 1868 sive
2401 1813 2453 1866 in
2486 1812 2638 1868 bonis
2666 1821 2758 1867 aut
2787 1813 2938 1870 malis
2968 1812 3338 1869 affectionibus
3366 1814 3561 1869 mentis
3582 1856 3598 1874 .

2020 1902 2072 1957 in
2100 1903 2294 1974 quibus
2334 1904 2478 1958 nulla
2506 1914 2630 1960 sunt
2661 1907 2810 1975 quasi
2844 1906 3163 1961 lineamenta
3200 1906 3562 1962 membrorum
3586 1949 3600 1970 ,

2018 1994 2137 2066 quis
2163 1995 2337 2051 valeat
2365 1996 2654 2068 indagare?
2682 1996 2835 2053 Unde
2859 2007 2941 2053 est
2969 2007 3025 2054 et
3053 1999 3202 2067 illud,
3233 2000 3374 2071 quod
3398 2011 3602 2069 patrem

2020 2085 2287 2141 Abraham
2312 2084 2462 2143 dives
2488 2088 2605 2151 ille,
2637 2104 2757 2143 cum
2788 2090 2841 2144 in
2870 2091 3149 2147 tormentis
3175 2100 3336 2157 esset,
3366 2096 3603 2163 agnovit,

2019 2176 2104 2232 cui
2133 2176 2298 2247 ﬁgura
2325 2179 2564 2248 corporis
2592 2180 2708 2250 ejus
2735 2197 2840 2236 non
2865 2191 2981 2237 erat
3007 2192 3150 2246 nota,
3180 2184 3606 2255 cujustcnrporis

2021 2270 2417 2326 similitudinem
2439 2272 2683 2342 quamvis
2703 2274 3017 2343 incorporea
3046 2276 3061 2306 ⁸
3091 2275 3255 2345 potuit
3281 2277 3456 2331 anima
3477 2278 3607 2333 reti-

2022 2375 2168 2415 nere.
2197 2362 2328 2428 Quis
2347 2372 2521 2418 autem
2554 2372 2700 2419 recte
2716 2364 2876 2430 dicat,
2890 2379 2949 2419 se
2970 2362 3200 2433 aliquem
3216 2366 3482 2420 hominem
3510 2382 3606 2422 co-

2021 2454 2297 2526 gnovisse,
2325 2454 2425 2510 nisi
2458 2456 2509 2510 in
2539 2464 2794 2525 quantum
2822 2457 2992 2528 potuit
3025 2458 3144 2526 ejus
3171 2459 3331 2512 vitam
3360 2461 3607 2514 volunta—

2023 2557 2236 2621 temque
2273 2563 2624 2620 cognoscere,
2670 2565 2790 2621 quac
2813 2550 2991 2621 utique
3011 2551 3181 2605 moles
3202 2565 3306 2605 non
3331 2552 3487 2606 habet
3521 2553 3605 2607 vel

2022 2642 2267 2699 colores?
2294 2643 2386 2699 Sic
2414 2644 2554 2698 enim
2585 2651 2640 2698 et
2668 2657 2765 2698 nos
2795 2643 2938 2713 ipsos
2977 2644 3173 2698 certius
3200 2658 3359 2713 quam
3384 2653 3610 2699 caeteros

2022 2733 2299 2799 novimus,
2339 2734 2464 2805 quia
2503 2733 2657 2788 nobis
2695 2732 3021 2788 conscientia
3060 2739 3240 2788 nostra
3272 2741 3393 2787 nota
3438 2744 3519 2788 cst
3557 2743 3613 2789 et

2024 2827 2304 2881 voluntas:
2335 2840 2492 2897 quam
2523 2826 2677 2896 plane
2704 2823 2975 2890 videmus,
3015 2833 3072 2880 ct
3109 2825 3161 2879 in
3190 2839 3252 2879 ea
3294 2832 3471 2879 tamen
3508 2825 3608 2879 ali-
3654 2882 3665 2889 ε

2025 2934 2183 2990 quam
2221 2919 2462 2989 corporis
2487 2918 2884 2973 similitudinem
2925 2932 3030 2972 non
3066 2917 3329 2974 videmus.
3372 2917 3519 2972 Hanc
3558 2918 3610 2973 in

2026 3011 2132 3066 alio
2159 3011 2403 3081 quamvis
2431 3020 2692 3081 praesente
2714 3026 2817 3064 non
2838 3009 3126 3074 cernimus,
3150 3009 3310 3065 etiam
3336 3009 3485 3079 cujus
3515 3010 3612 3065 ab-

2025 3101 2194 3157 sentis
2210 3099 2397 3156 faciem
2420 3100 2685 3166 novimus,
2704 3099 3010 3164 recolimus,
3033 3099 3345 3170 cogitamus.
3365 3099 3613 3156 Nostram

2026 3210 2156 3250 vero
2182 3194 2369 3249 faciem
2414 3209 2481 3249 eo
2511 3193 2669 3248 modo
2697 3207 2886 3258 nosse,
2930 3191 3201 3259 recolere,
3233 3193 3468 3263 cogitare
3507 3207 3612 3248 non

2028 3302 2333 3359 possumus,
2356 3295 2411 3343 et
2432 3298 2609 3360 tamen
2636 3301 2733 3341 nos
2755 3286 2899 3356 ipsos
2918 3285 3071 3341 nobis
3092 3286 3257 3355 magis
3282 3302 3440 3356 quam
3467 3286 3614 3341 illum

2028 3382 2297 3451 cognitum
2327 3381 2605 3436 verissime
2641 3378 2905 3434 dicimus:
2938 3379 3007 3433 ita
3036 3379 3242 3434 clarum
3286 3388 3395 3446 est,
3428 3379 3517 3434 ubi
3548 3380 3618 3434 sit

2030 3472 2205 3543 potior
2226 3471 2457 3527 hominis
2482 3472 2765 3542 veriorque
2792 3470 2997 3526 notitia.
3091 3473 3094 3477 ’

2099 3562 2326 3619 CAPUT
2362 3563 2482 3620 XX.
2511 3593 2585 3605 —
2608 3564 2696 3620 51.
2727 3563 2859 3618 Cum
2890 3578 3019 3633 ergo
3043 3562 3183 3617 aliud
3213 3563 3283 3617 sit
3310 3561 3362 3617 in
3400 3563 3574 3618 anima
3597 3607 3613 3630 ,

2029 3669 2137 3725 quo
2177 3669 2400 3724 corpora
2440 3670 2566 3710 vera
2597 3654 2858 3710 sentimus
2882 3696 2897 3720 ,
2936 3652 3081 3724 quod
3125 3652 3346 3709 facimus
3385 3654 3619 3724 quinque

2031 3746 2274 3802 sensibus
2299 3747 2569 3817 corporis;
2600 3746 2742 3801 aliud
2768 3761 2874 3817 quo
2897 3754 3090 3815 przeter
3112 3746 3255 3817 ipsos
3279 3746 3469 3801 similia
3495 3761 3620 3800 cor-

2033 3837 2256 3908 poribus
2286 3853 2391 3891 non
2419 3852 2644 3907 corpora
2671 3838 2970 3903 cernimus,
3004 3837 3091 3892 ubi
3131 3846 3185 3892 et
3214 3852 3311 3891 nos
3341 3838 3485 3907 ipsos
3511 3853 3618 3891 non

2032 3930 2189 3985 aliter
2216 3946 2373 4002 quam
2405 3931 2606 3986 similes
2632 3929 2945 4000 corporibus
2969 3938 3318 3996 contuemur;
3350 3928 3488 3984 aliud
3514 3946 3621 3997 quo

2032 4037 2133 4079 nec
2157 4037 2381 4093 corpora
2412 4038 2511 4078 nec
2530 4022 2904 4078 similitudines
2927 4036 3231 4092 corporum,
3265 4022 3400 4077 sicut
3427 4021 3581 4075 fidem
3603 4064 3616 4085 ,

2033 4129 2213 4186 spem,
2260 4113 2758 4181 charitatem,.sine
2783 4112 2907 4168 ullis
2944 4112 3211 4168 coloribus
3239 4122 3294 4168 et
3324 4111 3622 4167 tumoribus

2032 4221 2323 4277 eorumque
2371 4204 2837 4271 similitudinibus,
2883 4204 3082 4260 certius
3131 4217 3260 4258 sane
3312 4202 3622 4271 ﬁrmiusque

2034 4299 2391 4368 miispicimus
2410 4314 2425 4364 ;
2441 4298 2530 4352 ubi
2552 4297 2719 4368 magis
2739 4310 2859 4352 esse
2882 4304 2937 4351 et
2963 4294 3191 4366 quodam
3215 4293 3373 4350 modo
3400 4293 3622 4348 familia-

2036 4390 2146 4443 rius
2187 4388 2425 4443 habitare
2454 4388 2738 4454 debemus,
2784 4386 2875 4442 ubi
2914 4385 3163 4441 renovari
3202 4385 3256 4439 in
3295 4385 3621 4456 agnitionem

2037 4479 2131 4534 Dei
2159 4478 2449 4535 secundum
2480 4479 2761 4549 imaginem
2795 4478 2911 4548 ejus
2938 4476 3026 4547 qui
3055 4477 3255 4532 creavit
3282 4474 3415 4529 nos?
3441 4490 3620 4530 nonne
3669 4479 3673 4482 ’

2038 4571 2089 4623 ln
2119 4568 2221 4623 hoc
2243 4567 2385 4640 quod
2418 4568 2573 4624 tertio
2603 4569 2721 4624 loco
2756 4567 2948 4638 posui?
2978 4566 3052 4621 lbi
3095 4566 3237 4621 enim
3265 4573 3411 4620 certe
3450 4580 3622 4635 neque

2038 4660 2201 4714 ullum
2228 4674 2451 4728 sexum,
2490 4675 2662 4731 neque
2691 4659 2849 4714 ullam
2889 4673 3053 4714 sexus
3094 4656 3497 4712 similitudinem
3528 4672 3621 4727 ge-

2038 4753 2225 4806 rimus.

2108 4842 2198 4900 52.
2226 4842 2357 4897 Nam
2379 4842 2465 4897 illa
2491 4842 2798 4899 masculina:
2819 4843 2899 4897 vel
2926 4841 3195 4897 femininre
3215 4842 3406 4896 animae
3430 4839 3619 4909 forma,

2038 4933 2294 4989 membris
2322 4933 2565 4988 virilibus
2605 4933 3057 5003 muliebribusque
3097 4931 3379 4998 distincta,
3429 4932 3475 4987 si
3521 4948 3637 4986 non.

2038 5025 2280 5095 corporis
2317 5023 2637 5089 similitudo,
2684 5022 2779 5079 sed
2819 5038 3016 5093 corpus
3054 5032 3172 5090 est,
3211 5022 3349 5079 velis
3378 5024 3520 5080 nolis
3547 5032 3633 5078 cst-

2041 5117 2341 5186 masculus,
2382 5118 2518 5173 velis
2555 5117 2694 5172 nolis
2742 5125 2824 5172 est
2865 5115 3094 5183 femina,
3148 5131 3497 5191 quaecumque
3539 5129 3633 5174 aut

2043 5208 2309 5264 masculus
2333 5216 2563 5279 apparet
2581 5216 2673 5262 aut
2714 5207 2930 5263 femina.
2961 5206 3071 5264 Sed
3100 5216 3276 5262 tamen
3319 5207 3403 5262 si'
3431 5222 3631 5263 secun-

2042 5301 2168 5356 dum
2201 5310 2344 5358 tuam
2372 5301 2679 5372 opinionem
2714 5308 2768 5355 et
2791 5315 2985 5370 corpus
3020 5308 3102 5356 est
3132 5300 3306 5354 anima
3329 5342 3345 5367 ,
3373 5308 3428 5355 et
3452 5301 3630 5353 vivum

2041 5407 2236 5464 corpus
2257 5402 2360 5459 cst,
2380 5404 2433 5448 et
2450 5392 2608 5449 habet
2627 5407 2888 5448 mammas
2903 5391 3232 5463 protumidas
3249 5400 3302 5447 et
3325 5390 3631 5462 propendu-

2046 5486 2145 5555 las,
2175 5495 2230 5543 et
2257 5502 2362 5541 non
2388 5486 2545 5544 habet
2575 5486 2816 5553 barbam,
2844 5494 2898 5542 et
2924 5485 3083 5543 habet
3112 5484 3321 5541 vulvam
3349 5493 3401 5539 et
3424 5483 3643 5554 genita-

2111 5669 2126 5701 ¹
2163 5667 2235 5718 sic
2257 5673 2355 5715 Am.
2387 5673 2460 5716 Er.
2508 5673 2561 5717 et
2593 5665 2759 5730 plures
2790 5665 3117 5728 manuscripti.
3161 5668 3215 5711 At
3245 5668 3377 5719 Lov.,
3414 5657 3631 5717 income.

2045 5742 2247 5841 retimtiic
2268 5790 2503 5850 addimus,
2541 5790 2616 5849 si,
2643 5803 2704 5839 ex
2738 5787 3111 5849 manuscrlptis:
3159 5792 3209 5835 ct
3253 5781 3373 5831 ln'ra
3416 5776 3635 5827 restitui-

2046 5869 2170 5917 mus,
2195 5866 2376 5918 egone;
2399 5866 2504 5916 pro,
2537 5866 2727 5918 ergone.
