4096 6502
496 383 598 438 διδ

498 495 568 548 lia
596 507 712 560 qua:
743 489 938 544 habent
968 487 1179 543 feminze
1206 488 1446 556 corporis
1473 485 1707 539 membra
1728 525 1744 549 ,
1777 491 1829 536 et
1863 496 1968 534 non
1995 487 2077 531 est

500 585 693 639 ‘emina
720 599 735 638 :
765 595 933 652 egone
959 596 1063 636 non
1092 579 1266 634 dicam
1298 594 1420 634 vera
1449 577 1802 640 constantius,
1831 573 1898 628 Et
1925 573 2083 626 habet

512 676 734 737 iculum,
766 683 820 728 et
846 671 1004 726 habet
1035 671 1288 740 linguam,
1317 679 1369 724 et
1396 666 1552 722 habet
1576 668 1819 736 digitum,
1850 674 1904 720 et
1930 662 2086 716 habet

517 776 694 820 uetera
717 763 908 818 similia
939 764 1180 831 corporis
1207 761 1465 826 membra,
1496 768 1550 814 ει
1585 759 1697 812 lucc
1729 766 1835 812 tota
1861 764 1943 810 est
1968 770 2088 810 cor-

523 855 646 909 ioris
667 853 977 920 similitudo,
1008 867 1112 906 non
1140 867 1334 920 corpus
1358 869 1371 904 :
1403 866 1524 905 cum
1553 851 1652 904 hoc
1677 847 1818 918 quod
1841 861 1940 916 ego
1965 844 2088 898 dico

521 945 688 998 irobet
709 943 850 1014 apud
878 959 936 997 se
963 944 1208 1013 quisque,
1241 957 1361 998 cum
1389 954 1616 1010 corpora
1644 938 1960 1004 imaginatur
1987 933 2086 986 ab-

499 1036 766 1099 sentiuin;
799 1033 987 1103 probet
1011 1043 1191 1098 certe,
1223 1047 1343 1086 cum
1372 1030 1566 1099 ﬁguras
1605 1037 1660 1083 et
1697 1041 1847 1080 suam
1875 1034 1928 1079 et
1957 1023 2089 1077 alias

497 1141 716 1179 suorum
741 1126 925 1180 recidit
947 1124 1274 1178 somniorum
1299 1141 1314 1175 :
1347 1138 1374 1175 a
1399 1130 1450 1176 te
1469 1129 1643 1174 autem
1669 1119 1826 1186 hujus
1843 1115 2088 1178 monstri,

502 1218 592 1271 ubi
617 1225 672 1271 ct
698 1232 879 1270 verum
909 1225 1008 1276 est.
1041 1224 1094 1270 et
1125 1214 1302 1268 vivum
1329 1222 1432 1278 est,
1463 1221 1516 1266 et
1542 1209 1830 1264 femineum
1861 1214 1945 1260 est
1969 1220 2092 1259 cor-

503 1321 620 1376 pus,
649 1318 702 1362 et
729 1307 990 1361 femineus
1019 1322 1122 1360 non
1150 1315 1229 1360 est
1259 1319 1439 1369 sexus,
1478 1303 1683 1357 nullum
1709 1301 1762 1355 iu
1790 1308 1976 1353 natura
1997 1312 2086 1352 rc-

502 1407 622 1454 runt
650 1399 952 1470 proferatur
973 1397 1312 1468 exemplum?

573 1491 663 1546 3'5.
697 1490 846 1557 Quod
887 1489 1029 1544 enim
1061 1489 1126 1543 de
1173 1488 1418 1558 plimnice
1465 1485 1734 1556 loqueris,
1765 1483 1832 1538 ad
1875 1481 2090 1538 rem-de

501 1595 605 1650 qua
655 1582 827 1649 agitur
879 1581 1096 1635 omnino
1155 1596 1262 1634 non
1317 1579 1564 1649 pertinet.
1622 1574 2090 1632 Resurrectionem

503 1673 700 1742 quippe
729 1673 814 1726 illa
845 1673 1108 1741 signiﬁcat
1134 1687 1417 1741 corporum
1439 1710 1456 1736 ,
1503 1686 1609 1726 non
1639 1685 1826 1726 sexum
1865 1668 2094 1723 destruit

501 1764 798 1817 animarum
825 1781 838 1816 :
868 1763 913 1816 si
946 1773 1159 1826 tamen,
1192 1772 1250 1816 ut
1274 1761 1530 1826 creditur,
1573 1761 1642 1815 de
1677 1775 1774 1814 sua
1805 1768 1975 1814 morte
2001 1773 2090 1813 re-

502 1857 756 1910 nascitur.
787 1855 891 1910 Sed
933 1855 1166 1909 arbitror
1203 1853 1342 1922 quod
1377 1861 1527 1908 tuum
1569 1867 1874 1907 sermonem
1904 1865 2090 1918 parum

502 1947 772 2016 putaveris
801 1946 916 2002 fore
947 1946 1302 2016 plausibilem,
1335 1947 1382 1999 si
1408 1960 1513 1998 non
1547 1943 1711 1997 multa
1749 1941 1818 1997 de
1849 1941 2093 2011 phoenice

500 2055 652 2095 more
677 2039 1097 2094 adolescentium
1131 2037 1479 2092 declamares.
1511 2034 1775 2106 Numquid
1802 2036 1944 2090 enim
1970 2044 2095 2089 sunt

500 2131 556 2186 in
582 2131 696 2198 ejus
725 2145 951 2199 corpore
980 2130 1231 2198 genitalia
1265 2129 1557 2183 masculina
1593 2137 1648 2182 ct
1679 2143 1783 2182 non
1827 2135 1910 2182 est
1973 2143 2092 2181 ma-

503 2222 706 2284 sculus,
737 2222 818 2276 vel
849 2221 1101 2276 feminina
1127 2229 1182 2276 et
1210 2230 1418 2275 nonest
1444 2220 1674 2274 femina?
1705 2219 1782 2274 Tu
1805 2228 1981 2274 autem
2007 2226 2094 2272 at-

505 2313 662 2368 tende
686 2313 811 2383 quid
839 2313 1008 2378 dicas,
1036 2312 1162 2381 quid
1184 2322 1447 2375 astruere,
1477 2311 1602 2381 quid
1635 2310 1960 2380 persuadere
1995 2323 2091 2364 co-

503 2404 670 2459 neris.
723 2403 972 2456 Animam
1014 2403 1147 2457 dicis
1191 2418 1287 2470 per
1335 2413 1524 2456 cuncta
1568 2403 1805 2456 membra
1849 2401 2094 2454 diffusam

503 2493 732 2564 gelando
757 2495 1005 2562 riguisse,
1033 2502 1088 2549 et
1113 2509 1140 2546 a
1169 2493 1370 2548 vertice
1397 2507 1565 2562 usque
1599 2491 1665 2546 ad
1709 2492 1813 2546 ima
1839 2491 2057 2560 vestigia
2077 2531 2090 2557 ,

503 2602 533 2637 a
561 2583 812 2638 medullis
849 2583 1047 2638 intimis
1084 2599 1252 2652 usque
1279 2583 1342 2635 ad
1375 2581 1711 2652 superﬁciem
1739 2581 1898 2648 cutis,
1931 2589 2092 2636 totam

507 2677 673 2728 totius
699 2675 968 2744 accepisse
991 2675 1234 2745 corporis
1266 2674 1488 2728 formam
1515 2691 1528 2728 :
1557 2689 1622 2730 ac
1645 2688 1739 2742 per
1767 2672 1868 2726 hoc
1892 2673 2096 2741 accepit

509 2765 563 2818 in
591 2763 822 2820 femineo
849 2779 1072 2834 corpore
1106 2764 1358 2834 quidquid
1386 2765 1582 2820 habent
1625 2764 1976 2819 femineorum
2006 2763 2091 2819 vi-

504 2872 717 2912 scerum
741 2856 970 2924 feminae,
999 2866 1052 2911 et
1079 2873 1260 2911 verum
1286 2866 1368 2911 est
1394 2857 1497 2912 hoc
1518 2871 1733 2926 corpus,
1753 2866 1808 2911 et
1833 2856 1948 2910 [nec
1971 2871 2094 2910 vera

503 2958 629 3002 sunt
659 2949 916 3013 membra,
945 2957 998 3002 et
1020 2958 1195 3002 tamen
1220 2963 1322 3002 non
1353 2955 1435 3002 est
1463 2947 1678 3002 femina.
1708 2947 1836 3012 Cur,
1863 2946 2089 3001 obsecro

505 3049 558 3095 te
578 3083 593 3105 ,
641 3045 692 3096 in
725 3056 852 3096 vero
879 3051 930 3096 et
960 3041 1082 3096 vivo
1108 3056 1330 3112 corpore
1370 3042 1546 3094 omnia
1576 3048 1696 3094 sunt
1739 3040 1978 3095 membra
2009 3041 2090 3094 fe-

501 3130 712 3198 minea,
753 3139 810 3186 et
847 3140 1074 3198 nonest
1115 3129 1346 3197 femina;
1395 3131 1448 3185 in
1477 3146 1605 3186 vero
1633 3139 1689 3186 et
1723 3131 1844 3185 vivo
1869 3145 2096 3200 corpore

501 3219 742 3276 membra
770 3231 892 3276 sunt
920 3222 1095 3275 omnia
1121 3221 1428 3286 masculina,
1461 3229 1516 3276 et
1541 3235 1646 3276 non
1681 3229 1764 3275 est
1790 3221 2094 3275 masculus?

503 3311 634 3380 Quis
660 3311 756 3365 ista
787 3312 1032 3377 credere,
1063 3311 1260 3378 dicere,
1293 3311 1489 3367 docere
1518 3313 1838 3381 praesumat?
1865 3313 1943 3365 An
1971 3313 2092 3382 quia

501 3417 608 3456 non
634 3412 890 3472 generant
923 3401 1148 3456 animai?
1184 3401 1326 3472 Ergo
1366 3417 1469 3456 nec
1507 3402 1636 3456 muli
1677 3411 1732 3457 et
1771 3401 1927 3456 mulae
1971 3410 2096 3457 sunt

502 3494 722 3548 masculi
743 3502 797 3548 et
817 3492 1050 3548 feminae.
1082 3495 1163 3548 An
1191 3494 1312 3564 quia
1347 3509 1445 3548 nec
1465 3493 1823 3548 conetunbere
1846 3503 2096 3563 poterunt

502 3583 618 3638 sine
643 3583 852 3638 carneis
880 3585 1194 3653 corporibus
1218 3585 1450 3638 animm?
1493 3585 1598 3640 Sed
1650 3585 1750 3640 hoc
1778 3584 2016 3639 aufertur
2042 3594 2097 3640 et

501 3673 587 3726 his
606 3674 694 3744 qui
715 3683 1020 3728 castrantur
1045 3691 1058 3728 :
1084 3683 1138 3730 et
1161 3685 1337 3729 tamen
1361 3690 1481 3728 cum
1504 3675 1583 3730 eis
1602 3675 1865 3729 adimatur
1887 3685 1940 3730 et
1961 3691 2095 3745 opus

502 3772 558 3822 ct
579 3774 776 3830 motus,
803 3779 910 3818 non
941 3763 1192 3818 adimitur
1217 3779 1395 3828 sexus,
1421 3765 1586 3834 ﬁgura
1614 3765 2094 3834 quantiilacunrmc

503 3855 917 3908 masculinorum
945 3865 1196 3909 manente
1236 3857 1620 3910 membrorum.
1651 3856 1820 3911 Nemo
1862 3873 2092 3926 unquam

505 3945 798 3999 masculum
849 3947 1061 4016 negavit
1103 3948 1430 4002 eunuchum.
1480 3949 1614 4014 Quid
1665 3948 1806 4018 quod
1853 3949 1992 4018 apud
2043 3959 2100 4006 te

501 4036 694 4088 anima:
723 4036 884 4089 etiam
909 4038 1276 4090 cunuchorum
1317 4047 1480 4093 testes
1519 4040 1751 4108 integros
1783 4039 2009 4107 habent,
2041 4051 2096 4096 et

501 4126 546 4180 si
587 4126 831 4196 cuiquam
863 4129 1110 4197 genitalia
1157 4145 1374 4198 prorsus
1421 4139 1530 4184 tota
1578 4132 1850 4197 tollantur,
1893 4141 1998 4187 tota
2037 4134 2092 4188 in

503 4217 620 4285 ejus
648 4220 856 4284 anima,
887 4219 1180 4274 secundum
1217 4223 1524 4290 opinionem
1553 4231 1730 4290 tuam,
1779 4234 1833 4280 et
1873 4229 2094 4280 omnino

505 4309 708 4378 integra
743 4311 1160 4379 permanebunt?
1190 4312 1343 4367 Novit
1368 4314 1509 4368 enim
1538 4329 1596 4370 se
1625 4316 1970 4381 subtrahere,
1990 4319 2090 4372 sic-

511 4409 567 4454 ut
607 4401 772 4466 dicis,
809 4417 929 4456 cum
977 4418 1037 4456 ea
1079 4419 1202 4473 pars
1246 4407 1423 4461 carnis
1463 4408 1687 4478 coeperit
1723 4410 1994 4474 enecari;
2027 4419 2086 4466 ut

505 4507 566 4546 ea
597 4491 767 4548 forma
813 4510 933 4564 qua:
977 4495 1101 4550 inde
1144 4506 1353 4566 sumpta
1399 4508 1515 4566 est,
1560 4501 1772 4569 quando
1799 4501 1921 4556 illud
1956 4503 2094 4559 unde

505 4595 716 4654 sumpta
757 4595 840 4641 est
867 4597 1196 4654 amputatur,
1235 4606 1339 4643 non
1375 4599 1587 4657 pereat;
1619 4592 1711 4645 sed
1739 4594 1980 4662 quamvis
2012 4594 2062 4647 in

506 4675 619 4731 fusa
651 4679 928 4746 gelavcrit,
957 4689 1101 4734 motu
1131 4689 1304 4734 tamen
1333 4682 1616 4736 celerrimo
1645 4683 1897 4751 rapiatur,
1927 4693 1980 4738 et
2009 4685 2094 4739 in-

501 4770 670 4822 terius
700 4769 1044 4837 recondatur,
1088 4780 1145 4824 ut
1175 4771 1317 4825 salva
1365 4781 1644 4827 servetur:
1674 4783 1726 4828 et
1773 4783 1946 4828 tamen
1986 4791 2091 4829 non

500 4858 571 4912 sit
597 4861 863 4914 masculus
892 4861 1032 4931 apud
1062 4861 1292 4928 inferos,
1336 4865 1750 4918 masculiuornm
1783 4867 2092 4934 genitalium

501 4966 683 5005 secum
709 4953 939 5008 alierens
968 4956 986 4985 ί
1020 4965 1185 5010 totum
1210 4998 1223 5016 .
1257 4957 1345 5026 qui
1377 4973 1496 5010 eum
1527 4959 1614 5012 illa
1654 4959 1705 5013 in
1733 4975 1958 5030 corpore
1987 4979 2094 5018 non

502 5039 762 5108 haberet,
791 5045 1058 5098 masculus
1088 5045 1186 5100 fuit
1229 5058 1446 5116 pmptcr
1475 5063 1657 5102 eorum
1689 5053 1858 5104 solum
1890 5053 2090 5107 locum.

505 5128 659 5183 Falsa
687 5141 809 5184 sunt
834 5132 968 5194 haec,
998 5133 1072 5188 ﬁli
1098 5153 1110 5187 :
1137 5137 1181 5190 si
1208 5153 1313 5191 non
1341 5138 1420 5193 vis
1450 5147 1504 5193 ut
1526 5141 1595 5194 sit
1622 5140 1673 5194 in
1699 5143 1873 5196 anima
1899 5158 2090 5210 sexus;

505 5237 610 5275 non
643 5221 712 5274 sit
737 5231 789 5274 et
817 5238 1034 5290 corpus.

575 5313 800 5368 CAPUT
833 5315 1162 5372 XXl.—34.
1191 5318 1306 5372 Non
1329 5323 1502 5377 omnis
1532 5325 1823 5378 similitudo
1845 5329 2095 5396 corporis

505 5419 699 5472 corpus
731 5413 832 5460 est.
869 5407 1067 5474 Donni,
1095 5418 1147 5462 et
1179 5409 1381 5466 videbis
1407 5431 1418 5464 :
1453 5415 1544 5468 sed
1576 5431 1694 5469 cum
1726 5418 2089 5486 evigilaveris,

507 5495 789 5565 vigilanter
817 5495 1061 5552 discerne
1088 5498 1228 5568 quod
1259 5501 1470 5556 videris.
1509 5504 1564 5558 In
1594 5509 1796 5560 somnis
1825 5510 1965 5562 enim
2001 5511 2092 5564 tibi

507 5590 653 5643 velut
693 5603 984 5658 corporeus
1026 5590 1310 5660 apparebis
1344 5609 1357 5645 :
1403 5611 1571 5665 neque
1603 5598 1653 5652 id
1683 5615 1877 5671 corpus
1911 5611 2089 5671 tuum,

571 5717 752 5798 “‘Bditi,
777 5720 1016 5798 mirareris.
1059 5728 1113 5770 At
1144 5734 1325 5798 omnes
1360 5737 1507 5798 prope
1546 5735 1668 5798 !_ttss_..
1705 5733 1910 5798 «mtrem
1945 5747 1962 5782 :
1987 5749 2084 5798 quo

512 5781 659 5829 verbo
683 5789 972 5830 nioustt'atur
985 5785 1298 5832 contrarietas
1317 5781 1522 5838 indictis
1549 5791 1694 5852 ipsius
1719 5781 1932 5844 Victoris.

1389 373 1476 428 DE
1513 370 1725 427 ANIMA
1769 368 1853 424 ET
1896 365 2057 424 EJUS
2096 363 2396 430 ORIUINE,
2437 363 2494 420 S.
2537 362 2905 420 AUGUSTINI

3673 371 3785 428 564

2197 476 2289 531 sed
2319 478 2491 531 anima
2523 487 2631 542 tua,
2658 493 2755 532 nec
2782 493 2965 532 verum
2997 493 3206 550 corpus,
3238 478 3330 536 sed
3359 477 3651 538 similitudo
3667 501 3786 538 coro

2198 569 2342 636 poris
2362 569 2481 622 erit.
2504 567 2709 622 Jacebit
2734 571 2877 624 enim
2899 585 3093 638 corpus
3121 580 3289 638 tuum,
3313 571 3607 628 ambulabit
3632 575 3744 644 ipsa
3769 594 3780 627 :

2197 661 2372 736 silebit
2397 661 2570 730 lingua
2599 661 2840 730 corporis
2873 663 2968 728 tui,
3002 663 3248 733 loquetur
3274 663 3363 721 illa
3388 683 3400 718 :
3430 666 3598 721 clausi
3626 679 3788 723 erunt

2196 752 2335 806 oeuli
2369 753 2463 820 tui,
2492 753 2691 808 videbit
2718 753 2802 806 illa
2831 772 2844 807 :
2872 765 2925 808 et
2956 757 3136 826 utique
3178 757 3409 812 viventia
3432 758 3682 828 jaccbunt
3711 771 3786 816 ιιιι

2197 845 2439 913 corporis
2465 847 2707 901 membra
2730 889 2744 910 ,
2775 864 2882 904 non
2918 858 3146 905 mortua.
3179 853 3257 906 Ac
3297 867 3393 922 per
3424 855 3524 908 hoc
3549 855 3785 911 nondum

2195 944 2430 989 extracta
2475 946 2555 990 est
2581 937 2727 992 velut
2764 938 2833 994 de
2872 940 3060 1010 vagina
3099 957 3215 1006 sua,
3253 942 3426 1013 gelata
3461 942 3552 999 illa
3577 943 3745 1000 forma
3769 987 3784 1012 ,

2197 1027 2336 1078 sicut
2362 1035 2516 1094 putas
2537 1066 2551 1093 ,
2593 1027 2785 1082 animae
2827 1038 2931 1084 tuze
2951 1071 2968 1097 ,
3012 1039 3068 1086 et
3097 1031 3151 1086 in
3189 1047 3252 1086 ea
3284 1041 3460 1088 tamen
3493 1043 3600 1088 tota
3628 1045 3788 1106 atque

2198 1116 2401 1186 integra
2422 1120 2659 1174 cernitur
2677 1121 2967 1178 similitudo
2994 1126 3172 1182 carnis
3205 1135 3331 1181 tuae.
3366 1128 3442 1182 Ex
3467 1127 3567 1183 hoc
3591 1144 3786 1200 genere

2197 1209 2600 1266 similitudinum
2646 1215 3036 1283 corporalium,
3077 1232 3197 1286 qua:
3233 1233 3340 1272 non
3383 1233 3606 1289 corpora
3651 1221 3790 1274 sicut

2198 1313 2425 1370 corpora
2453 1311 2748 1371 apparent,
2798 1313 2925 1359 sunt
2962 1305 3144 1361 omnia
3191 1323 3310 1376 qua:
3345 1318 3557 1364 sanctos
3600 1308 3790 1365 Libros

2199 1391 2383 1460 legens
2413 1393 2818 1462 in'propheticis
2847 1396 3008 1451 etiam
3039 1399 3336 1454 visionibus
3355 1416 3459 1454 non
3491 1401 3742 1473 intelligis
3772 1420 3787 1459 :

2197 1484 2388 1552 quibus
2417 1485 2786 1554 signiﬁcantur
2810 1503 2870 1543 ea
2899 1505 3018 1560 quae
3045 1501 3305 1561 geruntur
3335 1493 3386 1548 in
3421 1495 3784 1565 temporibus,

2199 1574 2281 1628 vel
2300 1577 2572 1644 praesenti,
2595 1577 2681 1630 vel
2707 1581 3000 1648 praeterito,
3024 1583 3106 1636 vel
3129 1581 3327 1640 futuro.
3360 1585 3588 1642 Falleris
3610 1597 3788 1642 autem

2199 1665 2252 1720 in
2296 1667 2405 1734 eis,
2439 1682 2543 1722 non
2571 1669 2695 1738 quia
2723 1681 2848 1725 sunt
2886 1674 2999 1742 ipsa
3043 1672 3250 1730 fallacia
3273 1717 3288 1742 ,
3319 1676 3414 1732 sed
3440 1679 3562 1748 quia
3594 1694 3699 1734 non
3727 1695 3791 1736 ea

2198 1755 2336 1810 sicut
2376 1757 2684 1827 accipienda
2732 1769 2857 1814 sunt
2897 1762 3116 1832 accipis.
3169 1763 3272 1820 Ubi
3317 1767 3460 1821 enim
3502 1768 3628 1823 visa:
3667 1779 3793 1826 sunt

2198 1853 2388 1907 anima:
2419 1863 2709 1926 martyrum
2733 1857 2912 1928 (Apoc.
2942 1875 3014 1926 vt,
3043 1858 3132 1931 9),
3161 1859 3216 1916 in
3246 1861 3434 1917 eadem
3467 1863 3786 1918 revelatione

2199 1944 2342 1998 visus
2361 1953 2442 1998 est
2462 1954 2516 1999 et
2530 1960 2698 2016 agnus
2725 1949 2875 2018 quasi
2893 1951 3122 2017 occisus,
3145 1951 3350 2008 habens
3369 1968 3566 2009 cornua
3586 1965 3786 2025 septem

2199 2032 2310 2102 (Id.
2339 2049 2392 2100 v,
2416 2033 2504 2106 6):
2536 2037 2606 2091 ibi
2632 2039 2788 2107 equi,
2821 2041 3029 2111 aliaque
3055 2043 3302 2098 animalia
3325 2085 3341 2111 ,
3384 2046 3521 2100 sicut
3546 2049 3779 2116 oportuit

2200 2127 2454 2196 ﬁgurata:
2487 2130 2555 2183 ibi
2585 2141 2856 2200 postremo
2881 2142 2936 2188 et
2962 2135 3131 2190 stellae
3158 2136 3489 2203 ceciderunt,
3516 2147 3571 2193 et
3593 2137 3790 2194 coelum

2198 2221 2431 2288 plicitum
2457 2222 2472 2252 ⁸
2513 2232 2595 2278 est
2633 2232 2690 2277 ut
2716 2224 2851 2280 liber
2881 2224 2991 2297 (Id.
3024 2243 3073 2282 vt
3099 2237 3147 2282 et
3177 2229 3290 2298 ix);
3318 2244 3418 2283 nec
3450 2239 3634 2284 tamen
3664 2238 3791 2285 tunc

2199 2311 2428 2365 concidit
2454 2311 2702 2367 mundus.
2731 2313 2833 2369 Ista
2865 2317 3044 2386 itaque
3071 2319 3252 2374 omnia
3278 2320 3321 2374 si
3352 2321 3622 2390 sapienter
3651 2321 3791 2375 acci-

2199 2402 2392 2472 pimus,
2417 2405 2658 2472 quamvis
2678 2405 2918 2463 dicamus
2939 2409 3051 2464 visa
3072 2409 3305 2477 veracia,
3333 2426 3437 2466 non
3467 2419 3642 2468 tamen
3668 2427 3790 2468 vera

2198 2493 2427 2549 dicimus
2453 2511 2698 2566 corpora.

2272 2587 2360 2643 35.
2401 2587 2714 2646 Prolixioris
2743 2601 2923 2650 autem
2947 2596 3212 2652 sermonis
3240 2606 3341 2666 est,
3367 2597 3435 2654 de
3467 2598 3571 2654 isto
3596 2613 3788 2670 genere

2199 2678 2606 2736 similitudinum
2638 2686 2995 2754 corporalium
3025 2688 3430 2758 diligentissima
3469 2691 3788 2762 disputatio,

2200 2776 2377 2824 utrum
2420 2779 2474 2826 et
2513 2773 2733 2844 Angeli,
2777 2791 2871 2831 seu
2901 2778 3022 2833 boni
3043 2819 3058 2846 ,
3091 2795 3184 2836 seu
3213 2782 3335 2836 mali
3361 2783 3438 2838 sic
3465 2793 3788 2854 appareant,

2199 2859 2412 2928 quando
2441 2863 2618 2930 specie
2643 2863 2948 2934 hominum,
2993 2869 3461 2940 vclquorumiibet
3500 2889 3785 2946 corporum

2200 2961 2490 3020 apparent;
2513 2968 2579 3007 an
2606 2953 2838 3011 habeant
2862 2960 3036 3028 aliqua
3066 2977 3190 3016 vera
3214 2978 3460 3033 corpora,
3489 2975 3542 3020 et
3565 2967 3622 3020 in
3649 2966 3792 3036 ipso-

2198 3057 2316 3098 rum
2349 3045 2523 3114 potius
2549 3049 2773 3105 veritate
2800 3051 3114 3108 videantur:
3141 3070 3208 3110 an
3235 3072 3364 3112 vero
3386 3057 3444 3112 in
3471 3060 3677 3116 somnis
3705 3059 3791 3116 vel

2198 3135 2252 3189 in
2281 3137 2470 3190 ecstasi
2491 3179 2507 3202 ,
2536 3139 2589 3192 in
2613 3139 2730 3195 istis
2757 3153 3062 3210 cernantur,
3095 3162 3202 3200 non
3227 3150 3572 3218 corporibus,
3594 3151 3688 3206 sed
3715 3153 3792 3207 si-

2199 3227 2591 3286 militudinibus
2643 3247 2974 3303 corporum;
3038 3239 3384 3308 vigilantibus
3432 3251 3610 3297 autem
3665 3259 3790 3299 vera

2203 3320 2504 3386 cernenda,
2547 3331 2600 3375 et
2643 3323 2686 3377 si
2726 3339 2857 3394 opus
2885 3335 3004 3396 est,
3051 3330 3214 3384 etiam
3255 3333 3518 3402 tangenda
3548 3333 3794 3405 ingerant

2197 3419 2448 3478 Corpora.
2496 3412 2602 3467 Sed
2643 3413 2741 3469 ista
2785 3415 2838 3470 in
2885 3417 2988 3473 hoc
3032 3420 3167 3476 libro
3212 3423 3529 3494 requirenda
3570 3437 3626 3482 et
3665 3442 3792 3498 per-

2198 3501 2474 3556 tractanda
2514 3519 2634 3558 esse
2678 3521 2784 3560 non
2821 3508 3071 3564 arbitror.
3120 3511 3272 3568 Nunc
3295 3514 3363 3568 de
3391 3517 3564 3570 anima
3601 3518 3786 3574 incor-

2197 3603 2363 3660 porea
2406 3594 2536 3647 satis
2578 3594 2777 3651 dictum
2821 3600 2932 3655 sit:
2981 3617 3140 3672 quam
3168 3604 3566 3676 sitcorpoream
3612 3611 3788 3666 mavis

2199 3681 2441 3750 credere,
2466 3685 2611 3754 prius
2632 3687 2723 3742 tibi
2743 3689 3103 3760 deﬁniendum
3129 3703 3213 3750 est
3233 3697 3356 3767 quid
3383 3698 3451 3752 sit
3475 3714 3700 3770 corpus;
3725 3718 3794 3758 ne

2201 3772 2336 3830 forte
2375 3791 2496 3830 eum
2523 3777 2590 3833 de
2617 3795 2676 3834 re
2703 3779 2814 3850 ipsa
2859 3781 2996 3838 inter
3019 3800 3118 3840 nos
3144 3797 3380 3854 constet,
3426 3790 3692 3854 incassum
3725 3793 3792 3848 de

2199 3866 2415 3922 nomine
2444 3868 2770 3926 laboremus.
2801 3873 3009 3940 Quanta
3048 3885 3101 3932 te
3131 3886 3304 3934 tamen
3339 3877 3568 3936 absurda
3599 3895 3782 3940 secuta

2200 3953 2309 4008 sint
2335 3956 2438 4010 tale
2464 3973 2658 4028 corpus
2685 3961 2740 4016 in
2765 3964 2942 4018 anima
2967 3967 3315 4036 cogitantem,
3339 3971 3511 4040 qualia
3534 3984 3794 4046 suntquae

2200 4043 2268 4099 ab
2288 4047 2534 4102 omnibus
2556 4051 2780 4106 eruditis
2805 4069 3027 4123 corpora
3052 4070 3442 4128 nuncupantur,
3472 4063 3524 4116 id
3547 4074 3650 4132 est,
3673 4043 3794 4136 qua:

2198 4149 2297 4206 per
2325 4135 2630 4193 distantiam
2669 4141 3048 4212 longitudinis,
3096 4147 3418 4218 latitudinis,
3462 4135 3792 4225 altitudinis,

2201 4226 2442 4283 locorum
2462 4245 2728 4302 occupant
2755 4238 2946 4305 spatia,
2975 4239 3184 4296 minora
3214 4245 3510 4300 minoribus
3530 4248 3642 4301 suis
3673 4263 3796 4318 par-

2200 4317 2361 4386 tibus,
2392 4330 2446 4376 et
2474 4323 2674 4392 majora
2707 4326 3020 4398 majoribus,
3051 4341 3181 4400 puto
3199 4334 3342 4404 quod
3363 4337 3472 4405 jam
3502 4317 3794 4408 prudenter
3859 4380 3864 4385 ι

2199 4409 2468 4467 advertas.

2271 4504 2498 4560 CAPUT
2537 4506 2894 4567 XXll.—56.
2925 4512 3112 4569 Restat
3141 4517 3426 4574 ostendere
3448 4521 3794 4591 quemadmo-

2200 4597 2358 4664 dum,
2397 4602 2642 4670 quamvis
2678 4615 2732 4659 et
2765 4608 2978 4676 proprie
3003 4607 3211 4664 dicatur
3237 4614 3488 4684 Spiritus,
3534 4629 3640 4670 non
3669 4617 3791 4670 uni-

2199 4704 2352 4744 versa
2380 4693 2578 4759 anima;
2603 4695 2695 4749 sed
2723 4697 2918 4767 aliquid
2951 4699 3138 4768 ipsius,
3169 4703 3305 4757 sicut
3333 4705 3618 4774 Apostolus
3640 4707 3791 4772 dicit,

2200 4781 2270 4834 Et
2297 4783 2490 4854 integer
2513 4786 2723 4854 spiritus
2749 4799 2930 4855 vester,
2953 4801 3001 4844 et
3025 4793 3200 4846 anima
3217 4835 3232 4861 ,
3263 4806 3310 4848 et
3332 4811 3515 4867 corpus
3543 4796 3582 4866 (Ι
3607 4797 3791 4854 Thess.

2200 4889 2253 4938 v,
2281 4873 2406 4942 25);
2436 4878 2517 4931 vel
2546 4879 2670 4932 illud
2697 4881 2864 4935 multo
2887 4885 3193 4952 expressius
3224 4887 3276 4940 in
3305 4887 3442 4943 libro
3470 4889 3591 4956 Job,
3616 4891 3796 4946 Absol-

2201 4965 2312 5018 viin
2339 4968 2563 5020 animam
2588 4986 2750 5023 meam
2770 4971 2830 5024 ab
2852 4973 3031 5042 spiritu
3054 4992 3163 5030 meo
3189 4975 3310 5047 (Job
3339 4995 3430 5045 vn,
3459 4997 3558 5034 sec.
3583 4981 3751 5055 LXX)
3781 5001 3796 5038 :

2201 5065 2378 5112 tamen
2424 5068 2478 5114 et
2523 5061 2767 5116 universa
2807 5065 2985 5120 anima
3029 5069 3326 5136 appelletur
3375 5071 3478 5127 hoc
3531 5077 3794 5141 nomine;

2201 5151 2442 5218 quamvis
2469 5152 2638 5205 multo
2665 5155 2834 5224 magis
2857 5156 2970 5211 Iure
2993 5161 3220 5227 qurestio
3251 5163 3525 5217 nominum
3553 5165 3796 5222 videatur

2202 5256 2321 5295 esse
2341 5283 2356 5308 ,
2402 5257 2508 5296 non
2541 5257 2742 5297 rerum.
2773 5246 2906 5299 Cum
2933 5249 3076 5302 enim
3106 5259 3320 5306 constet
3356 5268 3476 5308 esse
3515 5255 3715 5326 aliquid
3745 5259 3798 5313 in

2200 5332 2394 5398 anima,
2421 5335 2562 5404 quod
2598 5338 2815 5408 proprie
2843 5339 3062 5408 spiritus
3088 5345 3392 5401 nominetur
3419 5389 3434 5414 ,
3478 5363 3592 5418 quo.
3631 5364 3794 5405 exce-

2204 5433 2293 5492 pto
2338 5427 2555 5496 proprie
2635 5442 2948 5486 nominatur
3007 5442 3064 5489 et
3131 5438 3350 5505 anima,
3423 5441 3534 5508 jam
3587 5441 3656 5496 de
3709 5458 3797 5499 re-

2203 5516 2300 5570 bus
2343 5519 2471 5588 ipsis
2515 5520 2657 5574 nnlla
2702 5524 2975 5578 contentio
3015 5534 3132 5593 est;
3171 5532 3466 5598 prmsertim
3509 5535 3632 5604 quia
3668 5534 3799 5589 illud

2203 5611 2361 5664 etiam
2389 5627 2486 5681 ego
2507 5611 2625 5667 dico
2649 5617 2860 5684 proprie
2886 5619 3060 5673 vocari
3089 5621 3356 5690 spiritum,
3383 5624 3525 5694 quod
3553 5635 3608 5679 ct
3633 5634 3687 5680 tu
3713 5626 3800 5680 di-

2204 5703 2300 5766 eis,
2337 5701 2385 5753 id
2417 5711 2517 5766 est,
2547 5719 2653 5772 quo
2686 5707 3067 5765 ratiocinamur
3096 5720 3149 5766 et
3182 5713 3554 5786 intelligimus,
3586 5717 3800 5786 quando

2273 5797 2286 5826 ι
2315 5797 2354 5842 si
2377 5815 2380 5819 ·
2401 5793 2506 5842 Mss.
2538 5797 2670 5857 Latin,
2697 5797 2942 5859 μί’ἑσιίιληι.
