4096 6526
263 373 366 432 “5
1617 365 1815 421 unua
1855 365 2196 433 QUARTUS.

260 492 329 546 ita
357 487 608 544 distincte
646 487 746 542 ista
771 486 1048 552 dicuntur,
1088 482 1848 556 quemadmodum,Apostolus

257 581 350 648 sit,
382 579 450 633 Et
471 581 662 650 integer
682 579 891 649 spiritus
917 588 1092 641 vester,
1118 586 1163 630 et
1184 577 1376 640 animo,
1399 584 1446 628 et
1469 590 1672 641 corpus.
1701 573 1849 625 llunc

3439 386 3546 444 5'56

1961 489 2041 534 est
2063 521 2078 546 ,
2115 481 2290 536 Nolite
2327 501 2433 538 esse
2467 488 2598 541 sicut
2639 508 2792 561 equus
2828 503 2872 547 et
2902 495 3096 562 mulus,
3137 498 3311 567 quibus
3341 517 3442 555 non
3478 515 3550 558 est

1956 568 2238 624 intellectus
2272 571 2440 644 (Psut.
2472 591 2617 641 XXXI,
2652 578 2728 649 9).
2773 582 2904 646 Quae
2933 599 3054 638 cum
3087 588 3307 652 ita'sint,
3334 591 3547 646 attende

255 680 432 727 autem
463 670 710 740 spiritum
737 670 900 725 etiam
923 679 1154 723 mentem
1183 667 1392 722 videtur
1414 667 1701 736 appellare,
1725 679 1844 716 cum

253 765 418 829 dicit,
454 764 626 818 Mente
667 765 827 818 servio
861 763 957 830 legi
993 761 1114 827 Dei,
1157 777 1308 814 carne
1333 769 1499 813 autem
1527 757 1624 827 legi
1651 755 1847 827 peccati

255 854 426 925 (Rom.
461 870 549 917 vn,
577 853 693 925 25).
727 852 859 907 Nam
887 853 1002 922 ipsa
1032 853 1297 906 sententia
1328 859 1409 904 est
1429 890 1443 913 ,
1477 847 1544 902 Et
1571 864 1690 900 caro
1719 863 1843 898 con-

252 947 460 1014 cupiscit
487 945 724 998 adversus
751 943 1011 1013 spiritunt,
1044 951 1093 997 et
1121 941 1330 1012 spiritus
1363 939 1602 994 adversus
1642 951 1846 990 carnem

255 1039 452 1108 (Colat.
478 1054 528 1101 γ,
563 1039 684 1103 t7):
721 1047 778 1090 ut
801 1036 942 1107 quod
975 1035 1044 1090 ibi
1071 1035 1220 1100 dicit,
1249 1043 1516 1096 mentem;
1549 1030 1653 1084 hoc
1683 1029 1842 1084 intel-

255 1130 442 1199 ligatur
469 1130 556 1186 hic
580 1130 824 1198 spiritum
850 1127 1032 1182 dicere
1064 1143 1078 1180 :
1128 1141 1232 1180 non
1263 1125 1401 1179 sicut
1443 1134 1496 1177 tu
1537 1121 1840 1186 existimas,

257 1239 274 1271 ι
305 1221 604 1275 universam
629 1229 860 1274 mentem
892 1217 1092 1282 vocari,
1118 1231 1238 1286 quae
1266 1222 1474 1270 constat
1501 1229 1566 1268 ex
1592 1212 1768 1266 anima
1789 1220 1843 1265 et

250 1313 471 1382 spiritu;
508 1331 527 1364 ι
577 1312 719 1384 quod
749 1312 835 1367 ubi
866 1311 1094 1382 legeris,
1139 1310 1340 1364 nescio.
1376 1309 1606 1363 Mentem
1648 1307 1842 1375 quippe

251 1414 506 1470 nostram,
537 1405 635 1458 nisi
669 1403 926 1458 rationale
946 1411 998 1457 et
1019 1401 1373 1456 intellectuale
1400 1409 1640 1454 nostrum
1661 1398 1841 1452 dicere

248 1509 351 1552 non
383 1496 622 1550 solemus
652 1513 668 1550 :
694 1510 758 1550 ac
797 1509 892 1564 per
933 1494 1035 1549 hoc
1064 1493 1205 1562 quod
1244 1493 1319 1546 ait
1353 1491 1491 1546 idem
1527 1489 1800 1560 apostolus
1823 1528 1838 1554 ,

249 1589 580 1644 Renovamini
595 1599 764 1643 autent
784 1589 964 1658 spiritu
984 1588 1164 1642 mentis
1188 1594 1362 1640 vestra:
1384 1583 1454 1655 (Ε
1459 1585 1598 1654 pices.
1625 1599 1696 1648 tv,
1719 1581 1832 1650 25);

243 1681 370 1752 quid
399 1682 541 1736 aliud
573 1681 735 1745 dicit,
766 1681 887 1744 nisi,
922 1679 1270 1734 Renovamini
1300 1685 1480 1733 mente
1511 1675 1724 1730 vestra?
1749 1674 1838 1770 Sic

243 1773 386 1826 enim
415 1772 632 1842 Spiritus
660 1771 854 1827 mentis
883 1771 1015 1826 nihil
1044 1779 1124 1825 est
1149 1769 1292 1824 aliud
1315 1783 1472 1838 quam
1500 1781 1672 1834 mens,
1705 1769 1840 1836 quo-

242 1863 405 1918 modo
425 1879 620 1933 corpus
641 1863 817 1918 carnis
837 1863 969 1916 nihil
995 1861 1134 1916 aliud
1160 1869 1333 1930 potest
1353 1874 1474 1914 esse
1495 1874 1652 1929 quam
1675 1871 1834 1911 caro:

241 1969 364 2008 nam
386 1961 440 2010 et
467 1952 568 2008 hoc
581 1954 837 2025 scriptum
865 1962 968 2020 est,
994 1951 1063 2006 In
1089 1952 1454 2022 exspoliatione
1473 1949 1700 2019 corporis
1719 1963 1835 2000 car-

238 2044 320 2098 nis
343 2043 560 2114 (Coloss.
589 2061 646 2110 ll,
675 2043 795 2116 tt);
823 2044 910 2099 ubi
932 2060 1147 2099 carnem
1169 2057 1364 2113 corpus
1385 2042 1560 2097 carnis
1579 2040 1831 2110 appellat.

237 2137 379 2192 Dicit
406 2151 537 2192 sane
557 2146 611 2191 et
631 2137 737 2190 alio
761 2136 920 2190 modo
942 2136 1191 2206 Spiritum
1218 2135 1470 2200 hominis,
1496 2147 1652 2203 quem
1683 2147 1836 2202 pror-

236 2243 333 2285 sus
359 2245 388 2282 a
419 2239 598 2284 mente
621 2227 912 2284 discernit:
948 2227 1006 2284 Si
1029 2227 1162 2282 enim
1185 2241 1391 2281 oravere
1414 2226 1608 2296 lingua,
1637 2223 1829 2293 inquit,

234 2321 445 2391 spiritus
491 2305 631 2374 meus
673 2329 813 2388 orat,
857 2335 996 2374 triens
1033 2327 1203 2372 autem
1245 2335 1354 2372 mea
1400 2317 1716 2388 infructuosa
1761 2323 1833 2368 est

235 2412 280 2483 (l
304 2414 423 2468 Cor.
454 2428 528 2480 tv,
559 2411 670 2485 14).
704 2413 899 2468 Verum
925 2427 1065 2467 nunc
1091 2428 1196 2466 non
1223 2411 1291 2466 de
1318 2411 1418 2464 isto
1446 2411 1636 2479 spiritu
1662 2408 1832 2478 loqui-

233 2521 378 2571 mur,
401 2507 492 2578 qui
513 2515 596 2561 est
621 2521 650 2560 a
673 2515 853 2562 mente
875 2506 1174 2560 distinctus.
1200 2504 1370 2559 Habet
1391 2505 1487 2558 iste
1518 2517 1668 2558 suam
1693 2517 1831 2555 cam-

235 2600 470 2669 demque
499 2598 770 2654 difﬁcilem
815 2599 1164 2668 qumstionem
1200 2613 1214 2648 :
1250 2597 1426 2650 multis
1469 2595 1612 2650 enim
1656 2592 1831 2648 modis

229 2700 396 2762 atque
439 2691 490 2743 in
519 2689 746 2744 diversis
789 2673 1592 2759 signiﬁcationibus.Scriptnrze
1631 2683 1830 2738 divinas

229 2781 482 2851 spiritum
525 2779 800 2834 nominant
833 2797 846 2834 :
890 2779 982 2833 sed
1021 2779 1088 2833 de
1131 2795 1236 2849 quo
1271 2793 1411 2832 nunc
1450 2776 1688 2846 agimus,
1723 2787 1830 2843 quo

231 2876 645 2937 ratiocinamur,
695 2873 1068 2944 intelligimus,
1125 2873 1390 2942 sapimus;
1438 2879 1647 2924 constat
1692 2868 1830 2922 inter

232 2981 330 3021 nos
353 2965 433 3019 sic
453 2979 574 3019 eum
597 2965 758 3020 etiam
781 2963 994 3033 prOprie
1020 2964 1264 3032 Spiritum
1293 2961 1606 3030 nuncupari,
1636 2967 1696 3012 ut
1722 2971 1826 3010 non

229 3061 298 3114 sit
328 3061 579 3114 unhersa
605 3058 813 3119 anima,
846 3055 940 3111 sed
969 3055 1168 3126 aliquid
1197 3055 1334 3124 ejus.
1362 3053 1564 3108 Tamen
1594 3051 1824 3105 animam

229 3155 396 3208 etiam
422 3151 666 3222 spiritum
697 3165 838 3216 esse,
863 3150 906 3203 si
938 3157 1218 3218 propterea
1243 3162 1424 3216 negas,
1449 3147 1569 3216 quia
1597 3146 1714 3214 ejus
1741 3145 1824 3198 in-

231 3243 522 3314 telligentia
569 3241 820 3296 distincte
855 3240 1050 3294 dicitur
1092 3239 1343 3308 spiritus;
1385 3237 1588 3308 poteris
1627 3252 1825 3306 negare

231 3337 542 3390 universum
573 3348 757 3388 semen
787 3331 952 3386 Jacob
970 3331 1224 3402 appellari
1252 3329 1431 3394 Israel,
1453 3329 1703 3398 quoniam
1728 3343 1824 3382 cx-

229 3436 387 3498 cepto
436 3425 602 3491 Juda,
645 3425 804 3480 etiam
847 3424 1096 3478 distincte
1134 3423 1429 3492 appellatus
1467 3429 1549 3473 est
1581 3419 1740 3472 Israel
1772 3420 1823 3472 in

229 3519 478 3575 tribubus
496 3517 702 3582 decem,
727 3532 844 3587 qua!
863 3516 913 3570 in
936 3516 1176 3570 Samaria
1203 3522 1327 3568 tunc
1350 3513 1562 3566 fuerunt
1583 3511 1670 3583 (ΙΙΙ
1692 3509 1820 3580 Reg.

188 3613 322 3678 .‘m,
355 3610 476 3679 9.8).
503 3609 605 3663 Sed
632 3607 755 3677 quid
781 3623 913 3677 opus
944 3615 1028 3662 est
1053 3606 1138 3660 hic
1165 3605 1366 3660 diutius
1394 3601 1702 3656 immorari?

295 3701 531 3758 CAPUT
587 3700 986 3756 XXlll.-—3'l.
1043 3698 1161 3754 Jam
1216 3714 1359 3752 nunc
1417 3697 1557 3751 unde
1615 3695 1824 3750 facilius

228 3793 601 3859 ostendamus,
635 3793 852 3847 attende
881 3808 1000 3847 eam
1025 3807 1144 3862 quin
1173 3792 1350 3846 anima
1381 3799 1483 3856 est,
1511 3790 1671 3844 etiam
1709 3789 1822 3858 spi-

227 3887 391 3940 ritum
427 3884 567 3950 dici,
605 3899 726 3938 cum
756 3883 906 3939 audis
937 3883 1020 3939 vel
1051 3883 1213 3954 legis,
1253 3882 1484 3938 Domino
1522 3883 1818 3948 moriente,

227 3979 368 4048 quod
393 3979 650 4048 scriptum
672 3987 774 4042 est,
804 3976 869 4030 Et
895 3979 1141 4032 inclinato
1171 3979 1334 4048 capite
1353 3977 1560 4032 tradidit
1589 3977 1822 4044 spiritum

227 4069 411 4138 (Joan.
453 4085 578 4136 xix,
612 4069 749 4138 50):
793 4070 862 4123 ita
891 4069 969 4123 vis
995 4069 1256 4140 intelligi,
1305 4079 1555 4138 tanquam
1601 4085 1629 4122 a
1673 4077 1822 4138 parte

226 4162 615 4233 signiﬁcaverit
656 4171 859 4227 totum,
893 4177 1000 4216 non
1026 4161 1167 4230 quod
1213 4177 1274 4217 ea
1320 4177 1438 4231 qua:
1481 4161 1655 4214 anima
1704 4171 1816 4224 est,

229 4255 398 4322 possit
421 4261 477 4308 et
505 4253 723 4323 spiritus
754 4253 1069 4323 nuncupari.
1113 4253 1184 4307 At
1210 4267 1309 4323 ego
1339 4262 1394 4308 ut
1424 4254 1623 4322 p0ssim
1655 4267 1820 4320 expe-

227 4345 389 4401 ditius
420 4345 650 4416 probare
686 4345 828 4416 quod
855 4346 1010 4413 dico,
1049 4355 1102 4402 te
1140 4345 1314 4416 ipsum
1356 4357 1546 4401 testem
1586 4347 1744 4400 citius
1769 4356 1824 4400 et

229 4437 564 4494 commodius
592 4438 878 4494 adhibebo.
911 4439 997 4494 Sic
1029 4441 1168 4494 enim
1197 4439 1440 4508 Spiritum
1472 4439 1733 4506 deﬁnisti,
1766 4449 1821 4492 ιιι

231 4545 420 4599 pecora
460 4542 751 4600 appareant
779 4547 882 4586 non
921 4533 1164 4600 Spiritum
1195 4531 1420 4595 habere,
1451 4533 1540 4588 sed
1565 4533 1818 4586 animam.

231 4620 559 4676 lrrationalia
592 4623 790 4692 quippe
822 4623 942 4678 ideo
973 4623 1248 4689 dicuntur,
1283 4625 1425 4694 quod
1453 4627 1557 4678 vim
1587 4641 1690 4678 non
1723 4625 1820 4680 ha-

231 4714 383 4770 beant
426 4715 790 4784 intelligentim
827 4725 990 4786 atque
1024 4718 1263 4770 rationis.
1304 4717 1455 4772 Unde
1489 4733 1609 4774 cum
1645 4718 1820 4772 homi-

233 4821 347 4860 nem
381 4806 557 4876 ipsum
584 4807 903 4864 admoneres
939 4823 1090 4862 suam
1136 4824 1295 4864 nOSSe
1326 4821 1568 4865 naturam
1591 4853 1606 4876 ,
1637 4812 1709 4864 ita
1739 4813 1820 4866 lo-

231 4907 377 4949 cutus
419 4912 517 4950 es:
555 4916 574 4948 ι
605 4897 736 4952 Nam
777 4913 899 4952 cum
941 4899 1079 4952 Dens
1114 4897 1286 4954 bonus
1319 4899 1446 4954 nihil
1475 4915 1578 4954 non
1613 4902 1822 4957 ratione

233 4986 550 5053 condiderit,
585 4987 868 5058 ipsumque
899 4987 1168 5047 hominem
1199 4991 1398 5044 animal
1429 4992 1708 5055 rationale,
1734 4993 1818 5045 in—

233 5075 476 5130 tellectus
508 5092 756 5146 capacem
778 5120 793 5144 ,
826 5080 1049 5134 rationis
1076 5090 1378 5150 compotem
1397 5124 1412 5147 ,
1444 5096 1712 5152 sensuque
1737 5083 1820 5136 vi-

229 5179 448 5230 vacem,
479 5168 568 5236 qui
597 5169 774 5222 omnia
805 5169 1027 5224 rationis
1058 5171 1297 5241 expertia
1328 5172 1572 5241 prudenti
1602 5173 1818 5226 ordina-

231 5256 373 5310 tione
415 5257 732 5322 distribuat,
771 5262 1147 5328 procreaverit.
1177 5280 1196 5314 ι
1235 5263 1325 5316 llis
1355 5264 1460 5316 tuis
1491 5264 1666 5318 verbis
1691 5264 1819 5316 satis

225 5348 535 5411 asseruisti,
587 5349 727 5418 quod
769 5353 986 5406 omnino
1028 5352 1364 5408 verissimum
1403 5363 1518 5419 est,
1549 5354 1819 5408 hominem

227 5452 346 5493 esse
374 5449 679 5510 compotem
709 5443 930 5497 rationis
955 5453 1116 5514 atque
1145 5445 1513 5516 intelligentia:
1542 5461 1815 5516 capacem,

232 5534 373 5599 quod
421 5536 604 5603 utique
649 5550 758 5590 non
804 5547 928 5591 sunt
983 5538 1232 5592 animalia
1277 5539 1499 5594 rationis
1555 5541 1815 5608 expertia.

233 5622 384 5680 Unde
415 5635 478 5686 .et
519 5629 824 5683 testimonio
847 5629 1063 5694 divino,
1105 5646 1196 5686 eos
1231 5631 1321 5702 qui
1355 5649 1457 5687 non
1491 5633 1816 5703 intelligunt,

229 5721 516 5786 pecoribus
553 5724 904 5790 comparasti,
948 5739 1054 5778 non
1085 5725 1266 5792 utique
1303 5725 1621 5779 habentibus
1661 5728 1820 5779 intul-

232 5809 435 5865 lectum
463 5807 629 5878 (Psat.
657 5828 847 5884 XLVIII,
880 5815 991 5886 15).
1022 5816 1173 5882 Quod
1191 5812 1254 5871 'et
1283 5819 1386 5872 alio
1416 5822 1530 5876 ιωςυ
1567 5830 1718 5893 εςιιιετ,;τ
1751 5846 1814 5880 :zn

1957 659 2116 712 etiam
2149 664 2338 731 quibus
2371 667 2544 722 verbis
2575 671 2822 738 spiritum
2851 673 3120 731 deﬁnieris
3159 689 3318 748 atque
3345 680 3544 738 descri-

1955 752 2160 820 pseris,
2202 767 2322 806 cum
2357 757 2500 810 illum
2551 761 2619 815 ab
2670 764 2844 816 anima
2894 765 3222 837 distinguere
3271 772 3544 831 nitercris.

1961 858 1979 891 ι
2007 841 2128 896 Ha-c
2159 845 2357 913 anima,
2391 866 2408 898 ι
2447 848 2640 918 inquis,
2675 870 2694 902 s
2721 868 2838 922 qua:
2870 871 2934 909 ex
2967 857 3093 911 ﬂatu
3129 861 3221 914 Dei
3251 863 3402 917 habet
3434 869 3542 920 ori-

1951 933 2164 1000 ginem,
2215 937 2333 991 sine
2373 953 2535 994 sensu
2581 946 2796 1014 proprio
2836 958 2996 1018 atque
3037 951 3308 1009 intellectu
3357 958 3544 1014 intimo

1951 1041 2070 1080 esse
2114 1045 2217 1082 non
2251 1033 2438 1100 potuit,
2471 1036 2615 1104 quod
2645 1049 2728 1092 est
2756 1041 2992 1108 spiritus.
3036 1063 3055 1097 ι
3097 1046 3163 1100 Ει
3191 1052 3348 1116 paulo
3376 1063 3492 1120 post
3525 1070 3540 1106 :

1958 1135 1974 1168 ι
2010 1119 2072 1172 Ει
2115 1123 2358 1189 quamvis
2388 1125 2594 1190 anima,
2623 1147 2640 1180 ι
2677 1128 2882 1200 inquis,
2918 1151 2938 1186 ι
2965 1137 3165 1192 animet
3191 1119 3414 1206 corpus;
3461 1152 3542 1196 la-

1950 1225 2072 1265 men
2099 1214 2238 1282 quod
2271 1217 2456 1278 sentit,
2485 1221 2628 1289 quod
2655 1224 2820 1292 sapit,
2852 1228 2993 1296 quod
3024 1233 3191 1299 viget,
3222 1233 3440 1301 Spiritus
3471 1237 3542 1292 sit

1951 1317 2168 1358 necesse
2194 1315 2292 1358 est.
2321 1325 2339 1358 ι
2371 1307 2500 1363 Item
2527 1312 2684 1380 paulo
2714 1325 2832 1384 post
2858 1335 2871 1370 :
2902 1337 2921 1369 ι
2947 1321 3103 1374 Aliud
3132 1325 3254 1390 erit,
3287 1345 3306 1378 ι
3341 1326 3540 1398 inquis,

1955 1409 1973 1442 ι
2002 1395 2198 1458 anima,
2219 1407 2276 1451 ct
2293 1399 2434 1454 aliud
2452 1403 2694 1470 spiritus,
2719 1407 2977 1476 Sapientia
3000 1421 3054 1466 et
3071 1428 3261 1469 sensus
3277 1395 3489 1473 animm.

1947 1483 2042 1539 llis
2086 1487 2260 1540 verbis
2291 1491 2421 1546 satis
2471 1493 2672 1548 indicas
2701 1499 2828 1567 quid
2859 1506 2982 1557 esse
3022 1506 3265 1573 spiritum
3305 1508 3541 1567 hominis

1948 1577 2180 1644 sentias,
2215 1581 2266 1634 id
2305 1593 2414 1650 est,
2459 1589 2717 1643 rationale
2747 1602 2986 1649 nostrum
3009 1637 3024 1662 ,
3057 1614 3163 1666 quo
3191 1603 3350 1658 sentit
3379 1573 3540 1674 atque

1948 1670 2194 1740 intelligit
2233 1675 2448 1742 anima;
2483 1695 2587 1733 non
2621 1683 2756 1738 sicut
2787 1689 3016 1742 sentitur
3038 1691 3052 1720 ¹
3085 1695 3329 1761 corporis
3359 1670 3536 1753 seu-si-

1945 1761 2064 1826 bus,
2098 1763 2189 1816 sed
2222 1766 2360 1820 sicut
2390 1779 2470 1839 est
2501 1771 2588 1826 ille
2621 1773 2836 1829 intimus
2865 1792 3078 1846 sensus,
3108 1798 3170 1836 ex
3199 1801 3304 1853 quo
3335 1798 3416 1841 est
3436 1803 3536 1859 ap-

1933 1855 2142 1924 pellata
2174 1862 2459 1915 sententia.
2496 1864 2629 1920 llinc
2658 1878 2834 1922 autem
2867 1874 3146 1939 pecoribus
3177 1877 3294 1931 sine
3319 1855 3534 1934 dubita-

1945 1945 2090 2001 tione
2116 1951 2498 2019 przeponimur,
2530 1970 2596 2010 eo
2633 1959 2776 2027 quod
2806 1971 2931 2015 sunt
2963 1965 3050 2017 illa
3086 1967 3309 2022 rationis
3339 1987 3532 2042 exper-

1943 2038 2034 2093 tia.
2062 2039 2176 2096 Non
2209 2041 2407 2099 habent
2433 2047 2608 2118 itaque
2635 2051 2877 2120 spiritum
2911 2071 3121 2123 pecora,
3157 2059 3206 2113 id
3239 2070 3336 2125 est,
3371 2038 3532 2120 intel-

1940 2130 2135 2187 lectum
2165 2144 2217 2189 et
2243 2138 2464 2192 rationis
2489 2155 2553 2194 ac
2580 2143 2858 2210 sapientia:
2885 2163 3100 2203 sensum
3125 2191 3138 2216 ,
3171 2151 3264 2206 sed
3297 2155 3532 2212 animam

1943 2219 2331 2280 tantum.‘Nam
2359 2237 2414 2282 et
2440 2229 2507 2284 de
2535 2231 2640 2285 illis
2665 2233 2862 2288 dictum
2891 2247 2971 2290 est
2999 2256 3013 2291 :
3053 2239 3346 2297 Producant
3386 2261 3534 2315 aqua:

1939 2317 2166 2384 repentia
2197 2319 2480 2373 animarum
2511 2323 2778 2380 viventium
2795 2342 2817 2392 ,'
2846 2335 2900 2382 et
2915 2356 2938 2390 ,-
2961 2327 3222 2385 Producat
3252 2343 3384 2397 terra
3414 2338 3532 2390 aui-

1939 2420 2072 2456 mant
2104 2407 2344 2462 viventem
2375 2409 2525 2483 (Gen.
2555 2428 2592 2478 ι,
2619 2414 2709 2479 20,
2737 2416 2854 2490 24).
2886 2417 2954 2473 Ut
2981 2435 3108 2490 ergo
3140 2423 3448 2492 plenissime
3469 2444 3533 2483 ac

1939 2496 2250 2566 planissime
2281 2503 2496 2557 noveris
2517 2547 2530 2569 ,
2565 2519 2683 2561 eam
2713 2523 2832 2580 qua:
2862 2511 3039 2565 anima
3071 2523 3178 2579 est,
3215 2533 3365 2572 more
3393 2519 3532 2574 divi-

1937 2603 2128 2644 norum
2175 2591 2510 2662 eloquiorum
2555 2589 2716 2654 etiam
2762 2600 3006 2670 Spiritum
3057 2604 3194 2672 diei,
3234 2610 3534 2676 appellatur

1938 2679 2149 2746 pecoris
2177 2681 2418 2750 spiritus.
2453 2685 2518 2740 Et
2547 2687 2726 2758 utique
2770 2705 2873 2744 non
2907 2691 3104 2747 habent
3150 2712 3339 2765 pecora
3381 2699 3531 2754 ἱΙΙιιιιι

1935 2769 2202 2838 spiritum,
2233 2788 2390 2842 quem
2427 2784 2510 2829 tua
2545 2777 2768 2836 Dilectio
2797 2781 3108 2838 discernens
3137 2786 3204 2840 ab
3236 2789 3410 2842 anima
3437 2790 3532 2844 de-

1935 2860 2123 2915 ﬁnivit.
2157 2861 2310 2918 Unde
2342 2866 2684 2926 manifestum
2717 2881 2799 2925 eSt
2831 2875 2970 2942 quod
3003 2879 3238 2945 generali
3273 2882 3530 2937 vocabulo

1933 2953 2110 3006 anima
2143 2957 2353 3024 pecoris
2380 2968 2524 3013 recte
2553 2963 2724 3029 potuit
2749 2965 2826 3018 sic
2854 2969 3054 3034 vocari,
3089 2969 3225 3024 sicut
3255 2971 3446 3044 legitur
3475 2975 3530 3030 in

1933 3041 2069 3099 libro
2099 3045 2436 3105 Ecclesiaste:
2462 3069 2476 3104 :
2507 3053 2633 3118 Quis
2661 3055 2790 3123 scit,
2821 3059 3030 3126 spiritus
3055 3062 3282 3130 ﬁliorum
3311 3041 3528 3122 hontinis

1931 3140 1978 3190 si
2001 3141 2238 3194 ascendat
2266 3144 2373 3212 ipse
2392 3161 2624 3212 sursum,
2657 3159 2703 3204 et
2732 3151 2940 3222 spiritus
2969 3157 3163 3222 pecoris
3188 3159 3232 3209 si
3257 3159 3527 3214 descendat

1933 3230 2043 3300 ipse
2073 3233 2306 3288 deorsum
2336 3237 2388 3290 in
2415 3247 2596 3292 terram
2620 3239 2816 3309 (Eccle.
2849 3259 2926 3311 ιιι,
2951 3245 3082 3316 9|)?
3111 3248 3344 3320 itemque
3376 3252 3424 3304 in
3447 3253 3528 3306 di-

1933 3322 2058 3378 luvii
2092 3327 2336 3381 vastitate
2380 3329 2450 3382 ita
2490 3333 2744 3400 scriptum
2784 3345 2865 3390 est
2893 3353 2906 3388 :
2943 3336 3013 3390 Et
3042 3351 3238 3392 mortua
3267 3353 3336 3394 est
3365 3345 3526 3395 ontnis

1931 3429 2082 3480 caro,
2131 3432 2244 3486 qua:
2282 3419 2570 3473 movebatur
2596 3438 2749 3492 super
2779 3434 2983 3487 terram,
3019 3429 3293 3482 ιιοΙιιιὶίίιιηι
3319 3473 3332 3495 ,
3377 3448 3528 3500 peca-

1929 3523 2062 3572 rum,
2095 3517 2140 3559 et
2161 3509 2511 3578 jumcntorum
2536 3553 2551 3577 ,
2583 3524 2629 3565 ct
2660 3515 2902 3581 ferarum,
2938 3527 2984 3570 et
3013 3521 3176 3574 omnis
3205 3538 3409 3591 serpens
3437 3525 3525 3594 qui

1930 3610 2155 3650 movetur
2193 3616 2344 3665 super
2373 3611 2558 3654 terram
2585 3615 2632 3657 et
2659 3607 2820 3659 omnis
2865 3611 3014 3662 homo
3045 3651 3059 3674 ,
3091 3619 3137 3662 et
3177 3613 3346 3665 omnia
3377 3631 3520 3682 quiv-

1928 3703 2138 3757 cumque
2167 3689 2346 3743 habent
2392 3693 2624 3760 spiritum
2663 3697 2777 3750 vitae
2805 3697 2956 3768 (Gen.
2990 3715 3091 3767 vn,
3125 3701 3224 3770 21,
3252 3703 3365 3775 ‘22).
3421 3704 3520 3760 Ubi

1929 3782 2150 3834 remotis
2203 3781 2454 3838 omnibus
2499 3785 2846 3844 dubitationis
2892 3791 3222 3862 ambagibus,
3271 3797 3521 3864 generale

1933 3887 2128 3926 nonien
2183 3875 2375 3928 anima:
2425 3890 2544 3932 esse
2595 3878 2972 3950 intelliginms,
3027 3887 3291 3953 spiritum.
3359 3887 3522 3960 Cujus

1928 3963 2143 4032 quidem
2180 3967 2414 4022 nominis
2447 3969 2762 4038 signiﬁcatio
2795 3985 2898 4028 tam
2933 3975 3036 4031 late
3066 3988 3241 4047 patet,
3279 3989 3332 4034 ut
3359 3983 3518 4036 etimn

1929 4053 2072 4108 Deus
2119 4067 2339 4111 vocetur
2384 4060 2603 4128 Spiritus
2647 4062 2825 4136 (Joan.
2856 4082 2928 4132 IV,
2958 4067 3071 4139 2t).
3123 4070 3188 4122 Et
3225 4071 3326 4125 iste
3366 4071 3521 4128 ﬂatus

1927 4160 2144 4212 aereuS,
2177 4150 2420 4217 quamvis
2449 4153 2519 4205 sit
2556 4169 2868 4224 corporeus,
2896 4161 3194 4228 appellatur
3223 4161 3273 4214 in
3305 4163 3520 4217 Psal-nm

1926 4237 2145 4304 spiritus
2194 4243 2526 4310 tempestatis
2580 4244 2748 4316 (Psat.
2797 4263 2916 4316 Liv,
2949 4249 3028 4321 9).
3086 4252 3422 4324 Quapropter
3467 4266 3519 4310 et

1927 4341 2080 4393 eam,
2123 4345 2242 4399 qua:
2284 4333 2462 4387 anima
2492 4347 2574 4390 est
2595 4338 2636 4403 ¹,
2689 4339 2848 4394 etiam
2892 4342 3137 4409 Spiritum
3189 4347 3516 4415 mmeupari,

1930 4428 2058 4488 puto
2079 4421 2219 4490 quod
2245 4422 2549 4481 admonitus
2576 4427 2681 4493 his,
2703 4444 2820 4499 qum
2845 4435 3282 4502 commemoravi,
3309 4437 3519 4492 divina-

1930 4530 2046 4570 rum
2099 4516 2415 4570 testimoniis
2464 4520 2806 4588 paginarum,
2859 4522 2944 4576 ubi
2977 4534 3030 4576 et
3071 4525 3246 4580 anima
3278 4529 3517 4595 pecoris,

1927 4609 2010 4662 cui
2043 4624 2146 4661 non
2175 4618 2257 4662 est
2285 4609 2604 4676 intellectus,
2636 4613 2900 4682 appellata
2931 4613 3122 4684 legitur
3147 4619 3384 4685 spiritus,
3413 4635 3518 4674 non

1935 4699 2153 4766 negabis
2197 4700 2440 4754 ulterius.
2482 4699 2742 4766 Quocirca
2783 4703 2829 4756 si
2870 4714 2923 4758 et
2965 4705 3052 4757 illa
3094 4721 3212 4774 quae
3241 4706 3310 4760 de
3339 4707 3516 4760 anima

1933 4788 2242 4858 incorporea
2288 4789 2554 4859 diSputata
2605 4801 2730 4847 sont
2773 4795 2918 4862 capis
2963 4803 3020 4848 et
3060 4795 3236 4862 sapis,
3284 4811 3388 4850 non
3439 4809 3518 4851 est

1931 4879 2070 4934 unde
2119 4879 2212 4934 tibi
2259 4881 2596 4951 displiceam,
2632 4883 2770 4952 quod
2813 4899 2930 4938 eam
2970 4900 3058 4938 me
3087 4887 3224 4940 scire
3257 4885 3374 4942 dixi
3411 4901 3516 4942 non

1927 4985 2122 5040 corpus
2161 4985 2280 5024 esse
2301 5011 2314 5036 ,
2366 4970 2460 5025 sed
2497 4972 2740 5041 Spiritum
2774 4989 2787 5024 :
2818 4973 2938 5040 quia
2966 4984 3020 5028 et
3041 4989 3234 5046 corpus
3261 4992 3364 5030 non
3397 4993 3520 5035 esse

1927 5074 2285 5128 monstratur,
2320 5073 2374 5118 ct
2403 5065 2638 5132 generali
2667 5065 2882 5119 nomine
2909 5067 3126 5134 Spiritus
3158 5079 3518 5140 nuncupatur.

1996 5156 2223 5211 CAPUT
2254 5154 2443 5210 XXlV.
2469 5185 2538 5194 -—
2567 5155 2654 5209 58.
2686 5156 3042 5222 Quamobrem
3084 5157 3126 5210 Si
3169 5158 3264 5214 llos
3285 5159 3350 5213 ad
3383 5169 3433 5215 te
3459 5161 3516 5214 li-

1927 5247 2054 5319 bros
2082 5249 2318 5316 impensa
2379 5245 2664 5302 dilectione
2701 5249 3070 5316 conscriptos,
3124 5267 3346 5319 repensa
3390 5252 3522 5306 dile-

1927 5315 2104 5392 ctione
2131 5315 2295 5392 sumis
2317 5338 2531 5406 ctlcgis;
2551 5339 2594 5392 si
2623 5338 2674 5392 in
2698 5340 2954 5408 principio
2971 5335 3123 5408 primi
3145 5343 3214 5394 tui
3240 5343 3520 5398 libriaudis

1926 5439 1981 5484 et
2011 5439 2062 5483 te
2084 5431 2274 5500 ipsum,
2302 5439 2354 5485 et
2381 5429 2583 5493 studes,
2617 5432 2752 5486 sicut
2781 5431 2958 5487 dixisti
2985 5450 2996 5483 ε
3019 5433 3235 5504 (Supra,
3261 5434 3352 5489 lib.
3383 5434 3439 5497 2,
3462 5452 3518 5490 ιι.

1925 5523 2040 5591 ‘22),
2065 5531 2203 5576 tuam
2234 5523 2552 5576 sententiam
2583 5539 2687 5576 non
2710 5525 2840 5578 tueri
2867 5567 2880 5590 ,
2911 5525 2955 5578 si
2979 5525 3341 5594 improbabilia
3365 5523 3518 5579 dete-

1925 5625 2077 5686 gatur
2107 5631 2120 5667 :
2150 5611 2236 5667 illa
2266 5613 2529 5684 przccipue
2562 5615 2806 5670 undecim
2838 5631 2982 5681 cave,
3005 5617 3072 5672 de
3098 5618 3289 5687 quibus
3307 5626 3356 5670 te
3371 5616 3426 5669 in
3455 5614 3521 5670 li-

1993 5772 2008 5802 ι
2045 5771 2116 5817 sic
2142 5776 2240 5817 Am.
2269 5778 2319 5818 et
2352 5777 2455 5818 Mss.
2489 5777 2546 5818 At
2564 5777 2636 5818 Er.
2667 5779 2716 5819 et
2739 5777 2868 5826 t.ov.,
2897 5769 3049 5818 seruit.

1991 5836 2009 5864 ¹
2045 5839 2168 5882 3155.:
2199 5839 2493 5893 (ρειιψιτριεν
2511 5841 2557 5883 et
2581 5832 2628 5882 in
2657 5832 2822 5896 quibus
2844 5831 3004 5880 annm
3027 5835 3114 5878 est.
