4144 6572
516 392 616 448 54⁵1

515 504 612 559 bro
628 502 900 573 superiore
929 498 1228 555 commortui
1246 496 1459 565 (Supra,
1492 493 1580 547 lib.
1600 493 1652 556 ‘5,
1677 508 1764 545 nn.
1786 489 1877 551 29.,
1895 486 2007 559 25).
2029 485 2106 540 Ne

522 614 541 647 ι
575 597 806 649 animam
846 595 922 650 sic
964 594 1110 648 dicas
1132 607 1197 646 ex
1249 590 1389 655 Deo,
1440 596 1495 640 ut
1520 600 1639 640 eam
1685 598 1789 638 non
1822 581 1889 637 de
1916 579 2057 634 nulla
2085 619 2101 643 ,

517 704 617 743 nec
638 689 704 743 de
723 688 854 752 alia,
887 685 980 740 sed
1004 685 1068 739 de
1095 697 1189 738 sua
1210 692 1389 736 natura
1412 676 1674 733 creaverit
1706 693 1718 729 :
1756 692 1775 725 ι
1797 681 1888 727 aut
1918 690 1936 723 ι
1964 670 2108 741 quod

517 792 615 848 per
636 777 895 831 infinitum
923 783 1166 842 tempus,
1196 780 1354 839 atque
1384 769 1455 823 ita
1480 780 1692 835 semper
1734 763 1936 817 animas
1976 760 2105 825 det,

519 868 655 921 sicut
681 881 893 933 semper
931 872 1012 917 est
1040 862 1153 931 ipse
1176 860 1264 929 qui
1294 860 1385 913 dat
1418 876 1429 910 :
1473 876 1491 907 ι
1524 867 1618 909 aut
1676 871 1695 906 ι
1731 852 1960 907 animam
1995 864 2107 905 mc—

522 961 679 1012 ritum
707 955 917 1027 aliquod
944 953 1239 1025 perdidisse
1270 966 1362 1020 per
1391 961 1605 1004 carnem
1631 986 1645 1008 ,
1674 943 1814 1017 quod
1868 941 2112 995 habuerit

522 1058 644 1102 ante
666 1060 918 1100 carnem:
957 1062 975 1095 ι
1026 1053 1118 1097 aut
1148 1059 1167 1092 ί
1202 1042 1450 1094 animam'
1483 1052 1577 1107 per
1601 1047 1819 1089 carnem
1864 1043 2112 1100 reparare

526 1122 884 1190 habitudinem
916 1133 1174 1203 priscam,
1212 1142 1409 1199 perque
1441 1127 1607 1196 ipsam
1633 1136 1849 1178 carnem
1882 1119 2108 1183 renasci,

506 1225 622 1299 per
652 1244 809 1299 quam
847 1234 1114 1281 meruerat
1165 1220 1427 1293 inquinari
1458 1236 1473 1272 :
1510 1237 1528 1270 ι
1559 1225 1651 1271 aut
1685 1233 1704 1268 ο
1753 1212 1893 1284 quod
1936 1211 2111 1266 anima

525 1329 650 1374 ante
677 1335 834 1373 omne
856 1325 1129 1388 peccatum
1161 1313 1415 1369 meruerit
1457 1325 1578 1366 esse
1617 1306 1882 1378 peccatrix
1912 1323 1924 1359 :
1962 1323 1980 1357 ι
2025 1313 2116 1358 aut

532 1427 551 1460 ι
583 1409 807 1464 infantes
832 1409 947 1463 sine
975 1404 1373 1474 regeneratione
1409 1399 1749 1470 Baptismatis
1778 1403 2016 1450 mortuos
2048 1395 2063 1424 ¹
2092 1434 2109 1459 ,

528 1501 592 1553 ad
624 1499 997 1571 indulgentiam
1024 1495 1301 1567 pervenire
1318 1491 1651 1563 originalium
1677 1499 2010 1558 peccatorum
2044 1502 2056 1538 :
2089 1501 2107 1537 ι

528 1601 621 1645 aut
670 1610 688 1643 ι
727 1607 859 1662 quos
903 1588 1158 1643 Dominus
1187 1582 1585 1657 prmdestinavit
1631 1579 1697 1634 ad
1741 1578 2068 1647 Baptismum
2099 1616 2115 1640 ,

532 1680 980 1751 prmdestinationi
1009 1679 1123 1749 ejus
1169 1677 1300 1746 eripi
1347 1677 1369 1708 ⁸
1415 1689 1604 1745 posse,
1636 1681 1690 1727 et
1731 1679 1855 1724 ante
1902 1666 2119 1736 defungi

531 1789 687 1842 quam
714 1772 763 1825 in
791 1771 865 1826 eis
882 1769 1020 1841 quod
1037 1768 1383 1837 Omnipotens
1401 1761 1798 1835 praedestinavit
1818 1759 2026 1830 impleri
2053 1776 2066 1811 :
2093 1775 2113 1810 ι

532 1873 622 1916 aut
674 1881 694 1915 ο
742 1861 808 1917 de
836 1862 917 1915 bis
945 1861 1033 1932 qui
1063 1861 1368 1930 priusquam
1422 1855 1756 1925 baptizentur
1806 1852 2117 1922 exspirant,

534 1953 731 2008 dictum
759 1966 877 2005 esse
897 1950 1037 2020 quod
1067 1950 1320 2021 scriptum
1348 1956 1430 2003 est
1452 1989 1466 2012 ,
1496 1944 1694 2015 Raptus
1723 1952 1793 1999 est
1840 1960 1902 1997 ne
1929 1943 2124 1995 malitia

534 2052 744 2096 mutaret
772 2043 907 2096 illius
932 2039 1245 2096 intellectum
1296 2057 1315 2091 ι
1363 2037 1517 2109 (Sap.
1549 2052 1633 2104 tv,
1685 2032 1806 2107 II);
1852 2042 2012 2104 atque
2055 2031 2123 2086 ad

537 2131 676 2186 lmnc
702 2146 919 2188 sensum
939 2139 1130 2187 caetera
1150 2128 1464 2201 pertinentia
1497 2145 1511 2182 :
1540 2137 1629 2182 aut
1658 2143 1676 2177 ι
1712 2140 1892 2180 earum
1923 2123 2127 2193 aliquas

538 2224 838 2277 [transiimus
866 2233 1015 2278 extra
1046 2237 1264 2291 regnum
1316 2220 1409 2276 Dei
1453 2233 1608 2282 esse,
1646 2232 1777 2287 quas
1823 2216 2018 2269 multas
2072 2214 2123 2267 in

518 2314 698 2367 'domo
728 2312 897 2366 Patris
923 2312 1005 2365 sui
1034 2312 1284 2365 Dominus
1314 2309 1445 2363 dixit
1469 2323 1589 2363 esse
1622 2324 1640 2359 ι
1677 2305 1856 2378 (Joan.
1886 2302 2080 2374 x1v,2)
2113 2320 2127 2358 :

541 2415 631 2457 aut
667 2422 687 2456 ε
720 2403 1038 2458 sacriﬁcium
1059 2401 1299 2472 corporis
1329 2410 1383 2456 et
1406 2399 1677 2470 sanguinis
1703 2397 1898 2453 Christi
1925 2408 2021 2466 pro
2050 2394 2132 2450 his

543 2496 632 2564 qui
656 2509 759 2549 non
791 2494 1035 2564 baptizati
1064 2493 1133 2550 de
1157 2508 1382 2565 corpore
1428 2491 1655 2547 exierint
1685 2489 2014 2545 oﬂ'creudum
2045 2505 2057 2541 :
2107 2506 2126 2541 ι

545 2596 638 2639 aut
671 2604 689 2636 ι
718 2585 923 2655 aliquos
950 2600 1135 2639 eorum
1156 2585 1244 2655 qui
1267 2584 1383 2639 sine
1419 2582 1617 2639 Christi
1645 2581 1966 2652 Baptismate
2016 2594 2133 2633 mo-

549 2680 784 2742 riuntur,
817 2677 868 2730 in
897 2676 1197 2746 paradisum
1226 2675 1436 2730 interim
1472 2674 1637 2744 recipi
1668 2716 1683 2740 ,
1707 2688 1770 2729 ac
1795 2671 2132 2744 postmodum

548 2776 601 2822 et
622 2766 769 2836 regni
789 2766 1051 2821 caelorum
1066 2764 1444 2822 beatitudinem
1465 2762 1737 2833 consequi.
1766 2781 1786 2815 ι
1810 2763 1933 2817 time
1948 2761 2135 2832 praci-

553 2873 656 2928 pue
677 2868 829 2923 cave,
863 2858 933 2911 liii
954 2898 970 2925 ,
999 2872 1097 2913 nec
1116 2857 1477 2927 cognominari
1502 2856 1810 2910 Vincentius
1834 2854 2133 2922 delecteris,

553 2952 597 3004 si
631 2950 708 3004 vis
735 2965 854 3005 esse
871 2950 1039 3005 victor
1053 2951 1269 3006 erroris.
1291 2949 1401 3005 Nec
1422 2959 1472 3005 te
1488 2948 1698 3021 quando
1720 2947 1917 3018 aliquid
1940 2947 2134 3016 nescis,

554 3042 825 3096 existimes
857 3042 995 3097 scire
1028 3060 1041 3097 :
1070 3041 1164 3097 sed
1201 3051 1258 3096 ut
1283 3042 1419 3097 scias
1444 3082 1458 3106 ,
1506 3042 1651 3099 disce
1679 3044 1909 3095 nescire.
1954 3038 2140 3110 Neque

554 3132 694 3185 enim
721 3131 915 3201 aliquid
946 3132 996 3185 in
1026 3132 1248 3186 occultis
1277 3132 1367 3186 Dei
1390 3132 1642 3201 operibus
1676 3129 1967 3202 ignorando
1986 3171 2003 3197 ,
2043 3129 2139 3184 sed

559 3232 759 3276 temere
789 3221 1050 3292 incognita
1071 3237 1167 3292 pro
1193 3223 1417 3292 cognitis
1445 3221 1762 3286 astruendo,
1788 3230 1843 3276 et
1884 3220 2012 3275 falsa
2042 3235 2141 3291 pro

559 3312 699 3366 veris
719 3313 1031 3381 proferendo
1051 3329 1113 3370 ac
1126 3314 1480 3380 defendendo,
1498 3325 1764 3385 peccatur.
1791 3315 2143 3385 lgnorantiam

557 3446 667 3558 tm;
687 3444 852 3496 Plures
903 3453 1011 3497 Mss.
1030 3480 1047 3509 ,
1085 3446 1189 3498 sine
1238 3446 1613 3511 regenerationis
1671 3445 1961 3511 Baptismatc
2012 3457 2144 3498 mor-

623 3570 644 3641 ξ
678 3569 979 3641 manuscripti
1020 3575 1323 3641 pmtereupt
1338 3607 1351 3629 ,
1387 3568 1808 3641 praedatum-lieni
1844 3568 1949 3641 eius
1989 3567 2145 3640 eripi;

1526 373 1894 434 ADMONITIO
1935 373 1998 427 ΙΝ
2036 370 2211 426 Ui‘US
2241 367 2708 436 SUBSEQUENS.

3695 370 3805 425 558

2214 498 2340 538 vero
2365 497 2536 537 meam
2558 523 2573 548 ,
2602 492 2777 538 utrum
2799 480 2991 536 anima:
3017 478 3286 536 hominum
3315 495 3468 537 novae
3517 479 3643 537 fiant
3663 526 3680 542 .
3732 501 3807 541 an

2214 573 2280 629 de
2309 573 2609 644 parentibus
2636 572 2786 644 (quas
2812 581 2988 626 tamen
3012 586 3043 625 a
3070 582 3312 627 creatore
3342 573 3451 628 Deo
3477 589 3581 628 non
3608 573 3677 630 de
3716 576 3805 648 ip-

2214 664 2326 720 sius
2362 664 2658 719 substantia
2702 661 2814 719 Iieri
2840 662 3083 718 dubitare
3111 661 3192 717 fas
3236 678 3340 718 non
3370 662 3511 735 est),
3562 676 3654 720 aut
3692 684 3803 723 non

2214 756 2410 812 debere
2452 753 2801 826 reprehendi,
2853 764 2947 809 aut
2970 753 3039 809 ab
3063 768 3128 810 eo
3152 754 3382 820 debere,
3416 770 3446 808 a
3473 771 3579 826 quo
3626 768 3807 827 potest

2214 848 2442 904 docente
2457 856 2511 902 ct
2534 846 2730 903 auferri
2760 863 2775 902 :
2802 855 2857 902 et
2875 845 3073 902 habere
3099 846 3151 901 in
3172 861 3230 901 se
3273 846 3479 901 animas
3518 862 3808 918 corporum

2215 940 2593 997 similitudines
2618 940 2995 1011 incorporeas;
3023 938 3167 1009 ipsas
3191 947 3369 993 autem
3393 954 3499 993 non
3524 955 3644 994 esse
3680 955 3744 995 eo
3780 974 3810 984 -

2217 1047 2346 1102 pora
2376 1047 2391 1086 :
2421 1039 2477 1087 et
2495 1031 2640 1086 salva
2666 1029 3007 1085 distinctione
3024 1030 3218 1084 anima:
3259 1038 3314 1085 et
3336 1029 3550 1099 spiritus
3574 1071 3589 1097 ,
3641 1032 3813 1085 etiam

2224 1122 2594 1178 universaliter
2617 1122 2846 1178 animam
2873 1120 3114 1191 spiritum
3144 1120 3468 1189 nuncupari,
3491 1129 3619 1191 puto
3642 1119 3808 1191 quod

2219 1212 2573 1283 persuaserim
2593 1211 2850 1267 Charitati
2894 1211 3033 1266 tuae.‘
3054 1211 3110 1267 Si
3134 1220 3310 1265 autem
3354 1211 3672 1281 persuadere
3699 1229 3807 1267 non

2219 1306 2405 1377 potui,
2436 1315 2614 1362 utrum
2641 1314 2817 1359 tamen
2842 1319 2902 1358 ea
2933 1302 3154 1358 dixerim
3193 1317 3311 1372 qua:
3341 1303 3663 1373 persuadere
3712 1303 3807 1359 de-

2220 1396 2432 1452 buerint
2463 1398 2480 1429 ¹
2503 1438 2519 1462 ,
2541 1396 2633 1467 qui
2657 1396 2831 1466 legent
2856 1395 3030 1465 potius
3053 1391 3385 1463 judicabunt.

2290 1489 2378 1544 39.
2421 1487 2477 1543 Si
2505 1502 2608 1557 qua
2655 1501 2785 1541 sane
2835 1484 2970 1551 alia,
3017 1499 3135 1555 qua:
3167 1482 3389 1552 plurima
3418 1482 3472 1537 in
3517 1483 3618 1537 tuis
3659 1482 3813 1540 libris

2222 1577 2551 1649 emendanda
2582 1576 2712 1631 mihi
2742 1574 2991 1630 videntur
3011 1614 3028 1639 ,
3054 1573 3193 1628 scire
3218 1571 3446 1629 fortasse
3497 1573 3769 1629 desideras
3792 1616 3809 1641 ,

2222 1671 2406 1725 venire
2436 1668 2530 1724 tibi
2558 1685 2661 1723 non
2691 1669 2760 1723 sit
2785 1683 3104 1733 onerosum,
3138 1680 3243 1723 n0n
3275 1673 3524 1736 tanquam
3554 1666 3815 1737 discipqu

2224 1760 2290 1814 ad
2320 1761 2628 1830 magistrum
2655 1800 2671 1826 ,
2703 1758 2797 1813 sed
2820 1760 3073 1828 primaevo
3097 1756 3164 1812 ad
3189 1757 3530 1828 grandaevum
3550 1798 3566 1825 ,
3597 1757 3718 1813 forti
3745 1762 3811 1815 ad

2227 1848 2515 1903 infirmum.
2543 1848 2656 1905 Etsi
2682 1850 2825 1907 enim
2863 1864 2966 1903 non
2997 1863 3092 1904 eos
3117 1848 3276 1903 edere
3301 1848 3566 1915 debuisti,
3613 1849 3816 1919 majore

2227 1950 2405 1997 tamen
2428 1950 2483 1996 et
2518 1941 2724 1996 veriore
2741 1940 2906 2011 gloria
2933 1941 3157 2010 quisque
3182 1948 3459 1995 correctus
3482 1955 3578 2003 sua
3605 1939 3820 1996 confes.

2229 2035 2380 2089 sione
2429 2033 2874 2103 reprehenditur,
2923 2048 3082 2103 quam
3127 2032 3412 2103 cujuslibet
3456 2032 3682 2087 errantis
3721 2046 3817 2087 ore

2230 2126 2493 2181 laudatur.
2526 2127 2776 2193 Quamvis
2806 2127 2856 2179 in
2884 2125 3194 2181 earumdem
3224 2125 3536 2182 recitatione
3559 2124 3815 2180 librorum

2231 2217 2500 2272 auditores
2520 2226 2573 2272 et
2601 2216 2903 2271 laudatores
2930 2225 3047 2271 tuos
3074 2231 3178 2271 non
3208 2230 3395 2270 omnes
3426 2215 3525 2269 ista
3544 2231 3663 2286 qua:
3686 2229 3816 2269 sana

2232 2307 2471 2363 doctrina
2497 2308 2791 2379 improbat,
2820 2308 2903 2362 vel
2928 2315 3052 2362 ante
3099 2308 3365 2372 sensisse,
3393 2307 3478 2362 vel
3518 2307 3586 2361 ad
3629 2322 3693 2361 ea
3724 2307 3818 2362 tibi

2234 2398 2570 2454 consensisse
2597 2398 2915 2454 crediderim
2951 2415 2964 2451 :
2998 2398 3093 2454 sed
3143 2398 3258 2453 acie
3307 2397 3502 2452 mentis
3547 2397 3663 2467 ipso
3718 2405 3820 2451 tum

2235 2492 2560 2548 recitationis
2588 2492 2790 2561 impetu
2833 2506 3099 2560 cursuque
3138 2489 3449 2560 perstricta,
3494 2488 3609 2543 haec
3632 2503 3822 2559 parum

2235 2585 2514 2641 advertere
2542 2584 2818 2653 potuisse;
2846 2592 2938 2638 aut
2959 2591 3105 2639 certe
3129 2583 3288 2638 etiam
3306 2582 3426 2637 illos
3439 2581 3529 2652 qui
3544 2580 3823 2637 advertere

2239 2683 2561 2748 potuerunt,
2586 2690 2695 2731 non
2719 2678 2772 2730 in
2797 2685 2849 2733 te
2876 2690 3055 2732 rerum
3077 2674 3481 2746 quuidissimam
3512 2675 3783 2729 veritatem
3800 2715 3818 2739 ,

2238 2769 2337 2826 sed
2354 2771 2638 2825 verborum
2662 2768 2989 2824 afﬂuentiam
3014 2776 3070 2824 et
3111 2766 3309 2838 ingenii
3334 2766 3634 2821 facultatem
3673 2765 3824 2820 indo-

2239 2860 2453 2931 lemque
2494 2859 2760 2916 laudasse.
2803 2859 3126 2929 Plerumque
3151 2858 3295 2913 enim
3325 2856 3570 2912 laudatur
3596 2857 3615 2887 ²
3636 2897 3651 2921 ,
3681 2871 3820 2925 pra:-

2239 2952 2448 3008 dicatur
2466 2960 2521 3008 et
2549 2962 2758 3008 amatur
2783 2951 3050 3022 eloquium
3080 2950 3134 3005 in
3156 2964 3252 3021 spe
3268 2949 3517 3021 juvenis;
3548 2949 3646 3005 etsi
3688 2963 3825 3004 non-

2240 3044 2368 3101 dum
2394 3044 2587 3100 habeat
2612 3043 2969 3100 maturitatem
2997 3041 3261 3112 fidemque
3286 3040 3537 3096 doctoris.
3555 3039 3826 3109 Quaprop-

2244 3143 2327 3191 ter
2352 3144 2408 3190 ut
2434 3143 2490 3192 et
2519 3144 2575 3191 tu
2602 3143 2751 3191 recte
2791 3134 3001 3206 sapias,
3055 3143 3111 3187 et
3149 3132 3281 3186 alios
3311 3145 3416 3186 non
3465 3130 3828 3184 tantummodo

2244 3226 2512 3283 delectare
2538 3226 2740 3296 possit,
2767 3240 2952 3280 verum
2972 3224 3132 3279 etiam
3149 3220 3416 3276 aedificare
3436 3262 3450 3285 ,
3480 3218 3621 3290 quod
3647 3219 3829 3289 loque-

2244 3317 2349 3381 ris;
2376 3331 2556 3372 curam
2588 3324 2640 3371 te
2665 3324 2879 3386 oportet
2904 3328 3091 3386 gerere
3114 3313 3182 3368 de
3215 3311 3549 3368 sermonibus
3576 3310 3677 3364 tuis
3696 3350 3711 3375 ,
3744 3324 3809 3365 re

2246 3407 2407 3463 motis
2428 3406 2700 3478 plausibus
2725 3405 2935 3461 alienis.

2311 3566 2329 3629 ξ
2364 3566 2437 3615 sic
2456 3564 2553 3615 duo
2713 3568 2770 3629 At
2792 3560 2926 3620 editi,
2951 3556 3215 3629 debuerim.

560 3629 858 3696 habentque,
897 3629 1037 3694 posse
1067 3637 1177 3682 male
1199 3629 1416 3696 deftmgi,
1457 3644 1545 3682 nec
1582 3630 1634 3682 in
1654 3631 1725 3682 eis
1767 3629 1895 3695 quo}
1919 3629 2145 3693 omm'po-

561 3611 2145 3751 ξιὲξιξῖιξιῖἷοιξὲζ’Μ”ἆιὶἓ’ἇὲῖιᾶἰρίζ’ῐῖεῗῖιῖἓῖἱίιίᾶἵΜβόἰ
2253 3611 2680 3739 da;
2704 3611 2983 3688 namque
2999 3619 3128 3671 enim
3162 3615 3477 3683 praedicatur,
3500 3626 3675 3664 omisso
3692 3646 3707 3672 ,
3724 3611 3828 3661 tau-
3868 3646 3879 3659 .

2253 3688 2415 3739 datur.

563 3787 3815 3852 ﬁ

1684 3917 1926 4040 AD
1944 3911 2521 4042 MONIT
2528 3909 2717 4040 IO

1270 4104 1333 4159 IN
1360 4104 1533 4161 OPUS
1557 4103 1826 4161 CONTRA
1856 4105 2035 4162 DUAS
2063 4105 2430 4161 EPISTOLAS
2460 4103 3013 4160 PELAGIANORUM.

1228 4256 1269 4277 κ
1973 4220 2444 4275 ο»>>>>μο‹εε<<<<‹ο

641 4318 910 4374 Bonifaeio
940 4320 1231 4375 Romanam
1257 4318 1547 4376 Ecclesiam
1578 4330 1697 4392 post
1721 4322 1989 4377 Zosimum
2016 4322 2367 4392 gubernante,
2392 4321 2509 4376 dua:
2545 4321 2967 4392 Pelagianorum,
2991 4335 3108 4391 quae
3134 4334 3229 4391 per
3254 4319 3456 4374 Italiam
3486 4326 3694 4374 secreto
3718 4317 3824 4370 cir-

571 4412 994 4467 cumferebantur
1020 4413 1270 4483 Epistolas
1296 4412 1518 4469 detecta:
1546 4424 1667 4469 sunt
1693 4414 2082 4470 Catholicorum
2107 4413 2464 4483 quorumdam
2488 4413 2779 4484 vigilantia,
2807 4412 3100 4483 delatzeque
3126 4412 3194 4468 ad
3222 4411 3469 4467 eumdem
3509 4409 3832 4466 Bonifacium

572 4516 781 4574 papam.
814 4502 1049 4557 Alteram
1078 4502 1339 4567 Julianus,
1372 4510 1430 4555 ut
1453 4501 1745 4569 dicebatur,
1774 4503 1997 4558 Romam
2026 4505 2275 4559 miserat:
2302 4504 2520 4558 alteram
2552 4514 2727 4559 autem
2754 4503 2937 4558 decem
2966 4513 3021 4558 et
3044 4513 3165 4558 octo
3199 4503 3351 4558 velut
3391 4501 3643 4574 episcOpi,
3693 4502 3829 4555 idem

575 4591 826 4646 nimirum
849 4592 1089 4647 Julianus
1109 4634 1124 4658 ,
1152 4602 1347 4648 etcum
1369 4607 1433 4647 eo
1459 4592 1591 4648 forte
1618 4594 1826 4661 Florus,
1848 4594 2119 4660 Orontius,
2143 4605 2196 4650 et
2217 4595 2394 4649 caeteri
2421 4610 2485 4649 ex
2510 4593 2807 4664 Pelagianis
2830 4594 2882 4648 in
2907 4594 3168 4664 Ephesina
3196 4593 3400 4665 synodo
3422 4593 3717 4654 memorati,
3741 4593 3857 4645 alii-

573 4695 677 4750 que
702 4680 1132 4736 Thessalonicam
1161 4683 1425 4760 communi
1456 4683 1690 4749 nomine,
1720 4684 1787 4739 ad
1815 4685 2005 4740 Rufum
2032 4685 2268 4755 ejusdem
2295 4684 2396 4739 loci
2424 4685 2730 4754 episcopum
2754 4685 3071 4740 direxerant.
3103 4685 3391 4754 Utramque
3418 4683 3708 4755 Epistulam
3732 4683 3833 4738 Bo-

575 4772 797 4828 nifacius
819 4773 1023 4829 curavit
1048 4774 1342 4843 Augustino
1370 4775 1674 4830 mittendam
1704 4792 1799 4846 per
1820 4778 2063 4849 Alypium
2094 4778 2399 4847 episcopum
2423 4795 2435 4830 :
2468 4778 2557 4847 qui
2583 4778 2802 4848 Alypius
2840 4792 2903 4833 ex
2936 4777 3079 4831 Italia
3119 4777 3172 4831 in
3197 4776 3428 4831 Africam
3456 4776 3555 4832 sub
3583 4776 3707 4830 anni
3732 4776 3834 4831 M9

577 4862 737 4919 tinem
767 4879 1033 4931 reversus,
1066 4880 1170 4919 non
1198 4880 1288 4920 eas
1310 4875 1511 4920 tantum
1545 4868 1826 4938 Epistolas,
1859 4869 1952 4922 sed
1978 4869 2138 4923 etiam
2166 4877 2413 4938 excerpta
2453 4869 2519 4923 de
2548 4868 2742 4924 Juliani
2771 4869 2917 4923 libris
2943 4869 3183 4939 quaedam
3213 4868 3312 4922 sibi
3341 4882 3374 4921 a
3402 4867 3609 4922 Valerio
3645 4867 3836 4922 comite

578 4953 763 5022 missa,
790 4968 969 5009 secum
998 4957 1304 5026 reportavit.
1336 4957 1603 5013 Adversus
1630 4968 1879 5026 excerpta
1901 4959 2091 5013 librum
2118 4959 2185 5014 de
2208 4957 2416 5029 Nuptiis
2445 4971 2498 5015 et
2523 4960 2962 5029 Concupiscentia
3001 4960 3290 5015 secundum
3318 4958 3554 5014 condidit
3590 4959 3837 5028 Augusti-

579 5061 699 5111 nus,
723 5061 861 5101 anno
887 5047 1025 5101 forte
1051 5048 1185 5114 420;
1214 5063 1275 5102 ac
1299 5049 1397 5103 sub
1425 5049 1561 5103 idem
1591 5048 1730 5103 haud
1760 5050 1916 5105 dubie
1941 5059 2149 5118 tempus
2172 5059 2400 5119 quatuor
2422 5051 2586 5106 libros
2626 5060 2810 5105 contra
2835 5050 2968 5105 duas
3005 5050 3273 5120 Epistolas
3296 5050 3694 5120 Pelagianorum
3725 5050 3841 5102 elu-

578 5136 839 5203 cubravit,
864 5137 1133 5193 Bonifacio
1160 5154 1307 5209 papae
1335 5149 1699 5212 nuncupatos:
1725 5156 1858 5211 quos
1900 5141 2123 5198 subinde
2148 5143 2313 5197 libros
2339 5142 2390 5196 in
2420 5141 2875 5198 Retractationum
2918 5142 3058 5199 serie
3094 5124 3371 5215 lepusculis
3397 5141 3542 5197 dicto
3567 5156 3707 5195 anno
3733 5139 3838 5196 420

578 5228 890 5295 compositis
919 5229 1162 5299 proxime
1192 5232 1483 5302 subjunxit.
1574 5226 1584 5236 ’

661 5316 821 5372 Iidem
846 5319 965 5373 libri
986 5321 1174 5390 Alypio
1204 5338 1412 5377 rursum
1430 5327 1481 5379 in
1498 5322 1698 5377 Italiam
1720 5323 1996 5394 navigante
2015 5324 2177 5382 delati
2205 5336 2328 5381 sunt
2347 5326 2413 5381 ad
2437 5325 2764 5382 Bonifacium
2788 5344 2802 5383 :
2827 5341 2950 5382 nam
2967 5326 3033 5382 de
3053 5326 3159 5381 illis
3178 5325 3419 5381 Julianus
3442 5326 3495 5382 in
3516 5326 3650 5381 libro
3666 5327 3839 5396 primo

586 5406 774 5476 Operis
793 5407 1113 5479 Imperfecti,
1140 5427 1258 5481 cap.
1287 5412 1377 5480 85,
1416 5430 1434 5463 ‹
1471 5410 1617 5468 Sicut
1641 5413 1692 5467 in
1732 5413 1816 5470 his
1840 5415 2007 5479 libris,
2038 5433 2056 5468 ι
2090 5417 2277 5489 inquit,
2312 5435 2331 5468 ‹
2363 5433 2497 5488 quos
2524 5434 2664 5473 nunc
2694 5435 2788 5489 per
2827 5418 3073 5490 Alypium
3112 5419 3179 5473 ad
3208 5418 3534 5473 Bonifacium
3565 5419 3771 5472 misisti.
3809 5437 3828 5470 ο

581 5501 681 5565 Qui
704 5499 773 5554 de
796 5500 877 5555 his
901 5517 1110 5572 quoque
1136 5504 1354 5570 ibidem,
1384 5505 1520 5561 libro
1545 5507 1799 5575 secundo,
1826 5522 1945 5581 cap.
1981 5508 2098 5575 178,
2146 5510 2350 5575 scribit,
2381 5529 2399 5561 ‹
2430 5509 2581 5580 Quod
2613 5520 2717 5565 tam
2750 5510 3010 5566 nefarium
3053 5520 3154 5578 est,
3202 5521 3259 5566 ut
3293 5528 3412 5565 cum
3442 5527 3472 5565 a
3516 5511 3668 5566 nobis
3696 5510 3746 5566 in
3774 5526 3839 5566 ea

584 5593 836 5661 I‘Zpistola,
863 5609 1021 5665 quam
1048 5596 1115 5651 ad
1142 5596 1412 5653 Orientem
1438 5599 1697 5667 misimus,
1724 5601 1874 5656 vobis
1904 5600 2087 5655 fuisset
2112 5602 2401 5671 objeCtum,
2433 5612 2483 5656 tu
2514 5604 2565 5657 in
2593 5602 2676 5658 his
2706 5602 2874 5669 libris,
2916 5617 3049 5673 quos
3075 5617 3247 5673 nuper
3271 5602 3337 5657 ad
3367 5602 3693 5657 Bonifacium
3734 5600 3835 5655 mi-

584 5685 717 5748 sisti,
751 5686 989 5756 negando
1014 5696 1118 5743 ate
1139 5690 1444 5759 propulsare
1468 5692 1694 5746 coneris.
1732 5710 1750 5744 ι
1784 5692 1934 5761 Quod
1961 5708 2087 5747 vero
2123 5694 2188 5747 ad
2230 5704 2345 5748 eam
2392 5693 2680 5763 Epistolam
2724 5694 2934 5761 attinet,
2977 5709 3094 5765 qure
3144 5694 3362 5748 Romam
3390 5708 3418 5746 a
3444 5693 3656 5748 Juliano
3677 5694 3834 5746 missa

583 5778 867 5839 ferebatur.
899 5782 1050 5851 cujus
1074 5781 1325 5851 Epistolas
1352 5784 1510 5839 verba
1535 5784 1647 5838 haec
1671 5786 1993 5856 Augustinus
2022 5786 2070 5839 in
2098 5769 2249 5840 'libro
2290 5785 2522 5841 secundo
2550 5787 2617 5842 de
2644 5786 2851 5857 Nuptiis
2889 5798 2944 5843 et
2986 5787 3445 5856 Concupiscentia,
3476 5804 3530 5841 η.
3559 5787 3614 5853 2,
3643 5787 3829 5851 attulit,
