4144 6520
370 377 471 434 549
718 373 991 429 CONTRA
1033 371 1211 429 DUAS
1248 368 1621 463 EPISTQLAS
1661 367 2211 436 PELAGIANURUM,
2254 370 2309 425 S.
2354 369 2718 425 AUGUSTINI
2758 370 2957 425 LIBER
2997 370 3265 428 PRIMUS.
3531 371 3636 427 550

376 508 394 541 ι
431 488 624 545 Dicunt
648 487 805 543 etiam
832 487 961 541 istas
985 501 1104 556 qua:
1131 484 1290 539 modo
1325 493 1571 554 aguntur,
1603 482 1811 552 nuptias
1840 498 1869 536 a
1892 482 2001 535 Deo
2026 481 2291 537 institutas
2318 496 2422 537 non
2454 482 2637 549 fuisse,
2678 482 2819 553 quod
2849 483 2900 537 iu
2928 483 3068 538 libro
3105 483 3385 555 Augustint
3415 484 3631 555 legitur,

378 590 562 635 contra
592 595 749 651 quem
790 593 890 649 ego
918 577 1077 633 modo
1103 584 1327 647 quatuor
1355 576 1503 630 libris
1527 574 1809 645 respondi:
1842 592 1860 625 ι
1897 573 2037 627 illam
2064 572 2306 629 Julianus
2347 587 2498 628 suam
2528 588 2648 629 esse
2685 573 2949 628 inﬁciatur
2986 574 3038 628 in
3070 574 3206 629 libro
3248 576 3418 645 primo
3445 575 3639 645 Operis

378 668 699 739 lmperfecti,
730 682 849 740 cap.
871 668 957 723 18.
992 684 1011 718 ι
1046 665 1194 721 Facit
1213 680 1445 737 quoque,
1477 663 1737 736 tinquit,t
1759 663 2008 733 Epistola:
2044 664 2398 729 mentionem,
2426 680 2584 735 quam
2609 679 2638 718 a
2664 680 2751 719 me
2790 666 2864 720 ait
2890 665 3112 720 Romam
3149 665 3310 721 fuisse
3334 666 3587 722 directam
3612 686 3628 734 ;

379 763 472 819 sed
500 778 592 834 per
621 763 780 818 verba
808 778 926 833 qua:
951 760 1145 833 posuit,
1174 758 1507 830 nequivimus
1527 772 1632 827 quo
1652 757 1721 812 de
1740 758 1938 826 scripto
1960 758 2266 828 loqueretur
2285 773 2592 828 agnoscere.
2615 757 2747 813 Nam
2777 759 2843 813 ad
2873 757 3144 813 Zosimum
3192 760 3457 831 quondam
3501 762 3641 816 illius

375 856 605 910 civitatis
628 840 936 925 episcopum
962 868 1123 922 super
1153 854 1234 907 his
1257 849 1637 923 quaestionibus
1663 850 1797 905 duas
1824 850 2091 920 Epistolas
2106 852 2387 917 destinavi,
2411 868 2595 907 verum
2621 867 2687 908 eo
2712 862 2966 922 tempore,
2988 867 3093 922 quo
3110 848 3280 907 a'dhuc
3297 853 3462 908 libros
3477 870 3640 907 exur-

371 963 462 1003 sus
488 962 593 1001 non
623 961 791 1001 eram.
822 963 843 999 ι
876 945 1181 1015 Respondet
1202 944 1556 1014 Augustinus:
1588 960 1608 996 ι
1639 944 1762 997 ΙΙωο
1788 943 2018 1013 Epistula
2051 960 2155 999 non
2181 954 2263 1001 est
2286 945 2353 1000 ad
2380 945 2671 1010 Zosimum,
2702 965 2721 998 ι
2749 946 2800 1001 id
2829 957 2932 1013 est,
2959 962 3063 1001 non
3089 946 3153 1001 ad
3174 961 3295 1001 eum
3324 946 3636 1001 nominatim

373 1040 591 1109 scripta,
630 1057 649 1091 ι
686 1038 779 1093 sed
809 1037 877 1094 ad
902 1052 996 1094 eos
1016 1036 1366 1101 seducendos,
1391 1038 1480 1106 qui
1511 1034 1695 1089 Romae
1720 1045 1937 1103 possent
1965 1037 2052 1092 tali
2078 1038 2325 1093 suasione
2347 1039 2548 1095 seduci.
2582 1037 2686 1099 Sed
2714 1040 2758 1094 si
2787 1054 2903 1093 eam
2937 1053 3040 1093 non
3070 1042 3334 1107 agnoscis,
3364 1054 3490 1094 ecce
3523 1056 3627 1094 nun

379 1132 449 1186 sit
475 1140 583 1186 tua.
615 1149 635 1184 ο
660 1129 1003 1201 Suspicamur
1024 1142 1141 1196 nos,
1166 1128 1432 1186 lulianum
1457 1127 1824 1182 dissimulandi
1843 1142 2025 1182 ansam
2055 1144 2248 1199 capere
2275 1146 2343 1185 ex
2368 1132 2480 1185 istis
2506 1131 2714 1186 verbis:
2739 1149 2760 1185 ι
2791 1129 2941 1197 Quod
2965 1131 3015 1184 in
3044 1130 3180 1185 libro
3200 1131 3478 1201 Augustini
3509 1126 3641 1202 legi-

379 1232 462 1277 tur
481 1231 666 1278 contra
690 1236 869 1293 quem,
901 1239 921 1274 ι
951 1228 1082 1289 etc.,
1111 1233 1232 1288 qua:
1251 1218 1386 1275 forte
1409 1218 1670 1289 quispiam
1700 1225 1881 1289 postea
1908 1219 1962 1273 in
1987 1222 2225 1292 margine
2252 1220 2545 1286 annotavit,
2577 1229 2734 1290 atque
2756 1219 2877 1276 inde
2901 1221 3034 1277 alius
3075 1221 3129 1274 in
3159 1227 3359 1275 textum
3388 1219 3643 1288 Epistula:

370 1314 655 1369 transtulit.
2054 1383 2060 1390 ι

441 1404 497 1459 1η
532 1404 706 1476 primo
734 1402 871 1458 libro
897 1403 1268 1472 subsequentis
1292 1400 1493 1470 operis,
1523 1400 1774 1471 Epistola:
1800 1416 1828 1457 a
1851 1399 2080 1467 Iuliano,
2106 1409 2167 1456 ut
2192 1400 2480 1470 ferebatur,
2513 1402 2734 1456 Romam
2775 1401 2952 1457 missa:
2974 1402 3263 1471 respondet
3290 1404 3640 1474 Augustinus.

440 1497 496 1553 ln
518 1496 756 1553 secundo
782 1505 835 1551 et
860 1495 978 1552 aliis
1002 1495 1256 1565 deinceps
1279 1494 1498 1548 alteram
1523 1494 1722 1550 excutit
1744 1493 2145 1565 Pelagianorum
2176 1484 2555 1566 Epistolam’ad
2587 1495 2778 1550 Rufum
2810 1494 3361 1550 Thessalonicensem.
3389 1495 3635 1552 Ostendit

369 1592 420 1644 in
454 1590 641 1660 primis
663 1588 968 1646 Catholicos
992 1605 1110 1645 cum
1140 1605 1171 1645 a
1200 1587 1497 1659 Pelagianis
1520 1587 1831 1654 abhorrent,
1864 1602 1970 1643 non
2013 1586 2067 1642 in
2096 1587 2415 1643 Manichaeos
2454 1587 2709 1644 incidere.
2750 1586 3081 1643 Caluutuiatn
3111 1588 3559 1656 prasvaricationis
3587 1588 3638 1643 in

370 1680 570 1753 Pelagii
599 1680 938 1753 Caelestiique
958 1682 1058 1737 sub
1082 1682 1296 1739 Zosimo
1315 1680 1659 1737 damnatione
1684 1680 1932 1737 admissa:
1961 1682 2287 1752 propulsata
2313 1681 2569 1739 Romanis
2594 1682 2821 1739 clericis.
2850 1681 3051 1739 Gratizc
3089 1683 3303 1738 nomine
3349 1700 3446 1739 nec
3472 1684 3637 1741 fatum

366 1773 535 1829 asseri
563 1788 595 1828 a
620 1771 927 1839 Catholieis,
953 1788 1052 1830 nec
1078 1788 1424 1845 personarum
1453 1774 1818 1845 acceptionem
1847 1773 1957 1830 Deo
1983 1774 2142 1831 tribui
2166 1774 2520 1831 demonstrat.

442 1865 500 1922 ln
523 1867 683 1922 tertio
712 1867 928 1937 exponit
948 1877 1134 1923 contra
1155 1868 1491 1939 Pelagianam
1514 1867 1762 1923 literesim
1787 1868 1912 1938 quid
1948 1883 2073 1923 vere
2096 1866 2355 1924 Catholici
2381 1869 2560 1925 dicant
2583 1869 2649 1926 de
2674 1869 2828 1942 Legis
2858 1870 3107 1937 utilitate,
3140 1872 3264 1942 quid
3291 1871 3358 1926 de
3385 1872 3638 1941 Baptismi

370 1958 559 2017 eﬁ'ectu
581 1975 645 2015 ac
683 1961 878 2017 virtute
915 1961 1159 2031 doceant,
1187 1961 1314 2033 quid
1338 1961 1406 2017 de
1431 1961 1705 2032 utriusque
1734 1960 2060 2017 Testamenti
2089 1962 2467 2034 discrepantia,
2499 1963 2622 2035 quid
2651 1963 2720 2020 de
2758 1960 3142 2035 Pr’Ophetarum
3182 1974 3236 2021 et
3265 1967 3639 2033 Apostolorum

360 2049 563 2123 justitia
590 2060 644 2107 et
664 2052 1009 2123 perfectione,
1041 2053 1168 2124 quid
1190 2054 1256 2110 de
1292 2052 1648 2123 appellatione
1676 2051 1876 2123 peccati
1918 2051 1971 2108 in
1996 2051 2230 2120 Christo,
2259 2054 2383 2125 quid
2413 2064 2686 2126 postremo
2714 2054 2781 2111 de
2815 2067 3203 2127 prmceptorum
3234 2057 3286 2111 in
3318 2056 3489 2111 futura
3534 2058 3641 2111 vita

371 2141 676 2214 impletione
705 2144 1074 2214 proﬁteantur.

438 2233 495 2289 In
525 2244 715 2306 quarto
741 2235 973 2306 denique
1001 2235 1220 2292 insidias
1240 2236 1430 2307 aperit,
1459 2251 1577 2305 qua:
1597 2236 1801 2306 reliqua
1833 2242 1982 2307 parte
2008 2235 2261 2305 Epistula:
2287 2237 2533 2293 secunda:
2563 2238 2993 2310 Pelagianorum,
3031 2239 3082 2293 in
3124 2242 3357 2310 quinque
3385 2241 3641 2297 doctrina:

370 2338 552 2379 eorum
580 2326 843 2396 capitibus
868 2326 1057 2393 latent,
1087 2326 1139 2381 in
1169 2326 1329 2382 laude
1354 2327 1559 2382 scilicet
1577 2336 1859 2391 creatum,
1889 2326 2045 2381 laude
2066 2329 2390 2398 nuptiarum,
2417 2329 2571 2384 laude
2596 2328 2774 2399 Legis,
2802 2329 2957 2385 laude
2984 2330 3136 2385 liberi
3159 2332 3381 2394 arbitrii,
3410 2342 3463 2385 et
3486 2333 3641 2387 laude

371 2425 709 2473 sanctorum:
736 2426 896 2488 atque
920 2418 986 2472 ad
1015 2417 1173 2472 ﬁnem
1201 2417 1318 2473 libri
1351 2417 1552 2487 profert
1579 2416 1827 2489 Cypriani
1858 2427 1913 2472 et
1942 2418 2207 2474 Ambrosii
2237 2420 2537 2474 testimonia
2572 2436 2667 2490 pro
2710 2421 2968 2476 catholica
3007 2421 3131 2489 ﬁde,
3165 2422 3405 2492 qum-dam
3432 2423 3500 2479 de
3528 2425 3635 2479 ori-

371 2506 533 2577 ginali
555 2516 796 2578 peccato,
827 2508 931 2563 alia
958 2508 1027 2564 de
1047 2510 1233 2579 gratia:
1260 2508 1545 2578 adjutorio,
1574 2508 1758 2562 ultima
1788 2508 1855 2563 de
1882 2508 2158 2578 pratseutis
2192 2510 2413 2580 justitite
2441 2511 2858 2581 imperfectione.

441 2642 523 2704 In
544 2641 970 2728 subsequent”
1004 2644 1198 2707 libros
1226 2646 1364 2708 vide
1391 2644 1514 2728 lt'b._
1541 2645 1581 2706 2
1600 2691 1617 2721 ,
1652 2647 1893 2728 ςαρη61
1922 2692 1938 2719 ,
1969 2649 2539 2726 Retractationum,
2583 2660 2729 2715 tom.
2777 2655 2836 2728 1,
2870 2655 2991 2717 col.
3032 2655 3183 2725 655,
3211 2678 3248 2717 a
3276 2658 3498 2727 verbis,
3530 2657 3639 2719 Sc-

362 2727 655 2800 qnuntur
687 2723 832 2785 libri
864 2730 1146 2803 quatuor
1175 2769 1192 2799 ,
1219 2743 1409 2806 usque
1433 2724 1515 2787 ad
1542 2723 1746 2801 verba,
1779 2726 2211 2793 Celeberrima
2237 2723 2644 2809 prmdicahte.
2726 2734 2814 2794 Μ.

364 2876 2915 2931 Μ.
2934 2889 3316 2937 ::;"—"‘_-_—:_‘
3330 2892 3587 2939 ;—___::_"

947 3012 1089 3127 s.
1183 3015 1945 3128 AURELII
1977 2929 1992 2930 θ
2029 2929 3036 3136 Ληρεῖς-ιιιιῇ

1325 3216 2085 3301 HIPPONENSIS
2132 3218 2661 3309 EPISCOPI

1833 3354 2109 3413 CONTRA
2370 3359 2375 3363 ’

372 3483 862 3615 DUAS
986 3470 1994 3659 .EPISTOLAS
2159 3447 3637 3633 PELAGIANORUM

622 3711 777 3782 AD
832 3709 1541 3785 BONIFACIUM
1586 3708 2098 3784 ROMANE
2134 3714 2692 3790 ECCLESIJE
2736 3716 3385 3795 EPISCOPUM

1476 3849 1867 3997 Ξιὶὺτί
1900 3846 2568 4036 quatuor“.

1717 4070 2282 4149 mg...”—

1442 4205 1910 4318 LIBER
1980 4210 2632 4327 PRIMUS.

428 4421 649 4498 exustae
663 4433 698 4498 β
718 4419 925 4498 taleas
945 4419 1311 4498 Btjststetar.’
1325 4414 2062 4498 ._§€!a‘3.mm3§35..?fﬁt°99st

2007 4421 2383 4498 itlﬁaugust‘iuus
2404 4436 2436 4498 τί
2457 4436 2515 4498 τις
2534 4430 2742 4498 primum
2765 4431 3043 4498 catholicam
3065 4433 3330 4498 doctrinam
3353 4437 3561 4488 vindicat
3584 4443 3643 4491 ab

371 4478 1307 4563 illiusmlumniis,‘tumt’glagianorum
1324 4479 1607 4528 htereticum
1629 4486 1829 4525 sensum
1854 4478 1902 4523 in
1920 4487 1980 4525 ea
2001 4478 2112 4527 fidei
2143 4478 2632 4550 professione,'qtiam
2655 4478 3331 4554 ισὶμὶδίῶξῖὦιυῖξῖὧὸἶὶῖξὲ
3350 4478 3645 4563 inﬁtias};

374 4543 607 4593 latentem
628 4542 813 4605 retegit
836 4550 888 4594 et
907 4542 1109 4593 refellit.

1802 4598 2222 4661 www-

445 4710 666 4767 CAPUT
697 4710 979 4771 PRIMUM.
998 4740 1067 4750 —
1086 4710 1134 4764 ι.
1168 4708 1443 4763 Exorditur
1462 4724 1494 4761 a
1523 4705 1737 4762 Romani
1762 4709 1959 4777 episco-
2063 4728 2081 4768 ‹

2063 4715 2357 4781 cerissime,
2376 4728 2555 4774 mutua
2577 4721 2784 4777 miscuit
2807 4722 3037 4778 dictante
3057 4723 3339 4780 dilectione
3358 4726 3641 4795 colloquia,

377 4810 523 4867 putus
565 4800 959 4869 preeminentia.
1015 4798 1276 4885 Noveram
1333 4804 1386 4852 te
1435 4797 1649 4866 quidem
1693 4796 1827 4851 fama
1873 4813 1962 4852 ce-
2066 4815 2342 4878 tecumque
2382 4811 2688 4879 convivens,
2725 4823 2781 4868 et
2813 4828 2974 4883 parvo
3003 4814 3127 4869 licet
3156 4824 3417 4885 tempore,
3453 4834 3644 4885 magno

377 4887 663 4942 Ιοίδθπίηιτι
697 4888 1035 4957 Ρτωάίαιηιθι
1066 4894 1121 4941 οι
1150 4884 1592 4954 ῐνθιιυεηιῑεείωῖε
1616 4893 1777 4955 δίψη
1802 4901 1957 4940 νεω-
2065 4898 2156 4952 tibi
2179 4898 2393 4967 junctus
2417 4899 2607 4956 affectu
2623 4942 2638 4967 ,
2662 4918 2723 4957 se
2748 4904 2902 4957 simul
2924 4912 2979 4958 et
3003 4920 3089 4960 me
3110 4884 3303 4961 refudit
3322 4907 3500 4962 animo
3528 4884 3642 4974 tuo,

381 4978 610 5033 cissimis
637 4979 834 5033 nuntiis
857 4988 1050 5049 quanta
1077 4992 1229 5033 esses
1260 4977 1354 5032 Dei
1386 4978 1553 5047 gratia
1592 4978 1778 5047 plenus
1804 4993 1959 5033 acce-
2065 5000 2221 5060 teque
2248 4990 2376 5045 mihi
2405 4994 2694 5061 reportavit
2722 4994 2773 5047 ίη
2806 5008 2933 5058 δυο,
2967 5003 3114 5049 mmo
3148 4995 3317 5066 major
3342 4997 3395 5051 in
3421 5014 3509 5053 me
3541 5010 3644 5053 ma,

375 5070 894 5140 Ρεηωοδθθῑίεείωθ
912 5080 1073 5141 atque
1093 5068 1397 5126 νοηθηηάθ
1417 5083 1550 5138 Papa
1568 5068 1826 5123 Βοηίτθοῖ·
1847 5069 1953 5124 8θά
2062 5081 2367 5137 Sanctitalis
2394 5090 2474 5135 est
2505 5082 2638 5137 facta
2679 5084 2861 5138 notitia
2883 5124 2897 5148 ,
2928 5093 3128 5154 quanto
3166 5086 3362 5142 certior
3388 5089 3641 5145 amicitia.

374 5189 719 5252 posteaquam
748 5189 800 5236 te
825 5182 983 5236 etiam
1014 5181 1295 5252 prmsentia
1321 5180 1583 5249 corporali
1617 5179 1780 5236 frater
1805 5194 1958 5234 meus
2064 5172 2247 5243 Neque
2273 5174 2413 5229 enim
2439 5172 2774 5245 dedignaris,
2813 5176 2899 5245 qui
2929 5191 3034 5231 non
3063 5176 3168 5231 alta
3198 5178 3341 5248 sapis
3359 5220 3375 5246 ,
3404 5183 3647 5251 quamvis

379 5270 506 5327 vidit
531 5271 787 5343 Alypius,
818 5282 1171 5343 acceptusque
1203 5287 1233 5326 a
1264 5281 1315 5328 te
1341 5272 1721 5343 benignissime
1757 5287 1817 5327 ac
1843 5272 1958 5326 sin-
2016 5344 2023 5349 _
2062 5267 2221 5322 altius
2264 5265 2583 5335 prtesideas,
2612 5281 2731 5322 esse
2755 5269 2958 5323 amicus
2982 5267 3258 5325 humilium
3278 5310 3297 5337 ,
3324 5281 3379 5328 et
3406 5288 3646 5329 amorem
3698 5312 3708 5321 .

1562 5398 1589 5437 Δ
1598 5396 1844 5438 ωίοκιτιο
1880 5397 1959 5435 PP.
2000 5392 2451 5435 BENEDICTINORUI
2460 5420 2476 5432 .

436 5479 604 5524 contra
624 5471 995 5535 duasilspistolas
1012 5471 1376 5534 Pelagianorum
1395 5469 1505 5535 libri
1525 5478 1730 5534 quatuor
1748 5471 1983 5535 recogniti
2000 5476 2115 5535 sunt
2136 5469 2195 5535 ad
2220 5468 2438 5535 Vaticana
2453 5466 2550 5516 duo
2573 5465 3218 5535 exemplariamauuscrjpta
3227 5478 3288 5535 et
3304 5472 3378 5535 ad
3410 5472 3645 5527 Gallicana

376 5535 487 5594 tria,
511 5547 661 5584 unum
683 5528 869 5584 scilicet
885 5535 1091 5583 abhatiae
1115 5528 1382 5593 tieccensis,
1409 5528 1558 5582 alium"
1577 5535 1783 5583 abbatia:
1810 5528 1962 5581 saﬁctl
1984 5533 2106 5581 Petri
2138 5530 2202 5579 de
2234 5528 2469 5590 t‘ratellis,
2494 5529 2694 5578 tertium
2724 5528 2934 5580 abbatia:
2956 5537 2999 5579 s.
3029 5528 3267 5583 Michaelis
3286 5532 3350 5582 de
3392 5541 3558 5583 monte
3597 5538 3644 5579 in

377 5595 595 5658 periculo
614 5596 789 5656 maris;
814 5603 869 5646 et
886 5595 948 5645 ad
970 5596 1210 5645 editiones
1231 5603 1331 5644 Am.
1355 5601 1430 5643 Er.
1457 5600 1509 5643 et
1530 5601 1639 5644 Lov.

456 5677 969 5759 Compar-animus
984 5685 1289 5757 praeterea
1318 5696 1416 5737 eas
1448 5694 1649 5738 omnes
1679 5676 1981 5743 editiones
2022 5679 2210 5743 initio
2241 5679 2412 5741 Retr.
2430 5680 2490 5738 et
2508 5672 2825 5758 Confess.,
2842 5681 2891 5736 ι.
2920 5675 2982 5749 1,
3005 5684 3391 5738 moratas.
3472 5672 3559 5734 Μ.

442 5795 515 5857 (a)
546 5796 714 5858 Scriptl
730 5806 857 5845 anno
882 5794 987 5856 $90,
1012 5801 1094 5845 aut
1116 5794 1259 5857 paulo
1278 5803 1403 5858 post.
