  <div class='ocr_page' id='page_1' title='image "/cluster/home/n/w/nwhite01/storage/ocr_20150623/44-45/uc1.31175026792435/283.png"; bbox 0 0 4096 6566; ppageno 0'>
   <div class='ocr_carea' id='block_1_1' title="bbox 430 379 3071 446">
    <p class='ocr_par' dir='ltr' id='par_1_1' title="bbox 430 379 3071 446">
     <span class='ocr_line' id='line_1_1' title="bbox 430 379 3071 446; baseline -0.005 0"><span class='ocrx_word' id='word_1_1' title='bbox 430 392 523 446; x_wconf 67' lang='lat' dir='ltr'><strong>{ibi</strong></span> <span class='ocrx_word' id='word_1_2' title='bbox 1063 385 1335 439; x_wconf 71' lang='lat' dir='ltr'><strong>CONTRA</strong></span> <span class='ocrx_word' id='word_1_3' title='bbox 1380 383 1559 439; x_wconf 85' lang='lat' dir='ltr'><strong>DU.\S</strong></span> <span class='ocrx_word' id='word_1_4' title='bbox 1600 383 1966 438; x_wconf 64' lang='lat' dir='ltr'><strong>liPiSTOLAS</strong></span> <span class='ocrx_word' id='word_1_5' title='bbox 2009 379 2564 444; x_wconf 67' lang='lat' dir='ltr'><strong>PELAGIANORUM,</strong></span> <span class='ocrx_word' id='word_1_6' title='bbox 2606 379 2661 436; x_wconf 88' lang='lat' dir='ltr'><strong>S.</strong></span> <span class='ocrx_word' id='word_1_7' title='bbox 2705 380 3071 438; x_wconf 77' lang='lat' dir='ltr'><strong>AUGUSTlNl</strong></span> 
     </span>
    </p>
   </div>
   <div class='ocr_carea' id='block_1_2' title="bbox 432 496 2017 575">
    <p class='ocr_par' dir='ltr' id='par_1_2' title="bbox 432 496 2017 575">
     <span class='ocr_line' id='line_1_2' title="bbox 432 496 2017 575; baseline -0.01 -13"><span class='ocrx_word' id='word_1_8' title='bbox 432 505 728 575; x_wconf 84' lang='lat' dir='ltr'><strong>rependere</strong></span> <span class='ocrx_word' id='word_1_9' title='bbox 773 503 1094 572; x_wconf 82' lang='lat' dir='ltr'><strong>impensum.</strong></span> <span class='ocrx_word' id='word_1_10' title='bbox 1127 499 1260 566; x_wconf 83' lang='lat' dir='ltr'><strong>Quid</strong></span> <span class='ocrx_word' id='word_1_11' title='bbox 1293 510 1372 552; x_wconf 84' lang='lat' dir='ltr'><strong>est</strong></span> <span class='ocrx_word' id='word_1_12' title='bbox 1403 498 1545 551; x_wconf 84' lang='lat' dir='ltr'><strong>enim</strong></span> <span class='ocrx_word' id='word_1_13' title='bbox 1577 498 1717 550; x_wconf 86' lang='lat' dir='ltr'><strong>aliud</strong></span> <span class='ocrx_word' id='word_1_14' title='bbox 1756 496 2017 558; x_wconf 74' lang='lat' dir='ltr'><strong>amicitia,</strong></span> 
     </span>
    </p>
   </div>
   <div class='ocr_carea' id='block_1_3' title="bbox 432 590 2024 668">
    <p class='ocr_par' dir='ltr' id='par_1_3' title="bbox 432 590 2024 668">
     <span class='ocr_line' id='line_1_3' title="bbox 432 590 2024 668; baseline -0.006 -19"><span class='ocrx_word' id='word_1_15' title='bbox 432 615 550 668; x_wconf 67' lang='lat' dir='ltr'><strong>qua:</strong></span> <span class='ocrx_word' id='word_1_16' title='bbox 580 613 682 650; x_wconf 88' lang='lat' dir='ltr'><strong>non</strong></span> <span class='ocrx_word' id='word_1_17' title='bbox 725 595 937 653; x_wconf 80' lang='lat' dir='ltr'><strong>aliunde</strong></span> <span class='ocrx_word' id='word_1_18' title='bbox 972 609 1127 662; x_wconf 87' lang='lat' dir='ltr'><strong>quam</strong></span> <span class='ocrx_word' id='word_1_19' title='bbox 1157 607 1219 646; x_wconf 76' lang='lat' dir='ltr'><strong>ex</strong></span> <span class='ocrx_word' id='word_1_20' title='bbox 1251 608 1432 645; x_wconf 85' lang='lat' dir='ltr'><strong>amore</strong></span> <span class='ocrx_word' id='word_1_21' title='bbox 1473 606 1662 644; x_wconf 85' lang='lat' dir='ltr'><strong>nomen</strong></span> <span class='ocrx_word' id='word_1_22' title='bbox 1702 590 1936 657; x_wconf 76' lang='lat' dir='ltr'><strong>accepit.</strong></span> <span class='ocrx_word' id='word_1_23' title='bbox 1971 597 2024 640; x_wconf 83' lang='lat' dir='ltr'><strong>et</strong></span> 
     </span>
    </p>
   </div>
   <div class='ocr_carea' id='block_1_4' title="bbox 436 681 2024 762">
    <p class='ocr_par' dir='ltr' id='par_1_4' title="bbox 436 681 2024 762">
     <span class='ocr_line' id='line_1_4' title="bbox 436 681 2024 762; baseline -0.009 -17"><span class='ocrx_word' id='word_1_24' title='bbox 436 707 694 762; x_wconf 86' lang='lat' dir='ltr'><strong>nusquam</strong></span> <span class='ocrx_word' id='word_1_25' title='bbox 724 688 823 742; x_wconf 89' lang='lat' dir='ltr'><strong>nisi</strong></span> <span class='ocrx_word' id='word_1_26' title='bbox 854 689 903 740; x_wconf 91' lang='lat' dir='ltr'><strong>in</strong></span> <span class='ocrx_word' id='word_1_27' title='bbox 933 687 1144 740; x_wconf 73' lang='lat' dir='ltr'><strong>Christo</strong></span> <span class='ocrx_word' id='word_1_28' title='bbox 1173 684 1342 738; x_wconf 82' lang='lat' dir='ltr'><strong>ﬁdelis</strong></span> <span class='ocrx_word' id='word_1_29' title='bbox 1370 693 1487 745; x_wconf 86' lang='lat' dir='ltr'><strong>est,</strong></span> <span class='ocrx_word' id='word_1_30' title='bbox 1531 685 1580 735; x_wconf 88' lang='lat' dir='ltr'><strong>in</strong></span> <span class='ocrx_word' id='word_1_31' title='bbox 1625 699 1729 750; x_wconf 68' lang='lat' dir='ltr'><strong>quo</strong></span> <span class='ocrx_word' id='word_1_32' title='bbox 1761 681 1873 734; x_wconf 76' lang='grc' dir='ltr'><strong>5‹)ΙΟ</strong></span> <span class='ocrx_word' id='word_1_33' title='bbox 1903 693 2024 731; x_wconf 69' lang='lat' dir='ltr'><strong>chc</strong></span> 
     </span>
    </p>
   </div>
   <div class='ocr_carea' id='block_1_5' title="bbox 435 774 2024 850">
    <p class='ocr_par' dir='ltr' id='par_1_5' title="bbox 435 774 2024 850">
     <span class='ocr_line' id='line_1_5' title="bbox 435 774 2024 850; baseline -0.009 -11"><span class='ocrx_word' id='word_1_34' title='bbox 435 787 593 839; x_wconf 86' lang='lat' dir='ltr'><strong>etiam</strong></span> <span class='ocrx_word' id='word_1_35' title='bbox 618 781 940 850; x_wconf 83' lang='lat' dir='ltr'><strong>sempiterna</strong></span> <span class='ocrx_word' id='word_1_36' title='bbox 970 793 1032 833; x_wconf 90' lang='lat' dir='ltr'><strong>ac</strong></span> <span class='ocrx_word' id='word_1_37' title='bbox 1061 777 1180 830; x_wconf 80' lang='lat' dir='ltr'><strong>felix</strong></span> <span class='ocrx_word' id='word_1_38' title='bbox 1206 777 1414 845; x_wconf 84' lang='lat' dir='ltr'><strong>potest?</strong></span> <span class='ocrx_word' id='word_1_39' title='bbox 1442 774 1589 829; x_wconf 85' lang='lat' dir='ltr'><strong>Unde</strong></span> <span class='ocrx_word' id='word_1_40' title='bbox 1612 783 1664 827; x_wconf 79' lang='lat' dir='ltr'><strong>et</strong></span> <span class='ocrx_word' id='word_1_41' title='bbox 1688 781 1902 840; x_wconf 70' lang='lat' dir='ltr'><strong>accepta</strong></span> <span class='ocrx_word' id='word_1_42' title='bbox 1928 787 2024 838; x_wconf 88' lang='lat' dir='ltr'><strong>per</strong></span> 
     </span>
    </p>
   </div>
   <div class='ocr_carea' id='block_1_6' title="bbox 437 862 2026 940">
    <p class='ocr_par' dir='ltr' id='par_1_6' title="bbox 437 862 2026 940">
     <span class='ocr_line' id='line_1_6' title="bbox 437 862 2026 940; baseline -0.008 -12"><span class='ocrx_word' id='word_1_43' title='bbox 437 892 558 929; x_wconf 85' lang='lat' dir='ltr'><strong>eum</strong></span> <span class='ocrx_word' id='word_1_44' title='bbox 591 873 842 935; x_wconf 81' lang='lat' dir='ltr'><strong>fratrem,</strong></span> <span class='ocrx_word' id='word_1_45' title='bbox 875 885 967 940; x_wconf 88' lang='lat' dir='ltr'><strong>per</strong></span> <span class='ocrx_word' id='word_1_46' title='bbox 993 884 1148 938; x_wconf 90' lang='lat' dir='ltr'><strong>quem</strong></span> <span class='ocrx_word' id='word_1_47' title='bbox 1179 876 1228 920; x_wconf 88' lang='lat' dir='ltr'><strong>te</strong></span> <span class='ocrx_word' id='word_1_48' title='bbox 1260 865 1568 920; x_wconf 79' lang='lat' dir='ltr'><strong>familiarius</strong></span> <span class='ocrx_word' id='word_1_49' title='bbox 1598 863 1787 926; x_wconf 85' lang='lat' dir='ltr'><strong>didici,</strong></span> <span class='ocrx_word' id='word_1_50' title='bbox 1824 862 2026 928; x_wconf 85' lang='lat' dir='ltr'><strong>majore</strong></span> 
     </span>
    </p>
   </div>
   <div class='ocr_carea' id='block_1_7' title="bbox 360 954 2029 1049">
    <p class='ocr_par' dir='ltr' id='par_1_7' title="bbox 360 954 2029 1049">
     <span class='ocr_line' id='line_1_7' title="bbox 360 954 2029 1049; baseline -0.008 -30"><span class='ocrx_word' id='word_1_51' title='bbox 360 981 368 984; x_wconf 78' lang='lat'>&quot;</span> <span class='ocrx_word' id='word_1_52' title='bbox 441 967 649 1049; x_wconf 58' lang='lat' dir='ltr'><strong>lidugia,</strong></span> <span class='ocrx_word' id='word_1_53' title='bbox 670 979 830 1018; x_wconf 83' lang='lat' dir='ltr'><strong>ausus</strong></span> <span class='ocrx_word' id='word_1_54' title='bbox 857 977 972 1016; x_wconf 90' lang='lat' dir='ltr'><strong>sum</strong></span> <span class='ocrx_word' id='word_1_55' title='bbox 1001 960 1196 1029; x_wconf 86' lang='lat' dir='ltr'><strong>aliquid</strong></span> <span class='ocrx_word' id='word_1_56' title='bbox 1227 960 1290 1012; x_wconf 88' lang='lat' dir='ltr'><strong>ad</strong></span> <span class='ocrx_word' id='word_1_57' title='bbox 1321 968 1460 1012; x_wconf 86' lang='lat' dir='ltr'><strong>tuam</strong></span> <span class='ocrx_word' id='word_1_58' title='bbox 1479 955 1869 1010; x_wconf 88' lang='lat' dir='ltr'><strong>Beatitudiuem</strong></span> <span class='ocrx_word' id='word_1_59' title='bbox 1897 954 2029 1008; x_wconf 83' lang='lat' dir='ltr'><strong>scri-</strong></span> 
     </span>
    </p>
   </div>
   <div class='ocr_carea' id='block_1_8' title="bbox 359 1047 2028 1118">
    <p class='ocr_par' dir='ltr' id='par_1_8' title="bbox 359 1047 2028 1118">
     <span class='ocr_line' id='line_1_8' title="bbox 359 1047 2028 1118; baseline -0.011 -4"><span class='ocrx_word' id='word_1_60' title='bbox 359 1097 369 1114; x_wconf 89' lang='lat'><strong>.</strong></span> <span class='ocrx_word' id='word_1_61' title='bbox 441 1047 580 1110; x_wconf 71' lang='lat' dir='ltr'><strong>bere</strong></span> <span class='ocrx_word' id='word_1_62' title='bbox 611 1055 678 1109; x_wconf 91' lang='lat' dir='ltr'><strong>de</strong></span> <span class='ocrx_word' id='word_1_63' title='bbox 721 1054 801 1108; x_wconf 82' lang='lat' dir='ltr'><strong>bis</strong></span> <span class='ocrx_word' id='word_1_64' title='bbox 844 1053 1033 1117; x_wconf 84' lang='lat' dir='ltr'><strong>rebus,</strong></span> <span class='ocrx_word' id='word_1_65' title='bbox 1079 1067 1196 1118; x_wconf 71' lang='lat' dir='ltr'><strong>qua:</strong></span> <span class='ocrx_word' id='word_1_66' title='bbox 1247 1051 1348 1102; x_wconf 88' lang='lat' dir='ltr'><strong>hoc</strong></span> <span class='ocrx_word' id='word_1_67' title='bbox 1391 1060 1628 1118; x_wconf 87' lang='lat' dir='ltr'><strong>tempore</strong></span> <span class='ocrx_word' id='word_1_68' title='bbox 1670 1047 2028 1116; x_wconf 79' lang='lat' dir='ltr'><strong>epist-epuletn</strong></span> 
     </span>
    </p>
   </div>
   <div class='ocr_carea' id='block_1_9' title="bbox 439 1138 2030 1212">
    <p class='ocr_par' dir='ltr' id='par_1_9' title="bbox 439 1138 2030 1212">
     <span class='ocr_line' id='line_1_9' title="bbox 439 1138 2030 1212; baseline -0.004 -16"><span class='ocrx_word' id='word_1_69' title='bbox 439 1161 641 1210; x_wconf 83' lang='lat' dir='ltr'><strong>eurum,</strong></span> <span class='ocrx_word' id='word_1_70' title='bbox 677 1146 719 1198; x_wconf 89' lang='lat' dir='ltr'><strong>si</strong></span> <span class='ocrx_word' id='word_1_71' title='bbox 751 1158 850 1212; x_wconf 89' lang='lat' dir='ltr'><strong>qua</strong></span> <span class='ocrx_word' id='word_1_72' title='bbox 884 1144 933 1194; x_wconf 91' lang='lat' dir='ltr'><strong>in</strong></span> <span class='ocrx_word' id='word_1_73' title='bbox 967 1141 1119 1194; x_wconf 86' lang='lat' dir='ltr'><strong>nobis</strong></span> <span class='ocrx_word' id='word_1_74' title='bbox 1141 1148 1241 1205; x_wconf 77' lang='lat' dir='ltr'><strong>est,</strong></span> <span class='ocrx_word' id='word_1_75' title='bbox 1267 1139 1332 1192; x_wconf 88' lang='lat' dir='ltr'><strong>ad</strong></span> <span class='ocrx_word' id='word_1_76' title='bbox 1361 1138 1686 1207; x_wconf 74' lang='lat' dir='ltr'><strong>vigilantiam</strong></span> <span class='ocrx_word' id='word_1_77' title='bbox 1708 1138 1724 1167; x_wconf 83' lang='grc'>¹</span> <span class='ocrx_word' id='word_1_78' title='bbox 1749 1151 1845 1204; x_wconf 90' lang='lat' dir='ltr'><strong>pro</strong></span> <span class='ocrx_word' id='word_1_79' title='bbox 1871 1150 2030 1206; x_wconf 75' lang='lat' dir='ltr'><strong>grege</strong></span> 
     </span>
    </p>
   </div>
   <div class='ocr_carea' id='block_1_10' title="bbox 441 1229 1600 1291">
    <p class='ocr_par' dir='ltr' id='par_1_10' title="bbox 441 1229 1600 1291">
     <span class='ocr_line' id='line_1_10' title="bbox 441 1229 1600 1291; baseline -0.008 0"><span class='ocrx_word' id='word_1_80' title='bbox 441 1235 710 1291; x_wconf 86' lang='lat' dir='ltr'><strong>dominico</strong></span> <span class='ocrx_word' id='word_1_81' title='bbox 731 1233 942 1288; x_wconf 80' lang='lat' dir='ltr'><strong>stimulo</strong></span> <span class='ocrx_word' id='word_1_82' title='bbox 972 1233 1268 1287; x_wconf 77' lang='lat' dir='ltr'><strong>recentiore</strong></span> <span class='ocrx_word' id='word_1_83' title='bbox 1296 1229 1600 1284; x_wconf 91' lang='lat' dir='ltr'><strong>sollicitant.</strong></span> 
     </span>
    </p>
   </div>
   <div class='ocr_carea' id='block_1_11' title="bbox 510 1321 2030 1395">
    <p class='ocr_par' dir='ltr' id='par_1_11' title="bbox 510 1321 2030 1395">
     <span class='ocr_line' id='line_1_11' title="bbox 510 1321 2030 1395; baseline -0.007 -13"><span class='ocrx_word' id='word_1_84' title='bbox 510 1329 564 1382; x_wconf 74' lang='grc'><strong>2.</strong></span> <span class='ocrx_word' id='word_1_85' title='bbox 595 1328 726 1382; x_wconf 81' lang='lat' dir='ltr'><strong>Novi</strong></span> <span class='ocrx_word' id='word_1_86' title='bbox 768 1327 962 1395; x_wconf 89' lang='lat' dir='ltr'><strong>quippe</strong></span> <span class='ocrx_word' id='word_1_87' title='bbox 993 1323 1260 1388; x_wconf 72' lang='lat' dir='ltr'><strong>hmretici,</strong></span> <span class='ocrx_word' id='word_1_88' title='bbox 1297 1323 1497 1376; x_wconf 85' lang='lat' dir='ltr'><strong>inimici</strong></span> <span class='ocrx_word' id='word_1_89' title='bbox 1525 1322 1708 1390; x_wconf 70' lang='lat' dir='ltr'><strong>gratire</strong></span> <span class='ocrx_word' id='word_1_90' title='bbox 1751 1321 1878 1386; x_wconf 92' lang='lat' dir='ltr'><strong>Dei,</strong></span> <span class='ocrx_word' id='word_1_91' title='bbox 1913 1335 2030 1388; x_wconf 69' lang='lat' dir='ltr'><strong>qua:</strong></span> 
     </span>
    </p>
   </div>
   <div class='ocr_carea' id='block_1_12' title="bbox 447 1409 2028 1486">
    <p class='ocr_par' dir='ltr' id='par_1_12' title="bbox 447 1409 2028 1486">
     <span class='ocr_line' id='line_1_12' title="bbox 447 1409 2028 1486; baseline -0.008 -14"><span class='ocrx_word' id='word_1_92' title='bbox 447 1419 604 1472; x_wconf 90' lang='lat' dir='ltr'><strong>datur</strong></span> <span class='ocrx_word' id='word_1_93' title='bbox 635 1417 840 1486; x_wconf 74' lang='lat' dir='ltr'><strong>pusillis</strong></span> <span class='ocrx_word' id='word_1_94' title='bbox 869 1424 922 1470; x_wconf 84' lang='lat' dir='ltr'><strong>et</strong></span> <span class='ocrx_word' id='word_1_95' title='bbox 952 1414 1155 1484; x_wconf 81' lang='lat' dir='ltr'><strong>magnis</strong></span> <span class='ocrx_word' id='word_1_96' title='bbox 1183 1429 1282 1484; x_wconf 88' lang='lat' dir='ltr'><strong>per</strong></span> <span class='ocrx_word' id='word_1_97' title='bbox 1309 1413 1490 1466; x_wconf 85' lang='lat' dir='ltr'><strong>.Iesum</strong></span> <span class='ocrx_word' id='word_1_98' title='bbox 1534 1411 1804 1466; x_wconf 82' lang='lat' dir='ltr'><strong>Christum</strong></span> <span class='ocrx_word' id='word_1_99' title='bbox 1847 1409 2028 1464; x_wconf 80' lang='lat' dir='ltr'><strong>Domi-</strong></span> 
     </span>
    </p>
   </div>
   <div class='ocr_carea' id='block_1_13' title="bbox 441 1502 2032 1574">
    <p class='ocr_par' dir='ltr' id='par_1_13' title="bbox 441 1502 2032 1574">
     <span class='ocr_line' id='line_1_13' title="bbox 441 1502 2032 1574; baseline -0.006 -11"><span class='ocrx_word' id='word_1_100' title='bbox 441 1525 566 1563; x_wconf 86' lang='lat' dir='ltr'><strong>num</strong></span> <span class='ocrx_word' id='word_1_101' title='bbox 597 1520 865 1571; x_wconf 86' lang='lat' dir='ltr'><strong>nostrum,</strong></span> <span class='ocrx_word' id='word_1_102' title='bbox 898 1507 997 1559; x_wconf 93' lang='lat' dir='ltr'><strong>etsi</strong></span> <span class='ocrx_word' id='word_1_103' title='bbox 1022 1507 1130 1574; x_wconf 86' lang='lat' dir='ltr'><strong>jam</strong></span> <span class='ocrx_word' id='word_1_104' title='bbox 1161 1502 1382 1558; x_wconf 83' lang='lat' dir='ltr'><strong>cavendi</strong></span> <span class='ocrx_word' id='word_1_105' title='bbox 1417 1503 1722 1558; x_wconf 74' lang='lat' dir='ltr'><strong>evidentius</strong></span> <span class='ocrx_word' id='word_1_106' title='bbox 1763 1503 2032 1570; x_wconf 78' lang='lat' dir='ltr'><strong>apertiore</strong></span> 
     </span>
    </p>
   </div>
   <div class='ocr_carea' id='block_1_14' title="bbox 443 1593 2034 1670">
    <p class='ocr_par' dir='ltr' id='par_1_14' title="bbox 443 1593 2034 1670">
     <span class='ocr_line' id='line_1_14' title="bbox 443 1593 2034 1670; baseline -0.007 -15"><span class='ocrx_word' id='word_1_107' title='bbox 443 1600 869 1670; x_wconf 75' lang='lat' dir='ltr'><strong>itnprobatione&#39;</strong></span> <span class='ocrx_word' id='word_1_108' title='bbox 918 1605 1313 1660; x_wconf 89' lang='lat' dir='ltr'><strong>monstrantur;</strong></span> <span class='ocrx_word' id='word_1_109' title='bbox 1367 1610 1473 1648; x_wconf 92' lang='lat' dir='ltr'><strong>non</strong></span> <span class='ocrx_word' id='word_1_110' title='bbox 1529 1604 1704 1648; x_wconf 86' lang='lat' dir='ltr'><strong>tamen</strong></span> <span class='ocrx_word' id='word_1_111' title='bbox 1753 1593 2034 1662; x_wconf 72' lang='lat' dir='ltr'><strong>quiescunt</strong></span> 
     </span>
    </p>
   </div>
   <div class='ocr_carea' id='block_1_15' title="bbox 443 1683 2028 1758">
    <p class='ocr_par' dir='ltr' id='par_1_15' title="bbox 443 1683 2028 1758">
     <span class='ocr_line' id='line_1_15' title="bbox 443 1683 2028 1758; baseline -0.006 -16"><span class='ocrx_word' id='word_1_112' title='bbox 443 1691 657 1758; x_wconf 88' lang='lat' dir='ltr'><strong>scriptis</strong></span> <span class='ocrx_word' id='word_1_113' title='bbox 700 1688 811 1742; x_wconf 87' lang='lat' dir='ltr'><strong>suis</strong></span> <span class='ocrx_word' id='word_1_114' title='bbox 854 1689 1028 1740; x_wconf 87' lang='lat' dir='ltr'><strong>mitms</strong></span> <span class='ocrx_word' id='word_1_115' title='bbox 1059 1695 1336 1739; x_wconf 83' lang='lat' dir='ltr'><strong>cantorum</strong></span> <span class='ocrx_word' id='word_1_116' title='bbox 1369 1685 1452 1738; x_wconf 86' lang='lat' dir='ltr'><strong>vel</strong></span> <span class='ocrx_word' id='word_1_117' title='bbox 1495 1684 1669 1738; x_wconf 89' lang='lat' dir='ltr'><strong>minus</strong></span> <span class='ocrx_word' id='word_1_118' title='bbox 1697 1683 2028 1738; x_wconf 83' lang='lat' dir='ltr'><strong>eruditorum</strong></span> 
     </span>
    </p>
   </div>
   <div class='ocr_carea' id='block_1_16' title="bbox 442 1775 2034 1848">
    <p class='ocr_par' dir='ltr' id='par_1_16' title="bbox 442 1775 2034 1848">
     <span class='ocr_line' id='line_1_16' title="bbox 442 1775 2034 1848; baseline -0.005 -11"><span class='ocrx_word' id='word_1_119' title='bbox 442 1784 600 1838; x_wconf 82' lang='lat' dir='ltr'><strong>Corda</strong></span> <span class='ocrx_word' id='word_1_120' title='bbox 635 1792 858 1836; x_wconf 88' lang='lat' dir='ltr'><strong>tentare.</strong></span> <span class='ocrx_word' id='word_1_121' title='bbox 887 1780 1088 1848; x_wconf 78' lang='lat' dir='ltr'><strong>Quibus</strong></span> <span class='ocrx_word' id='word_1_122' title='bbox 1111 1779 1291 1848; x_wconf 87' lang='lat' dir='ltr'><strong>utique</strong></span> <span class='ocrx_word' id='word_1_123' title='bbox 1319 1786 1461 1830; x_wconf 84' lang='lat' dir='ltr'><strong>esset</strong></span> <span class='ocrx_word' id='word_1_124' title='bbox 1489 1775 1940 1845; x_wconf 87' lang='lat' dir='ltr'><strong>respondendum,</strong></span> <span class='ocrx_word' id='word_1_125' title='bbox 1968 1790 2034 1829; x_wconf 88' lang='lat' dir='ltr'><strong>ne</strong></span> 
     </span>
    </p>
   </div>
   <div class='ocr_carea' id='block_1_17' title="bbox 443 1867 2033 1931">
    <p class='ocr_par' dir='ltr' id='par_1_17' title="bbox 443 1867 2033 1931">
     <span class='ocr_line' id='line_1_17' title="bbox 443 1867 2033 1931; baseline -0.005 -4"><span class='ocrx_word' id='word_1_126' title='bbox 443 1892 501 1928; x_wconf 86' lang='lat' dir='ltr'><strong>se</strong></span> <span class='ocrx_word' id='word_1_127' title='bbox 531 1874 611 1928; x_wconf 90' lang='lat' dir='ltr'><strong>vel</strong></span> <span class='ocrx_word' id='word_1_128' title='bbox 644 1887 768 1928; x_wconf 90' lang='lat' dir='ltr'><strong>suos</strong></span> <span class='ocrx_word' id='word_1_129' title='bbox 800 1872 851 1925; x_wconf 92' lang='lat' dir='ltr'><strong>in</strong></span> <span class='ocrx_word' id='word_1_130' title='bbox 882 1872 970 1924; x_wconf 87' lang='lat' dir='ltr'><strong>illo</strong></span> <span class='ocrx_word' id='word_1_131' title='bbox 1001 1869 1229 1923; x_wconf 80' lang='lat' dir='ltr'><strong>nefando</strong></span> <span class='ocrx_word' id='word_1_132' title='bbox 1253 1885 1438 1923; x_wconf 88' lang='lat' dir='ltr'><strong>errore</strong></span> <span class='ocrx_word' id='word_1_133' title='bbox 1467 1870 1770 1931; x_wconf 88' lang='lat' dir='ltr'><strong>lirmarent,</strong></span> <span class='ocrx_word' id='word_1_134' title='bbox 1799 1868 1957 1920; x_wconf 85' lang='lat' dir='ltr'><strong>etiam</strong></span> <span class='ocrx_word' id='word_1_135' title='bbox 1990 1867 2033 1919; x_wconf 90' lang='lat' dir='ltr'><strong>si</strong></span> 
     </span>
    </p>
   </div>
   <div class='ocr_carea' id='block_1_18' title="bbox 444 1959 2032 2031">
    <p class='ocr_par' dir='ltr' id='par_1_18' title="bbox 444 1959 2032 2031">
     <span class='ocr_line' id='line_1_18' title="bbox 444 1959 2032 2031; baseline -0.004 -14"><span class='ocrx_word' id='word_1_136' title='bbox 444 1983 546 2017; x_wconf 87' lang='lat' dir='ltr'><strong>non</strong></span> <span class='ocrx_word' id='word_1_137' title='bbox 587 1973 976 2027; x_wconf 78' lang='lat' dir='ltr'><strong>lllt‘ltlt‘rcmlls,</strong></span> <span class='ocrx_word' id='word_1_138' title='bbox 1006 1977 1072 2015; x_wconf 87' lang='lat' dir='ltr'><strong>ne</strong></span> <span class='ocrx_word' id='word_1_139' title='bbox 1105 1977 1424 2031; x_wconf 88' lang='lat' dir='ltr'><strong>quemquam</strong></span> <span class='ocrx_word' id='word_1_140' title='bbox 1463 1959 1858 2015; x_wconf 73' lang='lat' dir='ltr'><strong>Calliolieurum</strong></span> <span class='ocrx_word' id='word_1_141' title='bbox 1891 1959 2032 2012; x_wconf 85' lang='lat' dir='ltr'><strong>veri-</strong></span> 
     </span>
    </p>
   </div>
   <div class='ocr_carea' id='block_1_19' title="bbox 441 2051 2037 2122">
    <p class='ocr_par' dir='ltr' id='par_1_19' title="bbox 441 2051 2037 2122">
     <span class='ocr_line' id='line_1_19' title="bbox 441 2051 2037 2122; baseline -0.004 -13"><span class='ocrx_word' id='word_1_142' title='bbox 441 2056 600 2110; x_wconf 85' lang='lat' dir='ltr'><strong>simili</strong></span> <span class='ocrx_word' id='word_1_143' title='bbox 646 2071 896 2108; x_wconf 86' lang='lat' dir='ltr'><strong>sermone</strong></span> <span class='ocrx_word' id='word_1_144' title='bbox 939 2054 1272 2122; x_wconf 80' lang='lat' dir='ltr'><strong>dcciperent.</strong></span> <span class='ocrx_word' id='word_1_145' title='bbox 1305 2055 1434 2106; x_wconf 76' lang='lat' dir='ltr'><strong>Cum</strong></span> <span class='ocrx_word' id='word_1_146' title='bbox 1469 2068 1596 2108; x_wconf 89' lang='lat' dir='ltr'><strong>vero</strong></span> <span class='ocrx_word' id='word_1_147' title='bbox 1637 2067 1739 2106; x_wconf 88' lang='lat' dir='ltr'><strong>non</strong></span> <span class='ocrx_word' id='word_1_148' title='bbox 1788 2051 2037 2104; x_wconf 81' lang='lat' dir='ltr'><strong>desinant</strong></span> 
     </span>
    </p>
   </div>
   <div class='ocr_carea' id='block_1_20' title="bbox 441 2140 2035 2212">
    <p class='ocr_par' dir='ltr' id='par_1_20' title="bbox 441 2140 2035 2212">
     <span class='ocr_line' id='line_1_20' title="bbox 441 2140 2035 2212; baseline -0.003 -15"><span class='ocrx_word' id='word_1_149' title='bbox 441 2144 671 2198; x_wconf 78' lang='lat' dir='ltr'><strong>fremere</strong></span> <span class='ocrx_word' id='word_1_150' title='bbox 699 2144 762 2197; x_wconf 89' lang='lat' dir='ltr'><strong>ad</strong></span> <span class='ocrx_word' id='word_1_151' title='bbox 793 2143 1044 2196; x_wconf 69' lang='lat' dir='ltr'><strong>deminuei</strong></span> <span class='ocrx_word' id='word_1_152' title='bbox 1075 2143 1251 2212; x_wconf 80' lang='lat' dir='ltr'><strong>gregis</strong></span> <span class='ocrx_word' id='word_1_153' title='bbox 1273 2141 1474 2208; x_wconf 82' lang='lat' dir='ltr'><strong>eaulas,</strong></span> <span class='ocrx_word' id='word_1_154' title='bbox 1501 2152 1659 2210; x_wconf 86' lang='lat' dir='ltr'><strong>atque</strong></span> <span class='ocrx_word' id='word_1_155' title='bbox 1687 2142 1750 2194; x_wconf 89' lang='lat' dir='ltr'><strong>ad</strong></span> <span class='ocrx_word' id='word_1_156' title='bbox 1781 2140 2035 2208; x_wconf 85' lang='lat' dir='ltr'><strong>diripien-</strong></span> 
     </span>
    </p>
   </div>
   <div class='ocr_carea' id='block_1_21' title="bbox 440 2231 2035 2304">
    <p class='ocr_par' dir='ltr' id='par_1_21' title="bbox 440 2231 2035 2304">
     <span class='ocr_line' id='line_1_21' title="bbox 440 2231 2035 2304; baseline -0.004 -14"><span class='ocrx_word' id='word_1_157' title='bbox 440 2236 536 2290; x_wconf 77' lang='lat' dir='ltr'><strong>das</strong></span> <span class='ocrx_word' id='word_1_158' title='bbox 564 2244 709 2288; x_wconf 89' lang='lat' dir='ltr'><strong>tanto</strong></span> <span class='ocrx_word' id='word_1_159' title='bbox 741 2235 908 2304; x_wconf 89' lang='lat' dir='ltr'><strong>pretio</strong></span> <span class='ocrx_word' id='word_1_160' title='bbox 942 2233 1246 2304; x_wconf 87' lang='lat' dir='ltr'><strong>redemptas</strong></span> <span class='ocrx_word' id='word_1_161' title='bbox 1273 2249 1422 2294; x_wconf 88' lang='lat' dir='ltr'><strong>oves,</strong></span> <span class='ocrx_word' id='word_1_162' title='bbox 1458 2233 1634 2286; x_wconf 82' lang='lat' dir='ltr'><strong>aditus</strong></span> <span class='ocrx_word' id='word_1_163' title='bbox 1661 2231 2035 2300; x_wconf 85' lang='lat' dir='ltr'><strong>undecumque</strong></span> 
     </span>
    </p>
   </div>
   <div class='ocr_carea' id='block_1_22' title="bbox 443 2323 2032 2392">
    <p class='ocr_par' dir='ltr' id='par_1_22' title="bbox 443 2323 2032 2392">
     <span class='ocr_line' id='line_1_22' title="bbox 443 2323 2032 2392; baseline -0.004 -12"><span class='ocrx_word' id='word_1_164' title='bbox 443 2327 645 2388; x_wconf 87' lang='lat' dir='ltr'><strong>rimari,</strong></span> <span class='ocrx_word' id='word_1_165' title='bbox 674 2325 1078 2392; x_wconf 75' lang='lat' dir='ltr'><strong>communisque</strong></span> <span class='ocrx_word' id='word_1_166' title='bbox 1103 2325 1171 2377; x_wconf 88' lang='lat' dir='ltr'><strong>sit</strong></span> <span class='ocrx_word' id='word_1_167' title='bbox 1198 2324 1446 2378; x_wconf 90' lang='lat' dir='ltr'><strong>omnibus</strong></span> <span class='ocrx_word' id='word_1_168' title='bbox 1474 2324 1624 2378; x_wconf 89' lang='lat' dir='ltr'><strong>nobis</strong></span> <span class='ocrx_word' id='word_1_169' title='bbox 1651 2324 1738 2392; x_wconf 88' lang='lat' dir='ltr'><strong>qui</strong></span> <span class='ocrx_word' id='word_1_170' title='bbox 1765 2323 2032 2390; x_wconf 78' lang='lat' dir='ltr'><strong>fungimur</strong></span> 
     </span>
    </p>
   </div>
   <div class='ocr_carea' id='block_1_23' title="bbox 449 2415 2037 2487">
    <p class='ocr_par' dir='ltr' id='par_1_23' title="bbox 449 2415 2037 2487">
     <span class='ocr_line' id='line_1_23' title="bbox 449 2415 2037 2487; baseline -0.001 -18"><span class='ocrx_word' id='word_1_171' title='bbox 449 2419 787 2487; x_wconf 69' lang='lat' dir='ltr'><strong>episcopatus</strong></span> <span class='ocrx_word' id='word_1_172' title='bbox 815 2416 994 2470; x_wconf 79' lang='lat' dir='ltr'><strong>ofﬁcio</strong></span> <span class='ocrx_word' id='word_1_173' title='bbox 1045 2415 1328 2486; x_wconf 82' lang='lat' dir='ltr'><strong>(quamvis</strong></span> <span class='ocrx_word' id='word_1_174' title='bbox 1368 2417 1481 2484; x_wconf 88' lang='lat' dir='ltr'><strong>ipse</strong></span> <span class='ocrx_word' id='word_1_175' title='bbox 1513 2415 1564 2468; x_wconf 92' lang='lat' dir='ltr'><strong>in</strong></span> <span class='ocrx_word' id='word_1_176' title='bbox 1593 2430 1654 2470; x_wconf 90' lang='lat' dir='ltr'><strong>ea</strong></span> <span class='ocrx_word' id='word_1_177' title='bbox 1683 2415 2037 2485; x_wconf 58' lang='lat' dir='ltr'><strong>prteei‘nineas</strong></span> 
     </span>
    </p>
   </div>
   <div class='ocr_carea' id='block_1_24' title="bbox 444 2503 2037 2575">
    <p class='ocr_par' dir='ltr' id='par_1_24' title="bbox 444 2503 2037 2575">
     <span class='ocr_line' id='line_1_24' title="bbox 444 2503 2037 2575; baseline -0.001 -16"><span class='ocrx_word' id='word_1_178' title='bbox 444 2508 671 2560; x_wconf 79' lang='lat' dir='ltr'><strong>celsiore</strong></span> <span class='ocrx_word' id='word_1_179' title='bbox 694 2504 945 2575; x_wconf 78' lang='lat' dir='ltr'><strong>fastigio)</strong></span> <span class='ocrx_word' id='word_1_180' title='bbox 968 2505 1180 2574; x_wconf 88' lang='lat' dir='ltr'><strong>specula</strong></span> <span class='ocrx_word' id='word_1_181' title='bbox 1205 2506 1482 2572; x_wconf 77' lang='lat' dir='ltr'><strong>pastoralis</strong></span> <span class='ocrx_word' id='word_1_182' title='bbox 1499 2505 1520 2535; x_wconf 83' lang='grc'>³</span> <span class='ocrx_word' id='word_1_183' title='bbox 1546 2523 1557 2558; x_wconf 88' lang='lat'>:</span> <span class='ocrx_word' id='word_1_184' title='bbox 1590 2503 1726 2558; x_wconf 77' lang='lat' dir='ltr'><strong>facio</strong></span> <span class='ocrx_word' id='word_1_185' title='bbox 1751 2504 1889 2573; x_wconf 92' lang='lat' dir='ltr'><strong>quod</strong></span> <span class='ocrx_word' id='word_1_186' title='bbox 1919 2519 2037 2573; x_wconf 83' lang='lat' dir='ltr'><strong>pos-</strong></span> 
     </span>
    </p>
   </div>
   <div class='ocr_carea' id='block_1_25' title="bbox 447 2595 2040 2666">
    <p class='ocr_par' dir='ltr' id='par_1_25' title="bbox 447 2595 2040 2666">
     <span class='ocr_line' id='line_1_25' title="bbox 447 2595 2040 2666; baseline -0.001 -16"><span class='ocrx_word' id='word_1_187' title='bbox 447 2614 562 2651; x_wconf 90' lang='lat' dir='ltr'><strong>sum</strong></span> <span class='ocrx_word' id='word_1_188' title='bbox 595 2611 690 2666; x_wconf 91' lang='lat' dir='ltr'><strong>pro</strong></span> <span class='ocrx_word' id='word_1_189' title='bbox 716 2595 819 2650; x_wconf 91' lang='lat' dir='ltr'><strong>mci</strong></span> <span class='ocrx_word' id='word_1_190' title='bbox 847 2595 1103 2666; x_wconf 86' lang='lat' dir='ltr'><strong>particula</strong></span> <span class='ocrx_word' id='word_1_191' title='bbox 1135 2595 1389 2661; x_wconf 80' lang='lat' dir='ltr'><strong>muneris,</strong></span> <span class='ocrx_word' id='word_1_192' title='bbox 1419 2604 1673 2664; x_wconf 85' lang='lat' dir='ltr'><strong>quantum</strong></span> <span class='ocrx_word' id='word_1_193' title='bbox 1705 2595 1831 2648; x_wconf 91' lang='lat' dir='ltr'><strong>mihi</strong></span> <span class='ocrx_word' id='word_1_194' title='bbox 1863 2595 2040 2648; x_wconf 89' lang='lat' dir='ltr'><strong>Domi-</strong></span> 
     </span>
    </p>
   </div>
   <div class='ocr_carea' id='block_1_26' title="bbox 449 2687 2041 2758">
    <p class='ocr_par' dir='ltr' id='par_1_26' title="bbox 449 2687 2041 2758">
     <span class='ocr_line' id='line_1_26' title="bbox 449 2687 2041 2758; baseline -0.002 -15"><span class='ocrx_word' id='word_1_195' title='bbox 449 2706 550 2743; x_wconf 87' lang='lat' dir='ltr'><strong>nus</strong></span> <span class='ocrx_word' id='word_1_196' title='bbox 581 2689 952 2758; x_wconf 83' lang='lat' dir='ltr'><strong>adjuvantibus</strong></span> <span class='ocrx_word' id='word_1_197' title='bbox 983 2687 1310 2742; x_wconf 85' lang='lat' dir='ltr'><strong>orationibus</strong></span> <span class='ocrx_word' id='word_1_198' title='bbox 1334 2689 1436 2741; x_wconf 90' lang='lat' dir='ltr'><strong>tuis</strong></span> <span class='ocrx_word' id='word_1_199' title='bbox 1463 2688 1665 2741; x_wconf 82' lang='lat' dir='ltr'><strong>donare</strong></span> <span class='ocrx_word' id='word_1_200' title='bbox 1687 2687 1958 2756; x_wconf 78' lang='lat' dir='ltr'><strong>dignatur,</strong></span> <span class='ocrx_word' id='word_1_201' title='bbox 1983 2697 2041 2741; x_wconf 89' lang='lat' dir='ltr'><strong>ut</strong></span> 
     </span>
    </p>
   </div>
   <div class='ocr_carea' id='block_1_27' title="bbox 449 2768 2038 2851">
    <p class='ocr_par' dir='ltr' id='par_1_27' title="bbox 449 2768 2038 2851">
     <span class='ocr_line' id='line_1_27' title="bbox 449 2768 2038 2851; baseline -0.003 -17"><span class='ocrx_word' id='word_1_202' title='bbox 449 2779 822 2851; x_wconf 64' lang='lat' dir='ltr'><strong>pestilentibus</strong></span> <span class='ocrx_word' id='word_1_203' title='bbox 843 2786 896 2832; x_wconf 88' lang='lat' dir='ltr'><strong>et</strong></span> <span class='ocrx_word' id='word_1_204' title='bbox 923 2777 1296 2832; x_wconf 89' lang='lat' dir='ltr'><strong>insidiantibus</strong></span> <span class='ocrx_word' id='word_1_205' title='bbox 1317 2768 1504 2832; x_wconf 82' lang='lat' dir='ltr'><strong>eorum</strong></span> <span class='ocrx_word' id='word_1_206' title='bbox 1528 2779 1742 2847; x_wconf 86' lang='lat' dir='ltr'><strong>scriptis</strong></span> <span class='ocrx_word' id='word_1_207' title='bbox 1768 2777 2038 2831; x_wconf 74' lang='lat' dir='ltr'><strong>medentia</strong></span> 
     </span>
    </p>
   </div>
   <div class='ocr_carea' id='block_1_28' title="bbox 449 2870 2040 2943">
    <p class='ocr_par' dir='ltr' id='par_1_28' title="bbox 449 2870 2040 2943">
     <span class='ocr_line' id='line_1_28' title="bbox 449 2870 2040 2943; baseline -0.003 -15"><span class='ocrx_word' id='word_1_208' title='bbox 449 2885 504 2928; x_wconf 88' lang='lat' dir='ltr'><strong>et</strong></span> <span class='ocrx_word' id='word_1_209' title='bbox 535 2874 826 2928; x_wconf 86' lang='lat' dir='ltr'><strong>munientia</strong></span> <span class='ocrx_word' id='word_1_210' title='bbox 855 2872 1048 2943; x_wconf 88' lang='lat' dir='ltr'><strong>scripta</strong></span> <span class='ocrx_word' id='word_1_211' title='bbox 1081 2871 1436 2942; x_wconf 65' lang='lat' dir='ltr'><strong>prietendam;</strong></span> <span class='ocrx_word' id='word_1_212' title='bbox 1468 2872 1660 2942; x_wconf 87' lang='lat' dir='ltr'><strong>quibus</strong></span> <span class='ocrx_word' id='word_1_213' title='bbox 1708 2870 1884 2924; x_wconf 84' lang='lat' dir='ltr'><strong>rabies</strong></span> <span class='ocrx_word' id='word_1_214' title='bbox 1934 2884 2040 2939; x_wconf 81' lang='lat' dir='ltr'><strong>qua</strong></span> 
     </span>
    </p>
   </div>
   <div class='ocr_carea' id='block_1_29' title="bbox 458 2959 2040 3032">
    <p class='ocr_par' dir='ltr' id='par_1_29' title="bbox 458 2959 2040 3032">
     <span class='ocr_line' id='line_1_29' title="bbox 458 2959 2040 3032; baseline -0.001 -16"><span class='ocrx_word' id='word_1_215' title='bbox 458 2965 692 3028; x_wconf 77' lang='lat' dir='ltr'><strong>lui-inut,</strong></span> <span class='ocrx_word' id='word_1_216' title='bbox 726 2972 816 3017; x_wconf 89' lang='lat' dir='ltr'><strong>aut</strong></span> <span class='ocrx_word' id='word_1_217' title='bbox 845 2963 1008 3016; x_wconf 87' lang='lat' dir='ltr'><strong>etiam</strong></span> <span class='ocrx_word' id='word_1_218' title='bbox 1046 2964 1158 3032; x_wconf 78' lang='lat' dir='ltr'><strong>ipsa</strong></span> <span class='ocrx_word' id='word_1_219' title='bbox 1191 2972 1427 3028; x_wconf 87' lang='lat' dir='ltr'><strong>sanetur,</strong></span> <span class='ocrx_word' id='word_1_220' title='bbox 1459 2971 1550 3016; x_wconf 90' lang='lat' dir='ltr'><strong>aut</strong></span> <span class='ocrx_word' id='word_1_221' title='bbox 1574 2978 1604 3016; x_wconf 89' lang='lat' dir='ltr'><strong>a</strong></span> <span class='ocrx_word' id='word_1_222' title='bbox 1636 2961 1892 3016; x_wconf 81' lang='lat' dir='ltr'><strong>laedendis</strong></span> <span class='ocrx_word' id='word_1_223' title='bbox 1921 2959 2040 3014; x_wconf 87' lang='lat' dir='ltr'><strong>aliis</strong></span> 
     </span>
    </p>
   </div>
   <div class='ocr_carea' id='block_1_30' title="bbox 455 3057 764 3124">
    <p class='ocr_par' dir='ltr' id='par_1_30' title="bbox 455 3057 764 3124">
     <span class='ocr_line' id='line_1_30' title="bbox 455 3057 764 3124; baseline 0.003 -15"><span class='ocrx_word' id='word_1_224' title='bbox 455 3057 764 3124; x_wconf 86' lang='lat' dir='ltr'><strong>repellatur.</strong></span> 
     </span>
    </p>
   </div>
   <div class='ocr_carea' id='block_1_31' title="bbox 525 3146 2044 3218">
    <p class='ocr_par' dir='ltr' id='par_1_31' title="bbox 525 3146 2044 3218">
     <span class='ocr_line' id='line_1_31' title="bbox 525 3146 2044 3218; baseline -0.001 -17"><span class='ocrx_word' id='word_1_225' title='bbox 525 3150 577 3201; x_wconf 77' lang='grc'><strong>5.</strong></span> <span class='ocrx_word' id='word_1_226' title='bbox 611 3149 735 3202; x_wconf 76' lang='lat' dir='ltr'><strong>“:I‘C</strong></span> <span class='ocrx_word' id='word_1_227' title='bbox 758 3156 933 3202; x_wconf 83' lang='lat' dir='ltr'><strong>autem</strong></span> <span class='ocrx_word' id='word_1_228' title='bbox 965 3163 1082 3218; x_wconf 71' lang='lat' dir='ltr'><strong>quae</strong></span> <span class='ocrx_word' id='word_1_229' title='bbox 1109 3146 1313 3201; x_wconf 83' lang='lat' dir='ltr'><strong>duabus</strong></span> <span class='ocrx_word' id='word_1_230' title='bbox 1335 3146 1590 3215; x_wconf 70' lang='lat' dir='ltr'><strong>Epistolis</strong></span> <span class='ocrx_word' id='word_1_231' title='bbox 1611 3161 1792 3200; x_wconf 88' lang='lat' dir='ltr'><strong>eorum</strong></span> <span class='ocrx_word' id='word_1_232' title='bbox 1821 3161 2044 3214; x_wconf 83' lang='lat' dir='ltr'><strong>respon-</strong></span> 
     </span>
    </p>
   </div>
   <div class='ocr_carea' id='block_1_32' title="bbox 454 3238 2040 3307">
    <p class='ocr_par' dir='ltr' id='par_1_32' title="bbox 454 3238 2040 3307">
     <span class='ocr_line' id='line_1_32' title="bbox 454 3238 2040 3307; baseline -0.001 -13"><span class='ocrx_word' id='word_1_233' title='bbox 454 3241 556 3295; x_wconf 87' lang='lat' dir='ltr'><strong>deo</strong></span> <span class='ocrx_word' id='word_1_234' title='bbox 581 3259 594 3293; x_wconf 91' lang='lat'><strong>:</strong></span> <span class='ocrx_word' id='word_1_235' title='bbox 620 3241 706 3294; x_wconf 90' lang='lat' dir='ltr'><strong>uni</strong></span> <span class='ocrx_word' id='word_1_236' title='bbox 737 3241 938 3296; x_wconf 87' lang='lat' dir='ltr'><strong>scilicet</strong></span> <span class='ocrx_word' id='word_1_237' title='bbox 967 3256 1124 3307; x_wconf 87' lang='lat' dir='ltr'><strong>quam</strong></span> <span class='ocrx_word' id='word_1_238' title='bbox 1151 3239 1345 3294; x_wconf 90' lang='lat' dir='ltr'><strong>dicitur</strong></span> <span class='ocrx_word' id='word_1_239' title='bbox 1376 3240 1601 3294; x_wconf 82' lang='lat' dir='ltr'><strong>Romam</strong></span> <span class='ocrx_word' id='word_1_240' title='bbox 1629 3239 1841 3292; x_wconf 88' lang='lat' dir='ltr'><strong>misisse</strong></span> <span class='ocrx_word' id='word_1_241' title='bbox 1869 3238 2040 3294; x_wconf 86' lang='lat' dir='ltr'><strong>Julia—</strong></span> 
     </span>
    </p>
   </div>
   <div class='ocr_carea' id='block_1_33' title="bbox 455 3331 2040 3402">
    <p class='ocr_par' dir='ltr' id='par_1_33' title="bbox 455 3331 2040 3402">
     <span class='ocr_line' id='line_1_33' title="bbox 455 3331 2040 3402; baseline -0.001 -16"><span class='ocrx_word' id='word_1_242' title='bbox 455 3349 576 3400; x_wconf 90' lang='lat' dir='ltr'><strong>nus,</strong></span> <span class='ocrx_word' id='word_1_243' title='bbox 595 3333 754 3386; x_wconf 88' lang='lat' dir='ltr'><strong>credo</strong></span> <span class='ocrx_word' id='word_1_244' title='bbox 772 3341 827 3386; x_wconf 91' lang='lat' dir='ltr'><strong>ut</strong></span> <span class='ocrx_word' id='word_1_245' title='bbox 843 3347 876 3402; x_wconf 88' lang='lat' dir='ltr'><strong>p</strong></span> <span class='ocrx_word' id='word_1_246' title='bbox 897 3348 936 3384; x_wconf 83' lang='lat' dir='ltr'><strong>-r</strong></span> <span class='ocrx_word' id='word_1_247' title='bbox 955 3332 1118 3394; x_wconf 87' lang='lat' dir='ltr'><strong>illam,</strong></span> <span class='ocrx_word' id='word_1_248' title='bbox 1139 3347 1270 3401; x_wconf 79' lang='lat' dir='ltr'><strong>quos</strong></span> <span class='ocrx_word' id='word_1_249' title='bbox 1286 3340 1488 3400; x_wconf 83' lang='lat' dir='ltr'><strong>posset,</strong></span> <span class='ocrx_word' id='word_1_250' title='bbox 1506 3346 1632 3385; x_wconf 90' lang='lat' dir='ltr'><strong>suos</strong></span> <span class='ocrx_word' id='word_1_251' title='bbox 1649 3339 1739 3384; x_wconf 88' lang='lat' dir='ltr'><strong>aut</strong></span> <span class='ocrx_word' id='word_1_252' title='bbox 1760 3331 2040 3394; x_wconf 86' lang='lat' dir='ltr'><strong>inveniret.</strong></span> 
     </span>
    </p>
   </div>
   <div class='ocr_carea' id='block_1_34' title="bbox 453 3421 2045 3491">
    <p class='ocr_par' dir='ltr' id='par_1_34' title="bbox 453 3421 2045 3491">
     <span class='ocr_line' id='line_1_34' title="bbox 453 3421 2045 3491; baseline 0 -15"><span class='ocrx_word' id='word_1_253' title='bbox 453 3431 545 3476; x_wconf 86' lang='lat' dir='ltr'><strong>aut</strong></span> <span class='ocrx_word' id='word_1_254' title='bbox 589 3421 813 3486; x_wconf 86' lang='lat' dir='ltr'><strong>faceret,</strong></span> <span class='ocrx_word' id='word_1_255' title='bbox 859 3422 1012 3476; x_wconf 91' lang='lat' dir='ltr'><strong>alteri</strong></span> <span class='ocrx_word' id='word_1_256' title='bbox 1058 3431 1236 3476; x_wconf 86' lang='lat' dir='ltr'><strong>autem</strong></span> <span class='ocrx_word' id='word_1_257' title='bbox 1266 3437 1424 3491; x_wconf 67' lang='lat' dir='ltr'><strong>quam</strong></span> <span class='ocrx_word' id='word_1_258' title='bbox 1457 3423 1640 3476; x_wconf 87' lang='lat' dir='ltr'><strong>decem</strong></span> <span class='ocrx_word' id='word_1_259' title='bbox 1673 3433 1726 3478; x_wconf 88' lang='lat' dir='ltr'><strong>et</strong></span> <span class='ocrx_word' id='word_1_260' title='bbox 1753 3432 1874 3478; x_wconf 90' lang='lat' dir='ltr'><strong>octo</strong></span> <span class='ocrx_word' id='word_1_261' title='bbox 1902 3423 2045 3477; x_wconf 90' lang='lat' dir='ltr'><strong>velut</strong></span> 
     </span>
    </p>
   </div>
   <div class='ocr_carea' id='block_1_35' title="bbox 453 3513 2040 3583">
    <p class='ocr_par' dir='ltr' id='par_1_35' title="bbox 453 3513 2040 3583">
     <span class='ocr_line' id='line_1_35' title="bbox 453 3513 2040 3583; baseline -0.001 -15"><span class='ocrx_word' id='word_1_262' title='bbox 453 3513 688 3582; x_wconf 88' lang='lat' dir='ltr'><strong>episcopi</strong></span> <span class='ocrx_word' id='word_1_263' title='bbox 719 3515 999 3583; x_wconf 81' lang='lat' dir='ltr'><strong>partietpes</strong></span> <span class='ocrx_word' id='word_1_264' title='bbox 1026 3513 1140 3581; x_wconf 88' lang='lat' dir='ltr'><strong>ejus</strong></span> <span class='ocrx_word' id='word_1_265' title='bbox 1168 3513 1388 3576; x_wconf 89' lang='lat' dir='ltr'><strong>erroris,</strong></span> <span class='ocrx_word' id='word_1_266' title='bbox 1415 3529 1517 3567; x_wconf 88' lang='lat' dir='ltr'><strong>non</strong></span> <span class='ocrx_word' id='word_1_267' title='bbox 1542 3513 1605 3567; x_wconf 87' lang='lat' dir='ltr'><strong>ad</strong></span> <span class='ocrx_word' id='word_1_268' title='bbox 1630 3513 1919 3583; x_wconf 87' lang='lat' dir='ltr'><strong>quoslibet,</strong></span> <span class='ocrx_word' id='word_1_269' title='bbox 1945 3513 2040 3568; x_wconf 87' lang='lat' dir='ltr'><strong>sed</strong></span> 
     </span>
    </p>
   </div>
   <div class='ocr_carea' id='block_1_36' title="bbox 453 3603 2044 3672">
    <p class='ocr_par' dir='ltr' id='par_1_36' title="bbox 453 3603 2044 3672">
     <span class='ocr_line' id='line_1_36' title="bbox 453 3603 2044 3672; baseline -0.001 -16"><span class='ocrx_word' id='word_1_270' title='bbox 453 3604 519 3656; x_wconf 89' lang='lat' dir='ltr'><strong>ad</strong></span> <span class='ocrx_word' id='word_1_271' title='bbox 550 3603 648 3657; x_wconf 91' lang='lat' dir='ltr'><strong>loci</strong></span> <span class='ocrx_word' id='word_1_272' title='bbox 673 3603 838 3671; x_wconf 89' lang='lat' dir='ltr'><strong>ipsius</strong></span> <span class='ocrx_word' id='word_1_273' title='bbox 859 3604 1172 3672; x_wconf 84' lang='lat' dir='ltr'><strong>episcopum</strong></span> <span class='ocrx_word' id='word_1_274' title='bbox 1196 3617 1288 3655; x_wconf 90' lang='lat' dir='ltr'><strong>sua</strong></span> <span class='ocrx_word' id='word_1_275' title='bbox 1313 3603 1606 3656; x_wconf 87' lang='lat' dir='ltr'><strong>calliditate</strong></span> <span class='ocrx_word' id='word_1_276' title='bbox 1632 3603 1964 3660; x_wconf 81' lang='lat' dir='ltr'><strong>tentandum.</strong></span> <span class='ocrx_word' id='word_1_277' title='bbox 1991 3615 2044 3656; x_wconf 91' lang='lat' dir='ltr'><strong>et</strong></span> 
     </span>
    </p>
   </div>
   <div class='ocr_carea' id='block_1_37' title="bbox 455 3691 2046 3760">
    <p class='ocr_par' dir='ltr' id='par_1_37' title="bbox 455 3691 2046 3760">
     <span class='ocr_line' id='line_1_37' title="bbox 455 3691 2046 3760; baseline -0.001 -14"><span class='ocrx_word' id='word_1_278' title='bbox 455 3693 521 3746; x_wconf 89' lang='lat' dir='ltr'><strong>ad</strong></span> <span class='ocrx_word' id='word_1_279' title='bbox 553 3708 675 3747; x_wconf 87' lang='lat' dir='ltr'><strong>suas</strong></span> <span class='ocrx_word' id='word_1_280' title='bbox 707 3704 902 3760; x_wconf 88' lang='lat' dir='ltr'><strong>partes,</strong></span> <span class='ocrx_word' id='word_1_281' title='bbox 934 3692 976 3745; x_wconf 90' lang='lat' dir='ltr'><strong>si</strong></span> <span class='ocrx_word' id='word_1_282' title='bbox 1003 3699 1184 3760; x_wconf 85' lang='lat' dir='ltr'><strong>posset</strong></span> <span class='ocrx_word' id='word_1_283' title='bbox 1209 3691 1342 3756; x_wconf 81' lang='lat' dir='ltr'><strong>ﬁeri,</strong></span> <span class='ocrx_word' id='word_1_284' title='bbox 1363 3692 1768 3754; x_wconf 83' lang='lat' dir='ltr'><strong>traducendum,</strong></span> <span class='ocrx_word' id='word_1_285' title='bbox 1789 3693 1900 3745; x_wconf 87' lang='lat' dir='ltr'><strong>ausi</strong></span> <span class='ocrx_word' id='word_1_286' title='bbox 1923 3701 2046 3745; x_wconf 90' lang='lat' dir='ltr'><strong>sunt</strong></span> 
     </span>
    </p>
   </div>
   <div class='ocr_carea' id='block_1_38' title="bbox 458 3784 2042 3854">
    <p class='ocr_par' dir='ltr' id='par_1_38' title="bbox 458 3784 2042 3854">
     <span class='ocr_line' id='line_1_38' title="bbox 458 3784 2042 3854; baseline 0 -16"><span class='ocrx_word' id='word_1_287' title='bbox 458 3785 888 3839; x_wconf 75' lang='lat' dir='ltr'><strong>Thessalonicam</strong></span> <span class='ocrx_word' id='word_1_288' title='bbox 915 3785 1150 3838; x_wconf 82' lang='lat' dir='ltr'><strong>scribere</strong></span> <span class='ocrx_word' id='word_1_289' title='bbox 1175 3802 1187 3836; x_wconf 91' lang='lat'><strong>:</strong></span> <span class='ocrx_word' id='word_1_290' title='bbox 1217 3784 1332 3838; x_wconf 66' lang='lat' dir='ltr'><strong>hare</strong></span> <span class='ocrx_word' id='word_1_291' title='bbox 1361 3800 1489 3854; x_wconf 79' lang='lat' dir='ltr'><strong>ergo</strong></span> <span class='ocrx_word' id='word_1_292' title='bbox 1521 3800 1638 3854; x_wconf 76' lang='lat' dir='ltr'><strong>qure</strong></span> <span class='ocrx_word' id='word_1_293' title='bbox 1664 3785 1799 3850; x_wconf 84' lang='lat' dir='ltr'><strong>istis,</strong></span> <span class='ocrx_word' id='word_1_294' title='bbox 1829 3792 1885 3838; x_wconf 89' lang='lat' dir='ltr'><strong>ut</strong></span> <span class='ocrx_word' id='word_1_295' title='bbox 1912 3784 2042 3850; x_wconf 86' lang='lat' dir='ltr'><strong>di\i,</strong></span> 
     </span>
    </p>
   </div>
   <div class='ocr_carea' id='block_1_39' title="bbox 457 3875 2043 3946">
    <p class='ocr_par' dir='ltr' id='par_1_39' title="bbox 457 3875 2043 3946">
     <span class='ocr_line' id='line_1_39' title="bbox 457 3875 2043 3946; baseline 0.001 -18"><span class='ocrx_word' id='word_1_296' title='bbox 457 3877 662 3931; x_wconf 85' lang='lat' dir='ltr'><strong>duabus</strong></span> <span class='ocrx_word' id='word_1_297' title='bbox 687 3875 934 3945; x_wconf 79' lang='lat' dir='ltr'><strong>Epistolis</strong></span> <span class='ocrx_word' id='word_1_298' title='bbox 956 3875 1192 3941; x_wconf 86' lang='lat' dir='ltr'><strong>illorum,</strong></span> <span class='ocrx_word' id='word_1_299' title='bbox 1223 3877 1320 3928; x_wconf 90' lang='lat' dir='ltr'><strong>ista</strong></span> <span class='ocrx_word' id='word_1_300' title='bbox 1343 3876 1703 3944; x_wconf 84' lang='lat' dir='ltr'><strong>disputatione</strong></span> <span class='ocrx_word' id='word_1_301' title='bbox 1725 3878 2043 3946; x_wconf 84' lang='lat' dir='ltr'><strong>respondeo,</strong></span> 
     </span>
    </p>
   </div>
   <div class='ocr_carea' id='block_1_40' title="bbox 457 3966 2046 4037">
    <p class='ocr_par' dir='ltr' id='par_1_40' title="bbox 457 3966 2046 4037">
     <span class='ocr_line' id='line_1_40' title="bbox 457 3966 2046 4037; baseline 0.002 -17"><span class='ocrx_word' id='word_1_302' title='bbox 457 3970 523 4022; x_wconf 85' lang='lat' dir='ltr'><strong>ad</strong></span> <span class='ocrx_word' id='word_1_303' title='bbox 573 3980 713 4021; x_wconf 89' lang='lat' dir='ltr'><strong>tuam</strong></span> <span class='ocrx_word' id='word_1_304' title='bbox 758 3968 1088 4036; x_wconf 86' lang='lat' dir='ltr'><strong>potissimum</strong></span> <span class='ocrx_word' id='word_1_305' title='bbox 1131 3966 1360 4037; x_wconf 85' lang='lat' dir='ltr'><strong>dirigere</strong></span> <span class='ocrx_word' id='word_1_306' title='bbox 1389 3968 1771 4033; x_wconf 75' lang='lat' dir='ltr'><strong>Sanctitatem,</strong></span> <span class='ocrx_word' id='word_1_307' title='bbox 1806 3983 1908 4022; x_wconf 91' lang='lat' dir='ltr'><strong>non</strong></span> <span class='ocrx_word' id='word_1_308' title='bbox 1941 3978 2046 4023; x_wconf 87' lang='lat' dir='ltr'><strong>tam</strong></span> 
     </span>
    </p>
   </div>
   <div class='ocr_carea' id='block_1_41' title="bbox 459 4058 2046 4129">
    <p class='ocr_par' dir='ltr' id='par_1_41' title="bbox 459 4058 2046 4129">
     <span class='ocr_line' id='line_1_41' title="bbox 459 4058 2046 4129; baseline 0.001 -17"><span class='ocrx_word' id='word_1_309' title='bbox 459 4059 708 4114; x_wconf 84' lang='lat' dir='ltr'><strong>discenda</strong></span> <span class='ocrx_word' id='word_1_310' title='bbox 739 4073 895 4126; x_wconf 90' lang='lat' dir='ltr'><strong>quam</strong></span> <span class='ocrx_word' id='word_1_311' title='bbox 927 4059 1312 4120; x_wconf 84' lang='lat' dir='ltr'><strong>examinanda,</strong></span> <span class='ocrx_word' id='word_1_312' title='bbox 1353 4069 1408 4113; x_wconf 89' lang='lat' dir='ltr'><strong>et</strong></span> <span class='ocrx_word' id='word_1_313' title='bbox 1453 4059 1537 4111; x_wconf 80' lang='lat' dir='ltr'><strong>ulti</strong></span> <span class='ocrx_word' id='word_1_314' title='bbox 1585 4058 1806 4112; x_wconf 82' lang='lat' dir='ltr'><strong>forsitan</strong></span> <span class='ocrx_word' id='word_1_315' title='bbox 1851 4060 2046 4129; x_wconf 86' lang='lat' dir='ltr'><strong>aliquid</strong></span> 
     </span>
    </p>
   </div>
   <div class='ocr_carea' id='block_1_42' title="bbox 459 4149 2045 4220">
    <p class='ocr_par' dir='ltr' id='par_1_42' title="bbox 459 4149 2045 4220">
     <span class='ocr_line' id='line_1_42' title="bbox 459 4149 2045 4220; baseline -0.001 -15"><span class='ocrx_word' id='word_1_316' title='bbox 459 4149 812 4220; x_wconf 87' lang='lat' dir='ltr'><strong>displicuerit,</strong></span> <span class='ocrx_word' id='word_1_317' title='bbox 833 4149 1162 4204; x_wconf 81' lang='lat' dir='ltr'><strong>emendanda</strong></span> <span class='ocrx_word' id='word_1_318' title='bbox 1185 4150 1458 4204; x_wconf 88' lang='lat' dir='ltr'><strong>constitui.</strong></span> <span class='ocrx_word' id='word_1_319' title='bbox 1488 4149 1741 4203; x_wconf 87' lang='lat' dir='ltr'><strong>ludicavit</strong></span> <span class='ocrx_word' id='word_1_320' title='bbox 1761 4151 1900 4204; x_wconf 90' lang='lat' dir='ltr'><strong>enim</strong></span> <span class='ocrx_word' id='word_1_321' title='bbox 1921 4152 2045 4205; x_wconf 86' lang='lat' dir='ltr'><strong>mihi</strong></span> 
     </span>
    </p>
   </div>
   <div class='ocr_carea' id='block_1_43' title="bbox 462 4241 2048 4311">
    <p class='ocr_par' dir='ltr' id='par_1_43' title="bbox 462 4241 2048 4311">
     <span class='ocr_line' id='line_1_43' title="bbox 462 4241 2048 4311; baseline -0.001 -14"><span class='ocrx_word' id='word_1_322' title='bbox 462 4246 626 4297; x_wconf 76' lang='lat' dir='ltr'><strong>lrater</strong></span> <span class='ocrx_word' id='word_1_323' title='bbox 656 4257 824 4307; x_wconf 83' lang='lat' dir='ltr'><strong>meus,</strong></span> <span class='ocrx_word' id='word_1_324' title='bbox 858 4242 997 4310; x_wconf 90' lang='lat' dir='ltr'><strong>quod</strong></span> <span class='ocrx_word' id='word_1_325' title='bbox 1027 4257 1118 4294; x_wconf 89' lang='lat' dir='ltr'><strong>eas</strong></span> <span class='ocrx_word' id='word_1_326' title='bbox 1145 4241 1218 4294; x_wconf 90' lang='lat' dir='ltr'><strong>illi</strong></span> <span class='ocrx_word' id='word_1_327' title='bbox 1249 4242 1378 4296; x_wconf 88' lang='lat' dir='ltr'><strong>dare</strong></span> <span class='ocrx_word' id='word_1_328' title='bbox 1411 4243 1522 4310; x_wconf 88' lang='lat' dir='ltr'><strong>ipse</strong></span> <span class='ocrx_word' id='word_1_329' title='bbox 1549 4242 1794 4310; x_wconf 83' lang='lat' dir='ltr'><strong>dignatus</strong></span> <span class='ocrx_word' id='word_1_330' title='bbox 1825 4257 1904 4307; x_wconf 80' lang='lat' dir='ltr'><strong>es,</strong></span> <span class='ocrx_word' id='word_1_331' title='bbox 1929 4258 2048 4311; x_wconf 74' lang='lat' dir='ltr'><strong>quze</strong></span> 
     </span>
    </p>
   </div>
   <div class='ocr_carea' id='block_1_44' title="bbox 463 4333 2047 4403">
    <p class='ocr_par' dir='ltr' id='par_1_44' title="bbox 463 4333 2047 4403">
     <span class='ocr_line' id='line_1_44' title="bbox 463 4333 2047 4403; baseline 0 -14"><span class='ocrx_word' id='word_1_332' title='bbox 463 4337 514 4389; x_wconf 89' lang='lat' dir='ltr'><strong>iu</strong></span> <span class='ocrx_word' id='word_1_333' title='bbox 547 4344 662 4388; x_wconf 86' lang='lat' dir='ltr'><strong>tuas</strong></span> <span class='ocrx_word' id='word_1_334' title='bbox 689 4349 876 4386; x_wconf 49' lang='lat' dir='ltr'><strong>manus</strong></span> <span class='ocrx_word' id='word_1_335' title='bbox 898 4374 911 4394; x_wconf 91' lang='lat'><strong>,</strong></span> <span class='ocrx_word' id='word_1_336' title='bbox 945 4333 1044 4386; x_wconf 89' lang='lat' dir='ltr'><strong>nisi</strong></span> <span class='ocrx_word' id='word_1_337' title='bbox 1077 4334 1476 4402; x_wconf 76' lang='lat' dir='ltr'><strong>vigilantissima</strong></span> <span class='ocrx_word' id='word_1_338' title='bbox 1522 4335 1793 4403; x_wconf 72' lang='lat' dir='ltr'><strong>diligentia</strong></span> <span class='ocrx_word' id='word_1_339' title='bbox 1828 4335 2047 4389; x_wconf 78' lang='lat' dir='ltr'><strong>fratrum</strong></span> 
     </span>
    </p>
   </div>
   <div class='ocr_carea' id='block_1_45' title="bbox 462 4423 2049 4492">
    <p class='ocr_par' dir='ltr' id='par_1_45' title="bbox 462 4423 2049 4492">
     <span class='ocr_line' id='line_1_45' title="bbox 462 4423 2049 4492; baseline 0.001 -13"><span class='ocrx_word' id='word_1_340' title='bbox 462 4436 767 4480; x_wconf 78' lang='lat' dir='ltr'><strong>n0strornm</strong></span> <span class='ocrx_word' id='word_1_341' title='bbox 799 4423 1025 4476; x_wconf 78' lang='lat' dir='ltr'><strong>filiorum</strong></span> <span class='ocrx_word' id='word_1_342' title='bbox 1059 4433 1295 4485; x_wconf 90' lang='lat' dir='ltr'><strong>tuorum,</strong></span> <span class='ocrx_word' id='word_1_343' title='bbox 1325 4424 1504 4477; x_wconf 89' lang='lat' dir='ltr'><strong>venire</strong></span> <span class='ocrx_word' id='word_1_344' title='bbox 1535 4440 1637 4478; x_wconf 79' lang='lat' dir='ltr'><strong>non</strong></span> <span class='ocrx_word' id='word_1_345' title='bbox 1681 4428 1902 4492; x_wconf 55' lang='lat' dir='ltr'><strong>possint.</strong></span> <span class='ocrx_word' id='word_1_346' title='bbox 1938 4429 2049 4492; x_wconf 77' lang='lat' dir='ltr'><strong>Ago</strong></span> 
     </span>
    </p>
   </div>
   <div class='ocr_carea' id='block_1_46' title="bbox 461 4495 2044 4587">
    <p class='ocr_par' dir='ltr' id='par_1_46' title="bbox 461 4495 2044 4587">
     <span class='ocr_line' id='line_1_46' title="bbox 461 4495 2044 4587; baseline 0.001 -15"><span class='ocrx_word' id='word_1_347' title='bbox 461 4527 636 4572; x_wconf 81' lang='lat' dir='ltr'><strong>autem</strong></span> <span class='ocrx_word' id='word_1_348' title='bbox 671 4517 868 4587; x_wconf 78' lang='lat' dir='ltr'><strong>gratias</strong></span> <span class='ocrx_word' id='word_1_349' title='bbox 897 4517 1271 4570; x_wconf 65' lang='lat' dir='ltr'><strong>sincerissime</strong></span> <span class='ocrx_word' id='word_1_350' title='bbox 1302 4519 1352 4570; x_wconf 89' lang='lat' dir='ltr'><strong>in</strong></span> <span class='ocrx_word' id='word_1_351' title='bbox 1383 4533 1482 4570; x_wconf 69' lang='lat' dir='ltr'><strong>nos</strong></span> <span class='ocrx_word' id='word_1_352' title='bbox 1508 4495 1892 4574; x_wconf 55' lang='lat' dir='ltr'><strong>bcnbvolcntim</strong></span> <span class='ocrx_word' id='word_1_353' title='bbox 1923 4530 2044 4583; x_wconf 72' lang='grc' dir='ltr'>ιιιειι,</span> 
     </span>
    </p>
   </div>
   <div class='ocr_carea' id='block_1_47' title="bbox 461 4610 2050 4682">
    <p class='ocr_par' dir='ltr' id='par_1_47' title="bbox 461 4610 2050 4682">
     <span class='ocr_line' id='line_1_47' title="bbox 461 4610 2050 4682; baseline -0.001 -16"><span class='ocrx_word' id='word_1_354' title='bbox 461 4611 600 4682; x_wconf 86' lang='lat' dir='ltr'><strong>quod</strong></span> <span class='ocrx_word' id='word_1_355' title='bbox 631 4626 720 4664; x_wconf 70' lang='lat' dir='ltr'><strong>eas</strong></span> <span class='ocrx_word' id='word_1_356' title='bbox 747 4626 830 4664; x_wconf 91' lang='lat' dir='ltr'><strong>me</strong></span> <span class='ocrx_word' id='word_1_357' title='bbox 860 4610 1026 4663; x_wconf 87' lang='lat' dir='ltr'><strong>latere</strong></span> <span class='ocrx_word' id='word_1_358' title='bbox 1055 4611 1265 4664; x_wconf 81' lang='lat' dir='ltr'><strong>uoluiin</strong></span> <span class='ocrx_word' id='word_1_359' title='bbox 1300 4611 1526 4666; x_wconf 83' lang='lat' dir='ltr'><strong>Litteras</strong></span> <span class='ocrx_word' id='word_1_360' title='bbox 1557 4612 1889 4665; x_wconf 81' lang='lat' dir='ltr'><strong>inimicorum</strong></span> <span class='ocrx_word' id='word_1_361' title='bbox 1921 4628 2050 4682; x_wconf 82' lang='lat' dir='ltr'><strong>gra-</strong></span> 
     </span>
    </p>
   </div>
   <div class='ocr_carea' id='block_1_48' title="bbox 463 4703 2052 4770">
    <p class='ocr_par' dir='ltr' id='par_1_48' title="bbox 463 4703 2052 4770">
     <span class='ocr_line' id='line_1_48' title="bbox 463 4703 2052 4770; baseline 0 -12"><span class='ocrx_word' id='word_1_362' title='bbox 463 4705 549 4758; x_wconf 61' lang='lat' dir='ltr'><strong>tiae</strong></span> <span class='ocrx_word' id='word_1_363' title='bbox 582 4704 692 4768; x_wconf 71' lang='lat' dir='ltr'><strong>Dei,</strong></span> <span class='ocrx_word' id='word_1_364' title='bbox 727 4703 776 4755; x_wconf 90' lang='lat' dir='ltr'><strong>in</strong></span> <span class='ocrx_word' id='word_1_365' title='bbox 809 4703 998 4770; x_wconf 84' lang='lat' dir='ltr'><strong>quibus</strong></span> <span class='ocrx_word' id='word_1_366' title='bbox 1025 4703 1265 4769; x_wconf 78' lang='lat' dir='ltr'><strong>reperisti</strong></span> <span class='ocrx_word' id='word_1_367' title='bbox 1298 4718 1488 4755; x_wconf 84' lang='lat' dir='ltr'><strong>nomen</strong></span> <span class='ocrx_word' id='word_1_368' title='bbox 1519 4719 1692 4755; x_wconf 75' lang='lat' dir='ltr'><strong>meum</strong></span> <span class='ocrx_word' id='word_1_369' title='bbox 1721 4705 2052 4758; x_wconf 72' lang='lat' dir='ltr'><strong>calumniose</strong></span> 
     </span>
    </p>
   </div>
   <div class='ocr_carea' id='block_1_49' title="bbox 461 4776 2050 4866">
    <p class='ocr_par' dir='ltr' id='par_1_49' title="bbox 461 4776 2050 4866">
     <span class='ocr_line' id='line_1_49' title="bbox 461 4776 2050 4866; baseline -0.001 -18"><span class='ocrx_word' id='word_1_370' title='bbox 461 4805 619 4866; x_wconf 86' lang='lat' dir='ltr'><strong>atque</strong></span> <span class='ocrx_word' id='word_1_371' title='bbox 645 4776 998 4848; x_wconf 47' lang='lat' dir='ltr'><strong>evidenter‘cx</strong></span> <span class='ocrx_word' id='word_1_372' title='bbox 1012 4809 1272 4861; x_wconf 73' lang='lat' dir='ltr'><strong>pressum.</strong></span> <span class='ocrx_word' id='word_1_373' title='bbox 1295 4795 1397 4847; x_wconf 74' lang='lat' dir='ltr'><strong>Sed</strong></span> <span class='ocrx_word' id='word_1_374' title='bbox 1423 4809 1578 4862; x_wconf 81' lang='lat' dir='ltr'><strong>Spero</strong></span> <span class='ocrx_word' id='word_1_375' title='bbox 1600 4795 1666 4847; x_wconf 88' lang='lat' dir='ltr'><strong>de</strong></span> <span class='ocrx_word' id='word_1_376' title='bbox 1694 4796 1914 4848; x_wconf 83' lang='lat' dir='ltr'><strong>Domino</strong></span> <span class='ocrx_word' id='word_1_377' title='bbox 1944 4796 2050 4848; x_wconf 84' lang='lat' dir='ltr'><strong>Deo</strong></span> 
     </span>
    </p>
   </div>
   <div class='ocr_carea' id='block_1_50' title="bbox 461 4883 2050 4954">
    <p class='ocr_par' dir='ltr' id='par_1_50' title="bbox 461 4883 2050 4954">
     <span class='ocr_line' id='line_1_50' title="bbox 461 4883 2050 4954; baseline 0.001 -16"><span class='ocrx_word' id='word_1_378' title='bbox 461 4896 663 4944; x_wconf 83' lang='lat' dir='ltr'><strong>nostro,</strong></span> <span class='ocrx_word' id='word_1_379' title='bbox 693 4883 829 4954; x_wconf 74' lang='lat' dir='ltr'><strong>quod</strong></span> <span class='ocrx_word' id='word_1_380' title='bbox 861 4901 962 4937; x_wconf 88' lang='lat' dir='ltr'><strong>non</strong></span> <span class='ocrx_word' id='word_1_381' title='bbox 993 4886 1107 4938; x_wconf 88' lang='lat' dir='ltr'><strong>sine</strong></span> <span class='ocrx_word' id='word_1_382' title='bbox 1136 4886 1379 4939; x_wconf 77' lang='lat' dir='ltr'><strong>mercede.</strong></span> <span class='ocrx_word' id='word_1_383' title='bbox 1410 4903 1526 4953; x_wconf 81' lang='lat' dir='ltr'><strong>qu:e</strong></span> <span class='ocrx_word' id='word_1_384' title='bbox 1557 4887 1606 4938; x_wconf 90' lang='lat' dir='ltr'><strong>in</strong></span> <span class='ocrx_word' id='word_1_385' title='bbox 1635 4887 1784 4940; x_wconf 71' lang='lat' dir='ltr'><strong>cm&#39;is</strong></span> <span class='ocrx_word' id='word_1_386' title='bbox 1823 4896 1904 4939; x_wconf 81' lang='lat' dir='ltr'><strong>est</strong></span> <span class='ocrx_word' id='word_1_387' title='bbox 1926 4928 1939 4945; x_wconf 87' lang='lat'><strong>,</strong></span> <span class='ocrx_word' id='word_1_388' title='bbox 1977 4887 2050 4940; x_wconf 89' lang='lat' dir='ltr'><strong>illi</strong></span> 
     </span>
    </p>
   </div>
   <div class='ocr_carea' id='block_1_51' title="bbox 461 4976 2047 5046">
    <p class='ocr_par' dir='ltr' id='par_1_51' title="bbox 461 4976 2047 5046">
     <span class='ocr_line' id='line_1_51' title="bbox 461 4976 2047 5046; baseline -0.001 -16"><span class='ocrx_word' id='word_1_389' title='bbox 461 4995 546 5030; x_wconf 91' lang='lat' dir='ltr'><strong>me</strong></span> <span class='ocrx_word' id='word_1_390' title='bbox 573 4979 810 5029; x_wconf 70' lang='lat' dir='ltr'><strong>lacerant</strong></span> <span class='ocrx_word' id='word_1_391' title='bbox 835 4977 990 5029; x_wconf 82' lang='lat' dir='ltr'><strong>dente</strong></span> <span class='ocrx_word' id='word_1_392' title='bbox 1021 4976 1302 5041; x_wconf 70' lang='lat' dir='ltr'><strong>maledico,</strong></span> <span class='ocrx_word' id='word_1_393' title='bbox 1331 4977 1522 5046; x_wconf 72' lang='lat' dir='ltr'><strong>quibus</strong></span> <span class='ocrx_word' id='word_1_394' title='bbox 1553 4994 1633 5028; x_wconf 60' lang='lat' dir='ltr'><strong>in»</strong></span> <span class='ocrx_word' id='word_1_395' title='bbox 1663 4992 1760 5046; x_wconf 88' lang='lat' dir='ltr'><strong>pro</strong></span> <span class='ocrx_word' id='word_1_396' title='bbox 1791 4977 2047 5044; x_wconf 80' lang='lat' dir='ltr'><strong>parvulis,</strong></span> 
     </span>
    </p>
   </div>
   <div class='ocr_carea' id='block_1_52' title="bbox 462 5067 2049 5136">
    <p class='ocr_par' dir='ltr' id='par_1_52' title="bbox 462 5067 2049 5136">
     <span class='ocr_line' id='line_1_52' title="bbox 462 5067 2049 5136; baseline -0.001 -16"><span class='ocrx_word' id='word_1_397' title='bbox 462 5083 528 5120; x_wconf 86' lang='lat' dir='ltr'><strong>ne</strong></span> <span class='ocrx_word' id='word_1_398' title='bbox 561 5067 726 5118; x_wconf 78' lang='lat' dir='ltr'><strong>fallaci</strong></span> <span class='ocrx_word' id='word_1_399' title='bbox 761 5067 1020 5118; x_wconf 78' lang='lat' dir='ltr'><strong>laudatori</strong></span> <span class='ocrx_word' id='word_1_400' title='bbox 1064 5067 1276 5136; x_wconf 72' lang='lat' dir='ltr'><strong>Pelagio</strong></span> <span class='ocrx_word' id='word_1_401' title='bbox 1309 5068 1495 5135; x_wconf 79' lang='lat' dir='ltr'><strong>perditi</strong></span> <span class='ocrx_word' id='word_1_402' title='bbox 1533 5069 1921 5136; x_wconf 82' lang='lat' dir='ltr'><strong>relinquuntur,</strong></span> <span class='ocrx_word' id='word_1_403' title='bbox 1956 5069 2049 5121; x_wconf 85' lang='lat' dir='ltr'><strong>sed</strong></span> 
     </span>
    </p>
   </div>
   <div class='ocr_carea' id='block_1_53' title="bbox 465 5155 2048 5225">
    <p class='ocr_par' dir='ltr' id='par_1_53' title="bbox 465 5155 2048 5225">
     <span class='ocr_line' id='line_1_53' title="bbox 465 5155 2048 5225; baseline 0.003 -20"><span class='ocrx_word' id='word_1_404' title='bbox 465 5158 639 5209; x_wconf 81' lang='lat' dir='ltr'><strong>veraci</strong></span> <span class='ocrx_word' id='word_1_405' title='bbox 686 5155 931 5206; x_wconf 57' lang='lat' dir='ltr'><strong>Salvatzxri</strong></span> <span class='ocrx_word' id='word_1_406' title='bbox 963 5155 1172 5208; x_wconf 66' lang='lat' dir='ltr'><strong>(,thristo</strong></span> <span class='ocrx_word' id='word_1_407' title='bbox 1206 5157 1460 5210; x_wconf 75' lang='lat' dir='ltr'><strong>liberandi</strong></span> <span class='ocrx_word' id='word_1_408' title='bbox 1489 5159 1797 5222; x_wconf 54' lang='lat' dir='ltr'><strong>offerantur,</strong></span> <span class='ocrx_word' id='word_1_409' title='bbox 1818 5173 2048 5225; x_wconf 81' lang='lat' dir='ltr'><strong>Oppono.</strong></span> 
     </span>
    </p>
   </div>
   <div class='ocr_carea' id='block_1_54' title="bbox 533 5243 2050 5321">
    <p class='ocr_par' dir='ltr' id='par_1_54' title="bbox 533 5243 2050 5317">
     <span class='ocr_line' id='line_1_54' title="bbox 533 5243 2050 5317; baseline 0.002 -21"><span class='ocrx_word' id='word_1_410' title='bbox 533 5243 758 5296; x_wconf 52' lang='lat' dir='ltr'><strong>CAPUT</strong></span> <span class='ocrx_word' id='word_1_411' title='bbox 792 5244 852 5295; x_wconf 90' lang='lat' dir='ltr'><strong>ll.</strong></span> <span class='ocrx_word' id='word_1_412' title='bbox 879 5273 949 5282; x_wconf 90' lang='lat'><strong>-—-</strong></span> <span class='ocrx_word' id='word_1_413' title='bbox 974 5253 1024 5296; x_wconf 81' lang='grc'><strong>4.</strong></span> <span class='ocrx_word' id='word_1_414' title='bbox 1052 5243 1317 5298; x_wconf 82' lang='lat' dir='ltr'><strong>Jnliunum</strong></span> <span class='ocrx_word' id='word_1_415' title='bbox 1358 5247 1618 5317; x_wconf 74' lang='lat' dir='ltr'><strong>impugnat</strong></span> <span class='ocrx_word' id='word_1_416' title='bbox 1659 5259 1957 5300; x_wconf 76' lang='lat' dir='ltr'><strong>asserentcm</strong></span> <span class='ocrx_word' id='word_1_417' title='bbox 1987 5247 2050 5299; x_wconf 78' lang='lat' dir='ltr'><strong>li-</strong></span> 
     </span>
    </p>
   </div>
   <div class='ocr_carea' id='block_1_55' title="bbox 531 5459 1988 5526">
    <p class='ocr_par' dir='ltr' id='par_1_55' title="bbox 531 5459 1988 5526">
     <span class='ocr_line' id='line_1_55' title="bbox 531 5459 1988 5526; baseline 0.004 -20"><span class='ocrx_word' id='word_1_418' title='bbox 531 5467 546 5526; x_wconf 65' lang='grc' dir='ltr'><strong>ξ</strong></span> <span class='ocrx_word' id='word_1_419' title='bbox 584 5459 802 5526; x_wconf 53' lang='lat' dir='ltr'><strong>Gallia-am</strong></span> <span class='ocrx_word' id='word_1_420' title='bbox 830 5459 1065 5526; x_wconf 67' lang='lat' dir='ltr'><strong>mauuset&#39;i</strong></span> <span class='ocrx_word' id='word_1_421' title='bbox 1105 5460 1138 5506; x_wconf 88' lang='lat' dir='ltr'><strong>ti</strong></span> <span class='ocrx_word' id='word_1_422' title='bbox 1162 5498 1182 5526; x_wconf 84' lang='lat'><strong>._</strong></span> <span class='ocrx_word' id='word_1_423' title='bbox 1203 5474 1240 5526; x_wconf 67' lang='lat' dir='ltr'><strong>si</strong></span> <span class='ocrx_word' id='word_1_424' title='bbox 1266 5476 1358 5524; x_wconf 77' lang='lat' dir='ltr'><strong>quo</strong></span> <span class='ocrx_word' id='word_1_425' title='bbox 1379 5463 1424 5512; x_wconf 86' lang='lat' dir='ltr'><strong>in</strong></span> <span class='ocrx_word' id='word_1_426' title='bbox 1456 5463 1586 5513; x_wconf 66' lang='lat' dir='ltr'><strong>nobis</strong></span> <span class='ocrx_word' id='word_1_427' title='bbox 1622 5472 1687 5514; x_wconf 88' lang='lat' dir='ltr'><strong>est</strong></span> <span class='ocrx_word' id='word_1_428' title='bbox 1724 5464 1988 5526; x_wconf 70' lang='lat' dir='ltr'><strong>vigilantia.</strong></span> 
     </span>
    </p>
   </div>
   <div class='ocr_carea' id='block_1_56' title="bbox 530 5519 1776 5580">
    <p class='ocr_par' dir='ltr' id='par_1_56' title="bbox 530 5519 1776 5580">
     <span class='ocr_line' id='line_1_56' title="bbox 530 5519 1776 5580; baseline 0.003 -14"><span class='ocrx_word' id='word_1_429' title='bbox 530 5523 551 5554; x_wconf 74' lang='grc'>³</span> <span class='ocrx_word' id='word_1_430' title='bbox 588 5529 634 5567; x_wconf 86' lang='grc' dir='ltr'><strong>ιιι</strong></span> <span class='ocrx_word' id='word_1_431' title='bbox 660 5521 829 5568; x_wconf 77' lang='lat' dir='ltr'><strong>iisdem</strong></span> <span class='ocrx_word' id='word_1_432' title='bbox 856 5526 986 5580; x_wconf 62' lang='lat' dir='ltr'><strong>Mss...</strong></span> <span class='ocrx_word' id='word_1_433' title='bbox 1012 5519 1109 5580; x_wconf 70' lang='lat' dir='ltr'><strong>imp</strong></span> <span class='ocrx_word' id='word_1_434' title='bbox 1129 5521 1230 5568; x_wconf 62' lang='grc' dir='ltr'><strong>ιὺἰι</strong></span> <span class='ocrx_word' id='word_1_435' title='bbox 1252 5519 1325 5570; x_wconf 62' lang='lat' dir='ltr'><strong>(te.</strong></span> <span class='ocrx_word' id='word_1_436' title='bbox 1769 5519 1776 5526; x_wconf 87' lang='grc'><em>’</em></span> 
     </span>
    </p>
   </div>
   <div class='ocr_carea' id='block_1_57' title="bbox 531 5578 2057 5648">
    <p class='ocr_par' dir='ltr' id='par_1_57' title="bbox 531 5578 2057 5648">
     <span class='ocr_line' id='line_1_57' title="bbox 531 5578 2057 5648; baseline 0.005 -20"><span class='ocrx_word' id='word_1_437' title='bbox 531 5585 554 5614; x_wconf 78' lang='grc'><strong><em>³</em></strong></span> <span class='ocrx_word' id='word_1_438' title='bbox 587 5589 738 5648; x_wconf 74' lang='lat' dir='ltr'><strong>Er._et</strong></span> <span class='ocrx_word' id='word_1_439' title='bbox 762 5589 805 5628; x_wconf 88' lang='grc' dir='ltr'><strong>1.ι</strong></span> <span class='ocrx_word' id='word_1_440' title='bbox 826 5595 890 5648; x_wconf 73' lang='lat' dir='ltr'><strong>v.,</strong></span> <span class='ocrx_word' id='word_1_441' title='bbox 917 5578 966 5627; x_wconf 81' lang='lat' dir='ltr'><strong>in</strong></span> <span class='ocrx_word' id='word_1_442' title='bbox 991 5593 1046 5648; x_wconf 77' lang='lat' dir='ltr'><strong>eo</strong></span> <span class='ocrx_word' id='word_1_443' title='bbox 1064 5578 1372 5648; x_wconf 60' lang='lat' dir='ltr'><strong>prmeniiuem</strong></span> <span class='ocrx_word' id='word_1_444' title='bbox 1397 5585 1594 5634; x_wconf 74' lang='lat' dir='ltr'><strong>celsiore</strong></span> <span class='ocrx_word' id='word_1_445' title='bbox 1626 5586 1816 5648; x_wconf 66' lang='lat' dir='ltr'><strong>[itrtiqio</strong></span> <span class='ocrx_word' id='word_1_446' title='bbox 1850 5599 1944 5646; x_wconf 60' lang='grc' dir='ltr'><strong>ενοι</strong></span> <span class='ocrx_word' id='word_1_447' title='bbox 1963 5586 2057 5636; x_wconf 72' lang='lat' dir='ltr'><strong>uim</strong></span> 
     </span>
    </p>
   </div>
   <div class='ocr_carea' id='block_1_58' title="bbox 468 5642 2055 5708">
    <p class='ocr_par' dir='ltr' id='par_1_58' title="bbox 468 5642 2055 5708">
     <span class='ocr_line' id='line_1_58' title="bbox 468 5642 2055 5708; baseline 0.003 -16"><span class='ocrx_word' id='word_1_448' title='bbox 468 5642 739 5708; x_wconf 59' lang='lat' dir='ltr'><strong>pastoralis.</strong></span> <span class='ocrx_word' id='word_1_449' title='bbox 768 5644 934 5689; x_wconf 67' lang='lat' dir='ltr'><strong>\u‘itts</strong></span> <span class='ocrx_word' id='word_1_450' title='bbox 953 5643 1144 5708; x_wconf 86' lang='lat' dir='ltr'><strong>antiqua</strong></span> <span class='ocrx_word' id='word_1_451' title='bbox 1169 5645 1282 5693; x_wconf 81' lang='lat' dir='ltr'><strong>editi</strong></span> <span class='ocrx_word' id='word_1_452' title='bbox 1307 5665 1318 5708; x_wconf 60' lang='lat' dir='ltr'><strong>i</strong></span> <span class='ocrx_word' id='word_1_453' title='bbox 1339 5655 1435 5708; x_wconf 60' lang='lat' dir='ltr'><strong>sui.</strong></span> <span class='ocrx_word' id='word_1_454' title='bbox 1463 5657 1510 5696; x_wconf 83' lang='lat' dir='ltr'><strong>et</strong></span> <span class='ocrx_word' id='word_1_455' title='bbox 1533 5642 1634 5694; x_wconf 48' lang='lat' dir='ltr'><strong>Mss:</strong></span> <span class='ocrx_word' id='word_1_456' title='bbox 1660 5651 1756 5697; x_wconf 55' lang='grc' dir='ltr'>(χιιι</span> <span class='ocrx_word' id='word_1_457' title='bbox 1777 5642 1880 5696; x_wconf 77' lang='lat' dir='ltr'><strong>enni</strong></span> <span class='ocrx_word' id='word_1_458' title='bbox 1899 5664 1952 5696; x_wconf 81' lang='lat' dir='ltr'><strong>ac</strong></span> <span class='ocrx_word' id='word_1_459' title='bbox 1972 5659 1987 5692; x_wconf 93' lang='lat'><em>\</em></span> <span class='ocrx_word' id='word_1_460' title='bbox 2005 5663 2055 5697; x_wconf 86' lang='lat' dir='ltr'><strong>a-</strong></span> 
     </span>
    </p>
   </div>
   <div class='ocr_carea' id='block_1_59' title="bbox 471 5703 2058 5812">
    <p class='ocr_par' dir='ltr' id='par_1_59' title="bbox 471 5703 2058 5812">
     <span class='ocr_line' id='line_1_59' title="bbox 471 5703 2058 5812; baseline 0.003 -58"><span class='ocrx_word' id='word_1_461' title='bbox 471 5703 614 5812; x_wconf 52' lang='lat' dir='ltr'><strong>tit-.112:</strong></span> <span class='ocrx_word' id='word_1_462' title='bbox 625 5739 652 5772; x_wconf 42' lang='lat'><strong>.,</strong></span> <span class='ocrx_word' id='word_1_463' title='bbox 694 5703 742 5751; x_wconf 79' lang='lat' dir='ltr'><strong>in</strong></span> <span class='ocrx_word' id='word_1_464' title='bbox 786 5717 844 5751; x_wconf 83' lang='lat' dir='ltr'><strong>ea</strong></span> <span class='ocrx_word' id='word_1_465' title='bbox 890 5705 1206 5764; x_wconf 71' lang='lat' dir='ltr'><strong>prwmnineas</strong></span> <span class='ocrx_word' id='word_1_466' title='bbox 1249 5706 1448 5755; x_wconf 63' lang='lat' dir='ltr'><strong>(etaiam</strong></span> <span class='ocrx_word' id='word_1_467' title='bbox 1492 5709 1679 5772; x_wconf 64' lang='lat' dir='ltr'><strong>[n.tigio</strong></span> <span class='ocrx_word' id='word_1_468' title='bbox 1731 5711 1924 5772; x_wconf 61' lang='lat' dir='ltr'><strong>speciale</strong></span> <span class='ocrx_word' id='word_1_469' title='bbox 1969 5725 2058 5773; x_wconf 75' lang='lat' dir='ltr'><strong>pa-</strong></span> 
     </span>
     <span class='ocr_line' id='line_1_60' title="bbox 471 5773 686 5812; baseline -0.009 0"><span class='ocrx_word' id='word_1_470' title='bbox 471 5773 563 5812; x_wconf 74' lang='lat' dir='ltr'><strong>stor</strong></span> <span class='ocrx_word' id='word_1_471' title='bbox 617 5777 686 5812; x_wconf 70' lang='lat' dir='ltr'><strong>is:</strong></span> 
     </span>
    </p>
   </div>
   <div class='ocr_carea' id='block_1_60' title="bbox 469 5773 686 5815">
    <p class='ocr_par' dir='ltr' id='par_1_60' title="bbox 469 5773 686 5815">
     <span class='ocr_line' id='line_1_61' title="bbox 469 5773 686 5815; baseline -0.023 0"><span class='ocrx_word' id='word_1_472' title='bbox 469 5773 686 5815; x_wconf 62' lang='grc' dir='ltr'><strong>ειυτωιδί</strong></span> 
     </span>
    </p>
   </div>
   <div class='ocr_carea' id='block_1_61' title="bbox 3612 383 3718 438">
    <p class='ocr_par' dir='ltr' id='par_1_61' title="bbox 3612 383 3718 438">
     <span class='ocr_line' id='line_1_62' title="bbox 3612 383 3718 438; baseline 0 0"><span class='ocrx_word' id='word_1_473' title='bbox 3612 383 3718 438; x_wconf 77' lang='lat'><strong>552</strong></span> 
     </span>
    </p>
   </div>
   <div class='ocr_carea' id='block_1_62' title="bbox 2131 484 3720 566">
    <p class='ocr_par' dir='ltr' id='par_1_62' title="bbox 2131 484 3720 566">
     <span class='ocr_line' id='line_1_63' title="bbox 2131 484 3720 566; baseline 0.004 -20"><span class='ocrx_word' id='word_1_474' title='bbox 2131 484 2302 548; x_wconf 81' lang='lat' dir='ltr'><strong>berum</strong></span> <span class='ocrx_word' id='word_1_475' title='bbox 2329 493 2590 548; x_wconf 83' lang='lat' dir='ltr'><strong>arbitrium</strong></span> <span class='ocrx_word' id='word_1_476' title='bbox 2621 505 2820 564; x_wconf 80' lang='lat' dir='ltr'><strong>peccato</strong></span> <span class='ocrx_word' id='word_1_477' title='bbox 2847 496 2971 548; x_wconf 72' lang='lat' dir='ltr'><strong>Arta:</strong></span> <span class='ocrx_word' id='word_1_478' title='bbox 3005 497 3229 566; x_wconf 83' lang='lat' dir='ltr'><strong>periisse.</strong></span> <span class='ocrx_word' id='word_1_479' title='bbox 3269 495 3388 552; x_wconf 82' lang='lat' dir='ltr'><strong>Jam</strong></span> <span class='ocrx_word' id='word_1_480' title='bbox 3416 493 3592 564; x_wconf 77' lang='lat' dir='ltr'><strong>itaque</strong></span> <span class='ocrx_word' id='word_1_481' title='bbox 3613 498 3720 553; x_wconf 74' lang='grc' dir='ltr'><strong>Ια-</strong></span> 
     </span>
    </p>
   </div>
   <div class='ocr_carea' id='block_1_63' title="bbox 2132 585 3726 658">
    <p class='ocr_par' dir='ltr' id='par_1_63' title="bbox 2132 585 3726 658">
     <span class='ocr_line' id='line_1_64' title="bbox 2132 585 3726 658; baseline 0.004 -20"><span class='ocrx_word' id='word_1_482' title='bbox 2132 585 2256 638; x_wconf 88' lang='lat' dir='ltr'><strong>liani</strong></span> <span class='ocrx_word' id='word_1_483' title='bbox 2289 586 2702 654; x_wconf 84' lang='lat' dir='ltr'><strong>respondeamus</strong></span> <span class='ocrx_word' id='word_1_484' title='bbox 2735 588 3000 654; x_wconf 67' lang='lat' dir='ltr'><strong>Epistolaz.</strong></span> <span class='ocrx_word' id='word_1_485' title='bbox 3033 605 3052 638; x_wconf 87' lang='grc' dir='ltr'><strong>ι</strong></span> <span class='ocrx_word' id='word_1_486' title='bbox 3090 587 3300 654; x_wconf 86' lang='lat' dir='ltr'><strong>Dicunt,</strong></span> <span class='ocrx_word' id='word_1_487' title='bbox 3334 607 3352 640; x_wconf 80' lang='grc' dir='ltr'><strong>ι</strong></span> <span class='ocrx_word' id='word_1_488' title='bbox 3381 589 3569 658; x_wconf 85' lang='lat' dir='ltr'><strong>inquit,</strong></span> <span class='ocrx_word' id='word_1_489' title='bbox 3599 609 3618 641; x_wconf 85' lang='grc' dir='ltr'><strong>ι</strong></span> <span class='ocrx_word' id='word_1_490' title='bbox 3649 590 3726 644; x_wconf 87' lang='lat' dir='ltr'><strong>illi</strong></span> 
     </span>
    </p>
   </div>
   <div class='ocr_carea' id='block_1_64' title="bbox 2131 678 3716 747">
    <p class='ocr_par' dir='ltr' id='par_1_64' title="bbox 2131 678 3716 747">
     <span class='ocr_line' id='line_1_65' title="bbox 2131 678 3716 747; baseline 0.003 -16"><span class='ocrx_word' id='word_1_491' title='bbox 2131 678 2424 741; x_wconf 69' lang='lat' dir='ltr'><strong>Manicbzei,</strong></span> <span class='ocrx_word' id='word_1_492' title='bbox 2455 679 2644 747; x_wconf 85' lang='lat' dir='ltr'><strong>quibus</strong></span> <span class='ocrx_word' id='word_1_493' title='bbox 2672 679 2829 732; x_wconf 82' lang='lat' dir='ltr'><strong>modo</strong></span> <span class='ocrx_word' id='word_1_494' title='bbox 2858 695 2964 732; x_wconf 89' lang='lat' dir='ltr'><strong>non</strong></span> <span class='ocrx_word' id='word_1_495' title='bbox 2991 681 3480 746; x_wconf 84' lang='lat' dir='ltr'><strong>communieamus,</strong></span> <span class='ocrx_word' id='word_1_496' title='bbox 3516 682 3565 734; x_wconf 90' lang='lat' dir='ltr'><strong>id</strong></span> <span class='ocrx_word' id='word_1_497' title='bbox 3596 695 3678 736; x_wconf 85' lang='lat' dir='ltr'><strong>est</strong></span> <span class='ocrx_word' id='word_1_498' title='bbox 3701 724 3716 744; x_wconf 87' lang='lat'><strong>,</strong></span> 
     </span>
    </p>
   </div>
   <div class='ocr_carea' id='block_1_65' title="bbox 2135 769 3723 841">
    <p class='ocr_par' dir='ltr' id='par_1_65' title="bbox 2135 769 3723 841">
     <span class='ocr_line' id='line_1_66' title="bbox 2135 769 3723 841; baseline 0.003 -19"><span class='ocrx_word' id='word_1_499' title='bbox 2135 771 2226 822; x_wconf 89' lang='lat' dir='ltr'><strong>toti</strong></span> <span class='ocrx_word' id='word_1_500' title='bbox 2257 769 2340 822; x_wconf 58' lang='lat' dir='ltr'><strong>isti</strong></span> <span class='ocrx_word' id='word_1_501' title='bbox 2368 784 2487 822; x_wconf 89' lang='lat' dir='ltr'><strong>cum</strong></span> <span class='ocrx_word' id='word_1_502' title='bbox 2519 771 2710 838; x_wconf 91' lang='lat' dir='ltr'><strong>quibus</strong></span> <span class='ocrx_word' id='word_1_503' title='bbox 2737 769 3080 824; x_wconf 74' lang='lat' dir='ltr'><strong>dissentimus</strong></span> <span class='ocrx_word' id='word_1_504' title='bbox 3102 813 3115 834; x_wconf 95' lang='lat'><strong>,</strong></span> <span class='ocrx_word' id='word_1_505' title='bbox 3149 773 3271 840; x_wconf 87' lang='lat' dir='ltr'><strong>quia</strong></span> <span class='ocrx_word' id='word_1_506' title='bbox 3305 771 3723 841; x_wconf 79' lang='lat' dir='ltr'><strong>priini.hnmiuis</strong></span> 
     </span>
    </p>
   </div>
   <div class='ocr_carea' id='block_1_66' title="bbox 2133 860 3724 934">
    <p class='ocr_par' dir='ltr' id='par_1_66' title="bbox 2133 860 3724 934">
     <span class='ocr_line' id='line_1_67' title="bbox 2133 860 3724 934; baseline 0.003 -20"><span class='ocrx_word' id='word_1_507' title='bbox 2133 871 2371 931; x_wconf 86' lang='lat' dir='ltr'><strong>peccato,</strong></span> <span class='ocrx_word' id='word_1_508' title='bbox 2406 860 2456 913; x_wconf 89' lang='lat' dir='ltr'><strong>id</strong></span> <span class='ocrx_word' id='word_1_509' title='bbox 2485 872 2596 926; x_wconf 87' lang='lat' dir='ltr'><strong>est,</strong></span> <span class='ocrx_word' id='word_1_510' title='bbox 2631 861 2758 915; x_wconf 70' lang='lat' dir='ltr'><strong>Adae</strong></span> <span class='ocrx_word' id='word_1_511' title='bbox 2780 903 2792 924; x_wconf 96' lang='lat'><strong>,</strong></span> <span class='ocrx_word' id='word_1_512' title='bbox 2826 861 3050 916; x_wconf 87' lang='lat' dir='ltr'><strong>liberum</strong></span> <span class='ocrx_word' id='word_1_513' title='bbox 3080 865 3354 917; x_wconf 88' lang='lat' dir='ltr'><strong>arbitrium</strong></span> <span class='ocrx_word' id='word_1_514' title='bbox 3386 863 3640 934; x_wconf 58' lang='lat' dir='ltr'><strong>perierit,</strong></span> <span class='ocrx_word' id='word_1_515' title='bbox 3673 877 3724 919; x_wconf 87' lang='lat' dir='ltr'><strong>et</strong></span> 
     </span>
    </p>
   </div>
   <div class='ocr_carea' id='block_1_67' title="bbox 2135 951 3722 1020">
    <p class='ocr_par' dir='ltr' id='par_1_67' title="bbox 2135 951 3722 1020">
     <span class='ocr_line' id='line_1_68' title="bbox 2135 951 3722 1020; baseline 0.004 -16"><span class='ocrx_word' id='word_1_516' title='bbox 2135 968 2291 1004; x_wconf 89' lang='lat' dir='ltr'><strong>nemo</strong></span> <span class='ocrx_word' id='word_1_517' title='bbox 2312 951 2422 1020; x_wconf 77' lang='lat' dir='ltr'><strong>jam</strong></span> <span class='ocrx_word' id='word_1_518' title='bbox 2448 961 2760 1020; x_wconf 87' lang='lat' dir='ltr'><strong>potestatem</strong></span> <span class='ocrx_word' id='word_1_519' title='bbox 2785 953 2978 1007; x_wconf 87' lang='lat' dir='ltr'><strong>habeat</strong></span> <span class='ocrx_word' id='word_1_520' title='bbox 2997 955 3131 1007; x_wconf 89' lang='lat' dir='ltr'><strong>bene</strong></span> <span class='ocrx_word' id='word_1_521' title='bbox 3154 955 3387 1018; x_wconf 77' lang='lat' dir='ltr'><strong>vivendi,</strong></span> <span class='ocrx_word' id='word_1_522' title='bbox 3416 957 3505 1009; x_wconf 76' lang='lat' dir='ltr'><strong>sed</strong></span> <span class='ocrx_word' id='word_1_523' title='bbox 3530 972 3722 1010; x_wconf 84' lang='lat' dir='ltr'><strong>omnes</strong></span> 
     </span>
    </p>
   </div>
   <div class='ocr_carea' id='block_1_68' title="bbox 2136 1043 3724 1116">
    <p class='ocr_par' dir='ltr' id='par_1_68' title="bbox 2136 1043 3724 1116">
     <span class='ocr_line' id='line_1_69' title="bbox 2136 1043 3724 1116; baseline 0.003 -20"><span class='ocrx_word' id='word_1_524' title='bbox 2136 1043 2186 1097; x_wconf 92' lang='lat' dir='ltr'><strong>in</strong></span> <span class='ocrx_word' id='word_1_525' title='bbox 2223 1052 2493 1111; x_wconf 84' lang='lat' dir='ltr'><strong>peccatum</strong></span> <span class='ocrx_word' id='word_1_526' title='bbox 2523 1045 2698 1096; x_wconf 83' lang='lat' dir='ltr'><strong>carnis</strong></span> <span class='ocrx_word' id='word_1_527' title='bbox 2723 1059 2832 1098; x_wconf 75' lang='lat' dir='ltr'><strong>sua:</strong></span> <span class='ocrx_word' id='word_1_528' title='bbox 2861 1046 3174 1100; x_wconf 86' lang='lat' dir='ltr'><strong>necessitate</strong></span> <span class='ocrx_word' id='word_1_529' title='bbox 3196 1056 3471 1116; x_wconf 83' lang='lat' dir='ltr'><strong>cogantur.</strong></span> <span class='ocrx_word' id='word_1_530' title='bbox 3511 1066 3528 1099; x_wconf 76' lang='grc' dir='ltr'><strong>ι</strong></span> <span class='ocrx_word' id='word_1_531' title='bbox 3557 1047 3724 1101; x_wconf 81' lang='lat' dir='ltr'><strong>Mam-</strong></span> 
     </span>
    </p>
   </div>
   <div class='ocr_carea' id='block_1_69' title="bbox 2136 1134 3724 1209">
    <p class='ocr_par' dir='ltr' id='par_1_69' title="bbox 2136 1134 3724 1209">
     <span class='ocr_line' id='line_1_70' title="bbox 2136 1134 3724 1209; baseline 0.004 -22"><span class='ocrx_word' id='word_1_532' title='bbox 2136 1134 2314 1188; x_wconf 74' lang='lat' dir='ltr'><strong>chteos</strong></span> <span class='ocrx_word' id='word_1_533' title='bbox 2341 1134 2570 1203; x_wconf 85' lang='lat' dir='ltr'><strong>appellat</strong></span> <span class='ocrx_word' id='word_1_534' title='bbox 2596 1134 2918 1200; x_wconf 68' lang='lat' dir='ltr'><strong>Catholicos,</strong></span> <span class='ocrx_word' id='word_1_535' title='bbox 2952 1151 3102 1190; x_wconf 89' lang='lat' dir='ltr'><strong>more</strong></span> <span class='ocrx_word' id='word_1_536' title='bbox 3133 1137 3274 1192; x_wconf 90' lang='lat' dir='ltr'><strong>illius</strong></span> <span class='ocrx_word' id='word_1_537' title='bbox 3302 1138 3566 1193; x_wconf 84' lang='lat' dir='ltr'><strong>Joviniani</strong></span> <span class='ocrx_word' id='word_1_538' title='bbox 3589 1182 3603 1207; x_wconf 94' lang='lat'><strong>,</strong></span> <span class='ocrx_word' id='word_1_539' title='bbox 3633 1141 3724 1209; x_wconf 90' lang='lat' dir='ltr'><strong>qui</strong></span> 
     </span>
    </p>
   </div>
   <div class='ocr_carea' id='block_1_70' title="bbox 2135 1225 3724 1298">
    <p class='ocr_par' dir='ltr' id='par_1_70' title="bbox 2135 1225 3724 1298">
     <span class='ocr_line' id='line_1_71' title="bbox 2135 1225 3724 1298; baseline 0.003 -20"><span class='ocrx_word' id='word_1_540' title='bbox 2135 1236 2260 1279; x_wconf 86' lang='lat' dir='ltr'><strong>ante</strong></span> <span class='ocrx_word' id='word_1_541' title='bbox 2285 1240 2483 1294; x_wconf 83' lang='lat' dir='ltr'><strong>paucos</strong></span> <span class='ocrx_word' id='word_1_542' title='bbox 2503 1241 2671 1280; x_wconf 88' lang='lat' dir='ltr'><strong>annos</strong></span> <span class='ocrx_word' id='word_1_543' title='bbox 2694 1225 2977 1282; x_wconf 70' lang='lat' dir='ltr'><strong>lmreticus</strong></span> <span class='ocrx_word' id='word_1_544' title='bbox 3007 1244 3195 1295; x_wconf 85' lang='lat' dir='ltr'><strong>novus,</strong></span> <span class='ocrx_word' id='word_1_545' title='bbox 3223 1231 3574 1298; x_wconf 74' lang='lat' dir='ltr'><strong>virginitatem</strong></span> <span class='ocrx_word' id='word_1_546' title='bbox 3599 1245 3724 1283; x_wconf 82' lang='lat' dir='ltr'><strong>san-</strong></span> 
     </span>
    </p>
   </div>
   <div class='ocr_carea' id='block_1_71' title="bbox 2137 1317 3728 1390">
    <p class='ocr_par' dir='ltr' id='par_1_71' title="bbox 2137 1317 3728 1390">
     <span class='ocr_line' id='line_1_72' title="bbox 2137 1317 3728 1390; baseline 0.004 -20"><span class='ocrx_word' id='word_1_547' title='bbox 2137 1326 2238 1371; x_wconf 68' lang='lat' dir='ltr'><strong>ctie</strong></span> <span class='ocrx_word' id='word_1_548' title='bbox 2283 1317 2460 1371; x_wconf 75' lang='lat' dir='ltr'><strong>Mariae</strong></span> <span class='ocrx_word' id='word_1_549' title='bbox 2503 1317 2841 1385; x_wconf 83' lang='lat' dir='ltr'><strong>destruebat,</strong></span> <span class='ocrx_word' id='word_1_550' title='bbox 2880 1327 2934 1373; x_wconf 88' lang='lat' dir='ltr'><strong>et</strong></span> <span class='ocrx_word' id='word_1_551' title='bbox 2975 1319 3262 1388; x_wconf 85' lang='lat' dir='ltr'><strong>virginitati</strong></span> <span class='ocrx_word' id='word_1_552' title='bbox 3305 1335 3472 1374; x_wconf 71' lang='lat' dir='ltr'><strong>sacrae</strong></span> <span class='ocrx_word' id='word_1_553' title='bbox 3513 1323 3728 1390; x_wconf 77' lang='lat' dir='ltr'><strong>nuptias</strong></span> 
     </span>
    </p>
   </div>
   <div class='ocr_carea' id='block_1_72' title="bbox 2137 1405 3728 1480">
    <p class='ocr_par' dir='ltr' id='par_1_72' title="bbox 2137 1405 3728 1480">
     <span class='ocr_line' id='line_1_73' title="bbox 2137 1405 3728 1480; baseline 0.007 -22"><span class='ocrx_word' id='word_1_554' title='bbox 2137 1405 2371 1460; x_wconf 82' lang='lat' dir='ltr'><strong>ﬁdelium</strong></span> <span class='ocrx_word' id='word_1_555' title='bbox 2402 1408 2731 1476; x_wconf 68' lang='lat' dir='ltr'><strong>coarquabat.</strong></span> <span class='ocrx_word' id='word_1_556' title='bbox 2755 1408 2865 1462; x_wconf 84' lang='lat' dir='ltr'><strong>Nec</strong></span> <span class='ocrx_word' id='word_1_557' title='bbox 2899 1410 2968 1463; x_wconf 92' lang='lat' dir='ltr'><strong>ob</strong></span> <span class='ocrx_word' id='word_1_558' title='bbox 2994 1411 3133 1464; x_wconf 86' lang='lat' dir='ltr'><strong>aliud</strong></span> <span class='ocrx_word' id='word_1_559' title='bbox 3168 1410 3269 1465; x_wconf 88' lang='lat' dir='ltr'><strong>hoc</strong></span> <span class='ocrx_word' id='word_1_560' title='bbox 3295 1411 3581 1480; x_wconf 68' lang='lat' dir='ltr'><strong>ttibjieiebat</strong></span> <span class='ocrx_word' id='word_1_561' title='bbox 3616 1413 3728 1468; x_wconf 85' lang='lat' dir='ltr'><strong>Ca-</strong></span> 
     </span>
    </p>
   </div>
   <div class='ocr_carea' id='block_1_73' title="bbox 2138 1500 3723 1570">
    <p class='ocr_par' dir='ltr' id='par_1_73' title="bbox 2138 1500 3723 1570">
     <span class='ocr_line' id='line_1_74' title="bbox 2138 1500 3723 1570; baseline 0.006 -18"><span class='ocrx_word' id='word_1_562' title='bbox 2138 1500 2377 1562; x_wconf 84' lang='lat' dir='ltr'><strong>tholieis,</strong></span> <span class='ocrx_word' id='word_1_563' title='bbox 2406 1501 2506 1555; x_wconf 85' lang='lat' dir='ltr'><strong>nisi</strong></span> <span class='ocrx_word' id='word_1_564' title='bbox 2535 1504 2654 1570; x_wconf 84' lang='lat' dir='ltr'><strong>quia</strong></span> <span class='ocrx_word' id='word_1_565' title='bbox 2685 1518 2779 1557; x_wconf 88' lang='lat' dir='ltr'><strong>eos</strong></span> <span class='ocrx_word' id='word_1_566' title='bbox 2818 1504 2985 1557; x_wconf 87' lang='lat' dir='ltr'><strong>videri</strong></span> <span class='ocrx_word' id='word_1_567' title='bbox 3028 1505 3236 1559; x_wconf 75' lang='lat' dir='ltr'><strong>volebat</strong></span> <span class='ocrx_word' id='word_1_568' title='bbox 3275 1515 3614 1562; x_wconf 83' lang='lat' dir='ltr'><strong>accusatores</strong></span> <span class='ocrx_word' id='word_1_569' title='bbox 3644 1507 3723 1562; x_wconf 86' lang='lat' dir='ltr'><strong>vel</strong></span> 
     </span>
    </p>
   </div>
   <div class='ocr_carea' id='block_1_74' title="bbox 2137 1592 2973 1662">
    <p class='ocr_par' dir='ltr' id='par_1_74' title="bbox 2137 1592 2973 1662">
     <span class='ocr_line' id='line_1_75' title="bbox 2137 1592 2973 1662; baseline -0.001 -15"><span class='ocrx_word' id='word_1_570' title='bbox 2137 1592 2476 1647; x_wconf 84' lang='lat' dir='ltr'><strong>damnatores</strong></span> <span class='ocrx_word' id='word_1_571' title='bbox 2505 1608 2624 1646; x_wconf 88' lang='lat' dir='ltr'><strong>esse</strong></span> <span class='ocrx_word' id='word_1_572' title='bbox 2652 1596 2973 1662; x_wconf 79' lang='lat' dir='ltr'><strong>nuptiarum.</strong></span> 
     </span>
    </p>
   </div>
   <div class='ocr_carea' id='block_1_75' title="bbox 2210 1681 3727 1758">
    <p class='ocr_par' dir='ltr' id='par_1_75' title="bbox 2210 1681 3727 1758">
     <span class='ocr_line' id='line_1_76' title="bbox 2210 1681 3727 1758; baseline 0.003 -22"><span class='ocrx_word' id='word_1_573' title='bbox 2210 1683 2262 1736; x_wconf 83' lang='lat'><strong>5.</strong></span> <span class='ocrx_word' id='word_1_574' title='bbox 2297 1681 2544 1735; x_wconf 88' lang='lat' dir='ltr'><strong>Liberum</strong></span> <span class='ocrx_word' id='word_1_575' title='bbox 2585 1693 2759 1736; x_wconf 87' lang='lat' dir='ltr'><strong>autem</strong></span> <span class='ocrx_word' id='word_1_576' title='bbox 2791 1685 3066 1738; x_wconf 88' lang='lat' dir='ltr'><strong>arbitrium</strong></span> <span class='ocrx_word' id='word_1_577' title='bbox 3107 1683 3440 1739; x_wconf 78' lang='lat' dir='ltr'><strong>defendendo</strong></span> <span class='ocrx_word' id='word_1_578' title='bbox 3483 1688 3727 1758; x_wconf 80' lang='lat' dir='ltr'><strong>pr:ceipi-</strong></span> 
     </span>
    </p>
   </div>
   <div class='ocr_carea' id='block_1_76' title="bbox 2141 1771 3726 1849">
    <p class='ocr_par' dir='ltr' id='par_1_76' title="bbox 2141 1771 3726 1849">
     <span class='ocr_line' id='line_1_77' title="bbox 2141 1771 3726 1849; baseline 0.005 -24"><span class='ocrx_word' id='word_1_579' title='bbox 2141 1781 2282 1837; x_wconf 89' lang='lat' dir='ltr'><strong>tant,</strong></span> <span class='ocrx_word' id='word_1_580' title='bbox 2311 1781 2370 1826; x_wconf 93' lang='lat' dir='ltr'><strong>ut</strong></span> <span class='ocrx_word' id='word_1_581' title='bbox 2397 1772 2463 1825; x_wconf 89' lang='lat' dir='ltr'><strong>de</strong></span> <span class='ocrx_word' id='word_1_582' title='bbox 2495 1771 2585 1826; x_wconf 92' lang='lat' dir='ltr'><strong>illo</strong></span> <span class='ocrx_word' id='word_1_583' title='bbox 2617 1775 2787 1840; x_wconf 78' lang='lat' dir='ltr'><strong>potius</strong></span> <span class='ocrx_word' id='word_1_584' title='bbox 2815 1775 2879 1827; x_wconf 89' lang='lat' dir='ltr'><strong>ad</strong></span> <span class='ocrx_word' id='word_1_585' title='bbox 2912 1775 3204 1830; x_wconf 74' lang='lat' dir='ltr'><strong>faciendam</strong></span> <span class='ocrx_word' id='word_1_586' title='bbox 3241 1777 3534 1845; x_wconf 84' lang='lat' dir='ltr'><strong>justitiam,</strong></span> <span class='ocrx_word' id='word_1_587' title='bbox 3565 1795 3726 1849; x_wconf 86' lang='lat' dir='ltr'><strong>quam</strong></span> 
     </span>
    </p>
   </div>
   <div class='ocr_carea' id='block_1_77' title="bbox 2139 1865 3727 1940">
    <p class='ocr_par' dir='ltr' id='par_1_77' title="bbox 2139 1865 3727 1940">
     <span class='ocr_line' id='line_1_78' title="bbox 2139 1865 3727 1940; baseline 0.005 -23"><span class='ocrx_word' id='word_1_588' title='bbox 2139 1865 2205 1918; x_wconf 89' lang='lat' dir='ltr'><strong>de</strong></span> <span class='ocrx_word' id='word_1_589' title='bbox 2236 1865 2442 1918; x_wconf 89' lang='lat' dir='ltr'><strong>Domini</strong></span> <span class='ocrx_word' id='word_1_590' title='bbox 2474 1865 2741 1932; x_wconf 83' lang='lat' dir='ltr'><strong>adjutorio</strong></span> <span class='ocrx_word' id='word_1_591' title='bbox 2777 1869 3092 1934; x_wconf 80' lang='lat' dir='ltr'><strong>e-nlidatur,</strong></span> <span class='ocrx_word' id='word_1_592' title='bbox 3121 1879 3278 1937; x_wconf 84' lang='lat' dir='ltr'><strong>atque</strong></span> <span class='ocrx_word' id='word_1_593' title='bbox 3319 1880 3374 1923; x_wconf 87' lang='lat' dir='ltr'><strong>ut</strong></span> <span class='ocrx_word' id='word_1_594' title='bbox 3411 1872 3459 1924; x_wconf 92' lang='lat' dir='ltr'><strong>in</strong></span> <span class='ocrx_word' id='word_1_595' title='bbox 3491 1886 3550 1925; x_wconf 89' lang='lat' dir='ltr'><strong>se</strong></span> <span class='ocrx_word' id='word_1_596' title='bbox 3575 1871 3727 1940; x_wconf 74' lang='lat' dir='ltr'><strong>quis-</strong></span> 
     </span>
    </p>
   </div>
   <div class='ocr_carea' id='block_1_78' title="bbox 2139 1955 3728 2030">
    <p class='ocr_par' dir='ltr' id='par_1_78' title="bbox 2139 1955 3728 2030">
     <span class='ocr_line' id='line_1_79' title="bbox 2139 1955 3728 2030; baseline 0.005 -22"><span class='ocrx_word' id='word_1_597' title='bbox 2139 1972 2263 2026; x_wconf 86' lang='lat' dir='ltr'><strong>que,</strong></span> <span class='ocrx_word' id='word_1_598' title='bbox 2284 1971 2386 2009; x_wconf 89' lang='lat' dir='ltr'><strong>non</strong></span> <span class='ocrx_word' id='word_1_599' title='bbox 2413 1956 2460 2008; x_wconf 90' lang='lat' dir='ltr'><strong>in</strong></span> <span class='ocrx_word' id='word_1_600' title='bbox 2484 1955 2707 2010; x_wconf 85' lang='lat' dir='ltr'><strong>Domino</strong></span> <span class='ocrx_word' id='word_1_601' title='bbox 2729 1959 2982 2026; x_wconf 82' lang='lat' dir='ltr'><strong>glorietur</strong></span> <span class='ocrx_word' id='word_1_602' title='bbox 3003 1960 3040 2030; x_wconf 86' lang='lat' dir='ltr'><strong>(l</strong></span> <span class='ocrx_word' id='word_1_603' title='bbox 3061 1957 3160 2013; x_wconf 88' lang='lat' dir='ltr'><strong>Cor</strong></span> <span class='ocrx_word' id='word_1_604' title='bbox 3205 1976 3240 2026; x_wconf 83' lang='grc' dir='ltr'>ι,</span> <span class='ocrx_word' id='word_1_605' title='bbox 3263 1963 3374 2030; x_wconf 75' lang='lat'><strong>3|).</strong></span> <span class='ocrx_word' id='word_1_606' title='bbox 3393 1963 3523 2028; x_wconf 75' lang='lat' dir='ltr'><strong>Quis</strong></span> <span class='ocrx_word' id='word_1_607' title='bbox 3548 1972 3728 2016; x_wconf 83' lang='lat' dir='ltr'><strong>autem</strong></span> 
     </span>
    </p>
   </div>
   <div class='ocr_carea' id='block_1_79' title="bbox 2141 2045 3733 2120">
    <p class='ocr_par' dir='ltr' id='par_1_79' title="bbox 2141 2045 3733 2120">
     <span class='ocr_line' id='line_1_80' title="bbox 2141 2045 3733 2120; baseline 0.004 -21"><span class='ocrx_word' id='word_1_608' title='bbox 2141 2055 2382 2099; x_wconf 85' lang='lat' dir='ltr'><strong>nostrum</strong></span> <span class='ocrx_word' id='word_1_609' title='bbox 2413 2045 2590 2108; x_wconf 91' lang='lat' dir='ltr'><strong>dicat,</strong></span> <span class='ocrx_word' id='word_1_610' title='bbox 2623 2047 2762 2114; x_wconf 91' lang='lat' dir='ltr'><strong>quod</strong></span> <span class='ocrx_word' id='word_1_611' title='bbox 2805 2049 2958 2115; x_wconf 88' lang='lat' dir='ltr'><strong>primi</strong></span> <span class='ocrx_word' id='word_1_612' title='bbox 2988 2047 3217 2104; x_wconf 89' lang='lat' dir='ltr'><strong>hominis</strong></span> <span class='ocrx_word' id='word_1_613' title='bbox 3250 2060 3464 2117; x_wconf 78' lang='lat' dir='ltr'><strong>peccato</strong></span> <span class='ocrx_word' id='word_1_614' title='bbox 3510 2051 3733 2120; x_wconf 79' lang='lat' dir='ltr'><strong>perierit</strong></span> 
     </span>
    </p>
   </div>
   <div class='ocr_carea' id='block_1_80' title="bbox 2141 2137 3730 2215">
    <p class='ocr_par' dir='ltr' id='par_1_80' title="bbox 2141 2137 3730 2215">
     <span class='ocr_line' id='line_1_81' title="bbox 2141 2137 3730 2215; baseline 0.006 -25"><span class='ocrx_word' id='word_1_615' title='bbox 2141 2137 2364 2192; x_wconf 91' lang='lat' dir='ltr'><strong>liberum</strong></span> <span class='ocrx_word' id='word_1_616' title='bbox 2396 2139 2672 2193; x_wconf 73' lang='lat' dir='ltr'><strong>arbitrium</strong></span> <span class='ocrx_word' id='word_1_617' title='bbox 2715 2139 2783 2194; x_wconf 89' lang='lat' dir='ltr'><strong>de</strong></span> <span class='ocrx_word' id='word_1_618' title='bbox 2824 2139 3054 2194; x_wconf 87' lang='lat' dir='ltr'><strong>humano</strong></span> <span class='ocrx_word' id='word_1_619' title='bbox 3079 2144 3313 2211; x_wconf 80' lang='lat' dir='ltr'><strong>genere?</strong></span> <span class='ocrx_word' id='word_1_620' title='bbox 3338 2143 3578 2199; x_wconf 85' lang='lat' dir='ltr'><strong>Libertas</strong></span> <span class='ocrx_word' id='word_1_621' title='bbox 3608 2161 3730 2215; x_wconf 80' lang='lat' dir='ltr'><strong>qut-</strong></span> 
     </span>
    </p>
   </div>
   <div class='ocr_carea' id='block_1_81' title="bbox 2140 2228 3730 2303">
    <p class='ocr_par' dir='ltr' id='par_1_81' title="bbox 2140 2228 3730 2303">
     <span class='ocr_line' id='line_1_82' title="bbox 2140 2228 3730 2303; baseline 0.006 -21"><span class='ocrx_word' id='word_1_622' title='bbox 2140 2228 2260 2284; x_wconf 89' lang='lat' dir='ltr'><strong>dem</strong></span> <span class='ocrx_word' id='word_1_623' title='bbox 2305 2230 2462 2299; x_wconf 81' lang='lat' dir='ltr'><strong>periit</strong></span> <span class='ocrx_word' id='word_1_624' title='bbox 2504 2245 2602 2299; x_wconf 88' lang='lat' dir='ltr'><strong>per</strong></span> <span class='ocrx_word' id='word_1_625' title='bbox 2648 2242 2956 2300; x_wconf 88' lang='lat' dir='ltr'><strong>peccatum,</strong></span> <span class='ocrx_word' id='word_1_626' title='bbox 2991 2233 3082 2286; x_wconf 87' lang='lat' dir='ltr'><strong>sed</strong></span> <span class='ocrx_word' id='word_1_627' title='bbox 3117 2233 3200 2287; x_wconf 92' lang='lat' dir='ltr'><strong>illa</strong></span> <span class='ocrx_word' id='word_1_628' title='bbox 3243 2249 3361 2302; x_wconf 77' lang='lat' dir='ltr'><strong>qute</strong></span> <span class='ocrx_word' id='word_1_629' title='bbox 3401 2235 3450 2288; x_wconf 94' lang='lat' dir='ltr'><strong>in</strong></span> <span class='ocrx_word' id='word_1_630' title='bbox 3481 2235 3730 2303; x_wconf 84' lang='lat' dir='ltr'><strong>paradiso</strong></span> 
     </span>
    </p>
   </div>
   <div class='ocr_carea' id='block_1_82' title="bbox 2143 2319 3728 2394">
    <p class='ocr_par' dir='ltr' id='par_1_82' title="bbox 2143 2319 3728 2394">
     <span class='ocr_line' id='line_1_83' title="bbox 2143 2319 3728 2394; baseline 0.006 -22"><span class='ocrx_word' id='word_1_631' title='bbox 2143 2319 2277 2388; x_wconf 84' lang='lat' dir='ltr'><strong>fuit,</strong></span> <span class='ocrx_word' id='word_1_632' title='bbox 2323 2320 2550 2376; x_wconf 79' lang='lat' dir='ltr'><strong>habendi</strong></span> <span class='ocrx_word' id='word_1_633' title='bbox 2582 2324 2791 2393; x_wconf 86' lang='lat' dir='ltr'><strong>plenam</strong></span> <span class='ocrx_word' id='word_1_634' title='bbox 2829 2338 2950 2378; x_wconf 90' lang='lat' dir='ltr'><strong>cum</strong></span> <span class='ocrx_word' id='word_1_635' title='bbox 3006 2324 3403 2381; x_wconf 87' lang='lat' dir='ltr'><strong>immortalitate</strong></span> <span class='ocrx_word' id='word_1_636' title='bbox 3428 2327 3728 2394; x_wconf 86' lang='lat' dir='ltr'><strong>justitiam;</strong></span> 
     </span>
    </p>
   </div>
   <div class='ocr_carea' id='block_1_83' title="bbox 2142 2412 3728 2489">
    <p class='ocr_par' dir='ltr' id='par_1_83' title="bbox 2142 2412 3728 2489">
     <span class='ocr_line' id='line_1_84' title="bbox 2142 2412 3728 2489; baseline 0.008 -27"><span class='ocrx_word' id='word_1_637' title='bbox 2142 2421 2360 2480; x_wconf 87' lang='lat' dir='ltr'><strong>propter</strong></span> <span class='ocrx_word' id='word_1_638' title='bbox 2395 2412 2535 2480; x_wconf 90' lang='lat' dir='ltr'><strong>quod</strong></span> <span class='ocrx_word' id='word_1_639' title='bbox 2582 2423 2769 2468; x_wconf 88' lang='lat' dir='ltr'><strong>natura</strong></span> <span class='ocrx_word' id='word_1_640' title='bbox 2817 2413 3044 2468; x_wconf 86' lang='lat' dir='ltr'><strong>butnana</strong></span> <span class='ocrx_word' id='word_1_641' title='bbox 3092 2415 3267 2470; x_wconf 87' lang='lat' dir='ltr'><strong>divina</strong></span> <span class='ocrx_word' id='word_1_642' title='bbox 3311 2417 3509 2486; x_wconf 80' lang='lat' dir='ltr'><strong>indiget</strong></span> <span class='ocrx_word' id='word_1_643' title='bbox 3536 2420 3728 2489; x_wconf 81' lang='lat' dir='ltr'><strong>gratia,</strong></span> 
     </span>
    </p>
   </div>
   <div class='ocr_carea' id='block_1_84' title="bbox 2143 2501 3728 2573">
    <p class='ocr_par' dir='ltr' id='par_1_84' title="bbox 2143 2501 3728 2573">
     <span class='ocr_line' id='line_1_85' title="bbox 2143 2501 3728 2573; baseline 0.004 -18"><span class='ocrx_word' id='word_1_644' title='bbox 2143 2501 2352 2556; x_wconf 89' lang='lat' dir='ltr'><strong>dicente</strong></span> <span class='ocrx_word' id='word_1_645' title='bbox 2381 2503 2626 2570; x_wconf 88' lang='lat' dir='ltr'><strong>Domino,</strong></span> <span class='ocrx_word' id='word_1_646' title='bbox 2657 2503 2720 2559; x_wconf 89' lang='lat' dir='ltr'><strong>Si</strong></span> <span class='ocrx_word' id='word_1_647' title='bbox 2749 2522 2832 2558; x_wconf 82' lang='lat' dir='ltr'><strong>vos</strong></span> <span class='ocrx_word' id='word_1_648' title='bbox 2864 2504 2909 2558; x_wconf 83' lang='lat' dir='ltr'><em>F</em></span> <span class='ocrx_word' id='word_1_649' title='bbox 2912 2506 3028 2559; x_wconf 78' lang='lat' dir='ltr'><strong>ilius</strong></span> <span class='ocrx_word' id='word_1_650' title='bbox 3055 2505 3357 2573; x_wconf 73' lang='lat' dir='ltr'><strong>liberaverit,</strong></span> <span class='ocrx_word' id='word_1_651' title='bbox 3387 2517 3504 2562; x_wconf 78' lang='lat' dir='ltr'><strong>tunc</strong></span> <span class='ocrx_word' id='word_1_652' title='bbox 3525 2527 3636 2562; x_wconf 76' lang='lat' dir='ltr'><strong>rere</strong></span> <span class='ocrx_word' id='word_1_653' title='bbox 3663 2507 3728 2564; x_wconf 78' lang='lat' dir='ltr'><strong>li-</strong></span> 
     </span>
    </p>
   </div>
   <div class='ocr_carea' id='block_1_85' title="bbox 2143 2593 3730 2672">
    <p class='ocr_par' dir='ltr' id='par_1_85' title="bbox 2143 2593 3730 2672">
     <span class='ocr_line' id='line_1_86' title="bbox 2143 2593 3730 2672; baseline 0.008 -26"><span class='ocrx_word' id='word_1_654' title='bbox 2143 2593 2248 2646; x_wconf 80' lang='lat' dir='ltr'><strong>beri</strong></span> <span class='ocrx_word' id='word_1_655' title='bbox 2269 2595 2407 2648; x_wconf 78' lang='lat' dir='ltr'><strong>eritis</strong></span> <span class='ocrx_word' id='word_1_656' title='bbox 2432 2593 2614 2666; x_wconf 79' lang='lat' dir='ltr'><strong>(Joan.</strong></span> <span class='ocrx_word' id='word_1_657' title='bbox 2643 2612 2732 2650; x_wconf 80' lang='lat' dir='ltr'><strong>vni</strong></span> <span class='ocrx_word' id='word_1_658' title='bbox 2752 2639 2766 2664; x_wconf 96' lang='lat'><strong>,</strong></span> <span class='ocrx_word' id='word_1_659' title='bbox 2794 2597 2882 2667; x_wconf 81' lang='lat'><strong>&#39;56)</strong></span> <span class='ocrx_word' id='word_1_660' title='bbox 2910 2616 2922 2652; x_wconf 90' lang='lat'><strong>:</strong></span> <span class='ocrx_word' id='word_1_661' title='bbox 2949 2600 3127 2668; x_wconf 86' lang='lat' dir='ltr'><strong>utique</strong></span> <span class='ocrx_word' id='word_1_662' title='bbox 3146 2600 3298 2654; x_wconf 86' lang='lat' dir='ltr'><strong>liberi</strong></span> <span class='ocrx_word' id='word_1_663' title='bbox 3320 2601 3384 2653; x_wconf 86' lang='lat' dir='ltr'><strong>ad</strong></span> <span class='ocrx_word' id='word_1_664' title='bbox 3415 2602 3550 2658; x_wconf 90' lang='lat' dir='ltr'><strong>bene</strong></span> <span class='ocrx_word' id='word_1_665' title='bbox 3564 2601 3730 2672; x_wconf 85' lang='lat' dir='ltr'><strong>juste-</strong></span> 
     </span>
    </p>
   </div>
   <div class='ocr_carea' id='block_1_86' title="bbox 2143 2685 3733 2764">
    <p class='ocr_par' dir='ltr' id='par_1_86' title="bbox 2143 2685 3733 2764">
     <span class='ocr_line' id='line_1_87' title="bbox 2143 2685 3733 2764; baseline 0.008 -26"><span class='ocrx_word' id='word_1_666' title='bbox 2143 2701 2246 2754; x_wconf 86' lang='lat' dir='ltr'><strong>que</strong></span> <span class='ocrx_word' id='word_1_667' title='bbox 2271 2685 2575 2742; x_wconf 85' lang='lat' dir='ltr'><strong>vivendum.</strong></span> <span class='ocrx_word' id='word_1_668' title='bbox 2600 2687 2732 2742; x_wconf 83' lang='lat' dir='ltr'><strong>Nam</strong></span> <span class='ocrx_word' id='word_1_669' title='bbox 2765 2689 2989 2744; x_wconf 88' lang='lat' dir='ltr'><strong>liberum</strong></span> <span class='ocrx_word' id='word_1_670' title='bbox 3017 2692 3291 2746; x_wconf 86' lang='lat' dir='ltr'><strong>arbitrium</strong></span> <span class='ocrx_word' id='word_1_671' title='bbox 3321 2709 3489 2764; x_wconf 87' lang='lat' dir='ltr'><strong>usque</strong></span> <span class='ocrx_word' id='word_1_672' title='bbox 3513 2694 3650 2750; x_wconf 87' lang='lat' dir='ltr'><strong>adeo</strong></span> <span class='ocrx_word' id='word_1_673' title='bbox 3678 2695 3733 2751; x_wconf 86' lang='lat' dir='ltr'><strong>in</strong></span> 
     </span>
    </p>
   </div>
   <div class='ocr_carea' id='block_1_87' title="bbox 2148 2777 3733 2852">
    <p class='ocr_par' dir='ltr' id='par_1_87' title="bbox 2148 2777 3733 2852">
     <span class='ocr_line' id='line_1_88' title="bbox 2148 2777 3733 2852; baseline 0.008 -24"><span class='ocrx_word' id='word_1_674' title='bbox 2148 2787 2422 2846; x_wconf 69' lang='lat' dir='ltr'><strong>peccatore</strong></span> <span class='ocrx_word' id='word_1_675' title='bbox 2454 2794 2555 2832; x_wconf 73' lang='lat' dir='ltr'><strong>non</strong></span> <span class='ocrx_word' id='word_1_676' title='bbox 2602 2781 2786 2847; x_wconf 83' lang='lat' dir='ltr'><strong>periit,</strong></span> <span class='ocrx_word' id='word_1_677' title='bbox 2823 2777 2882 2834; x_wconf 74' lang='lat' dir='ltr'><strong>ut</strong></span> <span class='ocrx_word' id='word_1_678' title='bbox 2919 2796 3013 2851; x_wconf 89' lang='lat' dir='ltr'><strong>per</strong></span> <span class='ocrx_word' id='word_1_679' title='bbox 3045 2781 3169 2835; x_wconf 90' lang='lat' dir='ltr'><strong>illud</strong></span> <span class='ocrx_word' id='word_1_680' title='bbox 3215 2795 3466 2852; x_wconf 84' lang='lat' dir='ltr'><strong>peccent,</strong></span> <span class='ocrx_word' id='word_1_681' title='bbox 3500 2785 3733 2841; x_wconf 82' lang='lat' dir='ltr'><strong>maxime</strong></span> 
     </span>
    </p>
   </div>
   <div class='ocr_carea' id='block_1_88' title="bbox 2144 2868 3733 2944">
    <p class='ocr_par' dir='ltr' id='par_1_88' title="bbox 2144 2868 3733 2944">
     <span class='ocr_line' id='line_1_89' title="bbox 2144 2868 3733 2944; baseline 0.006 -24"><span class='ocrx_word' id='word_1_682' title='bbox 2144 2881 2331 2920; x_wconf 85' lang='lat' dir='ltr'><strong>omnes</strong></span> <span class='ocrx_word' id='word_1_683' title='bbox 2359 2868 2448 2936; x_wconf 90' lang='lat' dir='ltr'><strong>qui</strong></span> <span class='ocrx_word' id='word_1_684' title='bbox 2479 2883 2598 2922; x_wconf 90' lang='lat' dir='ltr'><strong>cum</strong></span> <span class='ocrx_word' id='word_1_685' title='bbox 2629 2870 2984 2926; x_wconf 86' lang='lat' dir='ltr'><strong>delectatione</strong></span> <span class='ocrx_word' id='word_1_686' title='bbox 3014 2885 3230 2941; x_wconf 85' lang='lat' dir='ltr'><strong>peccant</strong></span> <span class='ocrx_word' id='word_1_687' title='bbox 3261 2884 3312 2927; x_wconf 85' lang='lat' dir='ltr'><strong>et</strong></span> <span class='ocrx_word' id='word_1_688' title='bbox 3340 2889 3520 2928; x_wconf 72' lang='lat' dir='ltr'><strong>arnore</strong></span> <span class='ocrx_word' id='word_1_689' title='bbox 3543 2891 3733 2944; x_wconf 88' lang='lat' dir='ltr'><strong>pecca-</strong></span> 
     </span>
    </p>
   </div>
   <div class='ocr_carea' id='block_1_89' title="bbox 2147 2955 3730 3035">
    <p class='ocr_par' dir='ltr' id='par_1_89' title="bbox 2147 2955 3730 3035">
     <span class='ocr_line' id='line_1_90' title="bbox 2147 2955 3730 3035; baseline 0.009 -27"><span class='ocrx_word' id='word_1_690' title='bbox 2147 2956 2204 3021; x_wconf 90' lang='lat' dir='ltr'><strong>ti,</strong></span> <span class='ocrx_word' id='word_1_691' title='bbox 2234 2955 2334 3010; x_wconf 90' lang='lat' dir='ltr'><strong>hoc</strong></span> <span class='ocrx_word' id='word_1_692' title='bbox 2361 2960 2438 3011; x_wconf 86' lang='lat' dir='ltr'><strong>eis</strong></span> <span class='ocrx_word' id='word_1_693' title='bbox 2466 2959 2636 3026; x_wconf 86' lang='lat' dir='ltr'><strong>placet</strong></span> <span class='ocrx_word' id='word_1_694' title='bbox 2662 2962 2801 3030; x_wconf 90' lang='lat' dir='ltr'><strong>quod</strong></span> <span class='ocrx_word' id='word_1_695' title='bbox 2831 2977 2923 3016; x_wconf 87' lang='lat' dir='ltr'><strong>eos</strong></span> <span class='ocrx_word' id='word_1_696' title='bbox 2956 2962 3082 3017; x_wconf 89' lang='lat' dir='ltr'><strong>libet</strong></span> <span class='ocrx_word' id='word_1_697' title='bbox 3105 2963 3141 3015; x_wconf 81' lang='grc' dir='ltr'><strong>ί.</strong></span> <span class='ocrx_word' id='word_1_698' title='bbox 3170 2963 3321 3020; x_wconf 86' lang='lat' dir='ltr'><strong>Unde</strong></span> <span class='ocrx_word' id='word_1_699' title='bbox 3347 2977 3397 3019; x_wconf 85' lang='lat' dir='ltr'><strong>et</strong></span> <span class='ocrx_word' id='word_1_700' title='bbox 3424 2967 3730 3035; x_wconf 77' lang='lat' dir='ltr'><strong>Apostolus.</strong></span> 
     </span>
    </p>
   </div>
   <div class='ocr_carea' id='block_1_90' title="bbox 2145 3043 3728 3130">
    <p class='ocr_par' dir='ltr' id='par_1_90' title="bbox 2145 3043 3728 3130">
     <span class='ocr_line' id='line_1_91' title="bbox 2145 3043 3728 3130; baseline 0.009 -31"><span class='ocrx_word' id='word_1_701' title='bbox 2145 3043 2271 3099; x_wconf 75' lang='lat' dir='ltr'><strong>Cum</strong></span> <span class='ocrx_word' id='word_1_702' title='bbox 2297 3049 2465 3101; x_wconf 77' lang='lat' dir='ltr'><strong>essetis</strong></span> <span class='ocrx_word' id='word_1_703' title='bbox 2523 3049 2708 3119; x_wconf 87' lang='lat' dir='ltr'><strong>inquit,</strong></span> <span class='ocrx_word' id='word_1_704' title='bbox 2741 3053 2867 3106; x_wconf 76' lang='lat' dir='ltr'><strong>servi</strong></span> <span class='ocrx_word' id='word_1_705' title='bbox 2895 3055 3105 3121; x_wconf 77' lang='lat' dir='ltr'><strong>peccati,</strong></span> <span class='ocrx_word' id='word_1_706' title='bbox 3139 3055 3280 3109; x_wconf 83' lang='lat' dir='ltr'><strong>liberi</strong></span> <span class='ocrx_word' id='word_1_707' title='bbox 3308 3057 3471 3126; x_wconf 64' lang='lat' dir='ltr'><strong>fuistis</strong></span> <span class='ocrx_word' id='word_1_708' title='bbox 3492 3060 3728 3130; x_wconf 67' lang='lat' dir='ltr'><strong>justitiw.</strong></span> 
     </span>
    </p>
   </div>
   <div class='ocr_carea' id='block_1_91' title="bbox 2148 3137 3732 3218">
    <p class='ocr_par' dir='ltr' id='par_1_91' title="bbox 2148 3137 3732 3218">
     <span class='ocr_line' id='line_1_92' title="bbox 2148 3137 3732 3218; baseline 0.009 -27"><span class='ocrx_word' id='word_1_709' title='bbox 2148 3137 2287 3192; x_wconf 84' lang='lat' dir='ltr'><strong>Eece</strong></span> <span class='ocrx_word' id='word_1_710' title='bbox 2333 3140 2686 3195; x_wconf 82' lang='lat' dir='ltr'><strong>ostenduntur</strong></span> <span class='ocrx_word' id='word_1_711' title='bbox 2733 3144 2892 3198; x_wconf 88' lang='lat' dir='ltr'><strong>etiam</strong></span> <span class='ocrx_word' id='word_1_712' title='bbox 2937 3157 3155 3214; x_wconf 86' lang='lat' dir='ltr'><strong>peccato</strong></span> <span class='ocrx_word' id='word_1_713' title='bbox 3199 3149 3417 3203; x_wconf 86' lang='lat' dir='ltr'><strong>minime</strong></span> <span class='ocrx_word' id='word_1_714' title='bbox 3464 3152 3732 3218; x_wconf 83' lang='lat' dir='ltr'><strong>potuisse,</strong></span> 
     </span>
    </p>
   </div>
   <div class='ocr_carea' id='block_1_92' title="bbox 2147 3229 3731 3308">
    <p class='ocr_par' dir='ltr' id='par_1_92' title="bbox 2147 3229 3731 3308">
     <span class='ocr_line' id='line_1_93' title="bbox 2147 3229 3731 3308; baseline 0.008 -25"><span class='ocrx_word' id='word_1_715' title='bbox 2147 3229 2248 3284; x_wconf 91' lang='lat' dir='ltr'><strong>nisi</strong></span> <span class='ocrx_word' id='word_1_716' title='bbox 2279 3230 2380 3284; x_wconf 81' lang='lat' dir='ltr'><strong>alia</strong></span> <span class='ocrx_word' id='word_1_717' title='bbox 2413 3231 2658 3286; x_wconf 88' lang='lat' dir='ltr'><strong>libertate</strong></span> <span class='ocrx_word' id='word_1_718' title='bbox 2683 3274 2698 3300; x_wconf 94' lang='lat'><strong>,</strong></span> <span class='ocrx_word' id='word_1_719' title='bbox 2725 3234 2946 3289; x_wconf 89' lang='lat' dir='ltr'><strong>servire.</strong></span> <span class='ocrx_word' id='word_1_720' title='bbox 2978 3235 3154 3290; x_wconf 89' lang='lat' dir='ltr'><strong>Liberi</strong></span> <span class='ocrx_word' id='word_1_721' title='bbox 3187 3253 3312 3306; x_wconf 82' lang='lat' dir='ltr'><strong>ergo</strong></span> <span class='ocrx_word' id='word_1_722' title='bbox 3339 3255 3364 3288; x_wconf 76' lang='grc' dir='ltr'>ει</span> <span class='ocrx_word' id='word_1_723' title='bbox 3389 3229 3592 3308; x_wconf 78' lang='lat' dir='ltr'><strong>jitstitia</strong></span> <span class='ocrx_word' id='word_1_724' title='bbox 3624 3257 3731 3295; x_wconf 90' lang='lat' dir='ltr'><strong>non</strong></span> 
     </span>
    </p>
   </div>
   <div class='ocr_carea' id='block_1_93' title="bbox 2147 3323 3736 3400">
    <p class='ocr_par' dir='ltr' id='par_1_93' title="bbox 2147 3323 3736 3400">
     <span class='ocr_line' id='line_1_94' title="bbox 2147 3323 3736 3400; baseline 0.008 -24"><span class='ocrx_word' id='word_1_725' title='bbox 2147 3332 2305 3388; x_wconf 90' lang='lat' dir='ltr'><strong>sunt,</strong></span> <span class='ocrx_word' id='word_1_726' title='bbox 2339 3323 2439 3376; x_wconf 71' lang='lat' dir='ltr'><strong>nisi</strong></span> <span class='ocrx_word' id='word_1_727' title='bbox 2469 3324 2688 3377; x_wconf 87' lang='lat' dir='ltr'><strong>arbitrio</strong></span> <span class='ocrx_word' id='word_1_728' title='bbox 2717 3327 3006 3382; x_wconf 87' lang='lat' dir='ltr'><strong>voluntatis</strong></span> <span class='ocrx_word' id='word_1_729' title='bbox 3031 3345 3043 3380; x_wconf 88' lang='lat'><strong>:</strong></span> <span class='ocrx_word' id='word_1_730' title='bbox 3074 3329 3224 3383; x_wconf 85' lang='lat' dir='ltr'><strong>liberi</strong></span> <span class='ocrx_word' id='word_1_731' title='bbox 3253 3340 3428 3384; x_wconf 90' lang='lat' dir='ltr'><strong>autem</strong></span> <span class='ocrx_word' id='word_1_732' title='bbox 3461 3348 3488 3385; x_wconf 89' lang='lat' dir='ltr'><strong>a</strong></span> <span class='ocrx_word' id='word_1_733' title='bbox 3517 3344 3736 3400; x_wconf 78' lang='lat' dir='ltr'><strong>peccato</strong></span> 
     </span>
    </p>
   </div>
   <div class='ocr_carea' id='block_1_94' title="bbox 2150 3417 3732 3494">
    <p class='ocr_par' dir='ltr' id='par_1_94' title="bbox 2150 3417 3732 3494">
     <span class='ocr_line' id='line_1_95' title="bbox 2150 3417 3732 3494; baseline 0.008 -26"><span class='ocrx_word' id='word_1_734' title='bbox 2150 3431 2254 3469; x_wconf 88' lang='lat' dir='ltr'><strong>non</strong></span> <span class='ocrx_word' id='word_1_735' title='bbox 2283 3417 2408 3470; x_wconf 88' lang='lat' dir='ltr'><strong>liunt</strong></span> <span class='ocrx_word' id='word_1_736' title='bbox 2431 3457 2448 3482; x_wconf 90' lang='lat'><strong>,</strong></span> <span class='ocrx_word' id='word_1_737' title='bbox 2481 3418 2580 3471; x_wconf 91' lang='lat' dir='ltr'><strong>nisi</strong></span> <span class='ocrx_word' id='word_1_738' title='bbox 2609 3420 2772 3488; x_wconf 79' lang='lat' dir='ltr'><strong>gratia</strong></span> <span class='ocrx_word' id='word_1_739' title='bbox 2801 3420 3109 3475; x_wconf 81' lang='lat' dir='ltr'><strong>Salvatoris.</strong></span> <span class='ocrx_word' id='word_1_740' title='bbox 3139 3423 3362 3494; x_wconf 82' lang='lat' dir='ltr'><strong>Propter</strong></span> <span class='ocrx_word' id='word_1_741' title='bbox 3387 3426 3526 3494; x_wconf 88' lang='lat' dir='ltr'><strong>quod</strong></span> <span class='ocrx_word' id='word_1_742' title='bbox 3557 3427 3732 3481; x_wconf 84' lang='lat' dir='ltr'><strong>admi-</strong></span> 
     </span>
    </p>
   </div>
   <div class='ocr_carea' id='block_1_95' title="bbox 2149 3508 3734 3583">
    <p class='ocr_par' dir='ltr' id='par_1_95' title="bbox 2149 3508 3734 3583">
     <span class='ocr_line' id='line_1_96' title="bbox 2149 3508 3734 3583; baseline 0.006 -21"><span class='ocrx_word' id='word_1_743' title='bbox 2149 3508 2332 3562; x_wconf 85' lang='lat' dir='ltr'><strong>rabilis</strong></span> <span class='ocrx_word' id='word_1_744' title='bbox 2362 3509 2556 3564; x_wconf 84' lang='lat' dir='ltr'><strong>Doctor</strong></span> <span class='ocrx_word' id='word_1_745' title='bbox 2589 3513 2746 3565; x_wconf 87' lang='lat' dir='ltr'><strong>etiam</strong></span> <span class='ocrx_word' id='word_1_746' title='bbox 2777 3515 2937 3568; x_wconf 82' lang='lat' dir='ltr'><strong>verba</strong></span> <span class='ocrx_word' id='word_1_747' title='bbox 2980 3514 3089 3583; x_wconf 89' lang='lat' dir='ltr'><strong>ipsa</strong></span> <span class='ocrx_word' id='word_1_748' title='bbox 3127 3514 3377 3570; x_wconf 86' lang='lat' dir='ltr'><strong>discrevit</strong></span> <span class='ocrx_word' id='word_1_749' title='bbox 3404 3535 3416 3570; x_wconf 88' lang='lat'><strong>:</strong></span> <span class='ocrx_word' id='word_1_750' title='bbox 3447 3515 3572 3570; x_wconf 80' lang='lat' dir='ltr'><strong>Cum</strong></span> <span class='ocrx_word' id='word_1_751' title='bbox 3601 3519 3734 3572; x_wconf 82' lang='lat' dir='ltr'><strong>enim</strong></span> 
     </span>
    </p>
   </div>
   <div class='ocr_carea' id='block_1_96' title="bbox 2149 3601 3736 3677">
    <p class='ocr_par' dir='ltr' id='par_1_96' title="bbox 2149 3601 3736 3677">
     <span class='ocr_line' id='line_1_97' title="bbox 2149 3601 3736 3677; baseline 0.009 -26"><span class='ocrx_word' id='word_1_752' title='bbox 2149 3601 2280 3652; x_wconf 82' lang='lat' dir='ltr'><strong>servi</strong></span> <span class='ocrx_word' id='word_1_753' title='bbox 2307 3602 2495 3665; x_wconf 76' lang='lat' dir='ltr'><strong>essetis,</strong></span> <span class='ocrx_word' id='word_1_754' title='bbox 2526 3604 2714 3672; x_wconf 89' lang='lat' dir='ltr'><strong>inquit,</strong></span> <span class='ocrx_word' id='word_1_755' title='bbox 2736 3606 2943 3672; x_wconf 81' lang='lat' dir='ltr'><strong>peccati,</strong></span> <span class='ocrx_word' id='word_1_756' title='bbox 2969 3606 3110 3659; x_wconf 80' lang='lat' dir='ltr'><strong>liberi</strong></span> <span class='ocrx_word' id='word_1_757' title='bbox 3131 3608 3300 3677; x_wconf 76' lang='lat' dir='ltr'><strong>fuistis</strong></span> <span class='ocrx_word' id='word_1_758' title='bbox 3311 3609 3539 3676; x_wconf 69' lang='lat' dir='ltr'><strong>justitiw.</strong></span> <span class='ocrx_word' id='word_1_759' title='bbox 3572 3610 3736 3676; x_wconf 82' lang='lat' dir='ltr'><strong>Quem</strong></span> 
     </span>
    </p>
   </div>
   <div class='ocr_carea' id='block_1_97' title="bbox 2151 3694 3736 3770">
    <p class='ocr_par' dir='ltr' id='par_1_97' title="bbox 2151 3694 3736 3770">
     <span class='ocr_line' id='line_1_98' title="bbox 2151 3694 3736 3770; baseline 0.006 -26"><span class='ocrx_word' id='word_1_760' title='bbox 2151 3707 2269 3760; x_wconf 83' lang='lat' dir='ltr'><strong>ergo</strong></span> <span class='ocrx_word' id='word_1_761' title='bbox 2299 3696 2520 3761; x_wconf 78' lang='lat' dir='ltr'><strong>fructum</strong></span> <span class='ocrx_word' id='word_1_762' title='bbox 2557 3694 2797 3750; x_wconf 81' lang='lat' dir='ltr'><strong>lmbnistis</strong></span> <span class='ocrx_word' id='word_1_763' title='bbox 2823 3707 2938 3749; x_wconf 85' lang='lat' dir='ltr'><strong>tunc</strong></span> <span class='ocrx_word' id='word_1_764' title='bbox 2966 3698 3148 3764; x_wconf 64' lang='lat' dir='ltr'><strong>initis,</strong></span> <span class='ocrx_word' id='word_1_765' title='bbox 3180 3701 3232 3752; x_wconf 85' lang='lat' dir='ltr'><strong>in</strong></span> <span class='ocrx_word' id='word_1_766' title='bbox 3263 3700 3440 3770; x_wconf 83' lang='lat' dir='ltr'><strong>quibus</strong></span> <span class='ocrx_word' id='word_1_767' title='bbox 3465 3717 3596 3754; x_wconf 82' lang='lat' dir='ltr'><strong>nunc</strong></span> <span class='ocrx_word' id='word_1_768' title='bbox 3621 3719 3736 3754; x_wconf 85' lang='lat' dir='ltr'><strong>eru-</strong></span> 
     </span>
    </p>
   </div>
   <div class='ocr_carea' id='block_1_98' title="bbox 2151 3786 3742 3855">
    <p class='ocr_par' dir='ltr' id='par_1_98' title="bbox 2151 3786 3742 3855">
     <span class='ocr_line' id='line_1_99' title="bbox 2151 3786 3742 3855; baseline 0.007 -17"><span class='ocrx_word' id='word_1_769' title='bbox 2151 3787 2387 3840; x_wconf 71' lang='lat' dir='ltr'><strong>bescitis?</strong></span> <span class='ocrx_word' id='word_1_770' title='bbox 2410 3786 2546 3840; x_wconf 75' lang='lat' dir='ltr'><strong>Nam</strong></span> <span class='ocrx_word' id='word_1_771' title='bbox 2575 3789 2691 3855; x_wconf 81' lang='lat' dir='ltr'><strong>ﬁnis</strong></span> <span class='ocrx_word' id='word_1_772' title='bbox 2720 3791 2920 3843; x_wconf 74' lang='lat' dir='ltr'><strong>illorum</strong></span> <span class='ocrx_word' id='word_1_773' title='bbox 2949 3808 3081 3845; x_wconf 88' lang='lat' dir='ltr'><strong>mors</strong></span> <span class='ocrx_word' id='word_1_774' title='bbox 3118 3804 3188 3845; x_wconf 86' lang='lat' dir='ltr'><strong>est</strong></span> <span class='ocrx_word' id='word_1_775' title='bbox 3213 3809 3232 3844; x_wconf 89' lang='lat'><strong><em>:</em></strong></span> <span class='ocrx_word' id='word_1_776' title='bbox 3257 3811 3390 3846; x_wconf 66' lang='lat' dir='ltr'><strong>nunc</strong></span> <span class='ocrx_word' id='word_1_777' title='bbox 3415 3804 3581 3848; x_wconf 70' lang='lat' dir='ltr'><strong>autem</strong></span> <span class='ocrx_word' id='word_1_778' title='bbox 3615 3794 3742 3849; x_wconf 80' lang='lat' dir='ltr'><strong>libe-</strong></span> 
     </span>
    </p>
   </div>
   <div class='ocr_carea' id='block_1_99' title="bbox 2152 3879 3737 3952">
    <p class='ocr_par' dir='ltr' id='par_1_99' title="bbox 2152 3879 3737 3952">
     <span class='ocr_line' id='line_1_100' title="bbox 2152 3879 3737 3952; baseline 0.006 -24"><span class='ocrx_word' id='word_1_779' title='bbox 2152 3879 2250 3928; x_wconf 83' lang='lat' dir='ltr'><strong>rati</strong></span> <span class='ocrx_word' id='word_1_780' title='bbox 2279 3895 2308 3930; x_wconf 78' lang='grc' dir='ltr'>(ι</span> <span class='ocrx_word' id='word_1_781' title='bbox 2337 3892 2556 3946; x_wconf 75' lang='lat' dir='ltr'><strong>peccato,</strong></span> <span class='ocrx_word' id='word_1_782' title='bbox 2585 3881 2713 3932; x_wconf 83' lang='lat' dir='ltr'><strong>servi</strong></span> <span class='ocrx_word' id='word_1_783' title='bbox 2751 3892 2916 3934; x_wconf 84' lang='lat' dir='ltr'><strong>autem</strong></span> <span class='ocrx_word' id='word_1_784' title='bbox 2961 3884 3081 3952; x_wconf 80' lang='lat' dir='ltr'><strong>[arti</strong></span> <span class='ocrx_word' id='word_1_785' title='bbox 3117 3883 3244 3950; x_wconf 74' lang='lat' dir='ltr'><strong>Deo,</strong></span> <span class='ocrx_word' id='word_1_786' title='bbox 3289 3884 3477 3937; x_wconf 71' lang='lat' dir='ltr'><strong>habetis</strong></span> <span class='ocrx_word' id='word_1_787' title='bbox 3513 3885 3737 3952; x_wconf 71' lang='lat' dir='ltr'><strong>fructum</strong></span> 
     </span>
    </p>
   </div>
   <div class='ocr_carea' id='block_1_100' title="bbox 2153 3971 3737 4038">
    <p class='ocr_par' dir='ltr' id='par_1_100' title="bbox 2153 3971 3737 4038">
     <span class='ocr_line' id='line_1_101' title="bbox 2153 3971 3737 4038; baseline 0.007 -20"><span class='ocrx_word' id='word_1_788' title='bbox 2153 3978 2370 4020; x_wconf 69' lang='lat' dir='ltr'><strong>vestrum</strong></span> <span class='ocrx_word' id='word_1_789' title='bbox 2401 3971 2449 4022; x_wconf 86' lang='lat' dir='ltr'><strong>in</strong></span> <span class='ocrx_word' id='word_1_790' title='bbox 2480 3972 2926 4038; x_wconf 70' lang='lat' dir='ltr'><strong>sancti/irationem</strong></span> <span class='ocrx_word' id='word_1_791' title='bbox 2947 4014 2962 4038; x_wconf 96' lang='lat'><strong>,</strong></span> <span class='ocrx_word' id='word_1_792' title='bbox 2995 3973 3146 4038; x_wconf 67' lang='lat' dir='ltr'><strong>linem</strong></span> <span class='ocrx_word' id='word_1_793' title='bbox 3173 3989 3286 4026; x_wconf 69' lang='lat' dir='ltr'><strong>vero</strong></span> <span class='ocrx_word' id='word_1_794' title='bbox 3314 3975 3466 4028; x_wconf 78' lang='lat' dir='ltr'><strong>ritum</strong></span> <span class='ocrx_word' id='word_1_795' title='bbox 3493 3988 3737 4029; x_wconf 63' lang='lat' dir='ltr'><strong>internum</strong></span> 
     </span>
    </p>
   </div>
   <div class='ocr_carea' id='block_1_101' title="bbox 2157 4050 3777 4134">
    <p class='ocr_par' dir='ltr' id='par_1_101' title="bbox 2157 4050 3777 4134">
     <span class='ocr_line' id='line_1_102' title="bbox 2157 4050 3777 4134; baseline 0.003 -20"><span class='ocrx_word' id='word_1_796' title='bbox 2157 4062 2332 4131; x_wconf 81' lang='lat' dir='ltr'><strong>(Rom.</strong></span> <span class='ocrx_word' id='word_1_797' title='bbox 2361 4078 2434 4126; x_wconf 83' lang='lat' dir='ltr'><strong>vi,</strong></span> <span class='ocrx_word' id='word_1_798' title='bbox 2479 4062 2548 4114; x_wconf 68' lang='grc' dir='ltr'>ΞΟ</span> <span class='ocrx_word' id='word_1_799' title='bbox 2582 4061 2694 4131; x_wconf 69' lang='lat'><strong>92).</strong></span> <span class='ocrx_word' id='word_1_800' title='bbox 2747 4063 2968 4118; x_wconf 88' lang='lat' dir='ltr'><strong>Liberos</strong></span> <span class='ocrx_word' id='word_1_801' title='bbox 2996 4065 3128 4117; x_wconf 81' lang='lat' dir='ltr'><strong>dixit</strong></span> <span class='ocrx_word' id='word_1_802' title='bbox 3147 4065 3386 4134; x_wconf 69' lang='lat' dir='ltr'><strong>jUstitize,</strong></span> <span class='ocrx_word' id='word_1_803' title='bbox 3416 4082 3518 4118; x_wconf 90' lang='lat' dir='ltr'><strong>non</strong></span> <span class='ocrx_word' id='word_1_804' title='bbox 3549 4067 3742 4119; x_wconf 79' lang='lat' dir='ltr'><strong>libcra-</strong></span> <span class='ocrx_word' id='word_1_805' title='bbox 3770 4050 3777 4056; x_wconf 40' lang='grc'><em>“</em></span> 
     </span>
    </p>
   </div>
   <div class='ocr_carea' id='block_1_102' title="bbox 2156 4155 3739 4222">
    <p class='ocr_par' dir='ltr' id='par_1_102' title="bbox 2156 4155 3739 4222">
     <span class='ocr_line' id='line_1_103' title="bbox 2156 4155 3739 4222; baseline 0.004 -17"><span class='ocrx_word' id='word_1_806' title='bbox 2156 4163 2271 4206; x_wconf 88' lang='lat' dir='ltr'><strong>tos:</strong></span> <span class='ocrx_word' id='word_1_807' title='bbox 2300 4169 2327 4206; x_wconf 88' lang='lat' dir='ltr'><strong>a</strong></span> <span class='ocrx_word' id='word_1_808' title='bbox 2357 4164 2572 4222; x_wconf 83' lang='lat' dir='ltr'><strong>peccato</strong></span> <span class='ocrx_word' id='word_1_809' title='bbox 2597 4163 2774 4207; x_wconf 79' lang='lat' dir='ltr'><strong>autent</strong></span> <span class='ocrx_word' id='word_1_810' title='bbox 2806 4170 2908 4207; x_wconf 91' lang='lat' dir='ltr'><strong>non</strong></span> <span class='ocrx_word' id='word_1_811' title='bbox 2939 4155 3156 4219; x_wconf 88' lang='lat' dir='ltr'><strong>liberos,</strong></span> <span class='ocrx_word' id='word_1_812' title='bbox 3190 4173 3254 4209; x_wconf 85' lang='lat' dir='ltr'><strong>ne</strong></span> <span class='ocrx_word' id='word_1_813' title='bbox 3281 4157 3380 4209; x_wconf 89' lang='lat' dir='ltr'><strong>sibi</strong></span> <span class='ocrx_word' id='word_1_814' title='bbox 3408 4158 3506 4210; x_wconf 86' lang='lat' dir='ltr'><strong>hoc</strong></span> <span class='ocrx_word' id='word_1_815' title='bbox 3535 4160 3739 4212; x_wconf 80' lang='lat' dir='ltr'><strong>tribue-</strong></span> 
     </span>
    </p>
   </div>
   <div class='ocr_carea' id='block_1_103' title="bbox 2155 4245 3744 4312">
    <p class='ocr_par' dir='ltr' id='par_1_103' title="bbox 2155 4245 3744 4312">
     <span class='ocr_line' id='line_1_104' title="bbox 2155 4245 3744 4312; baseline 0 -16"><span class='ocrx_word' id='word_1_816' title='bbox 2155 4254 2306 4308; x_wconf 87' lang='lat' dir='ltr'><strong>rent;</strong></span> <span class='ocrx_word' id='word_1_817' title='bbox 2340 4245 2431 4298; x_wconf 89' lang='lat' dir='ltr'><strong>setl</strong></span> <span class='ocrx_word' id='word_1_818' title='bbox 2462 4246 2860 4312; x_wconf 72' lang='lat' dir='ltr'><strong>vigilmttissime</strong></span> <span class='ocrx_word' id='word_1_819' title='bbox 2895 4247 3078 4299; x_wconf 86' lang='lat' dir='ltr'><strong>maluit</strong></span> <span class='ocrx_word' id='word_1_820' title='bbox 3105 4248 3282 4301; x_wconf 79' lang='lat' dir='ltr'><strong>direre</strong></span> <span class='ocrx_word' id='word_1_821' title='bbox 3312 4250 3576 4310; x_wconf 53' lang='grc' dir='ltr'>Ιίιηιιτειιιιε,</span> <span class='ocrx_word' id='word_1_822' title='bbox 3606 4252 3744 4303; x_wconf 61' lang='lat' dir='ltr'><strong>reti;-</strong></span> 
     </span>
    </p>
   </div>
   <div class='ocr_carea' id='block_1_104' title="bbox 2158 4335 3741 4404">
    <p class='ocr_par' dir='ltr' id='par_1_104' title="bbox 2158 4335 3741 4404">
     <span class='ocr_line' id='line_1_105' title="bbox 2158 4335 3741 4404; baseline 0.006 -21"><span class='ocrx_word' id='word_1_823' title='bbox 2158 4349 2283 4388; x_wconf 82' lang='lat' dir='ltr'><strong>rens</strong></span> <span class='ocrx_word' id='word_1_824' title='bbox 2315 4336 2412 4387; x_wconf 83' lang='lat' dir='ltr'><strong>hoc</strong></span> <span class='ocrx_word' id='word_1_825' title='bbox 2441 4335 2504 4386; x_wconf 82' lang='lat' dir='ltr'><strong>ad</strong></span> <span class='ocrx_word' id='word_1_826' title='bbox 2541 4335 2679 4386; x_wconf 84' lang='lat' dir='ltr'><strong>illam</strong></span> <span class='ocrx_word' id='word_1_827' title='bbox 2725 4336 2930 4388; x_wconf 80' lang='lat' dir='ltr'><strong>Domini</strong></span> <span class='ocrx_word' id='word_1_828' title='bbox 2978 4348 3164 4389; x_wconf 75' lang='lat' dir='ltr'><strong>sentt-n</strong></span> <span class='ocrx_word' id='word_1_829' title='bbox 3195 4340 3294 4390; x_wconf 85' lang='lat' dir='ltr'><strong>iam</strong></span> <span class='ocrx_word' id='word_1_830' title='bbox 3318 4380 3333 4404; x_wconf 89' lang='lat'><strong>,</strong></span> <span class='ocrx_word' id='word_1_831' title='bbox 3370 4339 3430 4391; x_wconf 82' lang='lat' dir='ltr'><strong>Si</strong></span> <span class='ocrx_word' id='word_1_832' title='bbox 3462 4355 3542 4389; x_wconf 75' lang='lat' dir='ltr'><strong>vos</strong></span> <span class='ocrx_word' id='word_1_833' title='bbox 3577 4339 3741 4393; x_wconf 79' lang='lat' dir='ltr'><strong>Filius</strong></span> 
     </span>
    </p>
   </div>
   <div class='ocr_carea' id='block_1_105' title="bbox 2157 4425 3745 4497">
    <p class='ocr_par' dir='ltr' id='par_1_105' title="bbox 2157 4425 3745 4497">
     <span class='ocr_line' id='line_1_106' title="bbox 2157 4425 3745 4497; baseline 0.004 -21"><span class='ocrx_word' id='word_1_834' title='bbox 2157 4425 2434 4476; x_wconf 75' lang='lat' dir='ltr'><strong>liberaverit</strong></span> <span class='ocrx_word' id='word_1_835' title='bbox 2455 4467 2466 4486; x_wconf 85' lang='lat'><strong>,</strong></span> <span class='ocrx_word' id='word_1_836' title='bbox 2501 4434 2617 4476; x_wconf 75' lang='lat' dir='ltr'><strong>tunc</strong></span> <span class='ocrx_word' id='word_1_837' title='bbox 2660 4425 2769 4478; x_wconf 64' lang='lat' dir='ltr'><strong>t‘cre</strong></span> <span class='ocrx_word' id='word_1_838' title='bbox 2806 4425 2947 4478; x_wconf 67' lang='lat' dir='ltr'><strong>liberi</strong></span> <span class='ocrx_word' id='word_1_839' title='bbox 2977 4428 3132 4480; x_wconf 74' lang='lat' dir='ltr'><strong>eritis.</strong></span> <span class='ocrx_word' id='word_1_840' title='bbox 3165 4429 3293 4480; x_wconf 72' lang='lat' dir='ltr'><strong>(Iunt</strong></span> <span class='ocrx_word' id='word_1_841' title='bbox 3329 4430 3393 4480; x_wconf 89' lang='lat' dir='ltr'><strong>ita</strong></span> <span class='ocrx_word' id='word_1_842' title='bbox 3421 4447 3500 4497; x_wconf 79' lang='lat' dir='ltr'><strong>pte</strong></span> <span class='ocrx_word' id='word_1_843' title='bbox 3534 4446 3636 4482; x_wconf 90' lang='lat' dir='ltr'><strong>non</strong></span> <span class='ocrx_word' id='word_1_844' title='bbox 3668 4432 3745 4482; x_wconf 86' lang='lat' dir='ltr'><strong>vi-</strong></span> 
     </span>
    </p>
   </div>
   <div class='ocr_carea' id='block_1_106' title="bbox 2159 4514 3741 4585">
    <p class='ocr_par' dir='ltr' id='par_1_106' title="bbox 2159 4514 3741 4585">
     <span class='ocr_line' id='line_1_107' title="bbox 2159 4514 3741 4585; baseline 0.006 -21"><span class='ocrx_word' id='word_1_845' title='bbox 2159 4523 2281 4565; x_wconf 86' lang='lat' dir='ltr'><strong>vant</strong></span> <span class='ocrx_word' id='word_1_846' title='bbox 2325 4517 2456 4567; x_wconf 79' lang='lat' dir='ltr'><strong>leue</strong></span> <span class='ocrx_word' id='word_1_847' title='bbox 2493 4516 2578 4566; x_wconf 85' lang='lat' dir='ltr'><strong>lilii</strong></span> <span class='ocrx_word' id='word_1_848' title='bbox 2611 4514 2881 4569; x_wconf 76' lang='lat' dir='ltr'><strong>hominum</strong></span> <span class='ocrx_word' id='word_1_849' title='bbox 2906 4517 2961 4580; x_wconf 77' lang='lat'><strong>&#39;,</strong></span> <span class='ocrx_word' id='word_1_850' title='bbox 2993 4519 3088 4568; x_wconf 75' lang='lat' dir='ltr'><strong>nisi</strong></span> <span class='ocrx_word' id='word_1_851' title='bbox 3120 4517 3289 4571; x_wconf 67' lang='lat' dir='ltr'><strong>ell’ecli</strong></span> <span class='ocrx_word' id='word_1_852' title='bbox 3335 4519 3422 4570; x_wconf 86' lang='lat' dir='ltr'><strong>lilii</strong></span> <span class='ocrx_word' id='word_1_853' title='bbox 3459 4520 3581 4583; x_wconf 73' lang='lat' dir='ltr'><strong>Dei,</strong></span> <span class='ocrx_word' id='word_1_854' title='bbox 3617 4521 3741 4585; x_wconf 84' lang='lat' dir='ltr'><strong>quid</strong></span> 
     </span>
    </p>
   </div>
   <div class='ocr_carea' id='block_1_107' title="bbox 2157 4608 3743 4676">
    <p class='ocr_par' dir='ltr' id='par_1_107' title="bbox 2157 4608 3743 4676">
     <span class='ocr_line' id='line_1_108' title="bbox 2157 4608 3743 4676; baseline 0.001 -16"><span class='ocrx_word' id='word_1_855' title='bbox 2157 4615 2232 4660; x_wconf 87' lang='lat' dir='ltr'><strong>cst</strong></span> <span class='ocrx_word' id='word_1_856' title='bbox 2259 4609 2395 4676; x_wconf 77' lang='lat' dir='ltr'><strong>quod</strong></span> <span class='ocrx_word' id='word_1_857' title='bbox 2428 4619 2523 4659; x_wconf 80' lang='lat' dir='ltr'><strong>tSIe</strong></span> <span class='ocrx_word' id='word_1_858' title='bbox 2549 4608 2714 4659; x_wconf 61' lang='lat' dir='ltr'><strong>liber.)</strong></span> <span class='ocrx_word' id='word_1_859' title='bbox 2736 4610 2955 4661; x_wconf 79' lang='lat' dir='ltr'><strong>arbztrio</strong></span> <span class='ocrx_word' id='word_1_860' title='bbox 2984 4610 3086 4661; x_wconf 76' lang='lat' dir='ltr'><strong>vult</strong></span> <span class='ocrx_word' id='word_1_861' title='bbox 3115 4611 3250 4663; x_wconf 87' lang='lat' dir='ltr'><strong>bene</strong></span> <span class='ocrx_word' id='word_1_862' title='bbox 3279 4611 3482 4662; x_wconf 62' lang='lat' dir='ltr'><strong>vivendi</strong></span> <span class='ocrx_word' id='word_1_863' title='bbox 3511 4613 3743 4663; x_wconf 76' lang='lat' dir='ltr'><strong>tribuere</strong></span> 
     </span>
    </p>
   </div>
   <div class='ocr_carea' id='block_1_108' title="bbox 2157 4696 3743 4767">
    <p class='ocr_par' dir='ltr' id='par_1_108' title="bbox 2157 4696 3743 4767">
     <span class='ocr_line' id='line_1_109' title="bbox 2157 4696 3743 4767; baseline 0.004 -20"><span class='ocrx_word' id='word_1_864' title='bbox 2157 4706 2508 4764; x_wconf 77' lang='lat' dir='ltr'><strong>potestatem;</strong></span> <span class='ocrx_word' id='word_1_865' title='bbox 2540 4713 2660 4750; x_wconf 86' lang='lat' dir='ltr'><strong>cum</strong></span> <span class='ocrx_word' id='word_1_866' title='bbox 2703 4696 2814 4752; x_wconf 72' lang='lat' dir='ltr'><strong>lizec</strong></span> <span class='ocrx_word' id='word_1_867' title='bbox 2860 4709 3089 4766; x_wconf 61' lang='lat' dir='ltr'><strong>potestas</strong></span> <span class='ocrx_word' id='word_1_868' title='bbox 3131 4715 3232 4751; x_wconf 77' lang='lat' dir='ltr'><strong>ttou</strong></span> <span class='ocrx_word' id='word_1_869' title='bbox 3265 4699 3418 4752; x_wconf 83' lang='lat' dir='ltr'><strong>detur</strong></span> <span class='ocrx_word' id='word_1_870' title='bbox 3451 4703 3545 4751; x_wconf 87' lang='lat' dir='ltr'><strong>nisi</strong></span> <span class='ocrx_word' id='word_1_871' title='bbox 3576 4704 3743 4767; x_wconf 76' lang='lat' dir='ltr'><strong>gratia</strong></span> 
     </span>
    </p>
   </div>
   <div class='ocr_carea' id='block_1_109' title="bbox 2163 4789 3741 4858">
    <p class='ocr_par' dir='ltr' id='par_1_109' title="bbox 2163 4789 3741 4858">
     <span class='ocr_line' id='line_1_110' title="bbox 2163 4789 3741 4858; baseline 0.001 -14"><span class='ocrx_word' id='word_1_872' title='bbox 2163 4792 2272 4855; x_wconf 73' lang='lat' dir='ltr'><strong>Dei,</strong></span> <span class='ocrx_word' id='word_1_873' title='bbox 2310 4808 2401 4858; x_wconf 76' lang='lat' dir='ltr'><strong>per</strong></span> <span class='ocrx_word' id='word_1_874' title='bbox 2426 4791 2605 4844; x_wconf 76' lang='lat' dir='ltr'><strong>.lesum</strong></span> <span class='ocrx_word' id='word_1_875' title='bbox 2630 4789 2895 4844; x_wconf 77' lang='lat' dir='ltr'><strong>Christum</strong></span> <span class='ocrx_word' id='word_1_876' title='bbox 2933 4793 3210 4846; x_wconf 73' lang='lat' dir='ltr'><strong>Dominum</strong></span> <span class='ocrx_word' id='word_1_877' title='bbox 3245 4802 3480 4845; x_wconf 79' lang='lat' dir='ltr'><strong>nostrum</strong></span> <span class='ocrx_word' id='word_1_878' title='bbox 3513 4794 3618 4853; x_wconf 78' lang='lat' dir='ltr'><strong>(ch.</strong></span> <span class='ocrx_word' id='word_1_879' title='bbox 3649 4811 3741 4858; x_wconf 85' lang='lat' dir='ltr'><strong>vn,</strong></span> 
     </span>
    </p>
   </div>
   <div class='ocr_carea' id='block_1_110' title="bbox 2157 4884 3745 4955">
    <p class='ocr_par' dir='ltr' id='par_1_110' title="bbox 2157 4884 3745 4955">
     <span class='ocr_line' id='line_1_111' title="bbox 2157 4884 3745 4955; baseline 0.001 -16"><span class='ocrx_word' id='word_1_880' title='bbox 2157 4884 2225 4939; x_wconf 62' lang='grc' dir='ltr'><strong>ἓξ)</strong></span> <span class='ocrx_word' id='word_1_881' title='bbox 2244 4884 2282 4955; x_wconf 84' lang='grc'><strong>),</strong></span> <span class='ocrx_word' id='word_1_882' title='bbox 2327 4885 2534 4938; x_wconf 77' lang='lat' dir='ltr'><strong>dicente</strong></span> <span class='ocrx_word' id='word_1_883' title='bbox 2579 4885 2896 4951; x_wconf 59' lang='lat' dir='ltr'><strong>EHtiltli&#39;ll&quot;,</strong></span> <span class='ocrx_word' id='word_1_884' title='bbox 2949 4886 3200 4950; x_wconf 67' lang='lat' dir='ltr'><strong>Quotquot</strong></span> <span class='ocrx_word' id='word_1_885' title='bbox 3245 4899 3410 4937; x_wconf 63' lang='lat' dir='ltr'><strong>artem</strong></span> <span class='ocrx_word' id='word_1_886' title='bbox 3453 4899 3745 4955; x_wconf 57' lang='lat' dir='ltr'><strong>rverpeinnt</strong></span> 
     </span>
    </p>
   </div>
   <div class='ocr_carea' id='block_1_111' title="bbox 2159 4977 3748 5045">
    <p class='ocr_par' dir='ltr' id='par_1_111' title="bbox 2159 4977 3748 5045">
     <span class='ocr_line' id='line_1_112' title="bbox 2159 4977 3748 5045; baseline 0.001 -16"><span class='ocrx_word' id='word_1_887' title='bbox 2159 4994 2288 5037; x_wconf 79' lang='lat' dir='ltr'><strong>eum,</strong></span> <span class='ocrx_word' id='word_1_888' title='bbox 2327 4977 2461 5028; x_wconf 59' lang='lat' dir='ltr'><strong>dedit</strong></span> <span class='ocrx_word' id='word_1_889' title='bbox 2489 4977 2557 5027; x_wconf 83' lang='lat' dir='ltr'><strong>eis</strong></span> <span class='ocrx_word' id='word_1_890' title='bbox 2580 4989 2871 5044; x_wconf 74' lang='lat' dir='ltr'><strong>po-‘cstmem</strong></span> <span class='ocrx_word' id='word_1_891' title='bbox 2901 4979 3031 5043; x_wconf 72' lang='lat' dir='ltr'><strong>[ilius</strong></span> <span class='ocrx_word' id='word_1_892' title='bbox 3068 4977 3111 5029; x_wconf 79' lang='grc' dir='ltr'><em>Ι)</em></span> <span class='ocrx_word' id='word_1_893' title='bbox 3146 4980 3158 5028; x_wconf 92' lang='lat' dir='ltr'><strong>i</strong></span> <span class='ocrx_word' id='word_1_894' title='bbox 3193 4979 3299 5042; x_wconf 60' lang='lat' dir='ltr'><strong>fieri</strong></span> <span class='ocrx_word' id='word_1_895' title='bbox 3333 4977 3382 5028; x_wconf 65' lang='grc' dir='ltr'><strong>ἴ]</strong></span> <span class='ocrx_word' id='word_1_896' title='bbox 3410 4997 3505 5028; x_wconf 62' lang='lat' dir='ltr'><strong>um.</strong></span> <span class='ocrx_word' id='word_1_897' title='bbox 3539 4996 3586 5042; x_wconf 81' lang='grc' dir='ltr'>ι,</span> <span class='ocrx_word' id='word_1_898' title='bbox 3623 4979 3748 5045; x_wconf 56' lang='grc' dir='ltr'>ιιῖιτ</span> 
     </span>
    </p>
   </div>
   <div class='ocr_carea' id='block_1_112' title="bbox 2229 5067 3748 5123">
    <p class='ocr_par' dir='ltr' id='par_1_112' title="bbox 2229 5067 3748 5123">
     <span class='ocr_line' id='line_1_113' title="bbox 2229 5067 3748 5123; baseline -0.001 0"><span class='ocrx_word' id='word_1_899' title='bbox 2229 5067 2453 5123; x_wconf 73' lang='lat' dir='ltr'><strong>CAPUT</strong></span> <span class='ocrx_word' id='word_1_900' title='bbox 2494 5068 2578 5121; x_wconf 89' lang='lat' dir='ltr'><strong>lll.</strong></span> <span class='ocrx_word' id='word_1_901' title='bbox 2605 5099 2677 5108; x_wconf 89' lang='lat'><strong>—</strong></span> <span class='ocrx_word' id='word_1_902' title='bbox 2701 5070 2751 5122; x_wconf 87' lang='grc'><strong>6.</strong></span> <span class='ocrx_word' id='word_1_903' title='bbox 2796 5068 2971 5121; x_wconf 74' lang='lat' dir='ltr'><strong>Gratia</strong></span> <span class='ocrx_word' id='word_1_904' title='bbox 3001 5087 3099 5120; x_wconf 78' lang='lat' dir='ltr'><strong>non</strong></span> <span class='ocrx_word' id='word_1_905' title='bbox 3145 5071 3415 5120; x_wconf 54' lang='lat' dir='ltr'><strong>secundum</strong></span> <span class='ocrx_word' id='word_1_906' title='bbox 3447 5073 3618 5121; x_wconf 67' lang='lat' dir='ltr'><strong>merits:</strong></span> <span class='ocrx_word' id='word_1_907' title='bbox 3657 5077 3748 5122; x_wconf 77' lang='lat' dir='ltr'><strong>da-</strong></span> 
     </span>
    </p>
   </div>
   <div class='ocr_carea' id='block_1_113' title="bbox 2161 5160 3750 5226">
    <p class='ocr_par' dir='ltr' id='par_1_113' title="bbox 2161 5160 3750 5226">
     <span class='ocr_line' id='line_1_114' title="bbox 2161 5160 3750 5226; baseline -0.002 -13"><span class='ocrx_word' id='word_1_908' title='bbox 2161 5169 2260 5213; x_wconf 82' lang='lat' dir='ltr'><strong>tur.</strong></span> <span class='ocrx_word' id='word_1_909' title='bbox 2305 5160 2406 5214; x_wconf 78' lang='lat' dir='ltr'><strong>Sed</strong></span> <span class='ocrx_word' id='word_1_910' title='bbox 2439 5176 2505 5213; x_wconf 79' lang='lat' dir='ltr'><strong>ne</strong></span> <span class='ocrx_word' id='word_1_911' title='bbox 2549 5160 2682 5213; x_wconf 71' lang='lat' dir='ltr'><strong>forte</strong></span> <span class='ocrx_word' id='word_1_912' title='bbox 2711 5161 2907 5216; x_wconf 78' lang='lat' dir='ltr'><strong>dit-ant.</strong></span> <span class='ocrx_word' id='word_1_913' title='bbox 2943 5161 3005 5212; x_wconf 83' lang='lat' dir='ltr'><strong>ad</strong></span> <span class='ocrx_word' id='word_1_914' title='bbox 3042 5162 3138 5210; x_wconf 72' lang='lat' dir='ltr'><strong>hoc</strong></span> <span class='ocrx_word' id='word_1_915' title='bbox 3166 5176 3282 5213; x_wconf 85' lang='lat' dir='ltr'><strong>esse</strong></span> <span class='ocrx_word' id='word_1_916' title='bbox 3315 5162 3538 5226; x_wconf 49' lang='lat' dir='ltr'><strong>adjutus,</strong></span> <span class='ocrx_word' id='word_1_917' title='bbox 3572 5171 3626 5212; x_wconf 86' lang='lat' dir='ltr'><strong>nl</strong></span> <span class='ocrx_word' id='word_1_918' title='bbox 3659 5162 3750 5213; x_wconf 66' lang='lat' dir='ltr'><strong>lia-</strong></span> 
     </span>
    </p>
   </div>
   <div class='ocr_carea' id='block_1_114' title="bbox 2161 5251 3752 5318">
    <p class='ocr_par' dir='ltr' id='par_1_114' title="bbox 2161 5251 3752 5318">
     <span class='ocr_line' id='line_1_115' title="bbox 2161 5251 3752 5318; baseline 0.001 -13"><span class='ocrx_word' id='word_1_919' title='bbox 2161 5251 2344 5305; x_wconf 78' lang='lat' dir='ltr'><strong>berent</strong></span> <span class='ocrx_word' id='word_1_920' title='bbox 2381 5259 2690 5318; x_wconf 69' lang='lat' dir='ltr'><strong>potestatem</strong></span> <span class='ocrx_word' id='word_1_921' title='bbox 2725 5251 2834 5303; x_wconf 81' lang='lat' dir='ltr'><strong>lieri</strong></span> <span class='ocrx_word' id='word_1_922' title='bbox 2883 5252 2968 5302; x_wconf 75' lang='lat' dir='ltr'><strong>lilii</strong></span> <span class='ocrx_word' id='word_1_923' title='bbox 3006 5253 3090 5303; x_wconf 72' lang='lat' dir='ltr'><strong>llci</strong></span> <span class='ocrx_word' id='word_1_924' title='bbox 3117 5268 3130 5310; x_wconf 87' lang='lat'><strong>;</strong></span> <span class='ocrx_word' id='word_1_925' title='bbox 3161 5261 3216 5302; x_wconf 90' lang='lat' dir='ltr'><strong>ut</strong></span> <span class='ocrx_word' id='word_1_926' title='bbox 3243 5265 3418 5304; x_wconf 71' lang='lat' dir='ltr'><strong>au‘em</strong></span> <span class='ocrx_word' id='word_1_927' title='bbox 3451 5253 3583 5306; x_wconf 75' lang='lat' dir='ltr'><strong>hanc</strong></span> <span class='ocrx_word' id='word_1_928' title='bbox 3607 5255 3752 5307; x_wconf 38' lang='lat' dir='ltr'><strong>acris</strong></span> 
     </span>
    </p>
   </div>
   <div class='ocr_carea' id='block_1_115' title="bbox 2165 5343 3748 5411">
    <p class='ocr_par' dir='ltr' id='par_1_115' title="bbox 2165 5343 3748 5411">
     <span class='ocr_line' id='line_1_116' title="bbox 2165 5343 3748 5411; baseline 0.003 -18"><span class='ocrx_word' id='word_1_929' title='bbox 2165 5358 2289 5411; x_wconf 83' lang='lat' dir='ltr'><strong>pere</strong></span> <span class='ocrx_word' id='word_1_930' title='bbox 2335 5360 2460 5395; x_wconf 60' lang='lat' dir='ltr'><strong>mers</strong></span> <span class='ocrx_word' id='word_1_931' title='bbox 2483 5353 2684 5404; x_wconf 78' lang='lat' dir='ltr'><strong>rentur,</strong></span> <span class='ocrx_word' id='word_1_932' title='bbox 2741 5343 2883 5410; x_wconf 84' lang='lat' dir='ltr'><strong>prius</strong></span> <span class='ocrx_word' id='word_1_933' title='bbox 2931 5358 3050 5396; x_wconf 87' lang='lat' dir='ltr'><strong>eum</strong></span> <span class='ocrx_word' id='word_1_934' title='bbox 3098 5343 3264 5395; x_wconf 83' lang='lat' dir='ltr'><strong>libero</strong></span> <span class='ocrx_word' id='word_1_935' title='bbox 3311 5346 3548 5404; x_wconf 45' lang='lat' dir='ltr'><strong>:zrbitrig</strong></span> <span class='ocrx_word' id='word_1_936' title='bbox 3606 5346 3748 5397; x_wconf 72' lang='lat' dir='ltr'><strong>nulla</strong></span> 
     </span>
    </p>
   </div>
   <div class='ocr_carea' id='block_1_116' title="bbox 2163 5434 3751 5502">
    <p class='ocr_par' dir='ltr' id='par_1_116' title="bbox 2163 5434 3751 5502">
     <span class='ocr_line' id='line_1_117' title="bbox 2163 5434 3751 5502; baseline 0.003 -16"><span class='ocrx_word' id='word_1_937' title='bbox 2163 5434 2323 5502; x_wconf 74' lang='lat' dir='ltr'><strong>adjuti</strong></span> <span class='ocrx_word' id='word_1_938' title='bbox 2373 5434 2537 5502; x_wconf 83' lang='lat' dir='ltr'><strong>gratia</strong></span> <span class='ocrx_word' id='word_1_939' title='bbox 2592 5441 2948 5500; x_wconf 74' lang='lat' dir='ltr'><strong>recepi-runt:</strong></span> <span class='ocrx_word' id='word_1_940' title='bbox 2987 5434 3096 5486; x_wconf 70' lang='grc' dir='ltr'>ίιιιοε</span> <span class='ocrx_word' id='word_1_941' title='bbox 3151 5447 3229 5486; x_wconf 87' lang='lat' dir='ltr'><strong>est</strong></span> <span class='ocrx_word' id='word_1_942' title='bbox 3283 5435 3476 5502; x_wconf 58' lang='lat' dir='ltr'><strong>quq-pe</strong></span> <span class='ocrx_word' id='word_1_943' title='bbox 3529 5436 3751 5490; x_wconf 76' lang='lat' dir='ltr'><strong>intentzo</strong></span> 
     </span>
    </p>
   </div>
   <div class='ocr_carea' id='block_1_117' title="bbox 2226 5586 3752 5649">
    <p class='ocr_par' dir='ltr' id='par_1_117' title="bbox 2226 5586 3752 5649">
     <span class='ocr_line' id='line_1_118' title="bbox 2226 5586 3752 5649; baseline 0.004 -15"><span class='ocrx_word' id='word_1_944' title='bbox 2226 5590 2241 5620; x_wconf 78' lang='grc' dir='ltr'><strong>ι</strong></span> <span class='ocrx_word' id='word_1_945' title='bbox 2280 5595 2351 5635; x_wconf 75' lang='lat' dir='ltr'><strong>Er.</strong></span> <span class='ocrx_word' id='word_1_946' title='bbox 2381 5594 2580 5645; x_wconf 85' lang='lat' dir='ltr'><strong>ett.ov.,</strong></span> <span class='ocrx_word' id='word_1_947' title='bbox 2605 5587 2732 5649; x_wconf 73' lang='lat' dir='ltr'><strong>quod</strong></span> <span class='ocrx_word' id='word_1_948' title='bbox 2754 5586 2822 5637; x_wconf 70' lang='lat' dir='ltr'><strong>eis</strong></span> <span class='ocrx_word' id='word_1_949' title='bbox 2842 5587 2968 5636; x_wconf 57' lang='lat' dir='ltr'><strong>lib/tt.</strong></span> <span class='ocrx_word' id='word_1_950' title='bbox 2999 5594 3050 5636; x_wconf 67' lang='lat' dir='ltr'><strong>At</strong></span> <span class='ocrx_word' id='word_1_951' title='bbox 3073 5596 3164 5635; x_wconf 62' lang='lat' dir='ltr'><strong>Am.</strong></span> <span class='ocrx_word' id='word_1_952' title='bbox 3195 5597 3244 5637; x_wconf 82' lang='lat' dir='ltr'><strong>et</strong></span> <span class='ocrx_word' id='word_1_953' title='bbox 3273 5597 3394 5645; x_wconf 46' lang='lat' dir='ltr'><strong>fusa,</strong></span> <span class='ocrx_word' id='word_1_954' title='bbox 3425 5589 3550 5647; x_wconf 61' lang='lat' dir='ltr'><strong>eum!</strong></span> <span class='ocrx_word' id='word_1_955' title='bbox 3582 5602 3657 5639; x_wconf 68' lang='lat' dir='ltr'><strong>eos</strong></span> <span class='ocrx_word' id='word_1_956' title='bbox 3695 5587 3752 5640; x_wconf 62' lang='grc' dir='ltr'>ιι-</span> 
     </span>
    </p>
   </div>
   <div class='ocr_carea' id='block_1_118' title="bbox 2165 5651 3591 5711">
    <p class='ocr_par' dir='ltr' id='par_1_118' title="bbox 2165 5651 3591 5711">
     <span class='ocr_line' id='line_1_119' title="bbox 2165 5651 3591 5711; baseline -0.001 -12"><span class='ocrx_word' id='word_1_957' title='bbox 2165 5651 2253 5699; x_wconf 64' lang='lat' dir='ltr'><strong>bet.</strong></span> <span class='ocrx_word' id='word_1_958' title='bbox 2282 5659 2375 5698; x_wconf 80' lang='lat' dir='ltr'><strong>Hoc</strong></span> <span class='ocrx_word' id='word_1_959' title='bbox 2397 5654 2595 5696; x_wconf 63' lang='lat' dir='ltr'><strong>verbum</strong></span> <span class='ocrx_word' id='word_1_960' title='bbox 2623 5653 3116 5711; x_wconf 57' lang='lat' dir='ltr'><strong>aeeusativojunrere</strong></span> <span class='ocrx_word' id='word_1_961' title='bbox 3141 5651 3266 5699; x_wconf 73' lang='lat' dir='ltr'><strong>solet</strong></span> <span class='ocrx_word' id='word_1_962' title='bbox 3288 5653 3591 5708; x_wconf 47' lang='lat' dir='ltr'><strong>Augustulus.</strong></span> 
     </span>
    </p>
   </div>
   <div class='ocr_carea' id='block_1_119' title="bbox 2225 5709 3720 5780">
    <p class='ocr_par' dir='ltr' id='par_1_119' title="bbox 2225 5709 3720 5780">
     <span class='ocr_line' id='line_1_120' title="bbox 2225 5709 3720 5780; baseline -0.001 -23"><span class='ocrx_word' id='word_1_963' title='bbox 2225 5716 2248 5780; x_wconf 66' lang='lat' dir='ltr'><strong>j&#39;</strong></span> <span class='ocrx_word' id='word_1_964' title='bbox 2284 5714 2352 5760; x_wconf 61' lang='lat' dir='ltr'><strong>sic</strong></span> <span class='ocrx_word' id='word_1_965' title='bbox 2377 5719 2480 5758; x_wconf 64' lang='lat' dir='ltr'><strong>313s.</strong></span> <span class='ocrx_word' id='word_1_966' title='bbox 2510 5712 2622 5759; x_wconf 65' lang='lat' dir='ltr'><strong>Ftliti</strong></span> <span class='ocrx_word' id='word_1_967' title='bbox 2649 5721 2810 5760; x_wconf 66' lang='lat' dir='ltr'><strong>autem</strong></span> <span class='ocrx_word' id='word_1_968' title='bbox 2847 5709 2975 5771; x_wconf 73' lang='lat' dir='ltr'><strong>loco,</strong></span> <span class='ocrx_word' id='word_1_969' title='bbox 2999 5709 3090 5774; x_wconf 57' lang='lat' dir='ltr'><strong>{iiii</strong></span> <span class='ocrx_word' id='word_1_970' title='bbox 3130 5714 3402 5770; x_wconf 36' lang='lat' dir='ltr'><strong>heminam,</strong></span> <span class='ocrx_word' id='word_1_971' title='bbox 3431 5715 3628 5770; x_wconf 69' lang='lat' dir='ltr'><strong>lmin‘lll,</strong></span> <span class='ocrx_word' id='word_1_972' title='bbox 3668 5715 3720 5756; x_wconf 61' lang='grc' dir='ltr'>τινι</span> 
     </span>
    </p>
   </div>
   <div class='ocr_carea' id='block_1_120' title="bbox 2167 5787 2332 5822">
    <p class='ocr_par' dir='ltr' id='par_1_120' title="bbox 2167 5787 2332 5822">
     <span class='ocr_line' id='line_1_121' title="bbox 2167 5787 2332 5822; baseline 0 -2"><span class='ocrx_word' id='word_1_973' title='bbox 2167 5787 2332 5822; x_wconf 57' lang='lat' dir='ltr'><strong>raturas.</strong></span> 
     </span>
    </p>
   </div>
  </div>
