4144 6524
380 443 487 501 555

376 575 477 629 qua
509 561 730 629 gratiam
762 558 1037 615 destruere
1068 559 1375 625 moliantur,
1411 568 1464 613 ut
1489 574 1604 612 eam
1630 558 1742 612 dari
1774 574 1964 613 secun-

374 651 501 705 dum
532 652 718 704 merita
765 660 944 704 nostra
988 650 1311 706 contendant
1343 668 1355 703 :
1389 665 1455 705 ne
1487 650 1624 706 forte
1665 666 1796 720 ergo
1827 649 1965 706 hanc

375 742 734 811 evangelicam
786 742 1103 796 sententiain
1156 743 1235 797 sic
1287 741 1557 809 dividant,
1610 752 1667 796 ut
1716 743 1963 798 meritum

374 804 574 904 pensili
600 835 649 888 in
677 851 743 889 eo
769 835 907 905 quod
934 835 1134 890 dictum
1160 843 1263 897 est,
1296 834 1545 905 Quotquot
1571 845 1736 889 autem
1764 851 1962 904 recepe-

373 937 490 980 runt
518 943 631 979 eum
654 943 674 991 ;
702 942 763 981 ac
789 925 986 981 deinde
1032 943 1135 980 non
1162 926 1325 997 gratis
1350 926 1547 989 datam,
1575 925 1669 980 sed
1697 926 1817 979 huic
1846 941 1963 979 mc-

374 1020 474 1075 rito
505 1020 762 1074 redditam
793 1020 1012 1086 gratiam
1041 1019 1093 1075 in
1124 1035 1190 1074 eo
1225 1018 1363 1090 quod
1406 1020 1664 1088 sequitur,
1711 1016 1862 1071 Dedit
1891 1018 1962 1071 eis

374 1121 665 1182 potestatem
711 1112 844 1180 ﬁlios
891 1110 989 1165 Dei
1036 1111 1189 1179 ﬁeri:
1217 1109 1469 1180 numquid
1512 1110 1555 1163 si
1599 1118 1866 1178 qumratur
1893 1107 1961 1163 ab

375 1205 470 1265 eis,
503 1202 628 1271 quid
660 1203 749 1265 sit,
781 1210 1074 1273 receperant
1103 1219 1235 1267 eum,
1265 1200 1458 1256 dicturi
1486 1207 1612 1254 sunt
1638 1197 1802 1263 aliud,
1836 1197 1956 1266 nisi,

373 1293 725 1349 Credidi-runt
757 1294 806 1346 in
850 1293 1012 1347 eum?
1050 1291 1119 1349 Ut
1148 1293 1307 1361 igitur
1336 1299 1389 1346 ct
1420 1293 1519 1345 hoc
1546 1292 1717 1345 sciant
1743 1288 1806 1344 ad
1835 1304 1959 1358 gra-

374 1388 496 1439 tiam
535 1388 821 1456 pertinere,
870 1387 1045 1456 legant
1074 1386 1214 1456 quod
1261 1386 1335 1439 ait
1374 1383 1786 1454 Apostolus:ln
1816 1384 1959 1438 nullo

370 1479 705 1547 eapnvrscatis
743 1478 805 1532 ab
831 1479 1151 1541 adversariis,
1182 1494 1295 1550 qua:
1320 1478 1519 1549 quidem
1563 1489 1631 1532 est
1662 1478 1764 1532 illis
1805 1494 1960 1532 causa

371 1569 684 1637 perditionis,
730 1580 904 1624 vestra:
945 1578 1109 1624 autem
1150 1571 1327 1625 salutis
1361 1580 1449 1625 :et
1487 1571 1580 1624 hoc
1607 1588 1639 1624 a
1668 1569 1810 1637 Deo;
1838 1574 1958 1641 quia

371 1660 506 1712 vobis
550 1662 792 1714 donatum
831 1672 903 1715 est
930 1679 1022 1734 pro
1050 1661 1269 1728 Christo,
1302 1679 1402 1716 non
1432 1671 1624 1715 tantum
1660 1672 1710 1715 ut
1741 1663 1958 1718 credatis

369 1751 420 1803 in
444 1768 577 1814 eum,
609 1752 697 1805 sed
738 1764 792 1806 ut
817 1754 963 1807 etiam
994 1756 1257 1825 patiamini
1285 1772 1377 1826 pro
1406 1773 1464 1809 eo
1508 1755 1761 1827 (Philipp.
1795 1770 1833 1819 ι,
1864 1755 1954 1822 28,

367 1839 480 1909 29).
514 1839 713 1911 Nempe
742 1853 1019 1914 utrumque
1049 1846 1177 1899 dixit
1206 1861 1324 1900 esse
1350 1846 1626 1901 donatum.
1661 1848 1787 1901 item
1815 1845 1957 1915 quod

368 1934 461 1999 ait,
488 1932 604 1987 Pax
623 1935 885 2006 fratribus,
925 1946 968 1989 et
994 1938 1214 1991 cltaritas
1236 1955 1347 1991 cum
1378 1938 1499 2007 ﬁde,
1532 1955 1562 1992 a
1587 1938 1696 1992 Deo
1732 1937 1886 1992 Patre
1909 1947 1957 1994 et

369 2022 587 2078 Domino
626 2024 749 2078 Iesu
795 2025 993 2080 Christo
1039 2025 1253 2099 (Epltes.
1297 2045 1372 2093 vt,
1412 2029 1527 2099 ‘23).
1569 2029 1768 2100 Lrgant
1796 2030 1955 2085 etiam

366 2117 505 2185 quod
549 2118 661 2187 ipse
707 2119 960 2173 Dominus
993 2122 1085 2187 ait,
1139 2120 1302 2173 Nemo
1349 2132 1507 2191 potest
1537 2125 1704 2176 venire
1728 2121 1795 2175 ad
1836 2138 1952 2190 me,

366 2208 463 2262 nisi
497 2207 667 2270 Pater,
711 2211 795 2280 qui
833 2212 965 2263 misit
994 2228 1088 2276 me,
1131 2213 1339 2266 traxerit
1385 2230 1519 2267 eum.
1562 2213 1659 2269 Ubi
1711 2230 1778 2269 ne
1803 2214 1953 2285 quis-

366 2314 522 2368 quam
558 2309 702 2368 putet
746 2300 888 2353 aliud
917 2301 1115 2355 dictum
1144 2318 1283 2367 esse,
1332 2305 1499 2359 venire
1521 2305 1589 2358 ad
1618 2322 1714 2370 me,
1747 2320 1909 2376 quam
1934 2348 1951 2375 ,

365 2389 596 2446 Credere
636 2392 686 2444 in
729 2407 855 2458 me;
905 2393 1062 2463 paulo
1110 2403 1231 2464 post
1274 2410 1393 2449 cum
1420 2396 1488 2452 de
1529 2409 1626 2450 suo
1653 2411 1876 2466 corpore
1901 2406 1957 2452 et

366 2484 620 2552 sanguine
668 2483 992 2554 loqueretur,
1040 2494 1095 2541 et
1137 2486 1478 2543 scandalizati
1509 2498 1692 2545 essent
1738 2488 1953 2561 plurimi

366 2573 419 2628 in
441 2589 684 2629 sermone
705 2579 841 2646 ejus,
861 2578 933 2632 ait
961 2596 974 2632 :
1012 2576 1173 2632 Verba
1198 2595 1312 2650 qua:
1330 2596 1420 2652 ego
1443 2580 1637 2635 locutus
1662 2598 1773 2635 sum
1793 2581 1951 2649 vobis,

364 2665 570 2733 spiritus
596 2678 641 2720 et
670 2667 769 2721 vita
797 2677 949 2733 sunt;
973 2670 1061 2724 sed
1089 2681 1205 2724 sunt
1241 2670 1447 2743 quidam
1472 2688 1535 2727 ea:
1558 2673 1695 2728 vobis
1734 2675 1818 2745 qui
1852 2691 1954 2729 non

363 2756 591 2810 credunt.
637 2758 836 2815 Deinde
875 2761 1146 2831 subjunxit
1175 2762 1508 2835 Evangelista
1539 2782 1551 2817 :
1582 2763 1782 2821 Sciebat
1820 2766 1954 2822 enim

361 2847 512 2903 Iesus
538 2852 601 2905 ab
630 2852 792 2916 initio,
815 2854 899 2924 qui
934 2864 1098 2927 essent
1122 2855 1396 2925 credentes,
1438 2866 1484 2911 et
1522 2858 1634 2929 quis
1675 2858 1953 2915 traditurus

363 2954 487 2998 esset
517 2962 648 3012 eum,
693 2956 737 2999 et
765 2946 976 3014 dicebat,
1012 2947 1292 3018 Propterea
1321 2951 1429 3006 dixi
1457 2950 1615 3019 vobis,
1646 2951 1765 3023 quia
1804 2968 1951 3007 nemo

362 3046 522 3108 potest
547 3039 714 3093 uenire
740 3039 808 3093 ad
852 3057 949 3107 me,
991 3041 1088 3095 nisi
1113 3042 1263 3112 fuerit
1290 3044 1337 3097 ei
1372 3044 1546 3098 datum
1575 3060 1607 3098 a
1647 3043 1805 3099 Patre
1842 3062 1952 3103 meo

363 3128 552 3200 (Joau.
583 3145 658 3195 vt,
705 3131 793 3195 44,
844 3131 1067 3203 64-66).
1110 3135 1439 3191 Sententiam
1487 3137 1691 3192 scilicet
1740 3137 1955 3196 iteravit

360 3237 463 3292 qua
491 3222 715 3291 dixerat,
751 3222 915 3278 Nemo
945 3236 1106 3295 potest
1131 3227 1299 3282 venire
1320 3229 1388 3282 ad
1411 3245 1508 3295 me,
1541 3230 1639 3285 nisi
1663 3227 1840 3299 Pater,
1863 3230 1951 3303 qui

362 3314 497 3367 misit
534 3331 630 3378 me,
662 3317 869 3370 traxerit
910 3335 1048 3373 eum.
1090 3318 1156 3373 Et
1202 3318 1303 3375 hoc
1343 3328 1560 3391 propter
1589 3321 1868 3378 credentes
1894 3328 1950 3380 et

361 3420 466 3459 non
493 3406 772 3461 credentes
800 3422 860 3463 se
876 3407 1081 3477 dixisse
1104 3411 1484 3478 manifestavit,
1509 3429 1783 3483 exponens
1801 3412 1943 3486 quod

359 3495 584 3561 dixerat,
607 3496 721 3552 Nisi
745 3497 922 3566 Pater,
940 3500 1026 3571 qui
1053 3502 1185 3554 misit
1205 3518 1301 3567 me,
1326 3504 1533 3557 traxerit
1554 3519 1701 3558 eum:
1720 3504 1948 3575 idipsum

358 3589 476 3642 aliis
494 3590 679 3645 verbis
707 3594 995 3661 repetendo
1020 3594 1072 3648 in
1101 3608 1166 3649 eo
1191 3594 1331 3665 quod
1356 3595 1451 3662 ait,
1484 3596 1581 3651 nisi
1610 3597 1760 3666 fuerit
1784 3598 1831 3652 ei
1851 3598 1950 3652 da-

360 3689 465 3733 tum
489 3699 520 3733 a
548 3679 703 3736 Patre
744 3699 873 3737 meo.
914 3682 1005 3739 Ille
1043 3685 1241 3756 quippe
1284 3686 1510 3741 trahitur
1544 3687 1611 3742 ad
1642 3686 1947 3760 Christum,

357 3773 441 3827 cui
465 3773 621 3827 datur
646 3783 700 3828 ut
727 3775 909 3831 credat
938 3777 989 3830 in
1032 3776 1322 3833 Christum.
1367 3778 1530 3833 Datur
1554 3795 1680 3851 ergo
1713 3791 1950 3851 potestas

358 3879 410 3921 ut
442 3868 530 3923 lilii
572 3870 660 3925 Dei
692 3870 839 3936 ﬁant,
871 3872 959 3941 qui
989 3872 1213 3928 credunt
1242 3873 1467 3940 incum,
1498 3890 1616 3930 cum
1651 3876 1749 3931 hoc
1775 3876 1945 3946 ipsum

356 3960 513 4015 datur
539 3970 595 4016 ut
634 3963 855 4018 credant
896 3964 947 4019 in
989 3980 1132 4020 eum.
1174 3965 1303 4034 Quae
1331 3975 1569 4036 potestas
1595 3967 1694 4022 nisi
1736 3967 1947 4025 detura

358 4053 489 4119 Deo,
538 4054 678 4110 nulla
720 4070 841 4111 esse
876 4064 1052 4127 potest
1080 4073 1145 4111 ex
1191 4057 1356 4112 libero
1401 4058 1620 4113 arbitrio
1650 4076 1663 4112 :
1693 4059 1815 4130 quia
1847 4074 1948 4116 nec

355 4146 580 4202 liberum
626 4147 677 4202 in
710 4148 850 4203 bono
875 4149 995 4216 erit,
1028 4148 1167 4219 quod
1200 4149 1453 4204 liberator
1475 4165 1583 4205 non
1611 4150 1943 4219 liberaverit;

354 4238 448 4291 sed
474 4239 526 4293 in
555 4239 694 4292 malo
732 4238 953 4293 liberum
986 4239 1141 4294 habet
1169 4239 1470 4303 arbitrium,
1519 4241 1602 4294 cui
1630 4240 1944 4296 delectatio-

354 4345 476 4383 nem
505 4330 717 4384 malitize
742 4330 827 4384 vel
854 4330 1092 4387 occultus
1118 4331 1199 4385 vel
1243 4330 1553 4388 manifestus
1580 4332 1835 4403 deceptor
1858 4333 1942 4388 in-

352 4423 488 4476 sevit
515 4422 555 4488 ¹,
587 4422 667 4476 Vel
694 4421 791 4477 sibi
822 4423 935 4494 ipse
963 4425 1243 4494 persuasit.

424 4513 476 4566 7.
518 4512 632 4567 Non
662 4513 859 4584 itaque,
904 4515 1041 4570 sicut
1067 4515 1252 4570 dicunt
1275 4532 1373 4571 nos
1398 4516 1613 4587 quidam
1644 4516 1846 4586 dicere,
1890 4527 1944 4574 et

350 4602 451 4658 istc
478 4604 636 4659 audet
679 4605 896 4675 insuper
922 4606 1179 4672 scribere,
1208 4624 1381 4661 omnes
1406 4608 1459 4661 ia
1486 4618 1764 4679 peccatum,
1796 4608 1943 4664 velut

350 4691 520 4758 inviti,
553 4696 718 4749 carnis
741 4711 849 4750 sum
888 4698 1179 4751 necessitate
1214 4707 1462 4766 coguntur
1490 4714 1509 4753 .'
1539 4698 1632 4753 sed
1659 4698 1704 4753 si
1744 4700 1854 4769 jam
1886 4699 1939 4754 in

349 4799 412 4839 ea
437 4794 591 4841 nitate
621 4796 763 4849 sunt,
795 4796 853 4841 ut
879 4789 1105 4857 promis:
1146 4789 1340 4843 mentis
1368 4797 1587 4844 utantur
1614 4789 1854 4854 arbitrio,
1886 4800 1940 4846 et

348 4876 401 4930 in
432 4888 652 4947 peccato
695 4894 791 4933 sua
835 4881 1107 4935 voluntate
1151 4880 1469 4945 retinentur,
1499 4890 1553 4937 et
1576 4897 1605 4935 a
1638 4892 1855 4951 peccato
1882 4883 1938 4939 in

350 4980 622 5037 peccatmn
654 4986 748 5026 sua
799 4972 1073 5027 voluntate
1101 4973 1520 5043 praecipitantur.
1571 4973 1752 5045 Neque
1794 4978 1936 5030 enim

345 5061 450 5131 agit
478 5062 528 5115 in
559 5064 638 5117 cis
667 5064 826 5119 etiam
867 5066 955 5135 qui
985 5065 1177 5122 suadet
1201 5075 1256 5121 et
1280 5067 1495 5136 decipit,
1527 5067 1627 5121 nisi
1659 5078 1715 5121 ut
1746 5083 1935 5137 pecca-

347 5159 455 5206 tum
487 5153 757 5211 voluntate
797 5158 1153 5221 committant,
1203 5158 1282 5212 vel
1334 5159 1624 5228 ignorantia
1657 5161 1891 5215 veritatis
1916 5203 1932 5227 ,

344 5243 426 5297 vel
454 5244 805 5300 delectatione
831 5248 1142 5316 iniquitatis,
1181 5249 1265 5303 vel
1311 5259 1537 5320 utroque
1581 5251 1719 5304 malo
1748 5260 1799 5305 et
1826 5266 1934 5306 c.12-

343 5334 518 5409 citatis
546 5346 599 5389 et
629 5338 969 5392 infirmitatis.
1010 5339 1115 5395 Sed
1163 5340 1277 5395 haec
1323 5342 1566 5396 voluntas
1610 5358 1727 5413 qua:
1769 5344 1933 5398 libera

342 5437 424 5479 est
452 5428 501 5480 in
533 5431 701 5487 malis.
740 5431 858 5499 quia
892 5431 1188 5486 delectatur
1213 5432 1388 5498 malis,
1418 5432 1536 5487 ideo
1562 5436 1724 5489 libera
1758 5436 1807 5489 in
1834 5436 1931 5490 bo-

343 5520 424 5571 nis
452 5536 553 5573 non
586 5529 688 5585 est,
729 5523 849 5590 quia
897 5523 1112 5577 liberata
1151 5540 1254 5578 non
1299 5534 1397 5579 est.
1438 5524 1547 5584 Nec
1576 5538 1745 5595 potest
1772 5527 1932 5583 homo

343 5611 463 5665 bOni
511 5612 707 5681 aliquid
752 5613 904 5676 velle,
939 5614 1037 5667 nisi
1083 5614 1365 5684 adjuvetur
1405 5618 1472 5672 ab
1502 5634 1567 5673 eo
1611 5619 1699 5688 qui
1734 5620 1928 5674 malum

344 5718 444 5757 no.»
474 5716 645 5774 potest
678 5706 829 5767 velle,
862 5705 960 5760 huc
988 5715 1091 5772 est,
1122 5707 1289 5776 gratia
1321 5708 1410 5763 Dei
1444 5726 1536 5779 per
1561 5711 1741 5766 .lcsnm
1768 5711 1926 5767 Chri-

406 5883 420 5911 ¹
458 5884 592 5940 una,
619 5879 829 5931 inseruit.
864 5889 913 5929 Αι
940 5889 1062 5935 uss,
1088 5881 1270 5935 inserit.

606 5977 874 6033 l'ATttUL.
910 5976 959 6032 .\
979 5976 1098 6033 LIV

1741 441 1939 497 LIIJIZR
1984 445 2251 506 PRIMUS.

3554 477 3660 536 556

2075 576 2213 622 stmn
2260 572 2536 629 Dominum
2583 590 2841 634 uos:rum.
2882 580 3051 640 Omne
3082 587 3222 640 enim
3263 589 3405 658 quod
3445 607 3550 649 non
3582 604 3660 653 est

2072 674 2137 713 ex
2184 661 2304 729 lide,
2336 676 2609 733 peccatum
2655 680 2735 725 est
2779 670 2799 735 (
2822 671 2970 727 Rom.
3007 691 3113 740 xiv,
3158 678 3286 749 23).
3330 683 3405 737 Ac
3445 698 3540 753 per
3563 685 3661 742 hoc

2073 751 2209 807 bona
2239 757 2483 814 voluntas
2509 775 2625 830 qua:
2646 777 2705 818 se
2732 764 2989 821 abstrahit
3018 783 3046 821 a
3075 780 3316 839 peccato,
3352 751 3520 831 fidelis
3546 788 3657 843 est;

2070 845 2192 913 quia
2217 845 2392 916 justus
2416 865 2481 905 ex
2513 852 2613 906 fide
2651 854 2776 908 vivit
2810 855 3027 927 (llabac.
3062 875 3118 926 ιι,
3154 861 3229 931 4).
3273 864 3351 917 Ad
3381 865 3536 921 lidetn
3566 883 3664 922 au-

2072 944 2176 991 tem
2229 942 2455 1008 pertinet
2496 944 2717 1001 credere
2764 948 2816 1000 in
2859 948 3151 1007 Christum.
3198 954 3261 1009 Et
3290 971 3446 1011 nemo
3484 967 3659 1027 potest

2069 1029 2289 1085 credere
2315 1032 2365 1086 in
2396 1048 2538 1097 eum,
2572 1034 2674 1104 hoc
2701 1048 2782 1094 est
2808 1042 2847 1106 ί,
2877 1042 3059 1097 venire
3087 1042 3153 1098 ad
3182 1060 3326 1111 eum,
3355 1047 3454 1102 nisi
3497 1049 3659 1107 fuerit

2070 1117 2142 1173 illi
2190 1120 2391 1178 datum.
2446 1124 2612 1180 Nemo
2658 1127 2817 1200 igitur
2860 1140 3033 1201 potest
3082 1134 3281 1192 habere
3331 1138 3602 1195 voluntate
3626 1159 3654 1187 οι

2062 1206 2282 1278 justam,
2331 1214 2429 1267 nisi
2475 1216 2633 1273 nullis
2677 1222 3095 1288 praecedentibus
3144 1225 3346 1282 meritis
3391 1232 3659 1300 acceperit

2067 1315 2268 1369 veram,
2298 1302 2399 1360 hoc
2424 1315 2524 1373 est,
2557 1310 2837 1378 gratuitam
2862 1312 3092 1384 desuper
3113 1316 3358 1385 gratiam.

2136 1394 2362 1451 CAPUT
2401 1396 2487 1453 IV.
2530 1428 2602 1441 —-
2644 1401 2697 1457 8.
2757 1401 3023 1476 Pelagiani
3072 1409 3468 1480 pra’cipitatores
3515 1412 3659 1467 liberi

2066 1483 2280 1539 arbitrii.
2324 1488 2436 1543 Hoc
2481 1491 2565 1546 isti
2614 1494 2802 1549 nolunt
2832 1497 2955 1552 elati
2999 1508 3052 1553 et
3092 1500 3327 1571 superbi,
3379 1518 3479 1559 nec
3527 1520 3655 1573 pur-

2064 1576 2239 1646 gando
2267 1577 2599 1649 defensores,
2620 1583 2713 1639 sed
2735 1588 3041 1643 extollendo
3064 1592 3480 1661 praecipitatores
3502 1596 3654 1651 libeii

2065 1669 2289 1725 arbitrii.
2329 1673 2425 1739 Qui
2459 1691 2563 1729 non
2594 1677 2663 1733 ob
2689 1679 2830 1734 aliud
2864 1682 3016 1736 nobis
3048 1683 3161 1737 lucc
3190 1683 3490 1742 dicentibus
3518 1688 3656 1743 indi-

2064 1775 2312 1831 gnantur,
2360 1766 2458 1820 nisi
2502 1768 2624 1838 quia
2665 1771 2879 1840 gloriari
2918 1774 2970 1827 in
3014 1774 3240 1832 Domino
3283 1776 3652 1849 dedignantur.

2064 1853 2262 1910 Timuit
2293 1867 2467 1912 tamen
2508 1859 2749 1931 Pelagius
2776 1863 3078 1936 episcopale
3120 1866 3378 1938 judicium
3413 1870 3654 1927 Palcesti-

2064 1962 2189 2002 nam
2225 1967 2238 2002 :
2272 1959 2325 2005 ct
2353 1967 2473 2007 cum
2503 1954 2551 2009 ei
2581 1954 2767 2011 fuisset
2795 1958 3082 2028 objectnm,
3132 1961 3275 2031 quod
3305 1963 3505 2019 diceret
3529 1982 3649 2036 gra-

2066 2038 2190 2093 tiam
2233 2040 2326 2096 Dei
2379 2044 2673 2101 secundum
2716 2049 2904 2105 merita
2949 2061 3130 2106 nostra
3160 2052 3311 2119 dari;
3358 2058 3568 2126 negavit
3595 2074 3653 2112 se

2062 2128 2259 2196 dicere,
2312 2142 2367 2187 et
2412 2149 2506 2189 eos
2552 2136 2642 2206 qui
2701 2137 2801 2194 hoc
2852 2138 3111 2208 dicerent,
3158 2144 3653 2201 anathematizando

2061 2220 2333 2278 damnavit
2375 2225 2470 2295 (α).
2512 2226 2622 2283 Nec
2663 2228 2805 2284 aliud
2852 2239 3028 2286 tamen
3071 2232 3357 2290 defendere
3387 2236 3652 2293 invenitur

2060 2310 2117 2366 in
2148 2312 2313 2379 libris,
2331 2331 2463 2386 quos
2487 2318 2821 2387 postmodum
2840 2322 3084 2392 scripsit;
3118 2323 3354 2378 lraudem
3378 2340 3435 2381 se
3462 2338 3652 2398 putans

2063 2403 2365 2463 hominibus
2381 2409 2741 2478 jndicantihus
2761 2415 2783 2446 ²
2801 2413 2992 2472 fecisse
3016 2418 3341 2485 mentiendo,
3365 2429 3455 2475 aut
3472 2421 3652 2476 nescio

2060 2498 2328 2567 quomodo
2360 2516 2515 2557 suum
2556 2518 2772 2561 sensum
2813 2507 2994 2563 verbis
3023 2508 3288 2580 ambiguis
3329 2512 3650 2583 obtegendn.

2130 2587 2357 2648 CAPUT
2398 2594 2460 2648 ν.
2488 2625 2559 2635 —
2585 2595 2638 2652 9.
2681 2598 2852 2654 Altera
2886 2599 3087 2655 Iuliani
3114 2603 3389 2671 calumnia,
3427 2603 3653 2675 Nuptias

2060 2697 2161 2737 non
2202 2699 2233 2737 a
2274 2684 2382 2739 Deo
2420 2686 2673 2744 institutas
2710 2690 2831 2746 dici.
2880 2692 3054 2748 Tertia
3097 2694 3371 2763 calumnia,
3408 2695 3653 2752 Damuari

2058 2776 2377 2849 conjugalcm
2414 2797 2752 2853 congressum.
2794 2785 2899 2842 Sed
2940 2788 3049 2857 jam
3077 2789 3352 2845 videamus
3393 2792 3534 2863 quod
3564 2809 3650 2848 se.

2058 2870 2256 2939 quitur.
2289 2889 2309 2923 ι
2349 2872 2538 2929 Dicunt
2584 2876 2767 2945 etiam,
2800 2897 2820 2931 ι
2859 2877 3049 2950 inquit,
3090 2899 3109 2935 ι
3156 2882 3283 2935 istas
3324 2898 3443 2952 qua:
3486 2884 3647 2939 modo

2058 2956 2283 3029 aguntdr
2308 2964 2519 3032 nuptias
2545 2981 2574 3019 a
2608 2966 2716 3022 Deo
2743 2968 3008 3024 institutas
3037 2987 3142 3025 non
3175 2971 3338 3026 fuisse
3368 2990 3380 3027 :
3414 2973 3554 3043 quod
3606 2972 3662 3024 in

2058 3049 2195 3106 libro
2231 3051 2507 3124 Augustini
2552 3056 2744 3128 legitur
2791 3059 2885 3131 (ὁ).
2931 3070 3114 3116 contra
3146 3078 3304 3133 quem
3344 3079 3444 3134 ego
3488 3065 3649 3120 modo

2056 3154 2285 3216 quatuor
2314 3146 2508 3204 libellis
2551 3152 2819 3221 respondi.
2861 3152 3027 3223 Cujus
3070 3154 3347 3225 Augustini
3378 3156 3519 3213 dicta
3546 3157 3647 3213 ini-

2055 3235 2182 3291 mici
2208 3239 2372 3293 nostri
2401 3240 2453 3294 in
2481 3241 2715 3297 veritatis
2742 3244 2921 3299 odium
2944 3255 3312 3316 susceperunt.
3353 3267 3372 3302 ι
3418 3249 3510 3304 His
3530 3247 3647 3320 ejus

2053 3328 2549 3387 «lumniosissimis
2560 3334 2735 3389 verbis
2759 3334 2991 3392 breviter
3008 3336 3161 3392 video
3185 3339 3644 3409 respondendum:

2053 3420 2179 3496 quia
2207 3424 2401 3493 repetit
2444 3440 2506 3479 ea
2536 3436 2740 3495 postea,
2772 3428 2859 3483 ubi
2902 3429 3015 3483 vult.
3045 3430 3157 3498 ipse
3198 3430 3468 3488 insinuare
3496 3434 3646 3503 quasi

2053 3522 2238 3570 contra
2281 3525 2459 3570 nostra
2492 3517 2577 3571 isti
2617 3518 2742 3589 quid
2775 3519 2992 3585 dicant;
3042 3521 3113 3575 ibi
3139 3537 3258 3577 cum
3291 3521 3382 3578 illo
3412 3522 3454 3591 ³,
3480 3539 3647 3595 quan-

2055 3615 2165 3658 tum
2194 3619 2281 3660 res
2324 3606 2590 3675 postulare
2621 3607 2906 3676 videbitur,
2942 3610 3168 3666 Domino
3195 3611 3484 3682 adiuvante
3524 3631 3644 3670 cer«

2055 3687 2271 3743 tandum
2320 3700 2421 3745 cst.
2461 3689 2612 3746 Nunc
2654 3706 2785 3763 ergo
2831 3695 3155 3765 reSpondeo,
3201 3711 3230 3751 a
3276 3698 3386 3753 Deo
3435 3701 3646 3770 nuptias

2053 3778 2353 3844 institutas,
2396 3788 2448 3836 et
2495 3789 2641 3849 tunc,
2690 3783 2904 3853 quando
2949 3784 3146 3840 dictum
3199 3796 3316 3855 est,
3367 3786 3646 3860 Propterea

2051 3872 2292 3943 relinquet
2317 3873 2466 3926 homo
2490 3883 2683 3943 patrem
2711 3892 2861 3930 suum
2885 3886 2932 3932 et
2954 3888 3165 3933 matrem
3193 3897 3359 3948 suam,
3396 3892 3442 3938 et
3463 3883 3641 3939 adlue-

2050 3963 2177 4019 rebit
2216 3964 2365 4019 uxori
2388 3982 2529 4033 sate;
2566 3974 2614 4021 et
2640 3978 2786 4023 erant
2820 3968 2922 4024 duo
2947 3971 2999 4024 in
3043 3988 3194 4027 carne
3232 3991 3336 4029 una
3384 3973 3536 4047 (Gen.
3564 3993 3601 4033 tt
3625 4021 3639 4042 ,

2049 4053 2141 4125 2i)
2176 4072 2188 4109 :
2222 4063 2276 4111 et
2304 4072 2465 4124 nunc,
2508 4070 2727 4129 propter
2750 4062 2891 4131 quod
2934 4063 3188 4135 scriptum
3215 4075 3318 4135 est,
3352 4068 3395 4123 Α
3426 4068 3641 4126 Domino

2039 4143 2280 4216 jungitur
2321 4147 2427 4201 viro
2464 4150 2647 4204 mulier
2690 4150 2886 4221 (Prov.
2934 4170 3047 4224 XIX,
3100 4154 3228 4231 M).
3269 4157 3454 4230 Neque
3496 4162 3641 4220 enim

2050 4234 2192 4290 aliud
2223 4236 2284 4291 fit
2314 4238 2473 4293 etiam
2504 4255 2644 4296 nunc
2683 4258 2843 4313 quam
2885 4244 3034 4311 illud,
3082 4256 3139 4302 ut
3176 4248 3448 4307 adhaereat
3479 4252 3640 4308 homo

2050 4328 2202 4383 uxori
2242 4343 2372 4394 suae,
2398 4340 2452 4385 et
2475 4333 2581 4387 sint
2608 4322 2716 4390 duo
2748 4335 2798 4390 in
2829 4352 2993 4395 carne
3022 4354 3147 4394 una.
3191 4341 3267 4398 De
3294 4342 3422 4411 ipsis
3446 4346 3643 4416 quippe

2049 4421 2266 4491 nuptiis,
2295 4438 2413 4494 quae
2442 4440 2584 4481 nunc
2628 4425 2651 4459 ⁸
2682 4426 2833 4494 fiunt,
2881 4432 3157 4489 consultus
3199 4445 3281 4491 est
3330 4437 3584 4495 Dominus
3611 4460 3638 4493 ει

2047 4511 2265 4580 ιυιιίείε,
2316 4522 2493 4571 utrum
2552 4517 2736 4574 liceret
2790 4537 3125 4594 quacumque
3171 4541 3327 4581 causa
3372 4527 3642 4587 dimittere

2047 4621 2287 4661 uxorem.
2341 4608 2408 4663 Et
2450 4610 2553 4666 isto
2580 4627 3001 4671 commemorato
3033 4621 3339 4677 testimonio
3382 4623 3513 4695 legis
3541 4628 3641 4680 ad-

2039 4697 2236 4769 junxit,
2292 4700 2445 4765 Quod
2484 4719 2601 4774 ergo
2629 4702 2768 4759 Deus
2789 4708 3072 4776 conjunxit,
3104 4712 3253 4765 homo
3300 4730 3399 4767 non
3443 4727 3641 4784 separet

2046 4789 2258 4861 (Matth.
2313 4808 2419 4858 xix,
2465 4793 2603 4866 3-6).
2647 4796 2759 4851 Iloc
2804 4799 3165 4856 testimonium
3211 4802 3345 4873 legis
3395 4805 3636 4863 adhibuit

2042 4884 2202 4939 etiam
2253 4886 2543 4954 Apostolus
2593 4887 2810 4954 Paulus,
2852 4905 2972 4946 cum
3024 4893 3167 4948 viros
3213 4907 3454 4953 moneret
3486 4910 3539 4954 nt
3569 4904 3636 4957 ah

2041 4978 2121 5033 eis
2163 4977 2511 5048 diligerentur
2560 4996 2753 5036 uxores
2809 4982 3035 5055 (Ep/tes.
3084 5002 3138 5055 v,
3189 4988 3280 5056 25,
3312 4991 3440 5062 51).
3484 4994 3638 5051 Absit

2042 5085 2191 5141 ergo,
2239 5078 2296 5124 ut
2336 5071 2389 5124 in
2420 5070 2556 5126 libro
2596 5088 2716 5127 meo
2745 5085 2926 5129 contra
2973 5076 3086 5133 hzcc
3127 5080 3427 5139 testimonia
3455 5085 3632 5143 divina

2042 5165 2141 5220 iste
2184 5163 2380 5236 aliquid
2433 5164 2640 5233 legerit.
2685 5165 2790 5221 Sed
2846 5169 2928 5223 vel
2979 5187 3082 5228 non
3135 5173 3500 5246 intelligendo,
3550 5183 3634 5235 vel

2041 5259 2210 5329 magis
2244 5258 2640 5328 calumniando,
2675 5260 2724 5315 in
2755 5262 2917 5318 alium
2957 5279 3171 5322 sensum
3204 5281 3427 5327 conatur
3453 5275 3633 5331 detor-

2104 5395 2119 5426 ί
2157 5395 2362 5445 vaticani
2389 5403 2513 5454 διεδ..
2547 5395 2635 5447 hoc
2653 5401 2722 5449 est
2745 5396 2872 5448 enim
2892 5400 3069 5451 venire.

2036 5456 2122 5566 ut:
2153 5456 2375 5507 Gallicani
2415 5459 2624 5521 codices,
2649 5459 2916 5512 hominibus
2939 5463 3148 5527 fecisse;
3177 5468 3371 5528 omisso,
3396 5466 3630 5530 judican-

2109 5531 2178 5568 us.

2102 5555 2253 5689 ἶῖέθῖο
2266 5588 2369 5630 MSS.
2396 5588 2451 5631 At
2474 5580 2610 5643 editi,
2635 5590 2800 5635 contra
2834 5593 3000 5638 nostra
3039 5586 3132 5639 ista
3167 5588 3287 5653 quid
3326 5588 3509 5650 dicant,
3542 5594 3627 5641 tros

2102 5656 2183 5689 ιιιι
2259 5681 2268 5689 .

2036 5653 2287 5776 σηίηέέίῖζῇ.
2316 5716 2442 5755 nunc
2475 5717 2677 5768 quoque.
2714 5707 2877 5767 Abest,
2907 5721 3122 5774 quoque,
3159 5722 3186 5760 ι
3232 5709 3480 5772 plerisque
3525 5723 3628 5759 ma.

2071 5774 2193 5812 tlS‘ri
2220 5774 2309 5813 .tis.

2036 5777 2066 5812 η
2101 5784 2172 5894 (ri)
2202 5783 2229 5871 ἰ
2245 5829 2323 5875 ille.
2342 5842 2417 5894 sn;
2437 5840 2488 5894 ra
2508 5863 2523 5885 ,
2541 5826 2724 5894 librum
2748 5830 2812 5881 de
2829 5832 2984 5882 Gestis
3001 5832 3198 5894 Pelagii,
3223 5846 3272 5881 ιι.
3297 5829 3374 5879 50.

2105 5890 2175 5950 (b)
2210 5890 2432 5952 Loquitur
2456 5891 2517 5939 ile
2540 5892 2660 5940 libro
2684 5894 2836 5954 primo
2857 5894 2919 5940 de
2947 5887 3193 5953 Nuptiisvet
3214 5887 3619 5951 (nitetlglsccntia.

2896 5973 3308 6051 (Dix-Jtuit.)
