4144 6528
575 454 677 509 555

574 581 736 637 quere
763 563 903 637 quod
928 563 1073 635 legit.
1114 563 1327 619 Librum
1356 570 1529 616 autem
1560 575 1757 623 meum,
1780 567 1960 613 contra
1988 567 2147 625 quem

574 672 632 711 se
677 665 903 727 quatuor
946 653 1138 708 libellis
1183 651 1522 719 reSpondisse
1566 656 1981 708 commemorat,
2032 651 2151 712 post

573 746 962 801 damnationem
1009 744 1205 815 Pelagii
1252 742 1597 811 leestiique
1644 737 1955 808 conscripsi.
1996 734 2149 804 Quod

576 838 696 893 ideo
715 836 994 892 dicendum
1024 836 1224 906 putavi,
1252 832 1502 905 quoniam
1529 832 1627 887 iste
1651 829 1798 896 dicit,
1828 828 1896 882 ab
1922 825 2150 881 inimicis

573 930 684 983 suis
705 928 755 981 in
784 926 965 983 odium
1005 926 1241 981 veritatis
1266 924 1401 979 dicta
1423 939 1537 978 mea
1557 922 1716 977 fuisse
1758 928 2001 988 suscepta
2036 935 2050 972 :
2083 931 2152 972 ne

576 1017 693 1074 ideo
717 1018 994 1089 quisquam
1021 1015 1307 1080 existimet,
1341 1023 1555 1084 propter
1578 1012 1719 1068 hunc
1747 1011 1938 1068 librum
1971 1022 2147 1063 meum

574 1109 818 1164 inimicos
841 1106 1023 1180 gratia:
1042 1105 1239 1162 Cbrisd
1265 1120 1431 1161 novos
1450 1104 1730 1160 hmreticos
1750 1102 1911 1157 fuisse
1929 1100 2154 1155 damna-

574 1214 675 1257 tus.
716 1200 772 1256 ιιι
804 1218 869 1256 eo
893 1209 1072 1256 autem
1116 1199 1251 1254 libro
1278 1197 1523 1253 defensio
1548 1205 1627 1253 est
1654 1197 1843 1267 potius,
1880 1207 2034 1263 quam
2062 1207 2153 1245 re-

574 1292 855 1363 prehensio
884 1292 1210 1361 nuptiarum.

645 1384 730 1439 10.
777 1402 798 1436 ι
840 1383 1027 1439 Dicunt
1051 1383 1231 1449 etiam,
1268 1400 1286 1434 ι
1322 1381 1510 1451 inquit,
1560 1398 1579 1431 ι
1615 1388 1817 1432 motum
1843 1374 2149 1447 genitalium

573 1486 625 1530 et
648 1476 1082 1531 commixtionem
1125 1474 1429 1544 conjugum,
1459 1488 1490 1526 a
1519 1471 1730 1526 diabolo
1762 1469 1924 1524 fuisse
1971 1482 2156 1536 reper-

576 1578 681 1621 tam
712 1583 729 1622 :
759 1575 816 1622 et
852 1576 1127 1636 prepterea
1166 1580 1260 1619 eos
1303 1563 1394 1634 qui
1425 1572 1719 1617 nascuntur
1747 1560 2059 1615 innocentes
2090 1560 2106 1592 ¹
2131 1600 2149 1627 ,

576 1673 693 1710 reos
722 1671 841 1712 esse
863 1672 879 1721 ;
905 1664 959 1710 et
981 1670 1011 1710 a
1039 1653 1250 1710 diabolo
1280 1653 1411 1717 fieri,
1449 1667 1551 1705 non
1579 1667 1607 1704 a
1649 1651 1777 1714 Deo,
1807 1650 1928 1720 quia
1957 1648 2025 1704 de
2052 1648 2153 1705 hac

572 1744 828 1801 diabolica
876 1743 1253 1799 commixtione
1301 1749 1609 1795 nascuntur.
1661 1739 1772 1794 lloc
1813 1747 1990 1793 autem
2035 1736 2153 1792 sine

572 1835 745 1906 aliqua
769 1834 1111 1904 ambiguitate
1149 1832 1499 1888 Manichteum
1523 1841 1623 1887 est.
1659 1850 1678 1883 ι
1724 1832 1834 1886 lmo
1858 1831 1992 1885 sicut
2015 1828 2151 1885 dici-

572 1944 688 1983 mus
713 1942 744 1984 a
776 1930 882 1984 Deo
924 1928 1133 1997 nuptias
1164 1926 1433 1982 institutas
1471 1934 1692 1995 prepter
1717 1922 2019 1978 ordinatam
2056 1938 2155 1992 ge-

574 2018 902 2074 nerationem
935 2018 1201 2081 tiliorum;
1235 2016 1304 2070 ita
1334 2015 1563 2070 dicimus
1605 2013 1832 2069 ﬁliorum
1862 2012 2154 2091 gignendo-

581 2125 699 2165 rnm
721 2109 1125 2164 seminationem
1147 2109 1261 2163 sine
1276 2115 1425 2163 motu
1443 2105 1748 2177 genitalium
1776 2113 1831 2161 et
1859 2105 1975 2160 sine
2015 2119 2154 2160 com-

572 2201 827 2257 mixtione
867 2200 1151 2271 coniugum
1197 2213 1297 2254 nec
1344 2198 1398 2252 in
1443 2195 1721 2267 paradiso,
1751 2196 1795 2251 si
1825 2194 1919 2250 lilii
1968 2195 2155 2266 gigne-

573 2304 790 2357 rentur,
821 2305 944 2348 esse
985 2291 1238 2362 potuisse.
1272 2288 1377 2345 Sed
1423 2297 1597 2343 utrum
1622 2286 1742 2342 talis
1768 2301 1952 2342 eorum
1979 2294 2158 2342 motus

571 2396 731 2454 atque
755 2380 1064 2439 commixtio
1090 2380 1294 2444 luisset,
1339 2379 1384 2433 si
1425 2393 1583 2433 nemo
1634 2385 1941 2449 peccasset,
1985 2375 2157 2446 qualis

572 2489 713 2530 nunc
734 2484 816 2530 est
838 2489 957 2529 cum
989 2470 1230 2542 pudenda
1256 2470 1495 2538 libidine,
1526 2469 1649 2525 hinc
1677 2476 1761 2523 est
1786 2466 2011 2539 quaestio
2044 2486 2059 2523 :
2087 2467 2156 2525 de

572 2581 673 2637 qua
701 2564 1002 2636 diligentius
1025 2572 1231 2637 postea,
1250 2564 1293 2619 si
1318 2562 1460 2618 Deus
1488 2560 1729 2625 voluerit,
1748 2560 2153 2631 disputabimus.

642 2657 866 2715 CAPUT
901 2656 993 2713 Vl.
1024 2686 1095 2698 -—
1118 2656 1207 2712 ll.
1249 2654 1646 2726 Pelagianorum
1673 2654 1938 2708 consilium
1962 2653 2015 2707 in
2044 2652 2157 2707 lau-

571 2748 742 2801 danda
773 2747 1057 2818 conjugalis
1081 2744 1449 2799 commixtionis
1476 2742 1781 2797 innocentia.
1821 2740 1957 2811 Quid
1979 2750 2154 2798 tamen

574 2839 659 2892 isti
686 2837 871 2904 velint,
915 2836 1041 2909 quid
1070 2835 1367 2902 intendant,
1412 2849 1519 2905 quo
1548 2849 1660 2889 rem
1707 2833 1998 2904 perducere
2039 2844 2155 2892 mo-

566 2926 783 2995 liantur,
809 2926 1055 3000 adjuncta
1102 2926 1253 2981 istius
1281 2925 1442 2981 verba
1472 2923 1768 2992 declarant,
1814 2923 1905 2979 ubi
1941 2924 2017 2980 ait
2056 2938 2157 2981 nos

571 3021 772 3085 dicere,
818 3038 837 3073 ι
875 3026 1154 3090 propterea
1201 3030 1295 3072 eos
1334 3016 1425 3087 qui
1469 3014 1781 3070 innocentes
1824 3022 2155 3082 nascuntur,

570 3124 693 3165 reos
719 3123 874 3176 esse;
913 3115 968 3163 et
986 3122 1014 3161 a
1045 3102 1259 3162 diabolo
1288 3105 1422 3173 ﬁeri,
1449 3121 1556 3161 non
1584 3119 1614 3159 a
1642 3103 1771 3173 Deo,
1807 3103 1929 3176 quia
1957 3103 2025 3160 de
2054 3103 2155 3161 hac

569 3200 827 3256 diabolica
853 3199 1231 3257 commixtione
1270 3204 1579 3253 nascuntur.
1614 3214 1635 3251 ι
1675 3196 1809 3252 Cum
1837 3196 2015 3267 itaque
2055 3210 2155 3253 nos

572 3306 672 3349 nec
714 3290 1031 3347 diabolicam
1074 3289 1314 3345 dicamus
1353 3288 1639 3359 coniugum
1679 3288 2113 3345 commixtionem
2137 3331 2152 3358 ,

572 3383 800 3438 maxime
830 3381 1083 3449 ﬁdelium,
1131 3396 1249 3451 qua:
1279 3378 1336 3435 tit
1381 3393 1541 3435 causa
1591 3378 2023 3450 generandorum
2065 3378 2155 3450 qui

573 3483 756 3543 postea
782 3470 1127 3544 regenerandi
1157 3479 1303 3539 sunt,
1336 3470 1565 3525 filiorum
1592 3488 1605 3524 :
1636 3484 1735 3526 nec
1756 3469 1999 3526 homines
2018 3469 2157 3526 ullos

570 3583 599 3621 a
625 3564 836 3620 diabolo
864 3565 1000 3630 ﬁeri,
1029 3563 1126 3621 scd
1154 3578 1183 3618 a
1213 3564 1323 3619 Deo
1354 3563 1409 3618 in
1437 3572 1693 3634 quantum
1720 3561 1967 3619 homines
1992 3572 2116 3618 sunt
2140 3580 2157 3620 :

571 3667 625 3712 ct
653 3666 829 3712 tamen
873 3656 1030 3710 etiam
1077 3654 1147 3710 de
1194 3654 1509 3723 conjugibus
1538 3640 1785 3710 ﬁdelibus
1824 3668 1971 3709 reos
1987 3653 2153 3718 nasci,

572 3756 820 3819 tanquam
851 3764 915 3804 ex
942 3747 1081 3803 oliva
1112 3748 1424 3811 oleastrum,
1452 3756 1668 3817 propter
1687 3746 1944 3818 originale
1969 3761 2159 3819 pecca-

572 3850 681 3894 tum
705 3857 719 3904 ;
759 3849 813 3893 et
838 3848 1051 3908 propter
1083 3837 1183 3891 hoc
1208 3852 1327 3891 esse
1353 3837 1453 3892 sub
1477 3836 1713 3904 diabolo,
1751 3836 1854 3892 nisi
1879 3851 2158 3892 renascan-

572 3943 658 3986 tur
682 3931 736 3986 in
759 3928 972 3988 Christo
995 3945 1012 3996 ;
1039 3929 1288 3999 quoniam
1330 3928 1573 3985 diabolus
1600 3929 1771 4000 culpa:
1812 3937 1999 3985 auctor
2032 3939 2154 3997 est,

572 4040 680 4079 non
726 4032 929 4078 natura:
962 4038 978 4076 :
1006 4030 1189 4076 contra
1244 4018 1316 4075 illi
1364 4020 1612 4090 parvulos
1657 4019 1896 4077 dicentes
1951 4019 2155 4075 nullum

578 4114 789 4169 trahere
807 4113 1064 4184 originale
1088 4119 1383 4182 peccatum,
1412 4119 1465 4167 et
1488 4112 1607 4167 ideo
1635 4126 1740 4167 non
1768 4126 1888 4168 esse
1917 4111 2017 4167 sub
2043 4110 2161 4166 dia-

577 4206 742 4271 bolo;
782 4202 905 4277 quid
935 4203 1149 4259 eltieere
1178 4203 1435 4269 laborant,
1470 4204 1570 4258 nisi
1621 4213 1679 4259 ut
1717 4204 1806 4258 illa
1852 4204 1946 4260 Dei
1987 4204 2156 4275 gratia

575 4306 862 4351 evaicuetnr
888 4296 940 4349 in
973 4294 1222 4363 parvulis,
1251 4310 1354 4364 qua
1381 4295 1508 4348 eruit
1545 4311 1657 4359 uss,
1686 4295 1823 4351 sicut
1861 4294 1990 4351 dicit
2014 4296 2159 4364 Apo-

574 4387 764 4451 stolus,
800 4387 861 4440 de
893 4394 1134 4457 potestate
1159 4384 1491 4440 tenebrarum.
1515 4395 1558 4440 et
1582 4387 1839 4441 transtulit
1870 4387 1923 4440 in
1947 4402 2158 4458 regnum

562 4481 688 4538 Filii
702 4478 947 4535 ίΙιαι·ἱωιὶ.ς
972 4491 1077 4530 sua:
1097 4474 1312 4549 (Coloss.
1337 4492 1374 4539 ι,
1401 4477 1487 4547 l5)
1511 4478 1534 4529 ?
1573 4476 2013 4547 Quandoquidem
2036 4492 2159 4548 par-

579 4574 729 4626 ntiOS
751 4578 943 4640 negant
961 4585 1079 4625 esse
1106 4568 1157 4623 in
1186 4577 1447 4639 potestate
1471 4571 1833 4636 tenebrarum,
1851 4570 2011 4625 etiam
2035 4578 2158 4625 ante

581 4662 783 4717 Domini
836 4660 1131 4717 liberatoris
1181 4660 1473 4725 auxilium;
1526 4662 1594 4713 ita
1650 4660 1702 4713 in
1756 4660 1835 4715 eis
1882 4660 2159 4715 laudantes

576 4771 709 4823 υνυς
738 4753 1023 4817 Creatoris,
1071 4760 1127 4806 ut
1154 4751 1573 4806 misericordiam
1619 4750 1898 4807 destruant
1925 4751 2156 4807 Redem-

580 4847 761 4912 pluris.
803 4845 969 4913 Quam
998 4859 1097 4899 nos
1122 4844 1369 4914 quoniam
1398 4853 1451 4897 et
1481 4844 1530 4896 in
1560 4841 1849 4912 majoribus
1874 4850 1928 4898 et
1955 4844 2005 4899 in
2034 4860 2159 4915 par-

579 4955 596 4985 \
613 4940 711 4992 uiis
730 4939 1094 5003 conﬁtemur,t
1132 4936 1261 4992 hoc»
1289 4936 1416 4992 dicit
1437 4956 1456 4988 ί
1476 4936 1592 4992 sine
1616 4936 1790 5007 aliqua
1816 4936 2159 5007 ambiguitate

578 5047 695 5083 ευμεν
709 5030 1056 5085 Manu-limum
1082 5049 1127 5082 ε»
1150 5045 1269 5085 cum
1287 5031 1358 5083 sit
1372 5027 1796 5099 antiquissimum
1814 5027 2155 5095 catholicum,

584 5122 721 5173 unde
766 5136 956 5172 novum
1006 5120 1227 5173 istorum
1280 5118 1470 5189 dogma
1518 5126 1788 5172 evertatur
1830 5118 2156 5174 lucreticum.

646 5208 870 5265 CAPUT
912 5208 1019 5263 νει.
1042 5237 1113 5247 —-
1141 5208 1224 5262 l2.
1269 5208 1463 5272 Quarta
1488 5208 1761 5268 calumnia,
1788 5206 2005 5262 Sanctos
2031 5218 2159 5262 vete-

578 5302 646 5355 ris
686 5300 983 5353 Trstamenti
1014 5315 1112 5352 non
1139 5315 1168 5349 a
1206 5298 1421 5367 peccatis
1442 5298 1621 5369 liberos
1644 5297 1766 5351 diri.
1814 5284 1833 5350 ἆ
1872 5297 2064 5354 Dicunt
2094 5341 2106 5363 ,
2133 5317 2151 5351 ι

581 5393 766 5462 inquit,
803 5409 821 5437 ι
858 5400 1070 5443 sanctos
1109 5390 1158 5442 in
1191 5399 1370 5443 vetere
1410 5389 1751 5443 Testamento
1790 5402 1894 5443 non
1923 5389 2159 5443 eantisse

582 5486 828 5549 peccatis,
858 5480 908 5537 id
939 5488 1038 5545 est,
1072 5496 1170 5534 nec
1212 5496 1304 5551 per
1329 5478 1753 5534 emendationem
1793 5495 1820 5532 a
1852 5480 2158 5535 criminibus

581 5577 741 5633 luisse
768 5575 983 5637 liberos,
1016 5574 1107 5627 sed
1141 5574 1189 5627 in
1224 5580 1371 5626 reatu
1400 5586 1428 5625 a
1460 5582 1632 5626 morte
1672 5571 1833 5627 fuisse
1861 5572 2161 5641 deprehen-

578 5682 687 5722 sos.
725 5688 742 5721 ι
790 5669 900 5722 lino
922 5664 1150 5719 dicimus
1176 5663 1264 5719 vel
1301 5671 1424 5717 ante
1460 5661 1654 5733 Legem
1692 5664 1775 5718 vel
1804 5672 2039 5734 tempore
2064 5680 2158 5720 ve-

640 5804 654 5835 ι
691 5802 907 5853 Gallicani
1080 5797 1160 5849 hic
1182 5806 1232 5850 ct
1256 5812 1304 5848 n.
1335 5797 1410 5860 ll,
1442 5797 1580 5861 infra,
1613 5796 1697 5865 qui
1736 5806 1995 5852 metuitur
2029 5799 2161 5853 inno-

578 5874 755 5921 center.

1166 445 1442 505 CONTRA
1479 443 1659 502 DUAS
1696 438 2070 497 EPISTULAS
2110 434 2667 503 PELACIANQRUM,
2706 436 2762 490 S.
2804 432 3167 493 AUGUSTINI

3710 436 3807 495 556

2256 549 2380 602 teris
2429 548 2749 607 Testamenti
2797 566 2827 604 a
2873 550 3104 620 peccatis
3157 548 3316 604 fuisse
3369 549 3658 622 liberatos,
3713 566 3809 608 non

2254 643 2447 703 virtute
2475 646 2679 713 propria
2704 662 2720 709 ;
2752 645 2871 713 quia
2899 644 3191 699 maledictus
3215 645 3376 697 omnis
3401 643 3486 713 qui
3504 659 3643 712 spem
3668 661 3810 698 suam

2256 726 2394 795 pauit
2424 728 2472 780 in
2500 726 2696 782 homine
2728 726 2935 799 (Jerem.
2962 742 3089 791 ινιτ,
3117 727 3171 795 5)
3196 743 3211 788 ;
3238 736 3291 780 et
3317 727 3370 780 in
3397 727 3499 780 bne
3523 728 3635 782 sine
3662 726 3811 782 dubio

2255 815 2535 871 tnaledicto
2564 816 2580 847 ¹
2618 825 2761 883 sunt,
2784 832 2919 887 quos
2943 817 3099 873 etiam
3130 816 3368 873 Psalmus
3391 816 3598 872 divinus
3636 827 3774 873 notat
3795 860 3810 885 ,

2255 904 2354 972 Qui
2382 907 2640 975 conﬁdunt
2668 909 2719 961 in
2748 909 2924 964 virtute
2946 925 3038 963 sua
3066 908 3235 980 (Psal.
3265 924 3447 971 nvtn,
3476 910 3529 978 7)
3562 927 3574 962 :
3605 924 3698 964 nec
3724 925 3810 964 ve-

2256 1008 2366 1052 tere
2394 998 2754 1064 Testamento,
2782 999 2924 1068 quod
2954 1000 3005 1055 in
3035 999 3341 1055 servitutem
3370 1009 3588 1070 generat
3615 1001 3633 1071 (
3649 999 3811 1055 Colat.

2255 1102 2327 1155 tv,
2354 1088 2467 1161 24),
2492 1090 2734 1159 quamvis
2760 1102 2923 1146 certtn
2948 1091 3356 1161 dispensationis
3379 1094 3543 1162 gratia
3574 1094 3814 1151 divinitus

2252 1180 2435 1236 datum
2485 1182 2554 1236 sit
2585 1200 2597 1235 :
2629 1197 2729 1238 nec
2757 1183 2785 1219 ⁸
2808 1183 2919 1251 ipsa
2968 1184 3081 1251 lege
3133 1192 3311 1238 sancta
3338 1195 3393 1238 et
3426 1184 3566 1252 justa
3596 1194 3648 1239 et
3688 1185 3816 1239 bona

2254 1271 2429 1343 (Rom.
2463 1288 2561 1337 vn,
2619 1273 2728 1342 l2),
2774 1273 2864 1328 ubi
2909 1275 3161 1343 scriptum
3207 1284 3308 1339 est,
3344 1272 3465 1327 Non
3512 1278 3818 1347 concupisces

2258 1361 2448 1435 (Exod.
2492 1378 2587 1429 xx,
2620 1363 2750 1433 l7);
2781 1365 3028 1434 quoniam
3060 1380 3164 1418 non
3205 1375 3287 1418 est
3325 1365 3448 1419 data
3492 1380 3609 1434 qua:
3653 1378 3819 1435 posset

2253 1452 2542 1518 viviticare,
2586 1454 2679 1508 sed
2710 1454 3158 1524 prtevaricationis
3185 1456 3355 1525 gratia
3386 1456 3555 1525 posita
3593 1466 3691 1522 est,
3732 1456 3821 1511 do-

2254 1558 2353 1598 nec
2382 1545 2585 1600 veniret
2616 1560 2796 1602 semen
2825 1547 2909 1602 cui
2936 1548 3257 1619 promissum
3282 1556 3364 1602 est
3405 1546 3603 1619 (Colat.
3634 1563 3707 1615 ut,
3731 1548 3818 1616 2|,

2255 1631 2344 1705 i9)
2375 1651 2389 1689 :
2417 1634 2511 1689 sed
2548 1634 2799 1691 liberatos
2824 1650 2942 1691 esse
2967 1652 3065 1709 per
3089 1637 3395 1707 sanguinem
3421 1638 3588 1707 ipsius
3617 1637 3819 1693 redem-

2254 1725 2443 1794 ptoris,
2481 1726 2677 1796 quiest
2704 1743 2837 1783 unus
2873 1728 3132 1784 mediator
3156 1730 3247 1785 Dei
3277 1740 3331 1784 et
3371 1731 3645 1785 hominum
3670 1730 3823 1787 homo

2252 1815 2494 1873 Christus
2521 1818 2678 1876 Jesus
2731 1821 2791 1894 (l
2822 1819 2952 1876 Tim.
2980 1838 3038 1886 tt,
3084 1823 3178 1894 5).
3244 1822 3335 1877 Isti
3398 1832 3579 1879 autem
3628 1823 3818 1881 inimici

2254 1912 2436 1982 gratiae
2456 1913 2570 1981 Dei,
2597 1929 2715 1986 quas
2739 1914 2862 1970 data
2884 1924 2970 1973 est
2993 1916 3198 1986 pusillis
3221 1925 3277 1973 et
3304 1918 3510 1989 magnis
3536 1933 3629 1988 per
3647 1917 3819 1974 Jesum

2253 2002 2522 2062 Christum
2566 2007 2844 2063 Dominum
2891 2018 3150 2075 nostrum,
3198 2010 3319 2065 ideo
3360 2011 3546 2066 dicunt
3589 2013 3825 2083 antiquos

2256 2094 2499 2153 homines
2530 2097 2621 2154 Dei
2664 2097 2913 2169 perfecte
2957 2099 3119 2156 fuisse
3158 2100 3399 2169 iustitiae,
3430 2118 3500 2157 ne
3526 2102 3718 2158 Christi
3743 2103 3823 2159 in-

2254 2188 2577 2256 carnatione,
2619 2191 2887 2261 passione,
2929 2192 3337 2262 resurrectione,
3378 2192 3533 2264 cujus
3559 2192 3663 2251 lida
3699 2192 3825 2250 salvi

2256 2276 2380 2335 facti
2417 2288 2562 2348 sunt,
2587 2279 2874 2336 credantur
2899 2283 3131 2354 eguisse.

2326 2367 2551 2427 CAPUT
2588 2369 2724 2426 Vill.
2759 2400 2837 2413 —
2870 2372 2958 2428 15.
3000 2371 3190 2441 Quinta
3224 2372 3504 2442 calumnia,
3535 2372 3754 2429 Paulum
3782 2386 3827 2428 et

2256 2468 2461 2516 caeteros
2488 2460 2755 2533 Apostolos
2778 2461 2985 2518 libidine
2997 2462 3217 2534 pollutos
3233 2465 3389 2534 fuisse
3403 2464 3526 2523 dici.
3538 2464 3828 2538 —Aposto-

2257 2550 2363 2605 lum
2407 2551 2558 2607 etiam
2598 2550 2842 2622 Paulum,
2872 2552 3059 2626 inquit,
3083 2555 3161 2610 vel
3189 2571 3360 2611 omnes
3394 2559 3649 2628 apostolos
3666 2557 3828 2613 dicunt

2255 2660 2451 2714 semper
2467 2644 2796 2701 immoderata
2824 2646 3029 2702 libidine
3044 2647 3201 2717 fuisse
3219 2646 3461 2719 pollutos.
3492 2648 3620 2718 Quis
3638 2648 3734 2705 hoc
3746 2649 3825 2704 vel

2260 2734 2510 2805 profanus
2523 2735 2713 2792 audeat
2731 2736 2908 2793 dicere
2927 2737 2951 2792 i
2970 2736 3074 2794 Sed
3090 2738 3337 2793 nimirum
3356 2740 3459 2795 iste
3472 2748 3744 2812 propterea
3756 2739 3828 2796 sic

2255 2826 2791 2901 calumniatur',quia
2811 2828 3139 2886 contendunt
3158 2830 3209 2885 id
3231 2829 3371 2900 quod
3388 2830 3824 2903 dixitAposwlus,

2258 2916 2517 2991 Scioquia
2545 2936 2645 2975 non
2673 2920 2864 2975 habitat
2892 2920 2946 2975 in
2972 2937 3070 2988 me,
3098 2922 3292 2981 hocest
3328 2922 3382 2976 in
3410 2938 3564 2977 carne
3589 2938 3714 2990 mea,
3746 2918 3828 2976 bo-

2257 3025 2378 3064 num
2393 3024 2414 3075 ,'
2461 3008 2587 3066 velle
2614 3012 2750 3066 enim
2787 3011 2984 3083 adjacet
3014 3012 3160 3081 mihi,
3187 3013 3428 3084 perﬁcere
3455 3024 3622 3069 autem
3655 3013 3828 3068 bonum

2257 3117 2360 3157 non
2391 3102 2591 3159 invenio
2623 3101 2799 3176 (Rom.
2829 3121 2923 3173 vn,
2952 3105 3073 3178 l8);
3118 3116 3173 3161 et
3195 3115 3386 3162 caatera
3415 3107 3563 3176 talia,
3588 3121 3692 3163 non
3714 3120 3826 3162 eum

2256 3192 2453 3251 dixisse
2477 3194 2545 3252 de
2569 3210 2631 3252 se
2658 3195 2795 3267 ipso,
2822 3196 2918 3253 sed
2965 3198 3147 3253 nescio
3172 3196 3328 3269 cujus
3349 3199 3591 3266 alterius,
3618 3199 3703 3269 qui
3746 3196 3826 3252 illa

2256 3295 2550 3356 pateretur,
2581 3285 2852 3343 induxisse
2889 3302 3171 3358 personam
3205 3306 3218 3343 :
3254 3299 3473 3359 propter
3508 3287 3647 3360 quod
3688 3288 3827 3344 locus

2257 3374 2375 3447 ipse
2415 3376 2470 3432 in
2508 3376 2628 3449 eius
2670 3377 2908 3449 Epistula
2933 3378 3214 3451 diligenter
3238 3380 3657 3438 considerandus
3679 3389 3826 3437 estet

2257 3468 2598 3533 scrutandus,
2631 3484 2698 3524 ne
2739 3469 2795 3524 in
2824 3469 2940 3541 ejus
2982 3470 3158 3542 aliqua
3204 3461 3530 3529 obscuritate
3569 3472 3829 3529 delitescat

2257 3574 2411 3616 error
2448 3561 2694 3616 istorum.
2729 3559 2983 3631 Quamvis
3009 3577 3138 3634 ergo
3183 3562 3341 3618 latius
3386 3563 3515 3621 hinc
3561 3565 3827 3635 Apostolus

2257 3650 2509 3722 disputet,
2533 3662 2588 3709 et
2616 3668 2810 3724 magno
2841 3653 3198 3725 diuturnoque
3223 3654 3474 3712 conﬂictu
3498 3658 3712 3730 gratiam
3737 3656 3825 3712 de—

2260 3743 2483 3801 fendens
2506 3744 2764 3801 adversus
2789 3760 2883 3802 eos
2902 3750 2992 3818 qui
3015 3747 3375 3820 gloriabantur
3399 3750 3454 3806 in
3483 3751 3631 3822 lege;
3662 3758 3823 3805 tamen

2258 3834 2324 3890 ad
2367 3850 2478 3890 rem
2507 3836 2820 3907 pertinentia
2850 3852 3013 3907 pauca
3053 3840 3427 3911 contingimus.
3455 3839 3606 3899 Unde
3631 3841 3701 3913 (a)
3722 3841 3822 3895 ait:

2263 3926 2399 3995 Quia
2425 3944 2527 3982 non
2550 3929 2920 4000 justi/imbitur
2958 3948 3021 3986 ea:
3045 3932 3153 4003 lege
3192 3934 3353 3989 omnis
3378 3951 3499 3990 caro
3520 3951 3685 3990 caram
3723 3933 3821 3988 illo.

2262 4020 2365 4076 Per
2384 4020 2543 4094 legem
2568 4023 2699 4077 enim
2726 4024 2944 4095 cognitio
2974 4028 3179 4095 peccati.
3214 4024 3370 4081 Nunc
3396 4038 3564 4099 autem
3604 4028 3706 4081 sine
3728 4027 3825 4097 lege

2252 4113 2457 4185 iustitia
2491 4112 2587 4168 Dei
2626 4115 2948 4185 manifestata
2984 4126 3077 4182 est,
3120 4118 3385 4187 testiﬁcata
3437 4136 3528 4188 per
3569 4116 3744 4191 Legem
3782 4126 3824 4172 et

2264 4202 2549 4275 Prophetas
2576 4221 2596 4260 :
2621 4205 2825 4276 justitia
2850 4216 3017 4261 autem
3043 4207 3137 4261 Dei
3173 4226 3259 4280 per
3286 4210 3440 4274 ﬁdem
3476 4210 3599 4266 Jesu
3631 4207 3821 4273 Christi,

2261 4295 2314 4350 in
2338 4311 2509 4350 omnes
2535 4297 2622 4367 qui
2662 4297 2892 4352 credunt.
2926 4297 3047 4352 Non
3082 4308 3157 4354 est
3185 4301 3316 4354 enim
3350 4301 3619 4356 distinctio.
3652 4299 3824 4356 Omnes

2262 4386 2395 4440 enim
2420 4397 2770 4459 peccaverunt,
2800 4399 2845 4443 et
2871 4400 3012 4461 egent
3037 4390 3201 4462 gloria
3226 4390 3355 4460 Dei;
3385 4394 3650 4463 justiﬁcoti
3678 4393 3823 4464 gratis

2262 4492 2352 4546 per
2374 4478 2589 4548 gratiam
2618 4478 2799 4548 ipsius,
2821 4496 2908 4547 per
2933 4479 3321 4551 redemptionem
3341 4500 3454 4554 qua:
3478 4494 3548 4539 est
3567 4484 3617 4538 in
3643 4482 3824 4536 Christo

2261 4564 2407 4621 Iesu.
2438 4566 2504 4623 Et
2533 4567 2722 4623 iterum
2749 4586 2763 4623 :
2801 4569 2899 4624 Ubi
2923 4579 2997 4625 est
3021 4571 3326 4641 gloriatio“?
3368 4572 3593 4628 Exclusa
3613 4583 3699 4627 est.
3735 4570 3824 4625 Per

2261 4674 2413 4728 quam
2442 4659 2636 4730 legem?
2658 4662 2905 4731 factorum
2923 4661 2949 4714 ?
2976 4660 3117 4726 Non,
3147 4662 3237 4716 sed
3266 4680 3355 4733 per
3381 4662 3538 4734 legem
3565 4664 3697 4733 ﬁdei.
3733 4662 3819 4715 Ar—

2265 4751 2509 4805 bitramur
2529 4752 2656 4806 enim
2678 4754 2953 4822 justi/ictui
2982 4754 3233 4808 hominem
3276 4772 3365 4825 per
3401 4756 3554 4825 fidem
3587 4757 3691 4808 sine
3717 4769 3826 4821 ope-

2263 4841 2400 4896 ribus
2450 4841 2575 4914 legis
2615 4841 2722 4917 (Id.
2772 4860 2861 4908 Ill,
2916 4844 3131 4916 20-28).
3180 4846 3245 4900 Et
3293 4848 3481 4901 iterum
3513 4864 3527 4900 :
3562 4845 3677 4921 Non
3706 4844 3821 4898 enin.

2265 4949 2353 5002 per
2372 4934 2529 5005 legem
2554 4935 2818 5005 promissio
2834 4924 3064 4990 'Abrahte
3090 4946 3176 4990 aut
3204 4938 3384 4991 semini
3406 4939 3515 5008 ejus
3530 4939 3573 5004 ',
3596 4946 3649 4991 ut
3683 4938 3825 4988 hari-s

2264 5036 2386 5079 esset
2422 5026 2615 5089 mundi,
2652 5027 2740 5080 sed
2780 5045 2869 5098 per
2893 5028 3144 5098 justitiam
3179 5029 3317 5096 ﬁdei.
3364 5030 3424 5084 Si
3462 5030 3594 5082 enim
3630 5028 3710 5096 qui
3748 5041 3824 5094 per

2265 5116 2443 5186 legem.
2480 5117 2703 5172 haeredrs
2748 5129 2906 5182 sunt;
2936 5120 3194 5173 cxittanita
3233 5130 3305 5174 est
3335 5120 3482 5189 ﬁdes,
3522 5133 3565 5174 et
3603 5128 3824 5174 evacuatu

2327 5251 2345 5283 ί
2380 5256 2430 5298 tn
2469 5251 2614 5301 editis
2653 5259 2855 5311 tantum,
2874 5250 3120 5313 maledicti
3146 5266 3164 5303 :
3201 5255 3361 5304 minus
3388 5255 3537 5303 bene.

2327 5314 2350 5384 ξ
2382 5314 2510 5384 apud
2537 5321 2686 5384 tanget
2721 5322 2828 5384 nov.
2855 5328 3109 5384 perperam
3134 5316 3212 5364 hic
3232 5314 3654 5384 axldiui_partiettla,
3677 5314 3737 5384 in.

2330 5374 2351 5405 ³
2381 5375 2453 5421 sic
2478 5382 2661 5437 διεδ-Δί
2697 5375 2830 5433 editi,
2856 5374 3220 5437 isti'propterea
3244 5378 3312 5426 sie
3333 5374 3717 5426 ruliznmiuntur.’
3734 5381 3819 5437 Mur

2265 5435 2314 5483 in
2332 5438 2559 5501 omnibus
2582 5435 2716 5485 libris
2737 5433 2978 5497 sequitur,
3002 5433 3114 5501 quia
3136 5441 3421 5488 Contendant
3442 5452 3460 5497 ,'
3482 5439 3609 5500 quod
3643 5437 3743 5501 jatn
3772 5433 3821 5480 al

2265 5495 2561 5556 Pelagianos,
2585 5512 2795 5560 quorum
2816 5495 3024 5548 causam
3067 5501 3281 5549 Julianus
3301 5495 3625 5549 calunniiando
3644 5495 3822 5559 agebat,

2265 5560 2577 5625 regreuduzn
2603 5559 2692 5625 est.
2722 5559 2895 5625 Pelagii
2912 5562 2980 5625 de
3000 5561 3158 5625 hacre
3184 5567 3332 5612 verba
3353 5564 3532 5625 profert
3555 5561 3822 5624 augustinus

2266 5621 2314 5667 in
2342 5618 2462 5667 libro
2484 5622 2546 5668 de
2569 5624 2720 5669 Gratia
2750 5618 2938 5677 (:ln‘isti,
2964 5636 3013 5670 ιι.
3035 5624 3110 5672 45.

2331 5682 2350 5711 ³
2385 5686 2431 5727 In
2456 5685 2647 5731 excusis
2668 5682 2869 5741 additur,
2895 5689 2992 5733 tua.
3018 5687 3166 5735 Abest
3200 5697 3228 5734 a
3262 5685 3492 5736 Vaticanis
3514 5677 3822 5743 mantiscrlpll:

2269 5749 2313 5791 et
2341 5753 2367 5787 a
2392 5755 2567 5799 erzeco.

2329 5805 2353 5871 ἦ
2386 5806 2463 5871 ttie
2486 5817 2520 5850 ευ
2542 5804 2572 5853 li
2600 5805 2764 5871 excusi
2789 5806 2983 5868 addunt,
3006 5807 3135 5871 facta
3155 5817 3244 5859 est.

2338 5866 2410 5926 (a)
2436 5872 2591 5926 Forte,
2614 5867 2746 5917 inde.
