4096 6504
398 480 505 543 ΒΞἸ

399 614 475 658 est
503 604 784 667 promissio.
818 601 925 659 Lex
944 600 1074 657 enim
1105 604 1230 658 iram
1248 614 1502 675 aperalur.
1526 604 1622 660 Ubi
1639 606 1765 659 enim
1795 614 1984 659 nonest

400 700 502 763 lex,
519 714 607 752 nec
624 696 969 768 praevaricatio
991 694 1165 766 (Rom.
1186 713 1231 751 tv
1241 737 1257 764 ,
1276 697 1483 767 15-15).
1508 697 1572 752 Et
1596 697 1700 751 alio
1714 698 1828 751 loco
1849 714 1862 749 :
1881 695 1987 749 Lea:

396 800 566 841 autem
586 788 902 855 subintravit,
915 796 969 841 ut
982 787 1257 842 abundaret
1270 786 1507 842 delictum
1524 806 1539 842 :
1559 789 1641 843 ubi
1656 798 1821 842 autem
1835 787 1988 842 abun-

398 880 534 933 davit
551 878 807 944 delictum,
832 878 1257 948 superabundavit
1275 879 1439 950 gratia
1458 877 1568 952 (Id.
1612 895 1665 944 v,
1699 878 1816 950 ΞΟ).
1853 879 1983 935 ltcm

397 969 504 1024 alio
546 969 704 1024 loco:
735 967 1004 1023 Peccatum
1025 970 1157 1023 enim
1197 969 1334 1023 vobis
1367 985 1467 1023 non
1493 968 1855 1037 dominabitur,
1880 987 1983 1025 non

396 1060 529 1114 enim
573 1060 692 1113 estis
715 1059 808 1113 sub
832 1059 960 1131 lege,
976 1058 1068 1114 sed
1093 1058 1184 1113 sub
1213 1059 1378 1131 gratia
1407 1058 1984 1131 (ld.v1,lb).ltemque

396 1151 501 1205 alio
521 1151 638 1206 loco
656 1152 762 1204 :An
777 1150 1041 1222 ignoratis,
1058 1151 1260 1221 fratres,
1278 1150 1572 1221 (scientibus
1587 1150 1717 1203 enim
1735 1149 1892 1220 legem
1909 1148 1985 1204 lo-

395 1242 783 1312 quor),quiale:s
795 1243 1084 1297 dominatur
1103 1242 1296 1297 homini
1306 1244 1356 1296 in
1373 1251 1615 1314 quantum
1626 1251 1820 1313 tempus
1839 1241 1985 1296 vivit?

396 1331 587 1387 Mulier
614 1335 746 1387 enim
781 1332 873 1387 sub
899 1334 1026 1397 viro,
1066 1334 1176 1387 vivo
1218 1333 1398 1386 marito
1417 1334 1601 1403 juncta
1639 1342 1712 1386 est
1758 1331 1897 1402 legi:
1936 1331 1982 1385 si

394 1434 561 1477 autem
602 1434 831 1478 mortuus
854 1424 1005 1495 fuerit
1030 1424 1108 1479 vir
1140 1423 1272 1494 ejus,
1312 1432 1549 1478 evacuata
1573 1432 1645 1478 est
1669 1439 1702 1477 a
1731 1422 1838 1494 lege
1861 1423 1976 1481 viri.

395 1516 462 1570 Et
487 1515 644 1585 paulo
682 1523 801 1584 post
829 1532 844 1569 :
873 1512 1077 1585 Itaque,
1107 1514 1290 1583 fratres
1316 1515 1433 1581 mei,
1460 1524 1509 1567 et
1532 1529 1618 1569 vos
1643 1513 1828 1568 mortui
1860 1513 1978 1567 estis

392 1605 492 1676 legi
511 1622 600 1674 per
622 1621 807 1674 corpus
833 1603 1038 1672 Christi,
1072 1614 1124 1659 ut
1143 1605 1251 1660 sitis
1287 1605 1517 1673 alterius,
1543 1605 1631 1676 qui
1670 1620 1733 1660 ea:
1767 1605 1977 1659 mortuis

391 1698 685 1760 resurrexit,
708 1707 764 1751 ut
788 1698 1153 1770 fructiﬁcemus
1196 1695 1323 1752 Deo.
1355 1696 1482 1753 Cum
1517 1698 1648 1751 enim
1676 1712 1894 1751 essemus
1922 1696 1976 1751 in

390 1807 562 1855 carne,
593 1791 850 1860 passiones
876 1800 1214 1859 peccatorum,
1245 1804 1360 1860 quae
1396 1805 1485 1860 per
1513 1789 1669 1861 legem
1698 1796 1836 1853 sunt,
1856 1803 1977 1858 ope-

390 1881 634 1934 rebantur
657 1879 710 1934 in
744 1879 977 1933 membris
1009 1880 1211 1943 nostris,
1235 1887 1293 1933 ut
1317 1882 1539 1951 fructum
1574 1881 1764 1949 ferrent
1785 1878 1973 1933 morti:

390 1986 526 2024 nunc
547 1984 661 2023 vero
685 1970 912 2024 evacuati
934 1985 1110 2023 sumus
1134 1985 1167 2021 a
1205 1966 1315 2039 lege
1347 1968 1542 2033 mortis,
1574 1968 1627 2021 in
1654 1983 1755 2037 qua
1780 1967 1973 2021 detine-

389 2062 588 2128 bamur,
618 2062 691 2115 ita
726 2069 783 2115 ut
811 2060 1082 2116 serviamus
1115 2061 1168 2114 in
1193 2063 1411 2114 novitate
1444 2060 1673 2129 spiritus,
1701 2068 1750 2115 et
1775 2076 1875 2114 non
1917 2059 1970 2113 in

389 2162 631 2209 vetustate
674 2154 875 2208 littera.
921 2152 1014 2207 His
1042 2163 1197 2222 atque
1242 2151 1542 2222 lmjusmodi
1570 2150 1971 2207 contestationi-

389 2243 491 2299 bus
529 2243 721 2298 Doctor
745 2243 835 2298 ille
867 2241 1114 2299 Gentium
1145 2242 1274 2297 satis
1308 2242 1583 2300 evidenter
1608 2241 1866 2308 ostendit,
1895 2244 1972 2300 Ie-

389 2348 507 2402 gem
534 2347 636 2387 non
664 2331 901 2401 potuisse
926 2330 1158 2398 auferre,
1184 2330 1277 2386 sed
1320 2332 1492 2401 potius
1526 2331 1745 2387 auxisse
1774 2347 1968 2402 pecca-

392 2424 680 2495 tum,quod
710 2422 942 2479 auferatI
976 2425 1178 2495 gratia:
1203 2423 1450 2493 quoniam
1478 2422 1562 2478 lex
1583 2422 1775 2494 jubere
1795 2424 1965 2491 novit,

389 2513 475 2569 cui
504 2514 800 2568 succumbit
840 2512 1152 2580 inﬁrmitas;
1197 2514 1363 2584 gratia
1402 2513 1610 2583 juvare,
1654 2529 1758 2584 qua
1789 2513 1969 2569 infun-

390 2604 531 2658 ditur
555 2603 805 2658 cliaritas.
835 2603 913 2659 Ne
951 2604 1069 2674 quis
1096 2604 1237 2659 enim
1268 2613 1486 2674 propter
1516 2603 1629 2660 haec
1663 2605 1967 2660 testimonia

390 2695 652 2765 vituperet
678 2696 869 2766 legem,
897 2703 951 2752 et
975 2696 1167 2749 malam
1194 2709 1313 2750 esse
1338 2695 1645 2762 contendat,
1670 2695 1796 2750 vidit
1824 2696 1967 2765 Apo-

390 2789 555 2843 stolus
584 2791 721 2843 male
758 2787 1173 2859 intelligentibus
1200 2787 1325 2859 quid
1364 2780 1548 2859 'possct
1582 2802 1885 2854 occurrere,
1912 2796 1967 2843 et

387 2882 628 2936 eamdem
668 2880 770 2936 sibi
801 2882 913 2951 ipse
940 2883 1216 2951 proposuit
1252 2883 1600 2952 qumStionem
1634 2898 1649 2936 :
1686 2880 1824 2949 Quid
1848 2898 1966 2953 ergo

387 2972 630 3037 dicemus,
661 2972 871 3043 inquit?
923 2971 1033 3027 Lex
1068 2982 1327 3044 peccatum
1355 2972 1468 3027 est?
1514 2971 1699 3027 Absit:
1730 2972 1819 3028 sed
1847 2988 1965 3044 pec-

387 3072 553 3118 culum
579 3080 681 3117 non
710 3064 920 3135 cognovi
962 3063 1061 3118 nisi
1104 3079 1192 3134 per
1229 3064 1408 3135 legem.
1436 3062 1548 3117 Hoc
1568 3063 1677 3132 jam
1721 3063 1966 3134 superius

386 3156 609 3220 dixerat,
642 3153 747 3209 Per
773 3156 932 3226 legem
971 3155 1107 3209 enim
1150 3155 1368 3225 cognitio
1416 3156 1627 3227 peccati.
1673 3154 1790 3210 Non
1833 3169 1963 3226 ergo

386 3246 638 3313 ablatio’,
669 3245 762 3301 sed
792 3246 1044 3317 cognitio.
1404 3300 1413 3311 κ

457 3339 543 3393 ib.
584 3338 878 3410 Apostolum
906 3355 969 3393 ea:
995 3355 1089 3393 sua
1134 3348 1183 3395 et
1222 3340 1439 3395 aliorum
1480 3340 1570 3412 qui
1618 3340 1708 3396 sub
1761 3341 1962 3412 gratia,

385 3445 487 3483 non
543 3430 636 3482 sub
682 3429 790 3500 lege
831 3427 997 3483 adhuc
1056 3439 1216 3499 sunt,
1277 3445 1492 3501 persona
1536 3429 1766 3485 Tocutum
1834 3446 1959 3486 esse.

389 3520 523 3576 Hinc
576 3530 753 3575 autem
804 3521 914 3591 jam
980 3522 1206 3592 incipit,
1255 3532 1475 3595 propter
1510 3523 1652 3594 quod
1700 3524 1797 3579 ista
1836 3537 1968 3578 con-

384 3610 664 3666 sideranda
705 3614 1055 3683 suscepimus,
1081 3613 1421 3670 introducere
1461 3630 1740 3685 personam
1782 3630 1956 3682 suam,

382 3713 437 3758 et
466 3711 712 3774 tanquam
741 3702 809 3759 de
851 3719 911 3761 se
955 3706 1071 3776 ipso
1116 3705 1259 3776 loqui
1289 3723 1301 3760 :
1331 3706 1421 3762 ubi
1468 3707 1652 3761 nolunt
1694 3706 1961 3777 Pelagiani

382 3794 556 3863 ipsum
600 3795 909 3864 Apostolnm
962 3795 1219 3867 intelligi;
1267 3795 1362 3851 sed
1409 3796 1549 3868 quod
1588 3796 1641 3852 in
1688 3811 1748 3853 se
1796 3797 1959 3852 alium

382 3883 856 3954 transﬁguraverit,
908 3884 961 3941 id
1008 3895 1109 3952 est,
1164 3886 1432 3942 hominem
1485 3889 1586 3943 sub
1628 3888 1744 3959 lege
1788 3889 1960 3944 adhuc

380 3981 633 4049 positum,
658 3979 890 4034 nondum
912 3995 1011 4052 per
1034 3980 1256 4050 gratiam
1288 3981 1588 4036 liberatum.
1618 3980 1720 4038 Ubi
1746 3981 1958 4052 quidem

375 4071 484 4139 jam
512 4068 709 4124 debent
738 4070 1054 4138 concedere,
1080 4071 1218 4141 quod
1250 4071 1301 4125 in
1330 4071 1437 4141 lege
1462 4087 1606 4125 nemo
1623 4072 1956 4143 justiﬁcatur,

378 4162 516 4215 sicut
543 4160 667 4214 alibi
709 4160 847 4215 idem
885 4162 1156 4230 apostolus
1185 4161 1314 4216 dicit
1359 4160 1553 4234 (Galat.
1583 4178 1661 4229 tu,
1692 4159 1818 4232 ll);
1862 4162 1959 4218 sed

377 4253 442 4307 ad
486 4253 842 4321 cognitionem
893 4254 1112 4322 peccati,
1146 4262 1199 4309 et
1225 4252 1291 4308 ad
1322 4253 1488 4322 ipsius
1527 4254 1660 4324 legis
1702 4254 1961 4325 prevari-

376 4345 639 4399 mtiotnem
664 4343 844 4398 valere
876 4344 1066 4414 legem,
1093 4353 1170 4411 ut,
1192 4346 1403 4415 cognito
1430 4353 1690 4415 auctuque
1718 4353 1953 4414 peccato,

379 4448 474 4501 per
501 4431 657 4486 fidem
697 4434 861 4502 gratia
894 4435 1214 4503 requiratur.
1264 4433 1378 4488 Non
1408 4442 1585 4489 autem
1631 4434 1818 4488 timent
1858 4435 1955 4488 ista

375 4525 444 4578 de
482 4525 738 4593 Apostolo
780 4523 1039 4594 intelligi,
1084 4539 1202 4594 quae
1249 4532 1429 4594 posset
1470 4532 1525 4580 et
1565 4524 1632 4580 de
1675 4524 1958 4594 prteteritis

374 4617 484 4669 suis
505 4615 703 4683 dicere,
728 4615 821 4670 sed
857 4629 918 4670 ea
948 4631 1066 4686 qua:
1094 4625 1390 4684 sequuntur
1418 4615 1622 4669 timent.
1654 4616 1748 4671 llic
1775 4616 1915 4669 enim
1938 4632 1953 4667 :

374 4703 867 4773 Concupisceutiam,
909 4705 1098 4774 inquit.
1144 4706 1442 4769 nesciebam,
1488 4706 1585 4760 nisi
1628 4705 1712 4759 lea:
1748 4706 1952 4771 diceret,

376 4794 496 4848 Non
528 4796 869 4866 concupisces.
901 4796 1177 4850 Occasione
1218 4806 1384 4849 autem
1426 4806 1652 4867 accepta,
1698 4809 1955 4867 peccatum

374 4904 463 4955 per
483 4888 774 4941 mandatum
797 4900 1059 4957 operatum
1083 4888 1224 4942 estin
1252 4904 1331 4942 me
1368 4904 1562 4941 omnem
1591 4889 1952 4959 concupiscen-

373 4978 514 5031 tiam.
546 4977 672 5032 Siue
695 4978 803 5049 lege
829 4979 960 5033 enim
992 4988 1250 5047 peccatum
1289 4988 1543 5033 mortuum
1583 4989 1653 5033 est
1680 4993 1701 5034 :
1735 4996 1826 5051 ego
1854 4996 1951 5033 au-

370 5076 466 5120 lem
512 5069 728 5122 vivebam
774 5069 1047 5139 aliquando
1091 5071 1198 5124 sine
1249 5071 1356 5141 lege
1386 5085 1406 5125 .'
1452 5070 1741 5125 adveniente
1786 5081 1950 5124 autent

370 5158 611 5211 mandato
658 5171 916 5229 peccatum
962 5162 1135 5215 revixit
1156 5179 1173 5225 ;
1204 5178 1295 5232 ego
1340 5172 1505 5216 autem
1551 5173 1777 5215 mortuus
1815 5179 1945 5216 sum.

372 5245 439 5299 Et
486 5249 739 5302 iuventua:
782 5260 853 5305 est
890 5251 1014 5304 mihi
1053 5254 1367 5312 mandatum.
1399 5254 1533 5322 quod
1560 5263 1666 5308 erat
1695 5254 1746 5307 in
1775 5255 1945 5315 vitam.

370 5337 464 5389 hoc
489 5355 596 5391 esse
631 5340 683 5392 in
712 5350 937 5393 mortem.
981 5339 1249 5394 Peccatum
1277 5343 1428 5406 enim,
1458 5353 1663 5413 accepta
1691 5344 1952 5396 occasione

368 5445 457 5498 per
482 5429 797 5494 mandatum,
828 5431 1006 5500 fefellit
1044 5450 1138 5495 me,
1175 5443 1221 5485 et
1250 5449 1338 5501 per
1371 5433 1498 5486 illud
1526 5433 1723 5487 occidit.
1769 5433 1949 5503 Itaque

368 5519 450 5573 lea:
475 5522 676 5589 quidem
721 5533 917 5585 sancta,
951 5534 995 5575 et
1026 5524 1318 5578 mandatum
1347 5535 1573 5578 sanctum
1602 5537 1647 5579 et
1676 5526 1862 5591 justum
1901 5534 1947 5578 et

372 5610 569 5666 bonum.
603 5612 753 5678 thl
787 5631 902 5684 ergo
944 5613 1127 5668 bonum
1158 5627 1247 5681 est,
1280 5616 1402 5669 mihi
1444 5620 1633 5685 factum
1671 5627 1741 5670 est
1772 5618 1950 5670 mors?

368 5702 522 5755 .ebsit.
555 5704 663 5758 Sed
689 5716 944 5772 percolunt
979 5716 1031 5759 ut
1056 5716 1299 5775 appareat
1340 5720 1614 5779 peccatum,
1648 5725 1736 5778 per
1764 5719 1944 5761 bonum

368 5795 486 5846 mihi
515 5807 778 5862 operatum
819 5807 890 5849 est
918 5809 1144 5861 mortem,
1170 5810 1221 5850 ut
1267 5800 1355 5868 [iul
1382 5816 1534 5870 supra
1582 5801 1784 5852 modum
1831 5819 1943 5869 pec-

414 5887 444 5949 ’ξ
480 5894 555 5935 tr.
579 5896 630 5937 et
655 5894 781 5945 tam,
807 5890 977 5949 aufert.

425 5947 449 5983 τ
475 5951 549 6000 sic
569 5963 740 5999 omnes
894 5960 944 6001 At
968 5952 1099 6012 editi,
1127 5950 1331 6004 al-olilt'O.

1775 483 1976 543 LIBER
2017 478 2176 542 Piilil
2190 482 2288 544 US.

3562 508 3666 563 553

2092 616 2231 660 cator
2256 618 2343 661 aut
2378 612 2660 677 peccatum‘
2704 629 2793 682 per
2820 615 3114 669 mandatum
3156 615 3328 689 (Rom.
3364 636 3451 686 νη,
3488 622 3663 690 l-l3).

2094 698 2218 754 llaec
2253 700 2450 768 omnia,
2494 703 2630 757 sicut
2671 706 2799 771 dixi,
2851 715 3023 775 potest
3063 710 3228 765 videri
3273 713 3558 781 Apostolus
3600 720 3666 771 de

2091 802 2188 843 sua
2208 790 2313 844 vita
2338 805 2783 850 commemorasse
2823 800 3086 866 prmterita
3112 817 3126 853 :
3157 810 3213 855 ut
3242 800 3369 857 illud
3395 804 3536 873 quod
3569 806 3665 867 ait.

2091 877 2205 950 Ego
2229 890 2396 935 autem
2426 883 2643 940 vivebam
2667 885 2941 955 aliquando
2969 890 3077 944 sine
3108 891 3252 962 lege;
3279 903 3490 949 artatcm
3516 911 3664 951 suam

2092 970 2313 1038 primam
2338 972 2407 1026 ab
2431 972 2652 1030 infantia
2679 984 2801 1031 ante
2826 979 3112 1035 rationales
3140 995 3308 1038 annos
3334 984 3557 1041 voluerit
3586 987 3666 1041 in.

2088 1062 2252 1133 teiligi
2276 1080 2290 1117 :
2317 1064 2456 1134 quod
2482 1073 2657 1121 autem
2687 1066 2954 1139 adjunxit,
2996 1071 3302 1128 Adveniente
3324 1087 3489 1129 autem
3524 1094 3665 1132 man-

2085 1152 2206 1240 dato
2230 1162 2488 1224 peccatum
2525 1157 2740 1223 revixit;
2780 1175 2871 1231 ego
2895 1171 3067 1215 autem
3107 1174 3335 1218 mortuus
3364 1182 3516 1232 sum;
3554 1167 3665 1239 jam

2084 1256 2144 1297 se
2174 1245 2420 1315 prmeepti
2441 1260 2715 1316 capacem,
2735 1250 2829 1303 sed
2861 1266 2966 1306 non
2988 1250 3280 1320 efﬁcacem,
3305 1262 3359 1310 et
3383 1256 3504 1314 ideo
3530 1274 3666 1328 pra:-

2083 1333 2432 1390 varicatorem
2469 1335 2601 1406 legis
2624 1338 2951 1395 ostenderet.

2153 1422 2377 1480 CAPUT
2414 1423 2596 1479 lX.—-
2622 1426 2707 1482 15.
2731 1424 3000 1483 Voluntate
3022 1441 3210 1501 peccat,
3245 1433 3331 1504 qui
3348 1435 3456 1489 solo
3487 1437 3666 1494 timore

2081 1529 2183 1568 non
2204 1525 2395 1584 peccat.
2413 1515 2521 1571 Nec
2549 1526 2758 1574 moveat
2779 1518 2922 1590 quod
2943 1520 3009 1575 ad
3032 1522 3401 1595 Philippenses
3428 1529 3659 1598 scripsit,

2081 1601 2371 1658 Secundum
2401 1605 2656 1673 justitiam
2680 1622 2794 1678 quas
2830 1609 2882 1663 in
2920 1609 3030 1680 lege
3066 1621 3159 1677 est,
3187 1614 3274 1684 qui
3309 1615 3527 1684 fuerim'
3555 1619 3665 1673 sine

2078 1691 2282 1762 querela
2329 1692 2587 1767 (Philipp.
2617 1711 2696 1763 ιιι,
2729 1698 2804 1770 6).
2853 1698 3031 1755 Potuit
3071 1701 3213 1756 enim
3255 1718 3376 1760 esse
3422 1706 3563 1762 intus
3608 1708 3663 1764 in

2078 1781 2444 1839 aﬂ‘ectionibns
2470 1786 2647 1855 pravis
2673 1790 3054 1858 praevaricator
3073 1791 3225 1863 legis,
3248 1804 3302 1850 et
3329 1804 3505 1853 tamen
3531 1814 3663 1855 con-

2075 1875 2257 1944 spicua
2286 1889 2451 1945 Opera
2479 1876 2612 1948 legis
2637 1878 2877 1948 implere,
2910 1880 2992 1935 vel
3021 1882 3211 1940 timore
3247 1884 3546 1956 hominum,
3576 1890 3661 1945 vel

2076 1964 2240 2034 ipsius
2276 1966 2402 2033 Dei;
2448 1967 2543 2024 sed
2586 1981 2759 2039 paenae
2799 1969 3106 2041 formidine,
3135 1989 3240 2028 non
3284 1975 3569 2034 dilectione
3605 1988 3662 2035 et

2074 2055 2464 2113 delectatione'
2488 2058 2731 2130 justitice.
2755 2060 2910 2117 Aliud
2932 2071 3013 2118 est
3037 2064 3178 2119 enim
3205 2066 3472 2124 voluntate
3497 2069 3659 2127 bene-

2073 2146 2299 2206 faciendi
2328 2149 2662 2221 benefacere,
2693 2153 2837 2209 aliud
2884 2164 3062 2210 autem
3103 2156 3169 2212 ad
3218 2159 3657 2218 malefaciendum

2072 2239 2152 2297 sic
2177 2240 2447 2298 voluntate
2467 2242 2733 2312 inclinari,
2769 2251 2829 2299 ut
2853 2245 3013 2301 etiam
3041 2245 3242 2303 laceret
3270 2249 3316 2303 si
3347 2249 3447 2306 hoc
3481 2263 3659 2322 posset

2073 2331 2288 2402 impune
2329 2334 2583 2404 permitti.
2623 2333 2757 2391 Nam
2783 2336 2861 2391 sic
2885 2337 3125 2409 profecto
3167 2342 3217 2395 in
3250 2342 3362 2411 ipsa
3390 2343 3531 2399 intus
3561 2362 3659 2402 vo-

2073 2422 2273 2479 luntate
2318 2433 2523 2495 peccat,
2547 2426 2638 2497 qui
2682 2442 2789 2482 non
2831 2429 3129 2498 voluntate,
3174 2433 3268 2488 sed
3315 2434 3505 2492 timore
3550 2452 3657 2494 non
3722 2436 3725 2439 ’

2070 2522 2274 2584 peccat.
2306 2514 2362 2570 In
2392 2516 2585 2587 quibus
2630 2517 2976 2576 interioribus
3021 2522 3134 2578 suis
3180 2523 3340 2580 talem
3387 2540 3445 2581 se
3490 2526 3653 2584 luisse

2069 2605 2243 2661 sciens
2259 2606 2544 2676 Apostolus
2558 2615 2682 2664 ante
2701 2610 2920 2679 gratiam
2942 2611 3061 2680 Dei,
3075 2629 3194 2684 quae
3205 2629 3301 2684 per
3311 2615 3489 2670 Jesnm
3504 2617 3657 2674 Chri-

2070 2701 2212 2748 stum
2260 2695 2541 2752 Dominum
2589 2706 2831 2754 nostrum
2874 2709 2977 2762 est.
3006 2701 3133 2758 alibi
3165 2703 3268 2759 hoc
3321 2707 3658 2775 apertissimo

2067 2782 2366 2840 conﬁtetur.
2389 2785 2640 2842 Scribens
2654 2788 2850 2860 quippe
2860 2789 2926 2844 ad
2941 2790 3229 2862 Ephesios:
3251 2792 3320 2848 Et
3340 2810 3448 2859 vos,
3466 2795 3654 2867 inquit,

2069 2889 2184 2927 cum
2209 2875 2379 2930 essetis
2407 2878 2594 2932 mortui
2618 2878 2817 2934 delictis
2851 2890 2900 2935 et
2928 2885 3147 2952 peccatis
3170 2885 3369 2957 vestris,
3393 2886 3449 2942 in
3472 2887 3652 2958 quibus

2070 2965 2346 3036 aliquando
2378 2969 2674 3025 ambulastis
2702 2972 2977 3028 secundum
3006 2976 3246 3029 sa'culum
3274 2978 3446 3033 mundi
3473 2980 3651 3053 hujus,

2067 3058 2340 3114 secundum
2369 3061 2651 3133 principem
2680 3065 2937 3140 potgstatis
2977 3067 3128 3135 aeris,
3164 3068 3374 3141 spiritus
3397 3072 3527 3143 ejus,
3568 3074 3654 3143 qui

2069 3168 2205 3206 nunc
2233 3162 2471 3225 operatur
2494 3154 2546 3208 in
2590 3155 2710 3224 filiis
2739 3156 3032 3228 difﬁdentitz
3057 3158 3111 3214 in
3133 3160 3314 3229 quibus
3338 3173 3388 3217 et
3413 3179 3507 3217 nos
3534 3181 3649 3219 om-

2069 3258 2157 3297 nes
2184 3243 2458 3313 aliquando
2478 3247 2756 3300 consersati
2778 3264 2952 3303 sumus
2977 3248 3031 3303 in
3068 3248 3328 3306 desideriis
3352 3254 3519 3308 carnis
3556 3271 3653 3309 no-

2067 3343 2205 3401 stras,
2241 3336 2481 3405 facientes
2500 3336 2805 3392 voluntatem
2824 3340 2991 3394 carnis
3019 3348 3066 3394 et
3089 3339 3433 3411 alfectionum,
3461 3354 3512 3400 et
3534 3361 3651 3402 era-

2066 3442 2181 3481 mus
2209 3427 2505 3481 naturaliter
2543 3428 2641 3497 ﬁlii
2682 3429 2791 3494 irte,
2820 3430 2950 3485 sicut
2986 3440 3033 3485 et
3071 3433 3238 3488 ceteri
3258 3450 3280 3489 :
3317 3434 3452 3490 Deus
3479 3447 3649 3492 autem

2065 3518 2152 3588 qui
2178 3517 2315 3573 dives
2340 3527 2414 3572 est
2455 3519 2509 3573 in
2552 3519 2916 3587 misericordia,
2945 3531 3151 3593 propter
3180 3523 3391 3578 multam
3419 3526 3649 3581 dilectio-

2068 3625 2179 3663 nem
2206 3625 2307 3676 qua
2344 3610 2521 3665 dilexit
2558 3627 2668 3675 nos,
2692 3620 2741 3665 et
2780 3627 2895 3667 cum
2934 3628 3155 3668 essemus
3192 3616 3381 3670 mortui
3410 3619 3647 3686 peccatis,

2065 3701 2429 3771 conviviﬁcavit
2463 3718 2555 3756 nos
2575 3700 2794 3769 Christo,
2812 3703 2957 3769 cujus
2974 3704 3139 3772 gratia
3163 3721 3339 3760 sumus
3365 3708 3494 3762 salvi
3523 3710 3649 3780 facti

2067 3791 2278 3863 (Ep/tes.
2321 3807 2380 3857 tt,
2425 3793 2565 3862 1-5).
2598 3792 2799 3849 Rursus
2839 3793 2907 3848 ad
2939 3792 3155 3849 Titum:
3199 3794 3414 3851 Fuimus
3442 3800 3570 3851 enim
3601 3809 3649 3853 et

2065 3899 2176 3948 nos,
2207 3884 2396 3954 inquit,
2426 3883 2566 3939 stulti
2603 3885 2876 3956 aliquando
2905 3895 2952 3940 et
2978 3886 3245 3952 increduli,
3271 3898 3515 3958 errantes,
3538 3908 3646 3945 ser-

2064 3975 2246 4028 vientes
2290 3973 2549 4029 desideriis
2595 3984 2643 4029 et
2683 3976 3025 4044 voluptatibus
3066 3978 3237 4042 variis,
3271 3979 3325 4033 in
3368 3981 3561 4036 malitia
3602 3993 3649 4036 et

2064 4066 2252 4121 invidia
2290 4076 2513 4136 agentes,
2561 4066 2951 4134 abominabiles,
2982 4069 3196 4124 invicem
3233 4070 3352 4126 odio
3390 4072 3644 4128 habentes.

2063 4148 2205 4211 Talis
2232 4156 2421 4212 Saulus
2444 4156 2560 4237 fuit,
2588 4158 2802 4229 quando
2828 4158 3119 4214 secundum
3145 4160 3405 4229 justitiam
3433 4179 3552 4233 qum
3591 4166 3644 4220 in

2064 4250 2180 4321 lege
2206 4258 2308 4316 est,
2336 4251 2453 4306 sine
2485 4251 2698 4321 querela
2744 4251 2906 4307 fuisse
2943 4267 3003 4309 se
3030 4253 3175 4308 dicit.
3214 4253 3347 4309 Nam
3386 4257 3507 4326 quia
3537 4272 3644 4313 non

2063 4351 2180 4410 post
2211 4342 2349 4397 hanc
2394 4342 2801 4398 abominabilem
2846 4343 3030 4409 vitam,
3063 4352 3121 4399 ut
3163 4353 3308 4400 esset
3353 4347 3468 4401 sine
3507 4364 3643 4417 que-

2061 4431 2195 4499 rela,
2222 4431 2275 4486 in
2319 4433 2435 4502 lege
2476 4432 2793 4501 profecerat,
2838 4449 3121 4504 moresque
3162 4446 3491 4500 mutaverat,
3528 4441 3642 4492 cvi-

2059 4521 2251 4599 denter
2292 4522 2348 4576 in
2382 4521 2497 4577 ltis‘
2524 4539 2641 4594 qua:
2669 4534 2965 4593 sequuntur
3009 4525 3276 4590 ostendit;
3306 4529 3641 4598 quandoqui-

2057 4609 2180 4664 dem
2223 4619 2480 4665 mutatum
2525 4627 2584 4666 se
2627 4628 2733 4667 non
2774 4613 2903 4667 dicit
2931 4614 2998 4667 ab
3048 4613 3134 4667 bis
3176 4614 3350 4677 malis,
3397 4617 3496 4669 nisi
3547 4632 3642 4685 per

2058 4702 2282 4771 gratiam
2307 4700 2617 4758 Salvatoris.
2650 4701 2957 4772 Adjungens
2982 4702 3123 4757 enim
3156 4703 3254 4758 huc
3285 4705 3452 4772 ipsum
3479 4706 3637 4759 etiam

2060 4792 2164 4859 hic,
2206 4793 2342 4846 sicut
2366 4791 2432 4847 ad
2461 4792 2778 4861 Ephesios“,
2811 4794 2882 4846 ait
2906 4810 2921 4848 :
2953 4791 3078 4847 Cum
3107 4804 3271 4845 autem
3294 4793 3572 4863 benignitas
3593 4808 3640 4847 et

2059 4883 2345 4936 humanitas
2372 4883 2538 4937 illuxit
2565 4884 2847 4938 Saluatoris
2870 4884 3030 4938 nostri
3051 4883 3167 4947 Dei,
3195 4902 3291 4938 non
3318 4903 3380 4939 ea:
3405 4890 3637 4958 operibus

2045 4974 2282 5044 justitiaz,
2304 4990 2418 5044 qua
2455 4991 2547 5028 nos
2576 4975 2821 5045 fecimus;
2859 4974 2950 5029 sed
2974 4979 3245 5029 secundum
3271 4995 3412 5030 suam
3444 4982 3639 5031 miseri-

2055 5068 2278 5121 cordiam
2307 5068 2471 5119 salvos
2507 5082 2598 5119 nos
2625 5067 2737 5135 fecit
2770 5082 2858 5134 per
2892 5067 3147 5119 lavaa'um
3177 5071 3564 5137 regenerationis
3591 5084 3636 5124 ct

2055 5158 2390 5213 renovationis
2424 5157 2647 5226 Spiritus
2676 5157 2855 5219 sancti,
2885 5174 3029 5226 quem
3066 5161 3309 5213 ditissime
3339 5161 3517 5227 effudit
3545 5180 3634 5215 su-

2056 5267 2144 5319 per
2170 5267 2277 5313 nos,
2312 5266 2401 5319 per
2426 5248 2599 5302 Iesum
2630 5249 2884 5301 Christum
2932 5248 3249 5303 Salvatorrm
3279 5264 3541 5313 nostrum:
3581 5265 3634 5306 nt

2043 5340 2312 5411 justiﬁcati
2353 5339 2519 5410 gratia
2553 5339 2741 5408 ipsius,
2785 5339 3005 5394 Ineredes
3046 5341 3317 5409 efficiamur
3358 5350 3634 5395 secundum

2051 5448 2190 5500 spem
2214 5432 2326 5484 vitae
2345 5441 2544 5485 teternte
2572 5428 2700 5498 (Tit.
2743 5446 2819 5493 Ill,
2859 5432 2891 5485 5
2920 5430 2998 5502 7).
3688 5417 3711 5429 ’

2114 5582 2131 5615 ⁸
2167 5581 2301 5637 mliti,
2328 5594 2529 5643 peccans
2549 5586 2811 5648 peccatum.
2829 5590 3005 5648 anes
3036 5590 3160 5648 usa,
3180 5589 3399 5648 peccator
3418 5589 3499 5633 aut
3521 5594 3639 5645 pec-

2048 5649 2223 5711 catum.
2248 5651 2406 5692 (theae
2433 5651 2504 5711 est
2522 5680 2534 5700 ,
2559 5657 2682 5711 mtuo
2697 5643 2819 5711 tfrlos'
2835 5644 2861 5693 ἐ
2884 5644 3108 5694 anun'tia.

2112 5709 2132 5737 ⁸
2165 5708 2237 5755 sic
2260 5712 2362 5753 Mss.
2390 5705 2524 5759 t-Lditi,
2550 5706 2672 5766 quod
2695 5706 2747 5765 fu
2766 5705 2856 5753 ‘t‘il.

2112 5767 2133 5799 ³
2158 5767 2363 5815 Vaticani
2395 5762 2817 5823 uidits‘iittiittttnt,
2840 5772 2885 5816 et
2910 5762 3233 5816 delectatione.

2111 5826 2133 5859 ⁸
2165 5830 2236 5877 sic
2261 5839 2358 5875 Ain.
2386 5834 2458 5889 t‘r.
2487 5836 2536 5877 ut
2555 5834 2658 5875 Mss.
2687 5821 2837 5876 Blitio
2862 5836 2990 5883 μοι-η
3013 5826 3252 5877 ez't'Jeuter
3266 5823 3313 5873 in
3330 5821 3403 5875 his
3421 5836 3529 5889 que
3549 5835 3623 5874 se.

2049 5897 2273 5952 ςωεηων.
2303 5891 2333 5948 [ε
2352 5888 2394 5952 ifi
2412 5895 2563 5937 tenter
2589 5889 2662 5952 lsi:
2682 5902 2790 5948 (fit!!!
2807 5892 3105 5952 aequandum]

2113 5953 2133 5986 ⁵
2167 5951 2297 6012 mliti,
2326 5950 2443 6000 sicut
2468 5951 2530 6000 ad
2562 5950 2725 6002 iitum.
2753 5948 3067 5999 Farteudantur
3086 5962 3148 5998 ex
3176 5948 3508 6012 ntanuscrlptis
