4096 6504
497 471 598 526 559

573 587 652 640 l6.
675 585 824 651 Quod
852 596 1027 641 autem
1057 588 1128 640 ait
1157 589 1208 642 in
1235 587 1336 642 hoc
1366 587 1612 655 Epistula:
1643 587 1761 640 loco
1789 585 1852 639 ad
1881 585 2074 638 Roma-

499 693 616 742 nos,
652 676 919 731 Peccatum
949 689 1001 732 ut
1025 689 1268 749 appareat
1309 691 1590 748 peccatum,
1623 695 1709 747 per
1734 683 1916 730 bonum
1955 677 2076 728 mihi

499 778 756 838 operatum
784 780 854 822 est
881 779 1127 832 mortem;
1155 769 1396 840 congruit
1428 767 1790 838 superioribus
1812 766 1896 820 ubi
1923 766 2075 821 dixit.

504 858 608 913 Sed
634 870 888 928 peccatum
915 875 1014 913 non
1058 859 1287 928 cognovi,
1319 859 1417 913 nisi
1446 875 1533 927 per
1579 856 1774 926 legem;
1804 873 1921 910 nam
1957 871 2080 908 con—

501 951 856 1018 cnpiscentiam
901 951 1198 1014 nesciebam,
1244 949 1341 1004 nisi
1391 949 1473 1003 lea:
1508 947 1713 1011 diceret,
1749 945 1870 1001 Non
1899 961 2082 999 concu-

503 1044 684 1111 pisces.
729 1041 792 1096 Et
823 1041 1089 1110 superius,
1134 1038 1236 1094 Per
1259 1040 1416 1110 legem
1445 1039 1661 1110 cognitio
1699 1037 1932 1108 peccati:
1981 1037 2082 1092 hoc

503 1131 646 1184 cnim
673 1139 726 1185 et
754 1129 839 1185 hic
860 1130 1012 1195 dixit,
1037 1140 1088 1184 ut
1112 1139 1356 1202 appareat
1381 1140 1680 1201 peccatum:
1710 1137 1765 1183 ut
1791 1127 1914 1182 illud
1939 1127 2080 1198 quod

501 1221 729 1283 dixerat,
759 1220 884 1276 Sine
913 1219 1019 1292 lege
1044 1221 1178 1275 enim
1212 1229 1470 1292 peccatum
1517 1226 1770 1272 mortuum
1815 1227 1928 1284 est;
1975 1233 2080 1272 non

505 1311 862 1382 intelligamus
900 1312 1000 1367 nisi
1031 1321 1279 1381 tanquam
1320 1326 1425 1366 non
1454 1311 1542 1376 sit,
1576 1310 1750 1376 Latet,
1778 1324 1886 1365 non
1919 1324 2090 1380 appa-~

504 1389 614 1467 τιιί,
669 1405 879 1474 penitus
931 1403 1222 1474 ignoratur,
1265 1413 1512 1472 tanquam
1556 1402 1608 1455 in
1661 1400 1841 1455 nescio
1891 1399 2083 1469 quibus

499 1497 817 1567 ignorantia:
849 1496 1081 1552 tenebris
1121 1495 1191 1552 sit
1225 1495 1511 1566 sepultum.
1543 1493 1610 1548 Et
1633 1491 1772 1563 quod
1815 1492 1918 1558 ait,
1973 1490 2082 1561 Ego

503 1601 672 1642 autem
701 1589 920 1642 vivebam
949 1589 1220 1658 aliquando
1238 1587 1346 1642 sine
1372 1587 1518 1656 lege;
1563 1584 1690 1657 quid
1717 1587 1811 1650 ait,
1835 1585 1957 1648 nisi,
1985 1583 2081 1640 Vi-

505 1695 630 1734 vere
685 1678 812 1733 mihi
862 1678 1114 1733 videbar?
1162 1679 1228 1734 Et
1267 1675 1410 1747 quod
1453 1675 1728 1746 adjunxit,
1778 1674 2084 1729 Adoeniente

507 1779 672 1822 autem
701 1773 936 1823 mandato
958 1779 1212 1838 peccatum
1232 1769 1440 1834 reuixit;
1469 1767 1594 1838 quid
1615 1776 1698 1824 est
1715 1765 1878 1832 aliud,
1901 1780 2083 1837 quam,

505 1854 767 1912 Eminuit’
815 1867 870 1914 et
911 1857 1192 1928 apparuit?
1235 1856 1344 1913 Nec
1392 1867 1568 1912 tamen
1608 1857 1712 1922 ait,
1743 1855 1916 1921 Vixit;
1965 1855 2081 1923 sed,

507 1949 704 2002 revixit.
741 1947 955 2002 \‘ixerat
995 1947 1137 2002 enim
1167 1945 1453 2016 aliquando
1499 1946 1550 2001 in
1580 1945 1846 2016 paradiso,
1872 1945 2085 2015 quando

503 2047 684 2092 contra
711 2037 889 2091 datum
918 2045 1242 2108 praeceptum
1283 2037 1412 2091 satis
1440 2036 1728 2106 apparebat
1755 2035 2080 2090 admissum:

504 2143 623 2182 cum
649 2135 826 2181 autem
852 2142 881 2180 a
912 2125 1250 2182 nascentibus
1274 2125 1520 2191 trahitur,
1545 2133 1796 2196 tanquam
1816 2133 2084 2180 mortuum

505 2220 573 2272 sit
601 2219 748 2283 latet,
776 2217 948 2272 donec
975 2232 1274 2288 repugnans
1299 2215 1522 2287 iustitiae
1543 2217 1738 2271 malum
1764 2215 1878 2286 ejus
1905 2215 2087 2286 prohi-

506 2309 704 2362 bitione
731 2307 1005 2373 sentiatur,
1025 2321 1145 2360 cum
1167 2305 1312 2361 aliud
1329 2305 1549 2375 jubetur
1562 2313 1721 2376 amne
1737 2305 2084 2376 approbatur,

504 2395 646 2448 aliud
676 2395 904 2450 delectat
943 2402 1100 2465 atque
1129 2395 1469 2449 dominatur:
1509 2403 1635 2450 tunc
1661 2402 1934 2465 peccatum
1955 2409 2088 2466 quo-

505 2487 627 2540 dam
649 2485 808 2540 modo
856 2487 908 2540 in
949 2484 1134 2540 notitia
1157 2486 1266 2540 nati
1292 2485 1522 2540 hominis
1546 2485 1834 2554 reviviscit,
1861 2485 2003 2555 quod
2033 2487 2089 2542 in

507 2576 690 2630 notitia
718 2575 979 2646 primum'
999 2575 1120 2630 lacti
1161 2575 1391 2632 hominis
1421 2576 1704 2646 aliquando
1727 2575 1836 2646 jam
1859 2576 2084 2631 vixerat.

575 2665 800 2723 CAPUT
839 2665 908 2722 X.
951 2697 1022 2707 —
1068 2667 1156 2722 i7.
1201 2667 1440 2736 Sequitur
1463 2669 1524 2723 de
1563 2669 1735 2722 eadent
1773 2678 2086 2739 argumento.

507 2755 610 2812 Sed
637 2758 778 2828 quod
805 2757 1042 2827 sequitur
1059 2800 1074 2824 ,
1100 2773 1204 2814 non
1243 2759 1314 2815 ita
1339 2759 1645 2830 expeditum
1673 2767 1757 2816 est
1775 2800 1791 2827 ,
1822 2761 2091 2831 quomodo

503 2847 571 2902 de
593 2847 758 2902 Paulo
782 2849 948 2916 possit
970 2847 1212 2920 intelligi.
1241 2848 1443 2904 Scimus
1466 2849 1620 2918 enim,
1651 2849 1841 2920 inquit,
1869 2850 1988 2921 quia
2007 2851 2090 2906 lea:

503 2937 782 3010 spiritualis
808 2947 915 3004 est;
941 2955 1031 3012 ego
1065 2949 1231 2994 autem
1254 2941 1472 2995 carnalis
1497 2957 1611 2994 sum
1643 2939 1816 3012 (Rom.
1837 2956 1907 2996 vn
1923 2980 1939 3007 ,
1969 2941 2084 3013 14).

503 3030 617 3084 Non
653 3030 764 3096 ait,
793 3031 888 3086 Fui
915 3050 931 3087 :
959 3031 1055 3088 sed
1079 3074 1094 3098 ,
1123 3049 1256 3088 sum.
1303 3032 1571 3104 Numquid
1609 3048 1737 3104 ergo
1760 3033 2047 3103 Apostolus
2069 3075 2084 3102 ,

503 3139 622 3178 cum
651 3124 765 3178 haec
795 3126 1092 3194 scriberet,
1119 3129 1352 3184 carnalis
1374 3127 1516 3184 fuit?
1545 3130 1627 3182 An
1652 3129 1944 3184 secundum
1967 3143 2090 3185 cor-

503 3231 602 3285 pus
622 3218 721 3274 hoc
741 3219 1090 3277 dicit?Adhuc
1109 3222 1250 3276 enim
1274 3229 1389 3276 erat
1404 3221 1456 3276 in
1473 3236 1698 3291 corpore
1717 3221 1906 3276 mortis
1927 3220 2088 3291 hujus

504 3307 692 3376 (Ibid,
713 3308 828 3380 24),
858 3309 1092 3366 nondum
1121 3311 1260 3367 tacto
1280 3311 1301 3344 ⁸
1319 3311 1461 3382 quod
1481 3311 1606 3366 alibi
1625 3311 1774 3380 dicit,
1798 3312 2089 3369 Seminatur

504 3415 688 3468 corpus
719 3401 968 3468 animale,
1005 3412 1172 3472 surget
1192 3400 1214 3432 ⁸
1243 3418 1426 3472 corpus
1448 3402 1710 3472 spirituale
1741 3401 1797 3474 (ι
1822 3397 1942 3458 Cor.
1980 3417 2085 3469 xv,

502 3491 613 3562 tt).
644 3490 794 3546 'l‘unc
837 3491 978 3547 enim
1010 3507 1074 3547 ex
1106 3501 1217 3548 toto
1247 3507 1308 3548 se
1329 3534 1346 3560 ,
1373 3492 1428 3549 id
1450 3501 1567 3560 est,
1597 3507 1664 3548 ex
1692 3501 1915 3564 utraque
1939 3501 2089 3564 parto

501 3596 603 3650 qua
634 3588 876 3645 constat,
905 3580 1196 3652 spiritualis
1225 3583 1386 3638 homo
1409 3583 1546 3652 erit,
1577 3583 1790 3654 quando
1816 3583 2089 3655 spirituale

501 3673 660 3727 etiam
701 3688 897 3743 corpus
923 3673 1046 3728 erit.
1074 3673 1258 3744 Neque
1286 3675 1431 3730 enim
1475 3674 1763 3730 absurdum
1791 3684 1876 3732 est
1893 3717 1910 3744 ,
1938 3685 1995 3731 ut
2019 3677 2090 3732 sit

502 3763 554 3817 in
579 3763 665 3818 illa
693 3764 798 3819 vita
819 3764 980 3820 etiam
1007 3778 1132 3827 caro
1151 3764 1472 3834 spiritualis;
1495 3764 1538 3820 si
1569 3766 1738 3835 potuit
1761 3779 1880 3822 esse
1908 3765 1961 3821 in
1990 3766 2090 3822 hac

501 3855 629 3918 vita,
653 3855 705 3908 in
732 3853 814 3910 his
843 3853 932 3925 qui
957 3854 1130 3931 adhuc
1155 3855 1386 3909 carnalia
1413 3855 1658 3926 sapiunt,
1682 3857 1842 3912 etiam
1873 3857 2090 3928 spiritus

501 3947 614 4013 ipso
639 3944 886 4000 carnalis.
917 3943 1008 3999 Sic
1033 3959 1160 4015 ergo
1191 3945 1310 4000 ideo
1339 3944 1501 4012 dixit,
1537 3945 1645 4018 Ego
1675 3955 1845 4002 autem
1868 3948 2090 4002 carnalis

501 4049 652 4100 sunt;
679 4034 801 4104 quia
834 4033 1067 4090 nondum
1098 4034 1371 4104 Spirituale
1395 4049 1588 4107 corpus
1618 4037 1844 4092 habebat
1864 4038 2091 4108 Aposto-

504 4127 611 4180 lus.
660 4127 807 4182 Sicut
839 4135 1017 4197 posset
1063 4127 1256 4190 dicere,
1296 4128 1406 4197 Ego
1438 4137 1615 4184 autem
1657 4130 1898 4185 mortalis
1923 4145 2038 4185 sum
2071 4148 2086 4185 :

506 4217 646 4290 quod
670 4217 851 4288 utique
877 4234 983 4272 non
1029 4218 1126 4272 nisi
1158 4217 1450 4273 secundum
1486 4233 1680 4289 corpus
1706 4219 2092 4291 intelligeretur

507 4307 734 4372 dixisse,
762 4307 904 4378 quod
929 4307 1162 4364 nondum
1196 4306 1369 4363 fuerat
1395 4309 1793 4366 immortalitate
1819 4311 2086 4366 vestitum.

507 4405 634 4458 item
661 4403 801 4473 quod
831 4403 1068 4473 adjunxit
1087 4446 1101 4470 ,
1137 4403 1462 4458 Venundatus
1485 4402 1576 4458 sub
1601 4413 1802 4475 peccato
1821 4420 1840 4460 :
1857 4419 1924 4460 ne
1947 4407 2093 4478 quis-

503 4511 658 4562 quam
686 4509 806 4548 eum
835 4493 1068 4548 nondum
1101 4493 1432 4564 redemptum
1456 4492 1654 4548 Christi
1681 4495 1939 4566 sanguine
1968 4497 2087 4551 exi-

502 4587 713 4651 stimet,
758 4586 917 4639 etiam
970 4585 1072 4640 hoc
1118 4584 1408 4640 secundum
1457 4585 1586 4640 illud
1631 4593 1806 4656 potest
1833 4586 2085 4658 intelligi,

501 4675 640 4744 quod
686 4675 790 4741 ait,
823 4673 888 4728 Et
917 4692 1007 4730 nos
1037 4675 1289 4746 primitias
1316 4675 1548 4730 habentes
1571 4676 1778 4746 spiritus
1800 4717 1814 4742 ,
1849 4685 1895 4732 et
1915 4677 2010 4748 ipsi
2035 4679 2088 4732 in

501 4768 864 4839 nobismetipsis
897 4767 1298 4839 ingemiscimus,
1341 4766 1662 4837 adoptionem
1707 4777 2044 4838 exspectantes
2067 4809 2084 4836 ,

500 4861 889 4928 redemptionem
913 4861 1140 4930 corporis
1163 4859 1320 4914 nostri
1348 4857 1521 4930 (Rom.
1544 4875 1634 4914 vttt
1653 4901 1669 4925 ,
1701 4857 1814 4930 25).
1861 4859 1916 4916 Si
1941 4860 2084 4915 enim

501 4950 789 5004 secundum
813 4949 916 5006 hoc
934 4967 991 5004 sc
1012 4949 1140 5005 dicit
1162 4948 1516 5004 venundatum
1548 4949 1648 5003 sub
1677 4957 1914 5018 peccato,
1945 4950 2086 5020 quod

501 5039 675 5094 adhuc
701 5054 804 5093 non
834 5049 910 5094 cst
940 5039 1270 5110 redemptum
1297 5055 1328 5094 a
1353 5039 1692 5110 corruptione
1719 5055 1912 5110 corpus
1937 5041 2083 5110 ejus;

502 5133 584 5185 vel
619 5133 974 5186 venundatum
1025 5133 1306 5204 aliquando
1351 5134 1403 5188 in
1450 5135 1616 5202 prima
1663 5136 2086 5205 transgressione

505 5223 754 5292 [ιι-περίκειιί
777 5263 791 5286 ,
817 5232 876 5276 ιιι
903 5223 1120 5278 haberet
1147 5239 1340 5294 corpus
1364 5223 1708 5294 corruptibile
1733 5225 1872 5294 quod
1899 5241 2086 5296 aggra-

507 5325 590 5367 vat
619 5315 848 5367 animam
881 5311 1034 5384 (Sap.
1058 5329 1112 5369 tx
1133 5356 1148 5381 ,
1181 5315 1266 5386 l5)
1297 5330 1310 5368 :
1337 5314 1460 5386 quid
1490 5315 1736 5384 prohibet
1755 5315 1842 5370 hic
1866 5316 2088 5386 Aposto-

504 5405 611 5460 iunt
639 5404 854 5473 intelligi
875 5405 942 5458 de
961 5417 1018 5458 se
1039 5404 1153 5473 ipso
1178 5405 1374 5470 dicere,
1401 5405 1539 5476 quod
1565 5407 1632 5460 ita
1658 5405 1814 5473 dicit,
1834 5415 1902 5466 .ut
1925 5407 2084 5464 etiam

571 5557 586 5588 ι
625 5554 830 5604 vaticani
853 5561 982 5611 Mss,
1007 5552 1215 5606 emicuit.

565 5621 586 5650 ι
620 5618 692 5678 sic
715 5623 816 5678 Mss.
835 5623 887 5664 At
903 5616 1020 5678 editi
1037 5627 1135 5664 am.
1155 5625 1207 5666 et
1229 5623 1447 5676 t1r.t.ov.,
1465 5616 1624 5678 primi.
1651 5625 1702 5669 Et
1717 5620 1837 5670 infra
1854 5627 1961 5672 Inv.
1981 5631 2086 5674 tan-

501 5685 621 5736 tum,
635 5677 742 5738 jam
762 5675 950 5726 vixerit.

568 5740 590 5803 ξ
622 5737 796 5803 [hct-1r.
825 5747 877 5787 ct
911 5745 1018 5803 lpv.
1045 5737 1347 5803 addiderunt,
1368 5739 1622 5803 spt't't'tttali.

566 5799 588 5829 ι
621 5801 736 5868 aditi
758 5834 770 5858 ,
805 5799 975 5862 surgit.
1034 5801 1332 5862 Manuscripti
1361 5799 1574 5864 {surget
1604 5815 1620 5852 :
1651 5803 1788 5865 juxta
1826 5818 2036 5866 grzncum
2063 5843 2076 5868 ,

502 5867 723 5921 σφιν-ειυς
732 5896 744 5908 .

1103 472 1374 528 CONTRA
1418 472 1594 528 DUAS
1635 469 2005 526 EPISTOLAS
2046 467 2599 534 FELAGMNORUM,
2640 475 2698 531 S.
2751 475 3124 534 AUGUSTINI

3656 477 3762 533 560

2187 582 2237 636 in
2267 584 2383 652 ipso
2408 587 2573 654 possit
2595 587 2844 656 ‘intelligi
2867 589 3105 652 ;etiamsi
3129 588 3184 644 in
3209 602 3300 642 sua
3331 603 3552 661 persona
3571 604 3674 643 nan
3703 606 3762 646 se

2185 675 2388 740 stilum,
2416 677 2508 732 scd
2539 693 2724 735 omnes
2769 680 2935 748 accipi
2970 681 3132 744 velit,
3158 681 3245 750 qui
3276 694 3332 733 se
3362 689 3619 734 noverunt
3649 683 3763 750 spi-

2185 764 2360 818 ritttuli
2392 765 2744 822 delectatione
2771 771 2790 800 ³
2823 784 2941 824 cum
2972 769 3147 824 carnis
3169 770 3448 825 alit-ctione
3472 771 3588 827 sine
3627 788 3762 828 cou-

2185 856 2434 910 Scnsione
2462 856 2788 928 conﬂigere?

2257 945 2344 1000 18.
2371 947 2453 1000 An
2495 945 2634 1002 forte
2671 948 2956 1004 metuimus
2999 963 3060 1004 ea
3107 964 3227 1019 qua:
3266 959 3581 1020 sequuntur.
3615 951 3766 1016 Quod

2185 1035 2316 1088 enim
2344 1051 2542 1106 operor,
2568 1037 2745 1108 ignoro
2767 1053 2785 1093 :
2811 1054 2912 1092 non
2935 1038 3070 1092 enim
3097 1040 3229 1108 quod
3251 1041 3381 1102 uolo,
3404 1040 3498 1094 hoc
3521 1057 3657 1111 ago;
3679 1041 3767 1094 sed

2185 1123 2320 1194 quod
2344 1125 2430 1180 odi
2449 1169 2463 1189 ,
2489 1127 2619 1184 illud
2647 1129 2778 1198 facio
2799 1145 2818 1184 :
2849 1145 2914 1183 ne
2941 1129 3078 1184 forte
3099 1145 3162 1184 ex
3192 1129 3272 1184 his
3303 1131 3477 1184 verbis
3506 1133 3766 1202 quispiam

2185 1215 2488 1270 consentire
2529 1217 2704 1271 carnis
2745 1219 3186 1286 COIICUpisCCIHiﬂ‘.
3214 1219 3280 1273 ad
3322 1235 3480 1288 opera
3515 1223 3648 1275 mala
3674 1237 3768 1275 su-

2186 1304 2419 1374 Spicetur
2457 1305 2848 1374 Apostolum’?
2873 1307 2978 1362 Sed
3017 1308 3458 1363 considerandum
3503 1321 3586 1364 est
3628 1311 3767 1379 quod

2185 1393 2419 1464 adjungit
2446 1413 2458 1449 :
2485 1393 2549 1451 Si
2569 1407 2734 1452 autem
2757 1397 2891 1468 quod
2914 1399 3031 1452 nolo
3049 1439 3066 1466 ,
3099 1399 3191 1452 hoc
3212 1399 3366 1467 facio,
3395 1401 3648 1454 consentio
3670 1401 3770 1472 legi

2186 1483 2423 1552 quoniam
2445 1485 2576 1540 bona
2601 1495 2694 1540 est.
2718 1487 2881 1558 Magis
2909 1488 3052 1542 enim
3081 1503 3138 1542 sc
3165 1487 3294 1544 dicit
3316 1489 3416 1560 legi
3443 1491 3767 1555 consentire,

2187 1589 2346 1643 quam
2381 1576 2558 1630 carnis
2583 1577 3050 1647 concupiscentiae.
3083 1579 3228 1633 lianc
3267 1580 3411 1634 enim
3443 1581 3640 1649 peccati
3670 1596 3770 1636 no-

2187 1665 2331 1722 mine
2371 1665 2623 1736 appellat.
2671 1665 2871 1723 Facere
2898 1684 3024 1740 ergo
3051 1683 3111 1724 se
3137 1668 3271 1723 dixit
3300 1680 3354 1724 et
3393 1670 3636 1740 operari,
3665 1687 3770 1726 non

2187 1753 2376 1810 affectu
2435 1756 2803 1814 consentiendi
2866 1768 2919 1813 et
2969 1759 3258 1828 implendi,
3309 1759 3403 1814 sed
3460 1761 3576 1830 ipso
3627 1772 3772 1816 motu

2188 1847 2625 1918 concupiscendi.
2653 1848 2791 1904 Hinc
2823 1865 2950 1920 ergo
2975 1891 2991 1918 ,
3020 1851 3226 1921 inquit,
3252 1853 3504 1906 consentio
3533 1853 3630 1924 ιτρε
3651 1870 3773 1923 qna-

2188 1937 2324 1990 niam
2350 1937 2478 1992 bona
2511 1947 2629 1994 est:
2659 1941 2942 2007 consentio,
2985 1941 3102 2011 quia
3143 1942 3269 1995 nolo
3313 1942 3453 2012 quod
3497 1958 3603 1996 non
3642 1944 3771 1998 vult.

2191 2029 2390 2085 Deinde
2431 2029 2592 2094 dicit,
2623 2029 2776 2085 Nunc
2812 2041 2979 2086 autem
2998 2033 3112 2103 jam
3153 2049 3256 2087 non
3279 2049 3372 2105 ego
3393 2049 3574 2101 aperor
3600 2032 3730 2088 illud
3753 2074 3770 2100 ,

2189 2121 2278 2176 sed
2323 2121 2378 2176 id
2399 2124 2534 2194 quod
2577 2123 2768 2180 habitat
2795 2125 2848 2180 in
2887 2141 2966 2178 me
2999 2135 3282 2196 peccatum.
3314 2126 3450 2194 Quid
3475 2136 3556 2181 est
3575 2168 3591 2192 ,
3619 2125 3671 2180 Ν
3679 2145 3776 2182 une

2189 2222 2378 2277 autem;
2405 2214 2504 2268 nisi
2527 2256 2542 2282 ,
2571 2212 2686 2270 Jam
2726 2229 2868 2271 nunc
2894 2215 2995 2271 sub
3030 2216 3197 2286 gratia
3219 2257 3234 2280 ,
3261 2233 3377 2287 qua:
3407 2217 3649 2273 liberavit
3674 2218 3774 2275 de-

2190 2301 2527 2359 lectationem
2556 2304 2842 2360 voluntatis
2869 2319 2900 2361 a
2928 2307 3282 2363 consensione
3305 2307 3633 2378 cupiditatis?
3655 2309 3774 2365 Non

2191 2394 2331 2448 enim
2362 2395 2554 2450 melius
2582 2395 2930 2466 intelligitur,
2963 2394 3087 2451 Non
3124 2413 3214 2468 ego
3257 2413 3457 2469 operor,
3504 2399 3604 2453 nisi
3650 2401 3774 2470 quia

2194 2497 2298 2537 non
2324 2485 2590 2540 consentit
2627 2485 2881 2542 exhibere
2909 2487 3146 2542 membra
3189 2503 3284 2543 sua
3313 2503 3458 2544 arma
3486 2491 3776 2561 iniquitatis

2191 2584 2411 2646 peccato
2462 2575 2637 2649 (Rom.
2689 2592 2781 2647 vt,
2835 2579 2946 2650 15).
2976 2578 3109 2634 Nam
3153 2581 3198 2634 si
3249 2589 3303 2636 et
3344 2583 3674 2652 concupiscit
3721 2593 3778 2640 et

2193 2669 2454 2722 consentit
2499 2676 2556 2724 et
2589 2670 2727 2740 agit;
2769 2670 3035 2742 quomodo
3061 2687 3166 2728 non
3190 2671 3304 2741 ipse
3329 2673 3457 2728 illud
3486 2684 3736 2745 operatur
3756 2717 3773 2744 ,

2192 2758 2398 2813 etiamsi
2415 2773 2474 2814 se
2497 2761 2705 2830 operari
2725 2760 2920 2826 doleat,
2939 2771 2995 2818 et
3023 2763 3159 2818 vinci
3184 2763 3414 2833 graviter
3429 2765 3775 2836 ingemiscat?

2265 2848 2351 2904 i9.
2377 2848 2492 2906 Jam
2525 2851 2652 2907 illud
2676 2851 2816 2922 quod
2842 2854 3099 2924 sequitur,
3133 2870 3310 2909 nonne
3332 2855 3472 2912 unde
3499 2857 3771 2927 loquatur,

2191 2940 2522 3012 apertissime
2573 2943 2848 2999 ostendit?
2873 2942 2994 3001 Scio
3022 2946 3156 3000 enim
3191 2949 3310 3017 quia
3347 2965 3449 3002 non
3491 2948 3682 3004 habitat
3723 2952 3778 3006 in

2193 3049 2293 3097 me,
2327 3031 2422 3087 hoc
2449 3043 2519 3088 est
2545 3035 2599 3090 in
2635 3052 2786 3090 carne
2823 3053 2932 3092 mea
2952 3079 2966 3103 ,
2998 3039 3200 3092 bonum.
3230 3037 3285 3096 Si
3312 3039 3454 3094 enim
3482 3055 3588 3095 non
3612 3056 3778 3112 expo-

2193 3131 2343 3177 neret
2367 3123 2724 3196 adiungendo,
2746 3125 2840 3181 hoc
2867 3137 2937 3182 est
2961 3128 3012 3182 in
3039 3144 3190 3182 carne
3215 3145 3345 3196 mea,
3372 3131 3528 3185 aliter
3550 3129 3779 3190 fortasse

2192 3212 2521 3283 acciperetur
2547 3216 2690 3285 quod
2713 3215 2844 3271 dixit
2867 3259 2880 3281 ,
2909 3218 2962 3271 in
2996 3234 3092 3272 me.
3121 3221 3196 3273 Ac
3219 3235 3313 3289 per
3341 3219 3443 3275 hoc
3466 3229 3648 3276 versat
3675 3221 3780 3278 hoc

2193 3303 2336 3361 idem
2361 3313 2630 3376 repetens,
2653 3316 2708 3362 et
2732 3307 3004 3366 inculcans
3029 3327 3042 3362 :
3082 3309 3220 3365 Velle
3252 3312 3384 3366 enim
3412 3311 3611 3384 adjacet
3630 3315 3777 3380 mihi;

2195 3397 2436 3467 perﬁcere
2465 3408 2634 3453 autem
2657 3400 2842 3454 bonum
2862 3442 2878 3467 ,
2907 3417 3028 3456 non.
3055 3400 3168 3458 Hoc
3211 3411 3293 3458 cst
3338 3405 3479 3460 enim
3523 3405 3776 3474 perlicere

2192 3487 2388 3543 bonum
2413 3529 2428 3554 ,
2460 3497 2515 3543 ut
2555 3503 2655 3546 nec
2694 3491 3036 3560 concupiscat
3077 3491 3256 3547 homo.
3288 3491 3656 3563 Imperfectum
3694 3503 3780 3550 est

2191 3586 2371 3635 autem
2411 3578 2630 3648 bonum,
2650 3580 2861 3652 quando
2903 3583 3260 3652 concupiscit,
3305 3583 3465 3638 etiam
3493 3584 3539 3640 si
3578 3599 3776 3640 concu-

2199 3668 2470 3740 piscentiae
2523 3685 2628 3725 non
2673 3671 2939 3728 consentit
2979 3671 3046 3727 ad
3076 3673 3295 3728 malum.
3329 3673 3451 3728 Non
3479 3675 3613 3728 enim
3641 3674 3780 3743 quod

2193 3755 2306 3812 uolo
2351 3758 2484 3830 facio
2511 3758 2730 3826 bonum,
2752 3759 2956 3830 inquit;
3007 3761 3096 3816 sed
3126 3761 3262 3832 quod
3293 3763 3410 3817 nolo
3446 3763 3654 3828 malum,
3683 3763 3780 3818 hoc

2193 3864 2311 3920 ago.
2349 3849 2409 3905 Si
2431 3860 2597 3905 autem
2631 3851 2768 3922 quod
2805 3853 2922 3908 nolo
2955 3869 3066 3923 ego,
3099 3853 3192 3908 hoc
3226 3854 3396 3923 facio;
3415 3857 3528 3926 jam
3559 3873 3660 3911 non
3687 3873 3780 3928 ego

2193 3954 2375 4010 aperor
2397 3940 2548 4007 illud,
2573 3941 2663 3996 sed
2688 3943 2822 4012 quod
2859 3944 3053 3999 habitat
3079 3947 3131 3998 in
3171 3963 3250 4001 me
3289 3957 3567 4018 peccatum.
3604 3947 3659 4003 ld
3687 3965 3777 4004 re-

2195 4028 2380 4098 petivit
2411 4028 2682 4086 inculcans
2703 4073 2719 4098 ,
2750 4041 2804 4088 et
2834 4041 3082 4104 tanquam
3115 4035 3448 4090 tardissimos
3474 4036 3541 4092 de
3589 4053 3780 4092 somno

2193 4123 2432 4180 excitans
2455 4139 2478 4180 ε
2510 4123 2718 4180 Invenio
2738 4143 2856 4198 ergo
2887 4127 3072 4197 legem,
3106 4127 3310 4198 inquit,
3338 4129 3463 4183 mihi
3490 4131 3676 4184 uolenti
3697 4135 3779 4202 [a-

2194 4233 2308 4272 cere
2333 4217 2514 4272 bortum
2540 4259 2554 4282 ,
2576 4218 2819 4288 quoniam
2869 4218 2994 4272 mihi
3038 4219 3228 4272 malum
3274 4219 3492 4292 adjacet.
3523 4221 3615 4276 llla
3651 4236 3781 4291 ergo

2195 4307 2392 4363 bonum
2436 4317 2518 4364 est
2557 4309 2751 4364 volenti
2778 4307 2954 4364 facere
2977 4350 2994 4375 ,
3024 4309 3228 4378 adjacet
3271 4319 3448 4364 autem
3489 4311 3686 4364 malum
3711 4327 3777 4366 ex

2195 4397 2618 4466 concupiscentia
2641 4437 2655 4461 ,
2681 4398 2766 4452 cui
2791 4412 2896 4454 non
2927 4399 3195 4454 consentit
3219 4399 3306 4470 qui
3335 4399 3502 4464 dicit,
3526 4399 3648 4454 lam
3676 4417 3778 4456 non

2195 4503 2286 4558 ego
2312 4503 2494 4557 operor
2513 4487 2665 4542 illud.

2264 4577 2354 4633 20.
2386 4577 2632 4647 Apertius
2675 4586 2851 4634 autem
2883 4579 3024 4648 quod
3075 4579 3314 4650 sequitur
3359 4588 3644 4649 utrumque
3683 4579 3780 4635 de-

2194 4670 2361 4726 clarat
2389 4689 2402 4726 :
2436 4670 2763 4728 Condelector
2791 4674 2924 4728 enim
2948 4673 3046 4745 legi
3073 4673 3171 4728 Dei
3190 4673 3463 4728 secundum
3489 4675 3780 4728 interiorem

2195 4759 2480 4827 hominem;
2519 4761 2661 4816 uideo
2685 4773 2852 4816 autem
2885 4763 3039 4817 aliaat
3066 4763 3224 4834 legem
3269 4765 3323 4818 in
3352 4764 3584 4818 membris
3612 4765 3735 4820 meis
3761 4807 3777 4828 ,

2193 4861 2553 4922 repugnantem
2578 4853 2675 4923 legi
2701 4853 2880 4908 mentis
2899 4868 3041 4918 mete,
3069 4861 3116 4905 et
3142 4853 3474 4923 captivantem
3500 4870 3576 4906 me
3595 4853 3647 4906 in
3673 4853 3782 4922 lege

2194 4942 2386 5011 peccati
2407 4939 2429 4972 ⁸
2452 4983 2468 5009 ,
2497 4957 2612 5012 qua!
2655 4951 2726 4996 est
2772 4943 2822 4995 in
2867 4941 3098 4997 membris
3139 4945 3279 4996 meis.
3317 4941 3420 4997 Sed
3445 4943 3582 5012 quod
3615 4942 3778 5006 dixit,

2133 5033 2142 5042 '
2194 5033 2525 5102 captivantem
2551 5049 2648 5095 me,
2676 5041 2848 5101 potest
2876 5047 3110 5094 movere,
3135 5033 3178 5086 si
3203 5033 3342 5086 nulla
3366 5033 3646 5087 consensio
3674 5043 3775 5086 est.

2193 5119 2344 5176 Unde
2369 5131 2582 5190 propter
2608 5122 2704 5174 tria
2733 5122 2852 5188 ista,
2871 5121 2978 5176 duo
2998 5122 3200 5178 scilicet
3223 5123 3290 5178 de
3313 5123 3503 5193 quibus
3519 5126 3627 5193 jam
3670 5123 3782 5177 dis-

2191 5212 2510 5289 pqtavimus,
2561 5211 2702 5280 quod
2733 5213 2834 5276 ait,
2868 5211 2981 5283 Ego
3007 5224 3177 5267 autem
3198 5213 3418 5268 carnalis
3439 5231 3574 5281 sum,
3599 5223 3672 5279 cl,
3698 5231 3778 5269 ve-

2191 5301 2447 5354 nundatus
2473 5299 2563 5354 sub
2585 5313 2788 5370 peccato
2807 5343 2822 5369 ,
2852 5312 2904 5357 et
2934 5303 3036 5358 hoc
3063 5306 3272 5359 tertium
3293 5347 3308 5368 ,
3339 5306 3673 5376 captivantem
3700 5323 3779 5359 me

2191 5389 2245 5444 in
2278 5390 2383 5460 lege
2408 5393 2629 5462 peccati,
2657 5407 2770 5461 qua
2800 5403 2872 5446 est
2891 5394 2944 5448 in
2974 5395 3206 5452 membris
3234 5397 3356 5451 meis
3377 5438 3391 5462 ,
3414 5407 3588 5468 potest
3609 5397 3778 5453 videri

2256 5503 2271 5566 ε
2307 5504 2586 5566 εἰρωδεηιη
2608 5503 2745 5562 editi,
2771 5512 2942 5566 posset.

2255 5565 2274 5596 ³
2307 5565 2528 5614 Gallicani
2549 5573 2672 5620 διεδ..
2700 5565 2966 5616 dilectione.

2253 5626 2274 5694 ξ
2287 5627 2488 5694 \‘aticaui
2501 5633 2539 5674 Μ
2565 5639 2604 5674 s.
2613 5626 2694 5679 .ad
2704 5640 2850 5694 opera
2859 5628 2986 5677 mala
2995 5635 3214 5694 sanctum
3237 5628 3484 5694 tpostolnm
3491 5637 3776 5694 susyncetar.

2253 5685 2274 5716 ⁸
2306 5687 2502 5754 ςὀώυρε
2541 5698 2664 5754 ass,
2705 5685 3018 5748 captivantem
3045 5702 3121 5740 me
3161 5685 3263 5754 lege
3280 5694 3470 5754 peccati
3499 5705 3518 5742 :
3543 5685 3596 5754 et
3633 5691 3774 5750 intra,

2188 5747 2503 5808 (aplit'tllllt'm
2525 5763 2618 5808 me,
2641 5749 2729 5816 hoc
2747 5745 3052 5816 caueat-nem
3075 5745 3246 5812 meam,
3273 5745 3372 5816 lege
3397 5753 3611 5816 peccati;
3634 5745 3781 5802 onus;

2187 5821 2238 5916 εἳ
2263 5818 2541 5916 οεὶιιδνκίιιυγ
2565 5825 2595 5872 p
2613 5811 2808 5869 trticula,
2834 5811 2901 5870 in,
2927 5825 3038 5874 quae
3062 5821 3114 5862 et
3151 5827 3180 5864 a
3217 5811 3375 5877 graeco
3397 5811 3540 5865 textu
3566 5811 3778 5881 Διωιωὶ

2187 5881 2216 5916 a
2237 5885 2308 5916 »ωδ
2332 5905 2343 5916 .

2187 5877 2343 5918 ειη-δι.
