4096 6524
298 403 391 459 SIBI

297 514 585 587 Apostolus
621 526 743 569 eum
782 505 1087 566 describere
1111 504 1199 575 qui
1226 502 1323 558 sub
1352 502 1467 574 lege
1500 498 1673 554 adhuc
1712 498 1838 551 vivit
1864 537 1879 559 ,

300 609 537 664 trandum
564 605 665 661 sub
712 603 900 676 gratia.
933 599 1037 655 Sed
1085 599 1221 653 sicut
1265 595 1351 650 illa
1372 593 1476 648 duo
1499 590 1839 661 exposuimus
1864 627 1880 650 ,

304 708 521 773 propter
546 712 762 755 carnem
789 695 963 750 adhuc
986 689 1384 760 corruptibilem
1407 686 1570 751 dicta;
1600 683 1679 739 sic
1703 691 1756 737 et
1782 681 1884 735 hoc

303 799 477 862 potest
518 787 777 859 intelligi,
806 797 864 840 ut
898 784 1233 856 captivantem
1269 796 1381 845 me,
1409 777 1640 841 dixerit,
1678 786 1841 828 carne
1864 811 1881 836 ,

301 900 406 938 non
435 888 648 946 mente;
675 878 910 950 motione
929 915 949 943 ,
993 890 1098 928 non
1136 870 1489 928 consensione
1520 884 1531 920 :
1565 876 1620 921 et
1648 863 1768 919 ideo
1793 878 1882 916 ca-

304 976 579 1046 ptivantem
604 988 702 1039 me,
730 970 851 1040 quia
872 979 925 1022 ct
953 968 1005 1022 in
1032 967 1144 1036 ipsa
1165 978 1327 1018 carne
1352 976 1458 1016 non
1486 966 1569 1014 est
1593 956 1764 1046 aliena
1790 969 1888 1046 na-

305 1044 418 1121 tura
442 1105 460 1131 ,
497 1063 591 1119 sed
639 1072 840 1117 nostra.
873 1059 1019 1115 Sicut
1043 1071 1170 1126 ergo
1208 1052 1456 1123 exposuit
1494 1050 1607 1121 ipse
1644 1045 1771 1118 quid
1800 1044 1885 1100 di-

303 1157 439 1210 xerit
457 1196 474 1222 ,
500 1154 619 1209 Scio
633 1153 765 1207 enim
785 1151 902 1220 quia
929 1166 1030 1202 non
1051 1148 1238 1200 habitat
1259 1145 1311 1198 in
1337 1157 1441 1207 me,
1461 1141 1554 1195 hoc
1574 1138 1716 1194 estin
1738 1151 1888 1190 carne

304 1265 413 1303 mea
435 1289 451 1313 ,
481 1246 664 1301 bonum
688 1260 706 1300 :
736 1246 812 1298 sic
838 1242 948 1313 jam
971 1242 986 1272 ⁸
1015 1255 1079 1296 ex
1112 1238 1251 1293 illius
1279 1232 1610 1305 expositione
1640 1228 1780 1283 hunc
1806 1227 1888 1281 lo-

303 1331 424 1396 cum
462 1339 720 1394 debemus
765 1335 1042 1404 accipere,
1070 1341 1322 1400 tanquam
1370 1324 1601 1390 dixerit,
1631 1321 1892 1391 captivan-

306 1444 403 1487 tem
429 1448 527 1495 me,
552 1431 655 1485 hoc
683 1438 765 1485 est
787 1469 801 1494 ,
825 1440 1041 1482 carnem
1065 1437 1238 1478 meam
1258 1462 1272 1489 ,
1300 1420 1354 1474 in
1383 1418 1490 1489 lege
1518 1413 1710 1486 peccati
1729 1454 1745 1481 ,
1776 1425 1890 1482 qua:

306 1535 377 1578 est
401 1524 453 1577 in
479 1521 711 1575 membris
734 1519 876 1573 meis.

377 1617 468 1670 2i.
501 1612 702 1668 Deinde
740 1607 1012 1680 subjungit
1041 1611 1253 1677 propter
1272 1599 1415 1673 quod
1447 1598 1584 1654 dicta
1613 1600 1738 1650 sunt
1778 1607 1893 1648 om-

312 1710 397 1763 nia
431 1724 444 1761 :
476 1704 634 1759 Miser
653 1720 743 1773 ego
765 1702 932 1764 homo,
957 1698 1069 1765 quis
1098 1711 1176 1750 me
1202 1692 1428 1748 liberabit
1453 1690 1515 1743 de
1536 1701 1744 1758 corpore
1759 1699 1894 1738 mor-

310 1803 375 1854 tis
409 1797 597 1868 hujus?
622 1793 800 1850 Gratia
849 1790 942 1844 Dei
970 1805 1059 1861 per
1093 1785 1271 1840 Iesum
1320 1782 1577 1838 Christum
1619 1775 1893 1831 Dominum

315 1901 559 1948 nostrum.
589 1888 762 1956 Atque
789 1883 913 1939 inde
940 1879 1241 1940 concludit,
1270 1875 1442 1948 Igitur
1476 1873 1586 1969 ipse
1614 1886 1704 1941 ego
1732 1876 1895 1969 mente

309 1984 472 2040 servio
521 1980 617 2051 legi
646 1978 738 2033 Dei
759 2018 774 2042 ,
801 1991 952 2031 carne
1000 1982 1165 2027 autem
1212 1970 1311 2040 legi
1352 1964 1583 2038 peccati:
1606 1974 1769 2018 carne
1791 1964 1897 2061 sci:

314 2075 437 2129 licet
460 2049 584 2142 legi—
603 2068 839 2142 peccati,
866 2060 1328 2134 concupiscendo;
1357 2065 1534 2112 mente
1582 2049 1893 2142 autemiegi

313 2165 446 2228 Dei,
477 2138 651 2218 eidem
689 2153 1132 2228 concupiscentiae
1160 2165 1265 2205 non
1295 2141 1697 2204 consentiendo.
1732 2138 1898 2193 Nulla

315 2271 433 2326 ergo
461 2249 806 2307 condemnatio
832 2258 903 2302 est
928 2260 1060 2301 nunc
1084 2244 1162 2298 his
1186 2241 1273 2312 qui
1299 2247 1416 2294 sunt
1447 2237 1501 2291 in
1531 2234 1728 2317 Christo
1745 2230 1893 2326 Iesu.

316 2322 432 2401 Non
472 2345 612 2400 enim
648 2342 959 2406 damnatur,
986 2336 1090 2391 nisi
1132 2334 1222 2405 qui
1251 2326 1697 2400 concupiscentiae
1721 2322 1898 2378 carnis

313 2435 580 2492 consentit
621 2433 687 2488 ad
715 2431 933 2486 malum.
958 2427 1067 2483 Lee:
1094 2425 1227 2480 enim
1248 2422 1459 2494 spiritus
1484 2419 1597 2472 vita:
1621 2417 1674 2470 in
1702 2414 1899 2468 Christo

316 2530 347 2583 J
356 2545 442 2583 esu
465 2527 685 2582 liberavit
708 2531 759 2581 te
783 2540 815 2577 α
839 2523 946 2594 lege
970 2517 1161 2592 peccati
1187 2525 1235 2572 et
1274 2514 1447 2569 mortis
1477 2510 1652 2584 (Rom.
1680 2522 1781 2573 vn,
1808 2506 1900 2561 l5-

320 2636 444 2686 vnt,
472 2618 532 2689 2)
556 2635 568 2671 :
588 2632 657 2673 ne
681 2616 882 2671 scilicet
908 2609 1315 2668 consensionem
1347 2615 1489 2660 tuam
1516 2598 1900 2689 concupiscen-

319 2715 387 2766 tia
412 2687 523 2766 sibi
537 2708 762 2764 vindicet
791 2704 987 2762 carnis.
1009 2703 1073 2757 Et
1093 2715 1156 2757 ea
1177 2713 1296 2770 quae
1323 2702 1631 2767 sequuntur,
1652 2687 1900 2745 eumdem

320 2818 536 2858 sensum
565 2800 732 2870 magis
774 2797 1044 2868 magisque
1078 2792 1448 2849 demonstrant
1479 2802 1493 2840 :
1520 2782 1616 2840 sed
1645 2781 1901 2836 adhiben-

316 2895 420 2949 dus
447 2901 529 2947 est
550 2891 756 2945 modus.
888 2888 897 2891 ’

389 2985 480 3040 22.
512 2983 694 3038 Visum
725 2991 901 3036 autem
926 2975 1211 3048 aliquando
1235 2973 1394 3029 etiam
1422 2969 1553 3035 mihi
1581 2967 1771 3034 fuerat,
1802 2963 1901 3019 ho-

321 3079 520 3133 minem
542 3076 641 3130 sub
666 3075 782 3143 lege
804 3115 818 3139 ,
852 3073 954 3126 isto
978 3067 1219 3140 Apostoli
1256 3078 1505 3120 sermone
1546 3057 1776 3116 describi
1802 3055 1901 3128 (a).

320 3156 428 3224 Sed
453 3168 559 3221 vim
605 3166 733 3220 mihi
760 3163 1001 3218 fecerunt
1048 3168 1228 3230 postea
1259 3158 1357 3211 ista
1383 3154 1544 3209 verba
1567 3193 1583 3218 ,
1612 3148 1755 3221 quod
1798 3147 1902 3214 ait,

324 3259 479 3315 Nunc
522 3266 688 3311 autent
721 3256 836 3324 jam
862 3268 964 3306 non
986 3265 1079 3321 ego
1104 3262 1284 3320 operor
1309 3244 1458 3315 illud.
1507 3240 1588 3297 Ad
1630 3240 1734 3295 hoc
1760 3236 1905 3293 enim

325 3349 556 3424 pertinet
579 3347 708 3403 illud
733 3344 876 3416 quod
903 3344 979 3398 ait
1004 3352 1059 3397 et
1084 3349 1301 3411 postea,
1334 3337 1501 3392 Nulla
1544 3350 1664 3405 ergo
1717 3332 1905 3387 conde-

323 3443 514 3499 mnatio
532 3449 601 3495 est
630 3454 766 3494 nunc
785 3437 862 3490 his
877 3436 961 3507 qui
979 3443 1094 3489 sunt
1112 3434 1165 3487 in
1184 3430 1385 3488 Christo
1396 3429 1539 3483 Iesu.
1562 3428 1629 3483 Et
1650 3426 1773 3497 quia
1799 3440 1905 3479 non

325 3534 481 3589 video
508 3529 775 3602 quomodo
818 3527 1022 3582 diceret
1067 3526 1229 3579 homo
1267 3521 1367 3576 sub
1404 3520 1554 3590 lege,
1582 3515 1909 3572 Condelector

325 3629 422 3698 legi
456 3625 547 3679 Dei
582 3622 856 3678 secundum
882 3618 1167 3673 interiorem
1204 3612 1455 3669 hominem
1482 3627 1501 3664 :
1529 3625 1648 3666 cum
1675 3609 1787 3679 ipsa
1814 3607 1909 3663 de—

326 3717 542 3772 lectatio
591 3714 750 3779 boui,
796 3726 902 3781 qua
945 3709 1102 3764 etiam
1143 3721 1254 3761 non
1283 3703 1551 3759 consentit
1574 3700 1641 3756 ad
1669 3700 1905 3765 malum,

328 3825 433 3862 non
465 3808 655 3859 timore
684 3816 853 3872 preme
871 3841 885 3865 ,
914 3798 1007 3854 sed
1036 3812 1219 3852 amore
1235 3794 1454 3865 iustitia:
1482 3791 1620 3866 (hoc
1648 3799 1730 3845 est
1766 3789 1907 3844 enim

330 3895 710 3963 condelcctari)
727 3935 740 3955 ,
766 3890 973 3947 nonnisi
1000 3890 1181 3961 gratia:
1209 3883 1511 3957 deputanda
1537 3883 1623 3937 sit.

398 3987 622 4044 CAPUT
649 3984 812 4041 XI.—-
828 3981 1130 4039 23.1terum
1164 3981 1225 4034 de
1250 3978 1421 4033 eodem
1439 3984 1752 4047 argumento.
1775 3972 1907 4027 Nam

324 4060 379 4138 ἐι
398 4083 483 4135 ubi
510 4080 604 4146 ait,
621 4078 748 4146 Quis
763 4092 840 4130 me
856 4073 1081 4129 liberabit
1102 4073 1163 4126 de
1177 4086 1385 4142 corpore
1402 4068 1574 4121 mortis
1589 4066 1761 4136 hujus;
1793 4065 1912 4134 quis

329 4181 485 4244 urget
529 4169 840 4240 Apostolum
889 4181 1011 4221 cum
1041 4167 1156 4219 lucc
1184 4162 1416 4226 diceret,
1465 4159 1641 4214 adhuc
1667 4159 1829 4214 fuisse
1857 4157 1911 4211 in

328 4279 555 4332 corpore
599 4260 786 4315 mortis
812 4257 1006 4328 hujus?
1034 4258 1075 4310 A
1121 4269 1227 4325 quo
1251 4252 1430 4322 utique
1474 4250 1621 4319 impii
1652 4266 1755 4304 non
1781 4250 1913 4305 libe-

330 4365 550 4421 rantur,
580 4353 771 4423 quibus
815 4350 1003 4406 eadem
1045 4363 1268 4417 corpora
1299 4346 1364 4400 ad
1406 4353 1666 4399 tormenta
1713 4354 1911 4398 atterna

330 4447 644 4501 redduntur.
678 4441 915 4496 Liberari
943 4453 1071 4508 ergo
1097 4447 1179 4491 est
1201 4452 1231 4490 a
1269 4450 1495 4505 corpore
1524 4434 1713 4489 mortis
1733 4433 1909 4504 hujus,

332 4540 478 4595 omni
503 4544 690 4591 sanato
716 4535 967 4604 languore
1010 4527 1453 4599 concupiscentia:
1480 4527 1684 4593 carnis,
1715 4542 1818 4581 non
1849 4527 1916 4581 ad

335 4646 546 4702 poenam
578 4642 771 4697 corpus
817 4625 1077 4694 recipere.
1108 4622 1202 4678 sed
1241 4621 1307 4677 ad
1345 4621 1588 4692 gloriam.
1631 4620 1763 4674 Huic
1800 4620 1918 4674 loco

335 4733 388 4777 et
428 4719 560 4777 illud
592 4720 723 4774 satis
748 4726 1042 4772 consonat:
1070 4714 1240 4768 Etiam
1280 4729 1371 4766 nos
1414 4712 1513 4783 ipsi
1552 4712 1797 4781 primitias
1827 4712 1920 4764 ha-

337 4815 502 4870 bentes
539 4812 779 4883 spiritus,
802 4819 850 4863 et
888 4808 989 4879 ipsi
1017 4808 1071 4861 iu
1110 4804 1475 4874 nobismetipsis
1513 4803 1916 4873 ingemiscimu‘s,

337 4904 659 4974 adoptionem
684 4908 1020 4971 exspectantes
1037 4937 1053 4964 ,
1081 4896 1470 4965 redemptionem
1493 4893 1717 4964 corporis
1742 4894 1917 4947 nostri.

341 4997 597 5051 Nimirum
636 4994 778 5047 enim
805 4992 1002 5063 gemitu
1028 4990 1131 5044 isto
1166 4986 1562 5058 ingemiscimus
1582 5027 1595 5051 ,
1629 4985 1680 5039 in
1711 5000 1816 5055 quo
1842 4985 1924 5040 di—

339 5091 541 5153 cimus,
575 5084 731 5141 Miser
758 5100 848 5154 ego
893 5084 1073 5149 homo,
1103 5082 1214 5152 quis
1247 5096 1326 5134 me
1352 5078 1576 5132 Lberabit
1615 5078 1676 5132 de
1713 5094 1924 5145 corpore

342 5180 513 5233 mortis
547 5175 740 5244 huius?
761 5173 892 5229 Illud
926 5174 1086 5228 etiam
1127 5172 1214 5226 ubi
1240 5171 1347 5234 ait,
1378 5170 1524 5235 Quod
1553 5170 1683 5222 enim
1708 5185 1922 5237 operor,

340 5274 556 5342 ignoro;
581 5267 708 5339 quid
748 5276 830 5321 est
867 5264 1007 5319 aliud
1029 5304 1046 5330 ,
1068 5279 1257 5333 quam,
1301 5261 1464 5328 Nolo,
1508 5277 1612 5314 non
1650 5262 1887 5329 approbo
1907 5303 1923 5325 ,

343 5378 447 5417 non
487 5358 765 5416 consentio
789 5398 804 5419 ,
835 5372 940 5411 non
987 5354 1162 5408 facio?
1200 5352 1448 5422 Alioquin
1478 5355 1802 5405 contrarium
1846 5361 1928 5405 est

344 5457 426 5510 his
450 5497 465 5523 ,
497 5467 616 5524 qua:
640 5450 885 5520 superius
922 5446 1086 5512 dixit,
1115 5444 1218 5499 Per
1245 5445 1404 5515 legem
1445 5443 1662 5513 cognitio
1698 5442 1925 5513 peccati;

406 5609 424 5641 ¹
459 5605 682 5656 Gallic-ani
708 5600 927 5670 stssnusic
948 5599 1107 5670 etiam.
1143 5666 1173 5670 _
1302 5660 1313 5670 _

405 5671 478 5729 (η)
513 5674 576 5716 tta
602 5670 758 5729 visum
796 5665 863 5729 illi
889 5664 1046 5729 fuerat
1072 5663 1121 5710 in
1143 5660 1448 5729 Expositione
1471 5659 1783 5729 quarumdam
1817 5672 1931 5729 pro-

348 5723 635 5796 poSit'ionum
662 5728 880 5796 Epistula:
902 5725 960 5773 ad
978 5724 1503 5796 ltomanosﬂaropositl.
1614 5729 1664 5796 et
1794 5730 1844 5796 et
1870 5723 1930 5792 in

349 5782 393 5854 ἰε
412 5794 598 5841 Istolam
624 5791 681 5839 ad
696 5782 907 5854 balatus,
927 5800 1029 5854 (ap.
1057 5786 1103 5845 ὃ,
1130 5799 1176 5832 n.
1205 5782 1283 5843 47,
1327 5782 1376 5833 ct
1401 5782 1522 5832 libro
1552 5785 1568 5832 ι
1597 5784 1654 5831 ad
1679 5784 1933 5845 simplicia-

352 5850 480 5915 nun:,
500 5862 675 5917 (ιιιςιξδι.
707 5855 749 5909 1,
774 5864 856 5897 nn.
882 5850 907 5895 'i
937 5856 985 5896 ct
1007 5850 1054 5896 9.

1646 384 1848 442 LIBER
1888 382 2159 439 PRIMUS.

3466 396 3569 449 56?.

1990 523 2042 570 et
2060 555 2077 581 ,
2108 514 2374 571 Peccatum
2396 535 2493 572 non
2509 529 2720 590 cognovt
2747 528 2945 591 ntstpcr
2969 523 3157 591 legem;
3186 532 3235 577 et
3253 566 3266 589 ,
3302 523 3571 581 Peccatum

1990 616 2042 659 ut
2079 617 2323 676 appareat
2369 619 2624 677 peccatum
2645 651 2660 676 ,
2694 628 2782 679 per
2818 613 2999 665 bonum
3030 613 3153 665 mihi
3189 626 3451 684 operatum
3497 630 3569 672 est

1989 706 2216 749 mortem.
2262 695 2542 765 Quomodo
2571 704 2711 754 enim
2758 711 3030 771 peceatum
3058 718 3151 772 per
3177 704 3344 773 legem
3375 721 3571 777 cogno-

1989 785 2063 838 vit
2082 824 2097 851 ,
2129 785 2268 855 quod
2302 787 2545 856 ignorat?
2571 791 2839 859 quomodo
2863 803 3084 861 apparet
3108 802 3401 862 peccatum,
3429 797 3570 866 quod

1989 874 2300 945 ignoratur?
2324 878 2413 933 Sic
2458 894 2586 949 ergo
2623 880 2819 935 dictum
2847 892 2965 948 est,
2996 882 3173 954 ignoro
3195 923 3211 951 ,
3250 882 3367 939 Non
3399 884 3535 942 facio
3556 929 3570 955 ,

1990 966 2112 1036 quia
2150 968 2294 1023 nulla
2340 971 2692 1026 consensione
2727 972 2778 1026 id
2820 988 2922 1045 ego
2950 976 3064 1044 ipse
3097 977 3372 1032 committo
3401 996 3415 1031 :
3443 995 3575 1049 quo-

1990 1057 2150 1112 modo
2200 1057 2440 1115 dicturus
2472 1070 2555 1117 est
2601 1062 2856 1119 Dominus
2905 1065 3111 1135 impiis,
3160 1065 3283 1120 Non
3331 1069 3445 1121 novi
3487 1085 3571 1123 vos

1994 1145 2205 1220 (Matth.
2230 1164 2300 1203 vn
2322 1189 2338 1216 ,
2367 1148 2496 1222 25);
2537 1167 2695 1221 quem
2724 1155 2905 1222 procul
2943 1154 3105 1210 dubio
3126 1155 3293 1212 latere
3321 1157 3449 1211 nihil
3473 1175 3572 1229 po-

1994 1246 2097 1292 test
2128 1255 2142 1293 :
2171 1249 2225 1295 et
2267 1239 2406 1295 sicut
2432 1240 2632 1297 dictum
2659 1255 2781 1312 est,
2812 1243 2948 1298 Eunt
2974 1247 3062 1317 qui
3093 1263 3194 1301 non
3223 1258 3425 1302 noverat
3453 1266 3572 1319 pec-

1992 1339 2161 1384 catum
2200 1334 2219 1401 (
2244 1330 2286 1385 ll
2308 1330 2424 1386 Cor.
2454 1349 2516 1400 ν,
2537 1333 2599 1387 21
2623 1334 2677 1406 );
2707 1335 2849 1406 quod
2870 1347 2985 1402 est,
3006 1336 3122 1392 Non
3144 1338 3342 1393 fecerat
3364 1356 3377 1395 :
3402 1356 3575 1411 neque

1993 1421 2137 1475 cnim
2176 1437 2280 1475 non
2309 1434 2527 1478 noverat
2552 1424 2694 1495 quod
2719 1427 2992 1497 arguebat.

2065 1510 2155 1565 24.
2185 1510 2280 1566 His
2300 1523 2458 1583 atque
2483 1514 2784 1585 huiusmodi
2822 1519 2873 1571 in
2917 1519 3017 1573 ista
3042 1519 3332 1589 Scriptura:
3357 1530 3575 1591 aposto-

1994 1600 2110 1657 lica:
2156 1601 2554 1659 circumstantia
2586 1607 2866 1677 diligenter
2899 1610 3283 1679 consideratis,
3314 1622 3458 1669 rccte
3495 1616 3578 1668 in-

1997 1692 2253 1762 telligitur
2304 1696 2626 1764 Apostolus,
2658 1713 2762 1751 non
2802 1699 3013 1769 quidem
3066 1715 3124 1754 se
3153 1702 3326 1757 solum
3380 1704 3431 1757 in
3480 1719 3575 1759 sua

1998 1798 2256 1852 persona,
2285 1800 2467 1840 verum
2493 1787 2626 1842 alios
2654 1788 2811 1842 etiam
2834 1789 2936 1845 sub
2958 1792 3125 1860 gratia
3151 1792 3472 1848 constitutos
3499 1796 3575 1848 si-

1994 1874 2300 1944 gniﬁcasse,
2326 1876 2420 1932 sed
2453 1891 2633 1932 secum
2663 1879 2897 1934 nondum
2921 1881 2972 1935 in
2997 1882 3087 1935 illa
3115 1884 3430 1938 constitutos
3451 1900 3581 1954 pace

1997 1962 2250 2034 perfecta,
2273 1965 2323 2029 ian
2343 1980 2444 2036 qua
2465 1968 2835 2024 absorbebitur
2854 1984 2998 2024 mors
3019 1972 3069 2024 in
3100 1971 3367 2027 victoriam
3389 1973 3431 2045 (Ι
3452 1974 3574 2029 Cor.

1999 2069 2092 2120 xv,
2123 2054 2235 2125 54).
2268 2055 2343 2111 De
2372 2072 2473 2126 qua
2514 2067 2634 2126 post
2671 2059 2831 2126 dicit,
2858 2060 2918 2114 Si
2956 2070 3119 2115 autem
3153 2061 3382 2119 Christus
3409 2065 3461 2119 in
3495 2080 3582 2119 uo-

2001 2144 2093 2209 bis,
2121 2162 2304 2215 corpus
2329 2148 2529 2216 quidem
2549 2159 2795 2205 mortuum
2823 2161 2896 2206 est
2930 2163 3132 2224 propter
3161 2166 3415 2225 peccatum
3432 2175 3450 2222 ;
3470 2160 3581 2228 spi-

2000 2239 2127 2291 ritus
2150 2250 2315 2293 autem
2339 2242 2440 2293 vita
2476 2252 2549 2295 est
2575 2253 2777 2315 propter
2808 2245 3084 2314 justitiam.
3116 2245 3177 2301 Si
3216 2264 3332 2318 ergo
3359 2249 3583 2320 Spiritus

2002 2330 2111 2399 ejus
2149 2332 2237 2400 qui
2262 2333 2517 2386 suscitavit
2541 2332 2716 2387 Iesum
2755 2351 2819 2390 ea:
2845 2336 3085 2404 mortuis,
3120 2337 3309 2392 habitat
3330 2339 3382 2392 in
3407 2340 3541 2395 vobis
3564 2359 3582 2407 ;

2002 2423 2087 2491 qui
2129 2425 2385 2477 suscitavit
2413 2425 2667 2480 Christum
2691 2425 2870 2482 Iesum
2897 2446 2929 2482 a
2970 2433 3178 2484 mortuis
3198 2470 3213 2496 ,
3243 2432 3512 2502 t'iuiﬁcabit
3537 2444 3587 2489 et

2003 2514 2237 2568 mortalia
2261 2532 2474 2587 corpora
2507 2529 2670 2572 vestra
2706 2535 2794 2589 per
2817 2518 3177 2576 inhabitantem
3204 2521 3455 2593 Spiritum
3474 2525 3587 2596 ejus

2002 2605 2058 2658 in
2082 2604 2216 2659 vobis
2250 2606 2421 2678 (Rom.
2451 2623 2574 2675 vui,
2611 2608 2710 2674 10,
2742 2609 2855 2681 Il).
2892 2610 3178 2666 Viviﬁcatis
3206 2612 3364 2683 igitur
3390 2626 3589 2669 morta-

2004 2693 2144 2749 libus
2170 2697 2484 2766 corporibus
2532 2699 2761 2767 nostris,
2797 2715 2902 2755 non
2944 2701 3114 2756 solum
3152 2702 3225 2781 ad
3263 2706 3588 2773 peccandum

2005 2788 2290 2843 consensio
2325 2789 2468 2845 nulla
2494 2790 2620 2857 erit,
2652 2790 2748 2847 sed
2775 2808 2877 2848 nec
2916 2794 3027 2864 ipsa
3055 2796 3140 2850 cui
3178 2812 3282 2851 non
3316 2798 3331 2829 ¹
3360 2814 3588 2854 consen-

2008 2879 2169 2933 tiatur
2192 2882 2368 2936 carnis
2401 2881 2828 2952 concupiscentia
2858 2887 3172 2941 remanebit.
3226 2887 3393 2955 Quam
3425 2891 3586 2960 spiri-

2008 2972 2081 3024 tui
2106 2972 2441 3028 resistentem
2466 2988 2573 3028 non
2595 2973 2795 3031 habere
2816 2976 2868 3030 in
2896 2991 3059 3032 carne
3077 2979 3324 3047 mortali,
3349 2979 3438 3034 ille
3470 2990 3589 3034 tan-

2007 3060 2283 3117 tummodo
2310 3061 2472 3117 homo
2495 3063 2704 3133 potuit,
2732 3064 2823 3134 qui
2868 3080 2975 3121 non
3016 3081 3109 3135 per
3133 3067 3300 3136 ipsam
3325 3069 3389 3122 ad
3415 3069 3589 3124 homi-

2009 3165 2106 3206 nes
2124 3153 2287 3207 venit.
2319 3152 2388 3207 Et
2416 3152 2536 3208 ideo
2562 3154 2876 3223 Apostolos,
2899 3156 3023 3225 quia
3050 3156 3296 3213 homines
3324 3170 3508 3225 erant,
3534 3173 3591 3215 et

2008 3258 2201 3314 corpus
2226 3245 2366 3315 quod
2385 3247 2744 3317 corrumpitur
2778 3257 2830 3303 et
2850 3257 3099 3319 aggravat
3136 3250 3388 3319 animam,
3416 3251 3466 3306 in
3498 3255 3594 3322 hu-

2002 3334 2092 3405 jus
2117 3336 2236 3390 vitae
2255 3336 2576 3393 mortalitate
2600 3339 2911 3407 portabant,
2935 3340 3072 3395 absit
3108 3351 3165 3396 ut
3183 3341 3423 3398 dicamus
3440 3386 3454 3409 ,
3485 3347 3593 3401 sic-

2009 3438 2070 3483 ut
2114 3429 2215 3483 istc
2249 3429 2624 3498 calumniatur,
2651 3448 2671 3482 r
2701 3446 2916 3502 semper
2962 3432 3310 3489 immoderata
3374 3436 3595 3493 libidine

2009 3517 2172 3575 fuisse
2214 3520 2480 3589 pollutos:
2518 3540 2537 3573 ι
2564 3521 2657 3577 sed
2686 3521 2914 3578 dicimus
2947 3538 2978 3577 a
3022 3525 3376 3581 consensione
3401 3543 3594 3596 prava-

2010 3626 2129 3665 rum
2156 3611 2434 3667 libidinum
2466 3613 2691 3678 liberos,
2723 3614 2790 3670 de
2816 3617 3248 3686 concupiscentia
3275 3626 3450 3674 tamen
3479 3635 3598 3674 car-

2011 3702 2115 3768 nis,
2145 3718 2305 3773 quam
2336 3704 2665 3761 moderando
2687 3706 2999 3773 frenabant,
3032 3716 3178 3785 tanta
3218 3707 3518 3766 humilitate
3541 3719 3596 3766 et

2015 3795 2208 3865 pietate
2232 3798 2520 3866 gemuisse,
2548 3809 2605 3852 ut
2624 3808 2870 3868 optarent
2895 3814 3014 3855 eam
3038 3816 3142 3854 non
3170 3798 3367 3857 habere
3397 3803 3593 3872 potius,

2013 3901 2170 3955 quam
2196 3887 2435 3942 domare.

2084 3978 2309 4033 CAPUT
2341 3977 2455 4032 XII.
2474 4009 2544 4019 —
2567 3979 2658 4035 25.
2683 3979 2840 4034 Sexta
2865 3981 3139 4048 calumnia,
3163 3980 3273 4036 Nec
3298 3980 3550 4037 Christum
3567 4001 3597 4036 a

2016 4069 2231 4138 peccatis
2278 4069 2489 4123 liberum
2533 4071 2705 4140 fuisse.
2765 4072 2996 4127 Proinde
3050 4074 3150 4129 iste
3207 4074 3348 4144 quod
3396 4076 3600 4129 addidit

2018 4173 2116 4213 nos
2155 4159 2356 4226 dicere,
2411 4178 2430 4212 ‹
2462 4159 2732 4217 Christum
2780 4171 2834 4218 et
2873 4178 2903 4217 a
2951 4165 3183 4232 peccatis
3239 4166 3463 4221 liberum
3495 4183 3598 4221 non

2017 4250 2218 4317 fuisse,
2271 4250 2365 4306 sed
2417 4253 2594 4306 carnis
2640 4254 2962 4308 necessitate
3008 4256 3323 4321 mentitum,
3382 4268 3435 4313 et
3483 4259 3600 4313 aliis

2018 4345 2339 4398 maculatum
2366 4343 2531 4399 fuisse
2553 4344 2764 4399 delictis
2794 4362 2807 4398 :
2847 4365 2865 4398 ι
2902 4346 3093 4401 viderit
3142 4365 3170 4401 a
3201 4350 3393 4417 quibus
3421 4351 3604 4405 audie—

2019 4435 2121 4500 rit,
2156 4434 2233 4489 vel
2260 4435 2311 4488 in
2340 4450 2563 4505 quorum
2608 4436 2799 4492 litteris
2827 4438 3052 4508 legerit;
3080 4437 3220 4509 quod
3247 4440 3460 4509 quidem
3497 4444 3603 4494 lor-

2022 4533 2161 4578 tasse
2183 4539 2289 4579 non
2317 4525 2596 4592 intellexit,
2624 4535 2678 4581 et
2717 4528 2769 4581 in
2806 4543 2995 4584 sensus
3023 4531 3380 4585 calumniosos
3404 4534 3603 4587 malitia

2021 4612 2238 4669 fallente
2267 4617 2546 4671 convertit.

2093 4704 2316 4760 CAPUT
2356 4706 2493 4760 XIII.
2521 4706 2701 4764 -·26.
2735 4708 2965 4779 Septima
2994 4710 3279 4776 calunmia,
3313 4710 3378 4765 In
3418 4711 3603 4780 Bapti-

2023 4814 2130 4850 smo
2158 4814 2258 4850 non
2277 4800 2462 4852 remitti
2487 4811 2691 4868 peccata
2720 4802 2913 4853 onmia.
2956 4818 2975 4851 ι
3015 4801 3203 4855 Dicunt
3231 4803 3413 4868 etiam,
3457 4823 3474 4856 ι
3529 4807 3607 4859 in-

2023 4888 2156 4958 quit,
2186 4907 2204 4940 t
2242 4888 2505 4957 Baptisma
2534 4904 2640 4943 non
2666 4889 2797 4944 dare
2823 4906 3038 4945 omnem
3069 4891 3452 4960 indulgentiam
3488 4911 3611 4964 pcr-

2023 4988 2283 5046 catorum,
2314 4995 2412 5034 nec
2432 4979 2643 5035 auferre
2669 4981 2911 5047 crimina,
2937 4982 3029 5037 sed
3059 4983 3267 5051 radere,
3293 4994 3351 5039 ut
3368 4989 3605 5042 omnium

2027 5085 2363 5143 peccatorum
2392 5073 2600 5129 radices
2644 5074 2694 5127 in
2724 5077 2861 5128 mala
2888 5090 3049 5131 carne
3090 5086 3389 5133 teneantur.
3427 5098 3445 5131 ι
3480 5082 3610 5147 Quis

2030 5164 2132 5219 hoc
2157 5164 2414 5219 adversus
2443 5164 2776 5235 Pelagianos,
2808 5168 2908 5222 nisi
2962 5168 3190 5223 infidelis
3219 5170 3489 5228 afﬁrmet?
3518 5175 3609 5229 Di-

2029 5259 2197 5312 cimus
2247 5272 2377 5327 crgo
2426 5258 2693 5328 Baptisms
2747 5260 2876 5315 dare
2926 5263 3162 5315 omnium
3229 5264 3600 5335 indulgentiam

2032 5359 2393 5420 peccatorum,
2424 5360 2479 5405 et
2530 5350 2740 5407 auferre
2791 5353 3046 5420 crimina,
3103 5370 3206 5409 non
3256 5360 3472 5422 radere;
3517 5379 3614 5414 nrt:

2038 5457 2056 5489 ε
2090 5449 2148 5493 ut
2185 5440 2420 5494 omnium
2454 5450 2792 5511 peccatorum
2819 5444 3023 5499 radices
3077 5446 3127 5499 in
3174 5450 3308 5502 mall
3340 5465 3501 5505 carne
3543 5463 3617 5504 te-

2034 5540 2279 5594 neantur,
2314 5531 2467 5600 quasi
2508 5546 2748 5587 rasorum
2797 5535 2850 5588 in
2894 5536 3066 5605 capite
3096 5540 3430 5606 capillorum,
3480 5543 3618 5593 tlntlc

2033 5634 2277 5676 crescant
2305 5624 2496 5677 iterum
2545 5624 2832 5679 resecanda
2881 5636 3116 5696 peccata.
3154 5647 3174 5680 ι
3223 5628 3352 5683 Nam
3383 5642 3435 5683 et
3465 5633 3617 5684 istam

2037 5712 2438 5767 similitudinem
2467 5718 2724 5785 ctnnpcri,
2755 5734 2866 5771 sua:
2892 5717 3011 5772 illos
3035 5719 3290 5774 adhibere
3317 5720 3618 5787 calumniae,

2105 5849 2118 5878 ¹
2158 5854 2254 5895 tluc
2273 5848 2550 5909 particulam
2577 5861 2838 5911 negantem
2875 5862 3161 5901 revocamus
3182 5865 3241 5899 ex
3270 5854 3621 5915 manuscriptis.
