4144 6506
580 390 684 445 555

581 511 830 571 tauquam
860 499 964 556 hoc
983 517 1080 557 nos
1109 502 1402 557 sentiamus
1429 512 1586 572 atque
1614 502 1870 557 dicamus.

650 594 742 647 ‘27.
786 591 892 648 Sed
939 592 1007 648 dc
1056 592 1154 648 ista
1204 594 1629 663 concupiscentia
1675 596 1850 648 carnis
1906 593 2013 649 falli
2062 610 2157 648 eos

581 684 764 751 credo,
789 684 869 738 vel
898 682 1118 749 fallere;
1147 700 1269 740 cum
1294 700 1394 756 qua
1424 701 1641 741 necesse
1665 697 1748 740 est
1787 698 1840 740 ιιι
1867 689 2025 741 etiam
2073 686 2158 740 ba;

588 778 840 845 ptizatus,
868 785 922 832 et
968 774 1069 831 hoc
1092 780 1137 831 si
1157 776 1560 846 diligentissime
1586 777 1814 847 proﬁcit,
1861 787 1917 831 et
1959 778 2156 847 Spiritu

583 866 676 920 Dei
707 867 879 937 agitur
907 866 1084 935 (Rom.
1109 883 1222 932 VIII,
1253 868 1363 937 ib),
1396 868 1479 937 pia
1533 878 1711 923 mente
1755 868 2020 939 confligat.
2052 868 2156 923 Sed

587 960 701 1010 haec.
730 957 938 1013 etiamsi
969 968 1185 1013 vocatur
1208 970 1509 1029 peccatum,
1545 977 1649 1015 non
1679 962 1859 1031 utique
1885 963 2005 1032 quia
2038 977 2160 1032 pec-

581 1059 754 1103 catum
772 1059 874 1116 est,
895 1050 991 1105 sed
1011 1050 1131 1121 quia
1150 1061 1368 1120 peccato
1393 1051 1526 1107 facta
1543 1063 1644 1119 est,
1662 1055 1739 1107 sic
1759 1064 1978 1109 vocatur
1995 1073 2006 1107 :
2022 1056 2160 1109 sicut

582 1141 842 1207 scriptura
857 1157 1043 1196 manus
1063 1142 1321 1212 cujusque
1336 1142 1550 1209 dicitur,
1573 1145 1712 1215 quod
1730 1162 1916 1200 manus
1936 1162 2056 1201 eam
2080 1145 2158 1202 fe-

527 1264 541 1280 .
582 1231 732 1283 ccrit.
754 1229 975 1285 Peccata
991 1240 1164 1286 autem
1178 1242 1319 1297 sunt,
1336 1249 1451 1302 qurc
1466 1234 1753 1289 secundum
1770 1236 1944 1290 carnis
1960 1252 2126 1291 concu
2138 1266 2157 1277 -

585 1319 894 1388 piscentiam
912 1320 993 1377 vel
1015 1321 1360 1391 ignorantiam
1380 1324 1560 1379 illicite
1584 1324 2158 1398 ﬁunt,dieuntur,cogi-

585 1420 763 1465 tantur
785 1428 799 1467 :
818 1428 935 1481 qute
948 1421 1211 1469 transacta
1229 1415 1387 1469 etiam
1405 1430 1523 1470 reos
1554 1424 1754 1485 tenent,
1781 1418 1823 1472 si
1848 1434 1953 1473 non
1976 1420 2160 1474 remit-

590 1509 785 1554 tantur.
816 1501 879 1555 Et
896 1502 989 1556 ista
1020 1503 1130 1572 ipsa
1152 1505 1329 1559 carnis
1356 1506 1783 1577 concupiscentia
1807 1509 1857 1562 in
1888 1508 2160 1579 Baptismo

586 1590 977 1655 sicdimittitur,
1005 1601 1061 1646 ut
1087 1596 1324 1662 quamvis
1348 1603 1510 1650 tracta
1536 1598 1605 1651 sit
1630 1612 1659 1651 a
1690 1601 2050 1667 nascentibus,
2073 1603 2157 1656 ni-

589 1676 662 1731 hil
712 1688 903 1735 noceat
946 1683 1364 1740 renascentibus.
1393 1685 1469 1740 Ex
1498 1688 1691 1757 quibus
1720 1698 1916 1757 tamen,
1945 1692 1989 1745 si
2021 1692 2159 1747 ﬁlios

583 1770 868 1825 carnaliter
886 1771 1124 1841 gignunt,
1155 1789 1339 1831 rursus
1362 1777 1617 1845 trahitur;
1647 1796 1934 1852 rursusque
1962 1793 2045 1839 est
2064 1799 2161 1841 no-

586 1860 751 1917 citura
780 1865 1137 1932 nascentibus,
1156 1866 1255 1922 nisi
1270 1868 1455 1924 eadem
1475 1869 1640 1926 forma
1654 1876 2051 1933 renascentibus
2072 1893 2156 1934 re-

592 1951 850 2015 mittatur,
883 1962 937 2009 ct
974 1954 1246 2012 insitnihil
1274 1959 1515 2015 obfutura
1542 1962 1665 2019 vitae
1682 1964 1891 2032 futurie,
1908 1969 2159 2039 quoniam

586 2051 767 2100 reatus
816 2044 931 2114 ejus
977 2050 1321 2117 generatione
1369 2060 1589 2123 tractus,
1635 2060 2036 2127 regeneratione
2081 2060 2162 2116 di-

586 2136 781 2192 missus
821 2146 943 2192 est:
973 2149 1027 2196 et
1052 2140 1173 2197 ideo
1212 2142 1323 2212 jam
1359 2159 1463 2200 non
1493 2148 1564 2202 sit
1607 2159 1906 2219 peccatum,
1937 2152 2032 2209 sed
2059 2152 2161 2209 hoc

582 2235 820 2294 vocetur,
847 2229 958 2285 sive
985 2232 1126 2300 quod
1154 2243 1371 2303 peccato
1414 2235 1550 2293 facta
1588 2239 1680 2306 sit,
1728 2242 1842 2298 sive
1871 2243 2013 2314 quod
2039 2257 2163 2315 pee-

581 2317 737 2372 candi
766 2318 1117 2379 delectatione
1160 2334 1455 2393 moveatur,
1487 2330 1587 2384 etsi
1641 2331 1691 2387 ei
1740 2333 1989 2390 vincente
2014 2334 2163 2391 delc-

583 2413 816 2469 ezatione
837 2414 1170 2483 justitiamon
1190 2422 1571 2477 consentiatur.
1594 2423 1703 2480 Nec
1732 2428 2157 2498 propteripsam,

589 2502 743 2570 cujus
767 2504 876 2571 jam
920 2515 1101 2561 reatus
1140 2507 1354 2565 lavacro
1404 2516 1821 2583 regenerationis
1848 2518 2163 2590 absumptus

585 2602 685 2654 est,
710 2592 894 2649 dicunt
942 2596 997 2651 in
1026 2598 1268 2655 oratione
1296 2600 1567 2672 baptizati,
1598 2605 1806 2662 Dimitte
1830 2609 1971 2664 nobis
1993 2608 2162 2665 debita

588 2695 780 2749 nostra,
807 2686 938 2741 sicut
972 2697 1018 2743 et
1045 2706 1137 2746 nos
1164 2692 1458 2750 dimittimus
1483 2696 1788 2755 debitoribus
1813 2701 1997 2757 nostris
2022 2717 2042 2757 :
2066 2702 2160 2758 sed

585 2782 801 2845 propter
828 2787 1043 2845 peccata
1071 2795 1193 2850 qua:
1218 2781 1367 2847 ﬁunt,
1400 2786 1513 2841 sive
1549 2788 1601 2842 in
1649 2788 1766 2858 ejus
1794 2791 2161 2847 consensioni-

587 2866 703 2930 luis,
731 2882 851 2923 cum
880 2868 949 2923 ab
970 2885 1034 2927 eo
1064 2872 1202 2941 quod
1226 2873 1357 2930 libet
1392 2877 1622 2934 vincitur
1648 2880 1792 2951 quod
1827 2883 2019 2952 placet,
2046 2883 2161 2942 sive

583 2972 703 3014 cum
754 2975 847 3029 per
889 2961 1239 3031 ignorantiam
1282 2968 1477 3025 malum
1529 2972 1677 3040 quasi
1728 2972 1924 3029 bonum
1961 2974 2156 3045 placet.

594 3050 751 3105 Fiunt
799 3060 1011 3116 autem,
1052 3054 1167 3111 sive
1208 3059 1500 3128 Operando,
1550 3063 1660 3118 sive
1710 3063 1995 3134 loquendo,
2048 3066 2161 3122 sive

587 3142 728 3211 quod
759 3141 1060 3200 facillimum
1089 3155 1247 3219 atque
1273 3151 1611 3207 celerrimum
1642 3163 1748 3221 est,
1778 3156 2077 3226 cogitando.
2110 3158 2152 3211 Α

584 3233 773 3302 quibus
802 3235 1046 3293 omnibus
1064 3239 1182 3309 quis
1197 3240 1354 3295 etiam
1372 3241 1601 3297 ﬁdelium
1621 3245 1933 3314 gloriabitur
1954 3255 2157 3303 castum

589 3340 647 3379 se
675 3323 873 3382 habere
892 3342 1005 3397 cor,
1023 3337 1115 3385 aut
1137 3331 1256 3402 quis
1281 3333 1594 3403 gloriabitur
1622 3337 1874 3393 mundum
1903 3354 1960 3394 se
1986 3356 2105 3396 esse
2128 3356 2155 3394 a

584 3426 798 3485 pet-cato
828 3417 1008 3491 (Prov.
1058 3436 1148 3489 xx,
1180 3423 1279 3494 9)?
1324 3424 1453 3480 Illud
1483 3441 1612 3484 sane
1651 3430 1790 3498 quod
1841 3431 1893 3486 in
1920 3434 2159 3488 oratione

583 3509 839 3576 sequitur,
883 3521 1104 3582 propter
1140 3513 1308 3584 ipsam
1352 3516 1564 3581 dicitur,
1611 3520 1693 3574 Ne
1739 3538 1832 3575 nos
1876 3525 2067 3593 inferas
2104 3525 2158 3580 in

584 3599 923 3687 mutationem,
952 3601 1041 3655 sed
1063 3602 1219 3658 libera
1238 3621 1328 3660 nos
1352 3622 1385 3659 a
1413 3606 1548 3661 mulo
1578 3607 1788 3681 (Matth.
1821 3627 1893 3678 vt,
1924 3613 2009 3679 η,
2043 3615 2154 3687 15).

589 3685 938 3759 Unusquisque
966 3692 1129 3758 enim,
1158 3694 1295 3750 sicut
1324 3698 1575 3767 scriptum
1602 3709 1702 3762 est,
1733 3710 1953 3757 tentatur
1973 3720 2006 3757 a
2030 3685 2156 3758 con-

582 3780 885 3844 rapisrcntia
912 3798 1005 3836 sua
1033 3782 1317 3839 abstractus
1346 3795 1394 3839 et
1435 3786 1669 3852 illectus;
1693 3790 1873 3845 deinde
1908 3796 2156 3866 concupi-

583 3870 766 3921 ssentiu
816 3886 929 3924 cum
982 3875 1293 3944 conceperit,
1348 3877 1482 3946 parit
1532 3889 1790 3949 peccatum
1834 3879 2054 3952 (Jacobi,
2113 3900 2151 3951 ι,

584 3962 672 4023 tt,
708 3960 817 4027 is).

656 4050 879 4105 CAPUT
918 4052 1055 4108 XIV.
1090 4086 1162 4095 —
1192 4056 1283 4113 28.
1338 4058 1559 4115 Crimina
1608 4072 1654 4115 et
1689 4076 1889 4130 peccata
1924 4067 2153 4122 veniatin.

583 4139 645 4197 lli
702 4156 889 4197 omnes
946 4147 1388 4216 concupiscentia:
1433 4163 1655 4222 partus,
1710 4165 1765 4211 et
1812 4157 1978 4227 ipsius
2028 4174 2181 4214 0οη--

587 4232 929 4301 rupiscculim
960 4246 1138 4291 reatus
1183 4241 1430 4311 antiquus
1453 4244 1492 4306 ¹,
1522 4244 1860 4316 Baptismatis
1889 4250 2157 4307 ablatione

580 4322 781 4376 dimissi
805 4334 927 4378 sunt
956 4337 1044 4385 :et
1063 4330 1315 4401 quidquid
1335 4334 1469 4403 parit
1494 4352 1632 4392 nunc
1654 4340 1748 4393 ista
1775 4345 2157 4412 concupiscen-

583 4414 674 4477 tia,
698 4415 739 4466 si
769 4431 871 4467 non
905 4416 1013 4472 sint
1056 4419 1132 4474 illi
1180 4431 1383 4491 partus,
1414 4427 1502 4495 qui
1551 4443 1656 4483 non
1700 4430 1872 4485 solum
1915 4442 2152 4502 peccata,

580 4517 761 4556 verum
804 4506 963 4559 etiam
1014 4509 1235 4565 crimina
1264 4525 1655 4583 nuncupantur,
1684 4528 1838 4588 pacto
1861 4521 1951 4576 illo
1978 4525 2155 4593 quoti-

578 4592 748 4647 dianze
778 4595 1032 4652 orationis
1062 4599 1152 4654 ubi
1181 4601 1426 4668 dicimus,
1462 4604 1666 4661 Dimitte
1686 4608 1829 4664 nobis
1856 4592 2023 4667 debita
2058 4630 2153 4667 no-

576 4697 699 4748 sim,
748 4687 873 4741 sicut
912 4689 1225 4749 dimittimus.
1258 4704 1313 4750 et
1355 4695 1814 4770 elecmosynarum
1846 4702 2155 4762 sinceritate

578 4777 917 4834 inundantur.
950 4781 1130 4853 Neque
1158 4785 1299 4839 enim
1331 4787 1611 4858 quisquam
1639 4790 1716 4845 sic
1744 4791 1956 4863 desipit,
1986 4805 2042 4849 ut
2073 4796 2153 4852 di-

577 4877 660 4918 t'al
718 4868 781 4921 ad
833 4870 1124 4940 baptizatos
1178 4875 1499 4933 dominicum
1550 4879 1677 4935 illud
1726 4897 1830 4937 non
1886 4887 2153 4954 pertinere

579 4969 925 5025 pi'mecpttnu,
977 4961 1243 5027 Dimittite,
1297 4977 1342 5020 et
1398 4970 1676 5022 dimittetur
1724 4971 1897 5030 vobis:
1937 4975 2078 5037 date,
2108 4987 2152 5029 et

578 5051 772 5101 nubitur
794 5053 925 5105 vobis
952 5054 1096 5127 (Luc.
1130 5074 1198 5119 Vt,
1229 5059 1317 5123 '57,
1348 5061 1459 5129 58).
1488 5061 1671 5116 Nullus
1686 5073 1860 5118 autem
1885 5066 1934 5119 in
1965 5067 2149 5123 Eccle-

575 5158 649 5192 s-zt
684 5152 824 5194 recte
852 5153 1032 5210 possiet
1050 5147 1281 5202 ordinari
1315 5152 1577 5213 minister.
1604 5154 1647 5206 si
1673 5154 1897 5211 dixisset
1920 5160 2148 5228 Aposto-

578 5233 676 5286 lus.
706 5232 757 5283 Si
790 5232 906 5300 quis
936 5238 1047 5289 sine
1076 5249 1324 5305 peceato;
1352 5243 1435 5294 ubi
1467 5244 1556 5302 ait.
1590 5243 1648 5299 Si
1668 5246 1781 5315 quis
1808 5248 1915 5303 sine
1944 5252 2151 5305 crimine

574 5336 643 5371 est
675 5322 795 5392 (Ίή.
828 5340 865 5389 ι,
900 5327 951 5391 6)
985 5345 997 5379 :
1030 5339 1119 5384 aut
1153 5331 1194 5381 si
1240 5331 1479 5396 dixisset,
1512 5336 1718 5392 Nullum
1750 5351 2020 5407 pecmtum
2052 5343 2148 5396 lia—

578 5412 795 5476 lwntes;
826 5416 912 5468 ubi
962 5418 1068 5483 ait,
1105 5419 1322 5474 Nullum
1352 5426 1539 5479 crimen
1574 5428 1807 5482 habentes
1832 5430 1875 5498 (l
1904 5430 2035 5485 Tim.
2067 5450 2144 5497 Ill,

578 5503 680 5571 lii).
718 5504 855 5558 Multi
887 5508 1081 5577 quippe
1110 5509 1354 5577 baptizati
1390 5513 1572 5569 ﬁdeies
1601 5527 1720 5571 sunt
1746 5520 1862 5574 sine
1889 5522 2144 5588 crimine;

572 5611 687 5647 mne
738 5607 952 5661 jPCt‘ﬂlU
993 5607 1168 5651 autem
1218 5601 1266 5655 iu
1298 5602 1396 5655 hac
1446 5610 1547 5660 vita
1595 5611 1856 5664 neminem
1888 5614 2144 5682 dixerim,

638 5771 650 5799 ί
690 5778 767 5816 tur
794 5774 837 5845 in
863 5775 1116 5829 suta-riui:
1139 5790 1193 5822 us
1216 5777 1325 5825 mliti
1352 5782 1420 5826 ni'.
1447 5796 1501 5829 us
1525 5796 1595 5844 sui
1616 5785 1766 5835 erﬁuo
1790 5789 2021 5848 additum,
2048 5789 2146 5855 qni.

572 5836 661 5879 Non
690 5845 789 5887 eral
815 5840 858 5883 tit
885 5844 992 5884 MS).

1215 387 1483 444 CONTRA
1527 388 1705 445 DUAS
1746 387 2109 445 EPISTOLAS
2146 386 2702 457 PELAGIANORUM,
2741 391 2798 448 3.
2840 392 3204 451 AUGl'STlNl

3724 400 3821 459 56s

2266 504 2591 571 quantalibet
2622 504 2920 577 Pelagiani,
2962 507 3083 577 quia
3129 507 3243 563 lucc
3284 507 3527 575 dicimus,
3556 509 3825 569 adversum

2263 608 2361 648 nos
2390 594 2642 650 inﬂentur
2664 605 2717 651 et
2745 597 3143 667 disrumpantur
3170 599 3372 653 insania
3407 617 3420 653 :
3454 617 3558 655 non
3588 602 3708 673 quia
3734 604 3824 658 ali-

2262 682 2387 753 quid
2418 685 2616 753 peccati
2644 696 2901 749 remanet,
2929 687 3067 757 quod
3097 689 3148 741 in
3171 689 3493 757 Baptismatc
3521 705 3625 744 non
3653 692 3826 747 remin

2264 782 2434 840 tatur;
2464 775 2557 831 sed
2605 778 2726 847 quia
2782 793 2811 832 a
2856 779 3009 833 nobis
3039 780 3052 811 ’
3079 779 3131 835 in
3178 779 3337 850 hujus
3384 784 3505 837 vita:
3533 783 3827 842 inﬁrmitate

2264 868 2597 922 manentibus
2618 870 2853 938 quotidie
2881 869 2994 924 ﬁeri
3017 886 3120 925 non
3143 873 3443 942 quiescunt,
3470 889 3588 943 qua:
3610 874 3827 931 ﬁdeliter

2263 958 2535 1012 orantibus
2575 968 2630 1014 et
2658 959 3077 1016 misericorditer
3103 964 3451 1030 operantibus
3481 964 3714 1034 quotidie
3745 982 3826 1023 re-

2264 1046 2559 1101 mittantur.
2606 1047 2730 1103 llaec
2771 1058 2853 1103 est
2906 1048 3025 1105 ﬁdei
3075 1050 3351 1107 catholicm
3393 1054 3627 1120 sanitas,
3682 1070 3828 1125 quam

2263 1144 2478 1191 sanctus
2504 1137 2697 1207 ubique
2722 1139 2950 1194 seminat
2987 1139 3238 1208 Spiritus,
3283 1157 3386 1196 non
3431 1143 3703 1213 pravitatis
3726 1144 3828 1200 hsc-

2263 1229 2440 1281 retica:
2467 1228 2673 1300 vanitas
2698 1224 2753 1282 et
2783 1230 3132 1299 pratsumptio
3153 1230 3390 1300 Spiritus.

2333 1316 2556 1373 CAPUT
2584 1298 2697 1373 ἰν.
2720 1298 2901 1374 έῖθ.
2932 1298 3195 1374 Julianus
3216 1337 3420 1375 suorum
3464 1322 3615 1391 fidem
3665 1320 3830 1376 Catho-

2264 1407 2474 1463 licorum
2505 1410 2760 1465 sententiis
2800 1411 3029 1482 apponit.
3053 1413 3327 1467 Antithesis
3369 1414 3553 1481 prima,
3600 1415 3832 1468 delibero

2263 1499 2487 1553 arbitrio.
2517 1499 2775 1568 Secunda,
2797 1503 2860 1556 de
2887 1504 3095 1574 nuptiis.
3126 1504 3314 1572 Tertia,
3332 1504 3393 1558 de
3417 1506 3675 1577 conjugoli
3702 1523 3829 1560 com-

2263 1591 2521 1644 mixtione.
2546 1590 2662 1645 Jam
2692 1592 2867 1663 itaque
2906 1594 2973 1649 de
3020 1604 3218 1650 caetero
3243 1595 3551 1661 videamus,
3583 1597 3833 1666 quemad-

2264 1680 2480 1735 modum
2506 1691 2850 1754 posteaquam
2904 1684 3059 1739 nobis
3101 1684 3430 1741 calumniose
3480 1688 3683 1756 putavit
3708 1686 3834 1757 obji-

2263 1770 2449 1825 cienda
2470 1787 2586 1839 quae
2612 1772 2897 1837 credimus,
2920 1782 2975 1829 et
2992 1774 3235 1845 fingenda
3261 1793 3377 1847 qua:
3414 1792 3518 1831 non
3548 1776 3831 1840 credimus,

2263 1875 2412 1916 suam
2434 1862 2547 1931 ipse
2575 1864 2656 1917 vel
2679 1864 3080 1935 Pelagianorum
3111 1865 3269 1922 ﬁdem
3300 1867 3630 1937 proﬁteatur.
3664 1887 3682 1919 σ
3703 1868 3838 1922 Con-

2266 1959 2344 2006 tra
2375 1951 2505 2017 lucc,
2542 1972 2561 2005 ι
2592 1952 2781 2025 inquit,
2812 1974 2831 2006 ι
2868 1970 2967 2010 nos
2990 1957 3230 2027 quotidie
3253 1957 3607 2028 disputamus,
3642 1967 3695 2013 et
3718 1958 3832 2013 ideo

2263 2046 2509 2101 nolumus
2535 2048 3025 2116 prrevaricatoribus
3050 2048 3305 2106 adhibere
3330 2065 3654 2106 consensum
3674 2089 3689 2116 ,
3715 2050 3832 2120 quia

2263 2152 2361 2192 nos
2388 2137 2613 2193 dicimus
2653 2140 2875 2195 liberum
2906 2140 3182 2196 arbitrium
3222 2144 3274 2198 in
3311 2144 3555 2198 omnibus
3594 2157 3719 2198 esse
3742 2156 3834 2197 na-

2265 2228 2527 2295 turaliter,
2574 2244 2673 2285 nec
2723 2230 2854 2286 Adin
2907 2241 3125 2301 peccato
3162 2233 3340 2303 perire
3385 2233 3625 2305 potuisse
3657 2252 3671 2289 :
3702 2231 3835 2304 quod

2265 2320 2654 2392 Seripturarum
2685 2324 2920 2379 omnium
2944 2327 3256 2383 auctoritate
3282 2327 3539 2382 ﬁrmatur.
3575 2347 3594 2381 ι
3643 2328 3765 2383 iiazc
3792 2326 3835 2384 si

2264 2413 2708 2484 quemadmodum
2747 2424 2985 2486 oportet,
3025 2432 3131 2473 non
3180 2427 3364 2474 contra
3394 2420 3484 2475 Dei
3506 2420 3732 2491 gratiam
3757 2419 3835 2473 die

2265 2504 2489 2572 ceretis;
2535 2520 2641 2559 non
2669 2520 2987 2561 consensum
3019 2509 3040 2539 ¹
3076 2510 3570 2578 prmvaricaloribus
3620 2509 3836 2565 adhibe-

2265 2594 2429 2663 retis,
2459 2595 2553 2652 sed
2597 2605 2833 2653 vestrum
2861 2613 3075 2653 sensum
3117 2599 3472 2671 corrigeretis.
3499 2599 3640 2656 nine
3665 2610 3834 2656 amem

2264 2697 2519 2757 quantum
2548 2688 2835 2759 potuimus,
2861 2697 2915 2744 et
2955 2698 3210 2760 quantum
3255 2690 3502 2747 sufﬁcere
3527 2691 3698 2748 visum
3718 2697 3832 2755 est,

2264 2779 2508 2850 superius
2534 2779 2940 2850 disputavimus.
2970 2809 2987 2822 ο

2336 2870 2426 2927 '50.
2459 2889 2481 2924 ι
2508 2871 2759 2938 Dicimus,
2800 2892 2820 2926 ι
2881 2873 3070 2945 inquit,
3107 2892 3129 2927 ι
3163 2875 3260 2931 has
3285 2891 3406 2946 qua:
3446 2890 3589 2931 nunc
3613 2883 3836 2949 aguntur

2267 2961 2318 3016 in
2344 2962 2473 3017 orbe
2500 2970 2781 3031 terrarum,
2809 2978 2841 3018 a
2872 2964 2983 3020 Deo
3011 2967 3219 3035 nuptias
3246 2966 3510 3022 institutas
3529 3008 3545 3033 ,
3580 2982 3681 3023 nec
3720 2980 3835 3022 reos

2266 3068 2383 3107 esse
2407 3052 2682 3124 cunjuges,
2736 3054 2831 3110 sed
2866 3055 3213 3111 fornicatores
3261 3065 3315 3112 et
3351 3057 3623 3113 adulteros
3649 3056 3838 3113 conde-

2265 3143 2541 3199 mnandos.
2577 3163 2596 3197 ι
2625 3144 2737 3200 Hoc
2779 3160 2961 3201 verum
2999 3155 3049 3202 et
3085 3147 3404 3202 catholicum
3428 3157 3509 3202 est
3537 3166 3552 3202 :
3577 3148 3673 3204 sed
3699 3145 3833 3218 quod

2263 3253 2359 3294 vos
2387 3238 2510 3294 hinc
2533 3238 2692 3294 vultis
2717 3237 2962 3305 efﬁcere,
2992 3247 3047 3293 ut
3093 3239 3160 3295 de
3200 3240 3582 3295 commixtione
3621 3238 3836 3295 masculi

2263 3336 2319 3385 et
2358 3328 2601 3397 feminae,
2633 3327 2763 3382 nihil
2804 3330 3004 3399 peccati
3039 3328 3061 3361 ⁸
3101 3339 3378 3386 nascentes
3419 3332 3653 3394 trahant,
3701 3329 3835 3402 quod

2264 3421 2473 3477 lavacro
2522 3421 2935 3492 regenerationis
2960 3424 3238 3494 expietur,
3291 3423 3394 3481 hoc
3440 3424 3632 3481 falsum
3678 3433 3761 3481 est
3784 3431 3835 3478 et

2263 3511 2592 3569 hmrcticum.

2333 3607 2421 3663 51.
2450 3624 2471 3658 t
2507 3606 2727 3676 Motum,
2754 3627 2773 3661 ι
2806 3608 2993 3680 inquit,
3031 3630 3050 3663 ι
3081 3612 3414 3681 genitalium,
3448 3611 3498 3666 id
3525 3620 3641 3676 est,
3665 3612 3829 3681 ipsam

2260 3699 2566 3755 virilitatem
2610 3700 2726 3756 sine
2751 3717 2850 3770 qua
2896 3719 3001 3757 non
3048 3715 3223 3774 p0tcst
3277 3720 3397 3759 esse
3431 3705 3775 3764 commixtio,
3805 3717 3833 3753 a

2263 3792 2372 3847 Deo
2399 3790 2621 3847 dicimus
2650 3792 2963 3847 institutam.
2995 3812 3014 3845 ι
3049 3793 3126 3848 Ad
3157 3795 3258 3849 hoc
3287 3794 3700 3864 reSpondemus,
3724 3808 3834 3847 mo-

2262 3889 2372 3937 tum
2407 3883 2743 3953 genitalium',
2773 3892 2846 3948 et,
2886 3893 2943 3937 ut
2981 3885 3146 3941 verbo
3191 3885 3306 3955 ejus
3337 3896 3473 3950 utar,
3512 3886 3831 3947 virilitatem,

2260 3973 2376 4031 sine
2402 3988 2502 4045 qua
2529 3989 2634 4029 non
2665 3984 2839 4045 potest
2872 3990 2990 4030 esse
3020 3977 3345 4040 commixtio,
3381 3977 3520 4031 Deus
3564 3977 3646 4031 sic
3691 3973 3835 4029 iusti-

2260 4068 2376 4126 tuit.
2408 4075 2465 4121 ut
2493 4067 2621 4122 nihil
2663 4067 2883 4123 haberet
2932 4068 3256 4137 pudendum.
3304 4068 3416 4123 Non
3447 4068 3588 4123 enim
3622 4067 3699 4121 fas
3743 4064 3833 4119 fuit

2261 4166 2317 4213 ut
2340 4156 2456 4226 ejus
2485 4158 2827 4214 erubesceret
2856 4167 3097 4214 creatura
3125 4159 3194 4215 de
3222 4160 3302 4213 sui
3335 4174 3497 4229 opere
3528 4157 3831 4217 Creatoris;

2258 4249 2354 4305 sed
2394 4249 2746 4305 iuobedientia
2786 4251 3144 4306 membrorum
3186 4252 3446 4321 supplicio
3475 4251 3621 4319 justo
3652 4249 3832 4319 primis

2259 4341 2561 4396 hominibus
2599 4341 3023 4397 inobodientibus
3062 4342 3268 4397 reddita
3305 4351 3418 4405 est,
3467 4342 3533 4397 de
3581 4357 3685 4413 qua
3712 4356 3832 4396 eru-

2257 4431 2520 4493 buerunt,
2546 4429 2758 4501 quando
2802 4430 2941 4485 foliis
2986 4430 3225 4487 ﬁculneis
3278 4431 3518 4502 pudenda
3548 4437 3827 4493 texerunt,

2257 4536 2375 4592 qua:
2397 4521 2541 4591 prius
2569 4520 2808 4589 pudenda
2837 4538 2940 4575 non
2962 4519 3198 4576 fuerunt.

2329 4610 2554 4668 CAPUT
2575 4611 2881 4668 Ἐπὶ-52.
2918 4613 3233 4667 Perisomatn
3247 4630 3360 4684 qua:
3373 4614 3466 4668 sibi
3481 4613 3647 4667 Adam
3660 4621 3708 4666 et
3725 4609 3831 4665 Eva

2258 4712 2576 4757 consuerunt.
2605 4702 2813 4766 Apertio
2840 4704 3099 4757 oculorum
3130 4704 3255 4758 Adw
3292 4705 3339 4758 et
3368 4704 3503 4758 Em.
3532 4703 3715 4758 Pudor
3739 4718 3833 4755 nu-

2257 4793 2447 4847 ditatis.
2474 4792 2655 4862 Neque
2674 4794 2815 4848 enim
2846 4794 2944 4848 sibi
2974 4795 3196 4860 tunicas,
3230 4805 3287 4849 ut
3327 4804 3494 4849 totum
3522 4810 3721 4864 corpus
3750 4802 3830 4847 te-

2255 4892 2439 4953 gerent
2460 4894 2580 4953 post
2612 4892 2908 4952 peccatum,
2957 4883 3050 4938 sed
3097 4886 3451 4939 succinctoria
3504 4892 3834 4939 consuerunt

2261 4972 2408 5043 (Gen.
2441 4989 2519 5038 tu,
2550 4973 2626 5044 7),
2666 4990 2785 5043 qua:
2815 4975 3048 5028 nonnulli
3090 4975 3411 5044 interpretes
3457 4976 3625 5029 nostri
3660 4974 3832 5028 minus

2255 5064 2531 5133 diligentes
2557 5064 2579 5097 ⁸
2607 5065 2834 5135 tegmina
2875 5066 3206 5135 interpretati
3259 5076 3403 5121 sunt.
3434 5066 3587 5135 Quod
3617 5065 3830 5137 quidem

2257 5170 2444 5210 verum
2474 5164 2553 5210 est
2584 5174 2597 5209 :
2626 5156 2719 5210 sed
2744 5158 2993 5227 generale
3024 5173 3215 5212 nomen
3239 5170 3323 5213 est
3353 5170 3585 5227 tegmen,
3621 5172 3729 5227 quo
3751 5158 3830 5209 in-

2254 5245 2561 5300 dumentum
2598 5256 2651 5301 et
2687 5248 3072 5316 operimentum
3098 5264 3257 5303 omne
3300 5250 3467 5318 possit
3494 5249 3739 5315 intelligi.
3770 5245 3836 5299 Et

2255 5337 2372 5392 ideo
2415 5338 2595 5393 debuit
2634 5338 2951 5408 ambiguitas
3004 5338 3222 5403 evitari,
3282 5350 3339 5393 ut
3380 5336 3830 5409 quemadmodum

2317 5548 2503 5615 ‘_Edili,
2528 5546 2641 5615 quia
2661 5547 2711 5598 in
2732 5548 2879 5615 nobis
2911 5550 3295 5615 Gallicanialssq
3320 5549 3435 5615 quia
3454 5564 3486 5602 a
3505 5546 3663 5601 nobis.
3701 5547 3828 5597 Vati.

2252 5610 2376 5675 cani.
2400 5607 2513 5675 quia
2530 5607 2691 5669 nobis;
2712 5613 2897 5674 absque
2920 5614 3273 5675 praepositione.

2318 5671 2336 5740 ξ
2372 5670 2505 5740 mliti,
2529 5683 2615 5740 nec
2637 5670 2934 5740 ροηςεςηὲωηξ
2956 5670 3273 5740 Fuientlantur
3313 5685 3341 5722 a
3379 5671 3737 5740 manusa‘lptls:

2317 5731 2338 5763 ³
2370 5731 2670 5805 fuiti,_‘rultis
2693 5732 2877 5805 ejicere
2901 5736 2960 5785 de
2986 5736 3321 5805 conuitixtiune
3333 5733 3532 5785 masculi
3552 5741 3599 5782 ct

2254 5792 2534 5902 quiidmnilnh:
2554 5792 2886 5902 pgctltinatih!
2917 5798 3231 5847 Emendaatur
3258 5799 3401 5847 etiam
3424 5809 3451 5845 a
3476 5792 3826 5856 manuscriptls

2375 5863 2420 5902 tu
2452 5864 2569 5909 issu,
2592 5856 2857 5923 diliqnttcr.
