4144 6496
348 398 452 457 565

346 527 552 582 grmcus
580 520 885 584 περιζώματα
914 511 1107 583 posuit,
1154 509 1347 581 quibus
1393 524 1497 562 non
1538 515 1788 579 teguntur
1821 505 1923 560 nisi

350 602 610 675 pudenda:
637 603 875 674 corporis
905 615 1110 674 partes,
1143 602 1222 657 sic
1250 609 1305 656 et
1345 599 1574 665 latinus,
1613 606 1704 653 aut
1748 597 1921 669 ipsum

346 710 576 767 graecum
602 701 845 765 poneret,
875 695 996 765 quia
1035 703 1088 749 et
1126 693 1240 763 ipso
1259 691 1369 762 jam
1396 688 1723 746 consuetudo
1757 689 1925 744 utitur

349 801 445 856 pro
476 786 671 851 latino,
705 784 790 840 vel
836 785 974 840 sicut
1012 782 1225 855 quidam
1256 780 1637 846 succinctoria,
1680 778 1764 834 vel
1789 778 1929 833 sicut

347 874 432 929 alii
460 874 652 930 melius
701 874 1019 945 campestria
1058 874 1418 928 nominarunt.
1469 871 1548 927 Ex
1589 869 1683 925 illo
1729 868 1927 940 quippe

348 966 451 1021 hoc
477 978 668 1020 nomen
690 972 804 1031 est,
847 963 988 1035 quod
1019 961 1261 1035 pudenda
1285 960 1512 1033 juvenes
1547 958 1797 1031 tegebant
1830 974 1928 1014 an-

351 1059 494 1129 tiquo
523 1071 672 1113 more
699 1056 941 1112 Romano
967 1097 985 1123 ,
1028 1054 1242 1127 quando
1285 1053 1410 1109 nudi
1451 1052 1840 1111 exercebantur
1867 1052 1921 1106 in

349 1165 537 1218 campo
564 1166 578 1204 :
602 1147 741 1204 unde
766 1148 1105 1219 campestrati
1131 1146 1464 1218 appellantur
1487 1143 1771 1215 hodieque,
1797 1142 1887 1214 qui
1907 1142 1924 1175 ι

349 1239 533 1295 eadem
575 1240 811 1294 membra
858 1237 1119 1310 cingendo
1163 1236 1493 1308 cooperiunt.
1539 1233 1851 1305 Quanquam
1880 1232 1929 1289 si

348 1343 411 1385 ea
433 1329 624 1400 quibus
647 1337 919 1399 peceatum
949 1337 1060 1395 est,
1095 1326 1320 1396 tegenda
1340 1324 1555 1382 fuerant
1581 1333 1701 1396 post
1732 1338 1923 1393 pecea—

349 1428 493 1485 tum;
527 1434 593 1475 ne
618 1418 812 1474 tunicis
837 1416 1050 1489 quidem
1072 1416 1217 1472 indui
1235 1416 1556 1482 debuerunt,
1588 1412 1683 1471 sed
1710 1427 1927 1468 manum

349 1519 404 1565 et
431 1524 493 1565 os
521 1519 732 1580 tegere,
768 1507 891 1580 quia
919 1505 1181 1563 sumendo
1207 1514 1264 1562 et
1308 1503 1575 1562 vescendo
1618 1512 1923 1575 peccarunt.

348 1600 486 1670 Quid
513 1601 611 1658 sibi
638 1616 766 1673 ergo
784 1601 925 1667 vult,
951 1599 1092 1672 quod
1116 1606 1337 1669 accepto
1360 1596 1629 1669 prohibito
1648 1595 1788 1661 cibo,
1807 1610 1928 1651 cum

349 1694 536 1749 fuisset
561 1694 814 1766 przeeepti
866 1692 1002 1748 facta
1041 1690 1428 1763 transgressio,
1474 1689 1526 1744 in
1557 1689 1644 1744 illa
1689 1688 1929 1744 membra

348 1795 597 1858 aspectus
624 1783 952 1841 intenditur?
978 1783 1107 1854 Qua:
1133 1782 1205 1839 ibi
1233 1783 1443 1838 novitas
1472 1780 1651 1851 ignota
1679 1779 1927 1846 sentitur,

348 1886 405 1933 et
428 1893 487 1933 se
525 1876 795 1948 compellit
832 1874 1077 1931 adverti?
1104 1872 1248 1944 quod
1274 1873 1551 1944 apertione
1594 1870 1932 1943 signiﬁcatur

349 1970 653 2026 oculorum.
682 1967 865 2039 Neque
890 1967 1033 2023 enim
1055 1967 1135 2022 eis
1157 1965 1240 2021 vel
1260 1965 1474 2035 quando
1499 1964 1589 2020 ille
1607 1962 1821 2020 nomina
1840 1978 1931 2034 pe-

349 2061 563 2117 coribus
608 2068 665 2116 et
706 2059 1010 2115 volucribus
1049 2057 1353 2128 imponebat
1387 2054 1536 2128 (Gen.
1585 2071 1645 2122 ιι,
1695 2054 1824 2127 20),
1848 2054 1931 2110 vel

349 2154 561 2224 quando
588 2153 677 2209 illa
716 2152 996 2224 pulchrum
1042 2151 1241 2222 lignum
1267 2149 1400 2205 vidit
1436 2160 1491 2205 et
1518 2148 1740 2211 bonum,
1792 2145 1932 2203 oculi

351 2262 458 2300 non
483 2245 764 2316 patebant;
795 2242 893 2300 sed
920 2241 1121 2314 aperti,
1150 2241 1252 2297 hoc
1279 2249 1392 2308 est,
1419 2238 1610 2296 intenti
1629 2239 1696 2295 ad
1722 2238 1935 2295 intuen-

350 2336 478 2391 dum
512 2335 647 2391 facti
678 2342 804 2391 sunt
826 2332 940 2406 (Id.
971 2348 1051 2402 ιιι,
1082 2331 1140 2402 ϐ,
1167 2329 1263 2407 7):
1294 2330 1433 2387 sicut
1457 2330 1715 2400 scriptum
1755 2337 1838 2385 est
1866 2329 1934 2385 de

354 2430 496 2500 Agar
536 2428 730 2484 ancilla
777 2426 977 2494 Same,
1007 2423 1151 2496 quod
1208 2424 1418 2496 aperuit
1461 2423 1650 2479 oculos
1692 2436 1840 2487 suos,
1880 2430 1935 2476 et

353 2520 485 2577 vidit
511 2528 725 2591 puteum
752 2516 866 2589 (ιιι.
894 2533 1010 2585 ut,
1041 2514 1167 2590 l9);
1202 2530 1339 2588 quos
1362 2514 1576 2571 clausos
1606 2513 1789 2584 utique
1826 2527 1932 2568 non

353 2610 604 2667 habebat.
635 2608 706 2668 Ut
729 2624 859 2681 ergo
886 2607 1143 2663 nuditatis
1168 2620 1301 2674 sum,
1339 2620 1500 2677 quam
1529 2603 1768 2676 quotidie
1808 2618 1936 2673 pro-

352 2699 493 2757 fecto
520 2700 886 2767 intuebantur,
910 2713 1011 2755 nec
1032 2695 1515 2761 confundebantur,
1540 2709 1634 2751 eos
1655 2693 1834 2749 subito
1860 2693 1939 2749 sic

353 2792 592 2864 puderet,
620 2801 676 2846 ut
699 2790 938 2846 membra
964 2788 1051 2844 illa
1076 2791 1187 2859 jam
1218 2787 1358 2843 nuda
1381 2786 1521 2843 ferre
1549 2801 1654 2842 non
1687 2792 1928 2856 possent,

354 2885 447 2943 sed
485 2885 664 2941 statim
712 2899 921 2956 operire
946 2892 1226 2946 curarent;
1279 2893 1462 2935 nonne
1483 2887 1537 2934 et
1571 2878 1663 2934 ille
1690 2878 1745 2933 in
1785 2888 1936 2932 motu

354 2985 561 3047 aperto,
588 2984 645 3032 et
671 2975 759 3030 illa
789 2975 843 3030 in
869 2973 1103 3041 occulto,
1130 2979 1315 3028 contra
1338 2986 1451 3028 sum
1476 2970 1766 3027 voluntatis
1786 2968 1935 3026 arbi-

354 3069 513 3123 trium
555 3065 911 3123 inobedientia
952 3064 1041 3119 illa
1085 3061 1324 3119 membra
1368 3068 1689 3128 senserunt,
1743 3058 1936 3131 quibus

354 3159 540 3230 utique
563 3167 693 3213 nutu
716 3156 1015 3213 voluntario
1040 3154 1177 3211 sicut
1215 3153 1424 3209 caeteris
1446 3151 1708 3209 dominari
1735 3151 1937 3209 debue-

354 3251 516 3307 runt?
542 3250 692 3320 Quod
716 3250 908 3305 merito
935 3247 1079 3319 passi
1117 3255 1242 3303 sunt
1265 3246 1389 3317 quia
1417 3254 1471 3302 et
1499 3244 1598 3316 ipsi
1621 3244 1937 3302 obedientes

352 3358 454 3398 suo
482 3341 704 3398 Domino
748 3356 853 3396 non
912 3338 1142 3395 fuerunt.
1185 3337 1524 3394 Erubuerunt
1563 3351 1722 3407 ergo,
1774 3336 1846 3391 ita
1875 3351 1936 3393 se

352 3433 593 3489 Creatori
639 3446 738 3488 suo
778 3446 885 3487 non
930 3428 1236 3486 exhibuisse
1282 3427 1597 3493 servitium,
1650 3435 1710 3481 ut
1763 3427 1817 3482 in
1859 3427 1939 3483 eis

352 3526 610 3583 membris
632 3527 654 3558 ³
679 3541 743 3581 ex
765 3525 958 3597 quibus
983 3532 1167 3579 essent
1189 3521 1279 3577 ﬁlii
1307 3519 1643 3592 procreandi,
1668 3535 1941 3577 mereren-

355 3629 444 3674 tur
469 3619 715 3673 amittere
733 3616 754 3650 ⁸
779 3617 1129 3671 dominatum.

428 3712 517 3768 53.
549 3711 660 3766 lloc
689 3709 905 3781 pudoris
923 3722 1113 3779 genus,
1141 3704 1257 3761 haec
1274 3701 1624 3761 erubescendi
1647 3702 1940 3759 necessitas

352 3815 503 3859 certe
526 3818 646 3857 cum
691 3800 836 3856 onmi
884 3799 1101 3854 homine
1133 3796 1391 3860 nascitur,
1423 3804 1479 3850 et
1518 3794 1650 3864 ipsis
1677 3793 1939 3864 quodam-

352 3899 517 3956 modo
545 3908 747 3954 naturxe
781 3896 989 3968 legibus
1016 3895 1328 3963 imperatur,
1360 3898 1419 3946 ut
1461 3889 1516 3945 in
1543 3887 1645 3945 hac
1691 3905 1751 3945 re
1779 3903 1938 3944 vere-

352 3990 656 4047 cundentur
683 3988 840 4043 etiam
866 3987 978 4057 ipsa
1005 3982 1193 4056 pudiea
1215 3981 1461 4051 coniugia
1486 3996 1503 4047 ;
1533 3995 1633 4036 nec
1657 3980 1938 4051 quisquam

353 4092 464 4136 tam
493 4081 627 4135 male
642 4078 967 4148 turpiterque
988 4074 1248 4142 proﬁciat,
1276 4070 1474 4142 utquia
1496 4071 1744 4141 cognovit
1772 4070 1937 4124 Deum

351 4187 477 4226 esse
495 4169 823 4226 conditorem
839 4176 1039 4222 natura:
1053 4174 1432 4233 auctoremque
1457 4163 1781 4232 nuptiarum,
1810 4161 1932 4216 ideo

352 4263 516 4316 etiam
548 4259 848 4315 miscendus
888 4256 1060 4324 uxori,
1092 4255 1136 4309 si
1179 4253 1300 4325 quis
1347 4267 1469 4308 eum
1512 4251 1709 4319 videat,
1732 4266 1837 4306 non
1867 4250 1936 4307 de

356 4356 442 4408 his
471 4352 703 4407 motibus
730 4350 1030 4410 erubescat,
1063 4353 1371 4417 qumratque
1395 4354 1685 4411 secretum,
1712 4345 1803 4400 ubi
1827 4358 1934 4398 non

356 4447 532 4502 solum
555 4445 844 4499 alienorum
861 4484 876 4508 ,
908 4456 1091 4495 verum
1119 4438 1281 4493 etiam
1303 4451 1519 4493 suorum
1546 4436 1783 4491 omnium
1817 4452 1941 4504 pos-

356 4540 427 4593 sit
450 4538 615 4592 vitare
641 4544 1006 4605 conspectum.
1036 4532 1215 4601 Itaque
1246 4545 1339 4584 sua
1372 4529 1528 4599 culpa
1557 4528 1658 4583 sibi
1690 4528 1939 4584 accidens

359 4629 590 4692 malum,
632 4636 817 4681 natura
854 4625 1083 4678 humana
1134 4621 1472 4693 permittatur
1498 4633 1826 4689 agnoscere;
1871 4634 1939 4675 ne

360 4729 599 4789 cogatur,
628 4726 719 4771 aut
744 4715 885 4786 quod
914 4723 997 4770 est
1027 4711 1545 4783 impudentissimum
1565 4752 1581 4777 ,
1609 4710 1676 4765 de
1719 4711 1800 4765 his
1830 4712 1941 4767 suis

362 4811 591 4865 motibus
613 4824 718 4864 non
744 4807 1079 4868 erubescere,
1103 4811 1193 4857 aut
1215 4801 1356 4874 quod
1384 4812 1464 4856 est
1485 4802 1899 4873 ingratissimum
1920 4842 1937 4869 ,

362 4901 429 4955 de
477 4901 557 4954 sui
601 4898 856 4954 creatoris
911 4894 1163 4966 operibus
1212 4893 1548 4948 erubescere.
1598 4892 1714 4960 Quo
1762 4900 1939 4947 tamen

361 4994 536 5056 malo,
587 4999 803 5062 propter
829 4990 1026 5044 bonum
1072 4984 1431 5057 generationis
1476 4982 1748 5049 ﬁliorum,
1804 4984 1939 5041 bene

361 5094 583 5138 utuntur
636 5082 820 5153 pudiea
873 5079 1138 5149 conjugia.
1168 5074 1347 5133 Solius
1388 5083 1567 5131 autem
1596 5075 1826 5130 carnalis
1850 5091 1946 5129 vo-

363 5176 576 5245 luptatis
626 5188 783 5226 causa
840 5170 1043 5225 libidini
1098 5168 1438 5233 consentire,
1503 5175 1776 5236 peccatum
1826 5176 1941 5232 est;

361 5266 607 5336 quamvis
632 5263 927 5333 conjugatis
955 5260 1247 5316 secundum
1289 5259 1496 5313 veniam
1525 5257 1868 5313 concedatur.

428 5355 656 5412 CAPUT
701 5353 861 5409 XVII.
906 5382 979 5393 —-
1023 5352 1111 5405 54.
1158 5351 1236 5404 Αη
1275 5350 1430 5403 libido
1460 5357 1575 5403 ante
1603 5357 1861 5418 peccatum
1889 5349 1943 5402 in

365 5448 601 5512 paradiso
630 5461 737 5498 esse
756 5443 988 5513 potuerit.
1017 5440 1121 5496 Sed
1148 5440 1451 5494 constituite
1471 5478 1487 5503 ,
1516 5437 1803 5508 Pelagiani,
1827 5453 1943 5493 ser-

365 5549 480 5593 vata
529 5539 804 5592 honestate
846 5550 909 5589 ac
958 5532 1280 5589 fecunditate
1322 5532 1620 5601 nuptiarum
1697 5531 1741 5585 si
1788 5547 1947 5585 nemo

425 5733 440 5797 τ
488 5731 607 5797 tpud
626 5740 757 5797 tot,
778 5729 943 5797 hodie,
958 5727 1043 5792 qui
1054 5742 1071 5790 ;
1093 5728 1287 5786 omisso,
1312 5738 1419 5788 que.

424 5796 443 5826 ε
479 5791 634 5849 Forte.
661 5791 708 5841 in
728 5806 786 5842 ea
804 5791 1030 5841 membra.

427 5857 447 5888 ⁸
480 5856 615 5912 ωω,
637 5854 873 5917 arripere.
896 5856 1191 5915 castigantur
1217 5863 1278 5897 ex
1304 5856 1408 5897 sta.

1718 391 1925 448 LIBER
1965 389 2237 449 PRIMUS.

3510 400 3579 456 56
3587 402 3618 457 6

2033 513 2335 577 peccasset,
2380 508 2591 580 qualem
2633 509 2805 565 velitis
2849 509 2899 564 in
2931 509 3177 581 paradiso
3212 512 3374 569 vitam
3405 513 3615 570 illorum

2032 599 2305 655 hominum
2346 601 2611 672 cogitare,
2655 611 2709 657 et
2756 619 2916 658 unum
2959 602 3029 659 de
3074 604 3156 658 bis
3197 614 3425 675 quatuor
3457 608 3617 663 rebus

2030 688 2230 761 eligite.
2257 689 2451 747 Procul
2479 691 2640 747 dubio
2665 693 2831 762 enim,
2858 704 2948 749 aut
2973 695 3408 768 quotiescumque
3430 697 3616 753 libuis-

2031 787 2152 848 set,
2199 782 2358 839 toties
2391 783 2799 840 concubuissent
2828 801 2843 847 ;
2888 794 2978 840 aut
3013 784 3284 841 frenarent
3310 788 3579 845 libidinem
3601 831 3616 855 ,

2031 871 2247 942 quando
2274 874 2588 930 concubitus
2617 876 2951 931 necessarius
2979 890 3084 930 non
3116 875 3341 933 fuisset:
3371 888 3462 933 aut
3491 890 3619 934 tunc

2030 961 2100 1018 ad
2138 972 2323 1019 nutum
2348 966 2636 1022 voluntatis
2662 967 2827 1022 libido
2853 972 3196 1039 consurgeret
3215 1010 3230 1034 ,
3259 971 3472 1041 quando
3500 986 3621 1028 esse

2030 1055 2368 1112 concubitum
2399 1060 2756 1115 necessarium
2780 1068 2924 1116 easta
2951 1062 3230 1132 prudentia
3257 1063 3274 1096 ¹
3300 1068 3618 1135 prmsensis-

2032 1153 2115 1199 set
2142 1162 2158 1210 ;
2200 1154 2292 1200 aut
2334 1147 2477 1202 nulla
2507 1149 2576 1205 ibi
2606 1151 2823 1205 omnino
2852 1152 3112 1209 existente
3141 1152 3359 1211 libidine
3383 1196 3399 1223 ,
3431 1167 3486 1212 ut
3516 1172 3622 1212 ete-

2032 1243 2144 1290 tera
2178 1237 2416 1292 membra
2444 1255 2666 1309 qumque
2691 1241 2757 1296 ad
2783 1256 2944 1311 Opera
2973 1258 3068 1298 sua
3087 1283 3103 1307 ,
3134 1244 3211 1299 sic
3237 1244 3303 1299 ad
3334 1261 3469 1316 opus
3494 1263 3618 1317 pro-

2033 1325 2206 1394 prium
2247 1328 2405 1382 etiam
2437 1330 2681 1399 genitalia
2707 1324 3184 1401 jussis‘volentium
3211 1336 3326 1390 sine
3352 1339 3454 1391 ulla
3482 1338 3621 1391 diffr-

2033 1414 2232 1472 cultate
2256 1419 2567 1475 servissent.
2596 1421 2798 1477 Ilorum
2823 1433 3049 1494 qttatuor
3068 1426 3206 1496 quod
3236 1427 3395 1481 vultis
3420 1429 3616 1499 eligite.

2034 1504 2141 1561 Sed
2172 1515 2300 1576 puto
2322 1509 2463 1580 quod
2485 1511 2591 1564 duo
2613 1512 2785 1581 priora
2813 1515 3076 1582 reSpuetis
3094 1556 3108 1580 ,
3138 1515 3225 1570 ubi
3247 1516 3269 1548 ¹
3294 1516 3497 1571 libidini
3528 1528 3622 1571 ant

2034 1598 2265 1652 servitur
2285 1639 2301 1666 ,
2343 1609 2434 1654 ant
2464 1610 2804 1672 repugnatur.
2837 1603 3075 1674 Namque
3106 1606 3231 1661 illud
3259 1609 3487 1677 primum
3515 1618 3619 1663 tam

2036 1690 2289 1757 praeclara
2327 1690 2618 1760 honestas;
2648 1694 2750 1751 hoc
2776 1703 2950 1751 autem
2982 1698 3268 1753 secundum
3299 1708 3402 1754 tam
3430 1716 3619 1771 magna

2035 1780 2261 1837 felicitas
2302 1797 2410 1840 non
2439 1786 2570 1841 vult.
2613 1786 2767 1842 Absit
2793 1789 2934 1844 enim
2964 1800 3017 1843 ut
3044 1800 3201 1844 tanta:
3226 1791 3366 1847 illius
3392 1793 3619 1847 beatitu-

2034 1870 2175 1927 dinis
2207 1870 2403 1940 decus,
2433 1884 2521 1930 aut
2552 1878 2940 1948 praecedentem
2967 1896 3178 1951 semper
3204 1882 3473 1952 sequendo
3498 1883 3621 1939 libi-

2034 1960 2213 2019 dinem
2258 1971 2442 2035 ageret
2485 1967 2845 2039 turpissimam
2890 1973 3232 2038 servitutem,
3279 1983 3371 2029 aut
3405 1974 3455 2030 ei
3489 1978 3625 2031 resi-

2036 2051 2228 2108 stendo
2271 2069 2376 2110 non
2417 2054 2636 2113 haberet
2680 2059 3040 2128 plenissimam
3071 2077 3299 2133 pacem:
3329 2064 3503 2133 absit,
3536 2066 3622 2121 in-

2036 2160 2231 2216 quam,
2277 2156 2337 2201 ut
2370 2147 2547 2204 carnis
2584 2149 3064 2218 concupiscentiam
3105 2167 3209 2207 non
3237 2164 3530 2223 opportune
3556 2156 3623 2210 ad

2035 2235 2395 2305 generandum
2418 2276 2436 2303 ,
2464 2237 2558 2293 sed
2587 2237 2880 2294 inordinata
2906 2240 3261 2296 commotione
3289 2250 3622 2313 surgentem,

2036 2334 2130 2380 aut
2173 2326 2247 2382 illi
2296 2329 2460 2384 menti
2499 2329 2710 2400 placere
2756 2332 3140 2386 conscntiendo
3172 2334 3402 2401 satiare,
3432 2346 3523 2392 aut
3551 2337 3623 2392 illi

2037 2417 2204 2488 quieti
2234 2434 2454 2475 necesse
2482 2429 2627 2476 esset
2645 2420 3006 2477 dissentiendo
3033 2422 3309 2480 cohibere.

2111 2510 2200 2567 55.
2236 2511 2469 2567 Duarum
2500 2527 2629 2568 vero
2654 2513 2976 2583 reliquarum
3000 2516 3289 2585 quamlibet
3318 2516 3584 2588 elegeritis
3606 2560 3622 2586 ,

2040 2620 2146 2660 non
2184 2614 2267 2660 est
2310 2604 2564 2661 adversus
2607 2621 2700 2661 vos
2742 2605 2846 2661 ulla
2885 2607 3223 2664 contentione
3258 2608 3627 2669 laborandum.

1996 2704 2013 2720 '
2040 2694 2154 2751 Etsi
2175 2694 2315 2750 enim
2346 2705 2588 2768 quartam
2617 2695 2893 2752 nolueritis
2916 2697 3138 2769 eligere,
3166 2697 3255 2753 ubi
3284 2707 3367 2755 est
3386 2700 3625 2756 omnium

2039 2785 2399 2842 obedientium
2441 2788 2801 2844 membrorum
2831 2788 2854 2821 ³
2892 2790 3009 2846 sine
3044 2790 3152 2845 ulla
3177 2790 3393 2847 libidine
3420 2808 3628 2848 summa

2039 2877 2385 2948 tanquillitas,
2426 2880 2673 2949 quoniam
2693 2882 2801 2949 jam
2840 2896 2936 2937 vos
2974 2880 3025 2937 ei
3054 2882 3178 2938 fecit
3199 2893 3494 2939 vestrarum
3518 2885 3628 2941 dis-

2042 2968 2371 3037 putationum
2412 2968 2640 3040 impetus
2683 2970 2925 3027 inimicos
2948 2990 2963 3027 :
2990 2972 3119 3028 illud
3140 2972 3289 3028 vobis
3309 2975 3496 3031 saltem
3516 2976 3629 3046 pla«

2039 3059 2218 3126 eebit,
2267 3060 2410 3132 quod
2456 3061 2612 3117 tertio
2651 3062 2770 3118 loco
2817 3063 3126 3135 posuimus,
3169 3072 3227 3120 ut
3265 3065 3356 3121 illa
3394 3067 3626 3123 carnalis

2038 3153 2468 3222 concupiscentia
2491 3195 2507 3220 ,
2558 3154 2710 3225 cujus
2759 3164 2935 3213 motus
2963 3155 3029 3211 ad
3062 3166 3386 3228 postremam
3414 3157 3438 3192 ⁸
3455 3201 3471 3227 ,
3497 3176 3618 3232 qum

2041 3258 2137 3298 vos
2166 3244 2384 3299 multum
2412 3244 2673 3314 delectat,
2702 3247 2947 3317 pervenit
2971 3247 3293 3318 voluptatem
3319 3290 3334 3316 ,
3357 3266 3627 3323 nunquam

2043 3333 2096 3388 in
2119 3334 2362 3404 paradiso
2385 3376 2399 3401 ,
2431 3334 2532 3391 nisi
2562 3352 2683 3391 cum
2712 3335 2777 3391 ad
2799 3337 3118 3409 gignendum
3142 3347 3285 3395 esset
3306 3342 3626 3408 necessaria,

2042 3425 2109 3480 ad
2144 3420 2428 3482 voluntatis
2465 3436 2646 3483 nutum
2672 3437 3000 3498 exsurgeret.
3032 3428 3179 3484 llanc
3206 3429 3249 3485 si
3278 3430 3451 3501 placet
3477 3432 3629 3486 vobis

2043 3515 2099 3571 in
2142 3516 2389 3587 paradiso
2416 3517 2679 3574 collocare
2707 3559 2724 3585 ,
2753 3526 2805 3573 et
2832 3533 2931 3590 per
2960 3519 3116 3574 talem
3144 3521 3626 3591 concupiscentiam

2041 3609 2217 3665 carnis
2240 3650 2255 3672 ,
2298 3625 2418 3681 qua:
2453 3625 2553 3666 nec
2578 3611 2899 3682 praeveniret
2926 3653 2942 3679 ,
2974 3626 3073 3667 nec
3104 3612 3372 3678 tardaret,
3401 3626 3502 3668 nec
3531 3629 3627 3669 ex-

2006 3774 2009 3777 ἢ
2042 3700 2259 3756 cederet
2284 3701 2564 3772 imperium
2597 3702 2880 3757 voluntatis
2901 3745 2915 3768 ,
2945 3703 3098 3759 vobis
3123 3702 3333 3758 videtur
3362 3704 3412 3758 in
3441 3705 3524 3759 illa
3554 3705 3632 3760 fe-

2043 3791 2240 3847 licitate
2283 3793 2419 3848 filios
2458 3794 2692 3864 potuisse
2726 3795 2970 3866 generari
2998 3795 3054 3861 ⁸,
3100 3811 3205 3851 non
3249 3811 3625 3867 repugnamus.

2043 3883 2125 3938 Ad
2170 3884 2270 3938 hoc
2302 3884 2444 3939 enim
2487 3885 2628 3954 quod
2666 3886 2871 3957 agimus
2893 3927 2908 3950 ,
2936 3884 3134 3941 sufﬁcit
3162 3887 3314 3942 nobis
3343 3887 3462 3957 quia
3492 3903 3630 3943 nunc

2044 3976 2165 4031 talis
2189 3977 2239 4031 in
2264 3975 2567 4033 hominibus
2595 3992 2699 4033 non
2730 3988 2810 4033 est
2833 4020 2848 4044 ,
2880 3980 3091 4049 «pellem
3119 3979 3171 4035 in
3200 3980 3341 4035 illius
3364 3980 3630 4036 fclicitatis

2044 4067 2161 4123 loco
2184 4082 2303 4124 esse
2330 4069 2562 4138 patuisse
2586 4070 2897 4128 conceditis.
2925 4070 3108 4140 Qualis
3136 4071 3332 4143 quippe
3357 4088 3497 4128 nunc
3518 4075 3625 4139 sit,

2044 4159 2282 4229 profecto
2319 4160 2555 4216 omnium
2598 4175 2788 4218 sensus
2830 4162 3131 4217 mortalium
3154 4204 3170 4229 ,
3198 4163 3297 4218 etsi
3323 4179 3444 4218 cum
3472 4180 3629 4221 verc-

2044 4250 2270 4318 cundia,
2318 4252 2600 4307 conﬁtetur
2647 4270 2662 4308 :
2704 4253 2825 4323 quia
2868 4263 2924 4308 et
2961 4262 3138 4310 castos
3167 4253 3326 4311 etiam
3357 4256 3626 4319 nolentes.

2019 4356 2271 4420 eamque
2316 4343 2664 4412 temperantia
2705 4344 3028 4415 castiganles
3051 4386 3068 4411 ,
3098 4344 3460 4416 inquietudine
3488 4347 3629 4402 inor.

2042 4430 2221 4486 dinata
2268 4432 2674 4504 importunaque
2716 4434 3003 4500 sollicitat,
3054 4446 3109 4489 et
3149 4435 3465 4508 plerumque
3508 4452 3631 4493 sese

2045 4523 2343 4578 volentibus
2386 4523 2689 4590 subtrahit,
2742 4524 3047 4581 nolentibus
3097 4526 3337 4597 ingerit;
3397 4536 3454 4582 ut
3500 4527 3628 4582 nihil

2045 4615 2186 4670 aliud
2214 4614 2567 4671 inobcdientia
2598 4631 2690 4671 sua
2710 4657 2726 4681 ,
2758 4633 2916 4687 quam
2944 4618 3083 4673 illius
3109 4620 3295 4689 prisca:
3324 4620 3633 4676 inobcdien-

2048 4707 2134 4761 tize
2177 4722 2389 4779 pmnam
2426 4722 2485 4762 se
2524 4722 2643 4763 esse
2683 4716 2922 4765 testetur.
2961 4707 3116 4765 Unde
3152 4710 3342 4766 merito
3364 4710 3430 4765 de
3460 4711 3544 4765 illa
3577 4720 3632 4768 et

2047 4806 2174 4854 tunc
2218 4799 2371 4867 primi
2418 4800 2695 4865 homines,
2742 4800 2956 4870 quando
2996 4801 3237 4871 pudenda
3266 4812 3546 4869 texerunt,
3579 4815 3634 4859 et

2048 4905 2187 4944 nunc
2237 4889 2325 4959 qui
2374 4904 2432 4943 se
2479 4899 2763 4960 utcumque
2810 4889 3078 4946 hominem
3128 4906 3246 4947 esse
3294 4893 3628 4958 considerat,

2047 4980 2222 5036 omnis
2252 4981 2457 5053 pudens
2499 4980 2885 5053 impudensque
2911 4982 3253 5039 confunditur
3273 5026 3291 5053 ,
3317 4985 3457 5041 absit
3486 4997 3540 5040 nt
3566 4987 3633 5043 de

2047 5087 2210 5142 opere
2257 5071 2390 5138 Dei,
2437 5071 2531 5128 sed
2574 5071 2641 5127 de
2689 5087 2841 5141 paena
2881 5075 3038 5145 primi
3082 5076 3382 5147 ve1crisqne
3409 5079 3632 5147 peccati.

2052 5164 2247 5219 Verum
2290 5179 2386 5219 vos
2430 5179 2535 5219 non
2582 5180 2681 5234 pro
2720 5166 2965 5237 religiosa
2996 5167 3201 5223 ratione
3224 5209 3239 5234 ,
3271 5168 3366 5223 sed
3396 5184 3491 5239 pro
3517 5171 3632 5223 ani-

2051 5269 2199 5309 mosa
2230 5256 2571 5312 contentione
2593 5297 2610 5322 ,
2640 5271 2741 5311 nec
2763 5272 2859 5326 pro
2885 5258 3119 5312 humano
3149 5259 3349 5328 pudore
3368 5302 3382 5318 .
3414 5259 3505 5313 sed
3536 5275 3634 5329 pro

2050 5358 2228 5401 vestro
2260 5346 2456 5411 furore,
2476 5361 2544 5401 ne
2573 5347 2654 5402 vel
2686 5347 2798 5417 ipsa
2824 5349 3247 5418 concupiscentia
3276 5351 3451 5405 carnis
3478 5350 3633 5404 vitia-

2116 5544 2130 5574 ί
2168 5541 2241 5605 sic
2260 5547 2366 5605 Mss.
2395 5547 2445 5605 {tt
2471 5541 2606 5601 editi,
2628 5541 2872 5605 pudenda.

2116 5606 2141 5635 "
2169 5604 2303 5657 Etliti,
2328 5600 2514 5664 qt't'bus.
2544 5610 2595 5652 At
2628 5600 2755 5660 Mss,
2779 5603 2875 5654 ubi.

2117 5665 2135 5695 ³
2170 5664 2283 5711 Editi
2304 5663 2411 5721 soli,
2428 5664 2693 5713 obcdientiu
2714 5666 3047 5715 membrorum.

2119 5727 2136 5757 ἰ
2171 5726 2311 5782 Editi,
2356 5720 2422 5774 ad
2465 5738 2570 5775 eum
2605 5733 2906 5787 postremam.
2947 5727 3244 5787 ΜιλυάςΓίμί
3290 5737 3381 5772 non
3425 5720 3623 5775 habent,

2055 5801 2175 5836 ad".

2119 5854 2138 5879 ⁸
2175 5848 2305 5902 E-lizi,
2330 5858 2576 5908 generare.
2613 5854 2664 5896 ,λι
2691 5856 2812 5905 κως..
2837 5844 3075 5909 generari.
