4144 6514
576 426 680 481 567

575 551 625 594 tu
672 538 952 602 credatur,
985 547 1038 593 et
1065 553 1130 592 es
1161 552 1223 590 ea
1255 537 1391 591 trahi
1431 536 1684 606 originale
1717 543 2029 605 peccatum;
2076 539 2159 584 ta-

579 632 683 690 lem
709 645 930 702 prorsus
954 630 1123 701 qualis
1149 644 1289 684 nunc
1311 639 1432 694 est,
1466 629 1517 682 in
1540 628 1844 699 paradisum
1869 623 2158 683 conamini‘

577 721 899 794 disputando
919 711 1212 786 revocare,
1236 735 1460 790 eamque
1486 719 1596 774 illic
1620 733 1740 775 esse
1763 719 2002 788 potuisse
2029 731 2162 771 con-

577 813 798 870 tendere
824 855 840 878 ,
887 827 1044 883 quam
1101 811 1185 867 vel
1247 825 1458 880 semper
1507 818 1817 880 sequeretur
1884 807 2163 862 inhonesta

577 905 967 970 consensio,vel
983 903 1264 975 aliquando
1279 911 1554 958 coerceret
1569 897 1865 959 miseranda
1878 898 2164 953 dissensio.

577 1000 690 1056 Nos
712 1007 892 1055 autem
921 1013 1028 1053 non
1055 997 1280 1052 multum
1308 1008 1556 1051 curamus
1580 993 1704 1064 quid
1726 1007 1820 1048 vos
1838 991 1905 1048 de
1929 991 2018 1046 illa
2042 1005 2166 1046 sen-

579 1091 682 1148 tire
706 1091 954 1148 delectet.
983 1089 1252 1160 Quidquid
1278 1098 1456 1145 tamen
1481 1089 1750 1142 hominum
1777 1101 1874 1156 per
1897 1084 2039 1140 illam
2067 1097 2165 1139 na-

577 1185 785 1251 scitur,
829 1183 875 1240 si
919 1200 1024 1238 non
1065 1191 1407 1246 renascatur,
1452 1181 1568 1236 sine
1595 1177 1924 1235 dubitatione
1949 1178 2169 1233 damna-

581 1285 668 1329 tur
689 1317 704 1341 ,
745 1284 800 1330 et
839 1289 1060 1330 necesse
1087 1281 1314 1330 estesse
1343 1273 1442 1328 sub
1470 1271 1714 1336 diabolo,
1745 1267 1792 1324 si
1821 1285 1925 1324 non
1956 1267 2078 1324 inde
2105 1267 2170 1322 li-

580 1365 796 1423 beretur
818 1384 846 1420 a
875 1366 1107 1422 Christo.

651 1459 877 1517 CAPUT
918 1458 1104 1516 XVIII.
1147 1489 1220 1500 —-
1262 1457 1349 1513 36.
1400 1457 1594 1526 Quarta
1637 1454 1839 1510 Iuliani
1865 1447 2166 1520 autitliesis,

580 1549 717 1622 quod
745 1550 894 1604 homo
921 1549 986 1604 sit
1011 1548 1102 1604 Dei
1125 1565 1273 1622 opus,
1289 1565 1378 1602 nec
1404 1564 1466 1602 ea:
1492 1547 1631 1602 illius
1657 1546 1879 1618 potentia
1900 1546 1976 1600 vel
1989 1550 2040 1600 in
2060 1562 2170 1600 ma-

582 1643 688 1696 lum
709 1641 788 1697 vel
809 1643 862 1696 in
889 1641 1073 1696 bonum
1100 1651 1329 1713 cogatur.
1360 1658 1379 1693 ι
1415 1639 1668 1694 Homines
1690 1680 1706 1705 ,
1746 1656 1765 1691 ι
1797 1637 1994 1710 inquit,
2029 1656 2047 1690 ι
2077 1638 2169 1694 Dei

581 1748 715 1804 opus
757 1747 875 1788 esse
919 1731 1250 1788 defendimus
1293 1748 1306 1786 :
1348 1745 1447 1786 nec
1483 1745 1548 1786 ex
1577 1729 1718 1785 illius
1745 1729 1980 1799 potentia
2006 1728 2088 1784 vel
2117 1729 2169 1784 in

583 1823 776 1880 tnalmn
813 1823 896 1878 vel
939 1823 992 1878 in
1017 1823 1214 1878 bonum
1240 1823 1460 1878 invitum
1485 1821 1717 1892 aliquem
1743 1821 1893 1892 cogi;
1923 1819 2015 1876 sed
2045 1835 2167 1891 pro-

581 1915 694 1984 pria
739 1915 1041 1982 voluntate,
1081 1923 1173 1970 aut
1215 1913 1412 1978 bonum
1461 1913 1666 1979 facere,
1709 1921 1802 1966 aut
1845 1912 2040 1966 malum
2071 1929 2085 1965 :
2116 1913 2168 1968 in

579 2006 722 2061 bono
765 2021 891 2061 vero
929 2021 1092 2076 opere
1138 2020 1170 2060 a
1215 2005 1306 2060 Dei
1354 2005 1520 2076 gratia
1565 2019 1778 2074 semper
1810 2003 2087 2073 adjuvari,
2117 2003 2170 2058 in

581 2099 777 2155 malum
803 2113 931 2154 vero
960 2097 1156 2153 diaboli
1183 2095 1606 2168 suggestionibus
1637 2094 1864 2151 incitari.
1895 2113 1915 2148 ι
1950 2094 2030 2151 Ad
2058 2095 2173 2150 haec

579 2189 966 2260 respondemus
987 2230 1002 2255 ,
1054 2189 1306 2244 llomines
1351 2203 1470 2242 esse
1511 2201 1648 2258 Opus
1679 2187 1807 2254 Dei,
1837 2187 1889 2242 in
1915 2195 2169 2258 quantum

582 2281 830 2339 homines
853 2289 1018 2344 sunt;
1047 2279 1140 2335 sed
1167 2279 1264 2335 sub
1287 2279 1500 2334 diabolo
1526 2293 1668 2345 esse,
1695 2277 1748 2333 in
1771 2287 2024 2348 quantum
2047 2293 2173 2347 pec-

581 2382 796 2428 catores
837 2379 963 2426 sunt
985 2411 1001 2437 ,
1048 2371 1148 2426 nisi
1177 2379 1434 2425 eruantur
1475 2368 1598 2424 inde
1636 2380 1730 2441 per
1755 2384 1878 2424 eum
1900 2411 1914 2434 ,
1945 2368 2035 2440 qui
2065 2384 2171 2424 non

587 2465 658 2518 ob
681 2463 826 2518 aliud
857 2463 1026 2518 factos
1052 2472 1134 2518 est
1163 2463 1302 2517 inter
1327 2462 1492 2517 Deum
1519 2469 1573 2516 et
1601 2460 1844 2516 homines
1871 2461 2132 2516 mediator
2155 2503 2170 2528 ,

583 2554 686 2610 nisi
713 2554 836 2624 quia
865 2570 928 2610 ex
958 2554 1263 2610 hominibus
1291 2569 1396 2608 non
1428 2553 1597 2624 potuit
1625 2567 1744 2609 esse
1773 2561 2036 2623 peccator.
2065 2553 2177 2610 Nec

583 2662 649 2702 ex
699 2645 790 2701 Dei
833 2646 1062 2716 potentia
1089 2646 1173 2702 vel
1212 2645 1268 2700 in
1299 2645 1493 2700 malum
1520 2645 1602 2700 vel
1631 2645 1684 2699 in
1725 2645 1919 2698 bonmn
1949 2645 2171 2699 invitum

583 2739 813 2810 aliquem
839 2739 995 2810 cogi;
1035 2737 1130 2794 sed
1159 2738 1267 2794 Deo
1305 2737 1586 2793 descreute
1632 2753 1728 2808 pro
1767 2738 1970 2793 meritis
2000 2739 2078 2792 ire
2121 2738 2173 2792 in

584 2831 784 2886 malum
812 2870 828 2896 ,
879 2840 933 2886 et
973 2831 1086 2885 Deo
1125 2831 1408 2902 adjuvantc
1449 2831 1566 2886 sine
1605 2831 1808 2885 meritis
1847 2832 2084 2886 converti
2108 2831 2176 2888 ad

585 2923 802 2976 homun.
821 2923 1088 2978 Noneuim
1111 2932 1193 2978 est
1223 2923 1382 2978 homo
1413 2924 1582 2978 bauus
1605 2923 1648 2978 si
1682 2924 1844 2989 nolit;
1887 2925 1980 2979 sed
2007 2924 2174 2995 gratia

589 3016 678 3070 Ι)εεὶ
731 3016 888 3071 etiam
917 3017 980 3070 ad
1023 3016 1124 3072 hoc
1149 3016 1429 3086 atljuvatttr
1466 3026 1520 3070 ut
1562 3017 1686 3071 velit
1721 3035 1734 3072 :
1765 3018 2014 3087 quoniam
2067 3033 2174 3074 non

585 3107 816 3162 inaniter
851 3108 1106 3178 scriptum
1147 3118 1225 3162 est
1247 3151 1262 3175 ,
1310 3107 1446 3162 Deus
1483 3118 1555 3162 est
1582 3110 1714 3162 enim
1739 3110 1825 3182 qui
1862 3120 2099 3178 operatur
2123 3111 2176 3165 in

585 3198 723 3252 vobis
741 3199 762 3228 '
779 3206 826 3252 et
860 3198 983 3252 velle
1006 3207 1054 3251 et
1079 3199 1299 3270 operari,
1329 3215 1422 3271 pro
1447 3199 1578 3253 bona
1619 3199 1876 3255 voluntate
1912 3199 2174 3274 (Philipp.

584 3303 621 3344 Il
643 3330 659 3355 ,
694 3289 818 3356 {5);
847 3297 920 3356 et,
946 3287 1274 3360 Prwparatur
1295 3289 1525 3344 voluntas
1553 3307 1584 3344 a
1605 3289 1824 3346 Domino
1847 3290 2032 3360 (Prov.
2061 3308 2174 3360 vm,

585 3397 683 3435 sec.
713 3381 904 3454 LXX).

656 3473 884 3530 CAPUT
945 3473 1090 3532 XIX.
1123 3506 1192 3516 -—
1234 3475 1322 3530 37.
1393 3472 1607 3530 Initium
1670 3476 1816 3532 bona:
1863 3479 2174 3548 voluntatis,

589 3565 778 3618 donum
807 3566 1003 3635 gratiae.
1059 3563 1234 3620 Venire
1271 3563 1340 3618 ad
1375 3563 1630 3620 Christum
1684 3577 1758 3622 est
1809 3568 2033 3623 credere.
2091 3567 2178 3624 Vis

585 3657 786 3725 gratim.
835 3655 941 3712 Vos
971 3665 1146 3712 autem
1190 3656 1242 3711 in
1283 3656 1425 3711 bono
1470 3673 1632 3727 apere
1669 3662 1748 3714 sic
1784 3661 1980 3729 putatis
2027 3659 2178 3730 adju-

587 3747 699 3801 vari
754 3747 1020 3802 hominem
1059 3749 1224 3818 gratia
1277 3749 1396 3813 Dei,
1447 3758 1502 3803 ut
1547 3749 1598 3802 in
1649 3751 1926 3806 excitanda
1965 3751 2080 3821 ejus
2109 3751 2176 3806 ad

587 3839 762 3906 ipsum
787 3839 980 3893 bonum
1008 3855 1140 3907 opus
1171 3839 1469 3901 voluntate,
1500 3838 1630 3893 nihil
1659 3855 1774 3894 eam
1799 3841 2030 3896 credatis
2049 3857 2177 3912 cpe-

587 3931 716 3984 rari.
761 3929 913 3996 Quod
953 3931 1080 3984 satis
1124 3929 1234 3998 ipsa
1281 3938 1368 3984 tua
1401 3931 1560 3986 verba
1587 3931 1876 3988 declarant.
1903 3934 2010 3990 Cur
2033 3937 2175 3992 enim

587 4035 696 4074 non
717 4021 891 4077 dixisti
917 4063 932 4087 ,
961 4021 1230 4076 hominem
1261 4022 1350 4076 Dei
1375 4023 1540 4092 gratia
1573 4021 1625 4078 iu
1654 4023 1850 4080 bonum
1879 4042 2016 4095 opus
2033 4027 2180 4084 exci-

589 4112 688 4167 tari
714 4156 730 4178 ,
753 4113 887 4166 sicut
916 4114 1092 4168 dixisti
1117 4157 1132 4179 ,
1171 4132 1189 4166 t
1225 4114 1276 4170 in
1305 4115 1501 4170 malum
1525 4115 1716 4172 diaboli
1749 4121 2177 4189 suggestionlbus

588 4203 830 4268 incitari;
871 4222 888 4255 ι
933 4203 1026 4258 sed
1071 4205 1223 4268 aisti,
1258 4225 1278 4258 ί
1325 4206 1376 4261 in
1423 4207 1562 4262 bono
1605 4223 1770 4278 Opere
1808 4225 1837 4264 a
1881 4211 1971 4267 Dei
2007 4213 2176 4284 gratia

588 4312 802 4365 semper
845 4296 1136 4367 adjuvari?
1183 4317 1202 4351 ι
1254 4309 1500 4370 tanquam
1545 4316 1638 4356 sua
1685 4303 1982 4372 voluntate,
2034 4305 2178 4362 nulla

591 4387 683 4442 llei
713 4389 881 4458 gratia
910 4388 1106 4444 bonum
1137 4403 1272 4459 opus
1297 4405 1609 4460 aggressus,
1645 4393 1694 4447 in
1727 4393 1842 4463 ipso
1867 4395 1976 4464 jam
2015 4411 2179 4466 opere

590 4480 843 4536 divinitus
879 4480 1193 4551 adjuvetur,
1243 4497 1336 4548 pro
1381 4484 1585 4538 meritis
1624 4484 1868 4542 videlicet
1892 4487 2179 4544 voluntatis

591 4571 745 4627 bona:
769 4589 784 4638 ;
829 4580 888 4628 ut
927 4571 1182 4630 reddatur
1206 4572 1382 4628 debita
1412 4576 1576 4646 gratia
1603 4617 1618 4642 ,
1646 4593 1752 4631 non
1779 4577 2009 4634 donetur
2029 4581 2182 4638 iude-

589 4663 699 4720 bita
731 4679 746 4718 :
788 4679 851 4720 ac
892 4663 970 4720 sic
996 4664 1163 4736 gratia
1189 4663 1300 4734 jam
1331 4680 1435 4719 non
1467 4666 1534 4719 sit
1561 4670 1728 4736 gratia
1756 4667 1930 4737 (Rom.
1964 4687 2048 4735 XI,
2081 4673 2177 4742 6);

580 4755 684 4824 sed
728 4755 794 4810 sit
832 4755 961 4811 illud
992 4755 1134 4826 quod
1164 4755 1407 4826 Pelagius
1437 4755 1488 4811 in
1512 4756 1710 4828 judicio
1741 4757 2024 4816 Palaestino
2054 4761 2180 4818 ﬁcto

591 4849 752 4904 corde
781 4849 1086 4915 damnavit,
1116 4849 1338 4920 gratiam
1365 4849 1454 4904 Dei
1475 4849 1766 4905 secundum
1791 4853 1976 4906 merita
1999 4863 2178 4910 nostra

591 4940 703 4992 dari
736 4940 831 5010 (τι).
876 4942 966 4995 Dic
991 4940 1118 4996 mihi
1139 4983 1154 5007 ,
1185 4941 1409 4997 obsecro
1433 4983 1448 5006 ,
1475 4941 1602 5012 quid
1635 4941 1761 4997 boui
1787 4942 1980 4997 Paulus
2005 4944 2180 5000 adhuc

591 5032 787 5087 Saulus
809 5075 824 5094 ,
853 5034 1096 5100 volebat,
1123 5049 1186 5089 ac
1214 5050 1318 5089 non
1350 5034 1523 5104 potius
1553 5048 1742 5104 magna
1774 5033 1908 5088 mala
1930 5077 1942 5098 ,
1967 5035 2180 5105 quando

591 5123 800 5191 Spirnlls
825 5123 1028 5180 caedem
1056 5124 1310 5194 pergebat
1333 5124 1400 5178 ad
1427 5123 1713 5180 vastandos
1740 5122 2006 5180 horrenda
2033 5142 2182 5182 men-

593 5220 662 5271 tis
708 5216 948 5271 carcitate
988 5233 1050 5272 ac
1095 5217 1274 5273 furore
1317 5217 1694 5273 Christianos?
1729 5217 1932 5288 Quibus
1975 5221 2180 5277 meritis

595 5307 747 5362 bonae
774 5306 1059 5362 voluntatis
1086 5307 1224 5362 Deus
1250 5307 1398 5362 illum
1429 5307 1497 5364 ab
1523 5307 1608 5363 his
1630 5309 1780 5365 malis
1801 5309 1867 5365 ad
1893 5311 2052 5376 bona,
2081 5312 2182 5367 tui-

591 5397 744 5452 rabili
767 5406 822 5452 et
847 5399 1119 5467 repentina
1150 5397 1426 5457 vocatione
1447 5401 1710 5455 convertit
1737 5399 1871 5473 (Act.
1897 5401 1980 5474 ix)
2001 5401 2024 5456 ?
2043 5402 2179 5472 Quid

591 5504 690 5558 ego
721 5489 893 5544 dicam
913 5531 928 5553 ,
956 5490 1148 5559 quibus
1169 5491 1370 5546 meritis
1391 5532 1407 5556 ,
1435 5505 1555 5545 cum
1581 5491 1692 5562 ipse
1713 5493 1938 5558 clamet,
1971 5492 2094 5548 Non
2118 5511 2182 5550 ea:

591 5582 823 5646 (ψει-ἱὺηε
855 5583 1066 5649 iustitia:
1099 5599 1212 5652 qma
1237 5599 1326 5636 nos
1359 5583 1569 5654 fecimus
1588 5624 1604 5648 ,
1631 5585 1720 5637 sed
1741 5585 2014 5638 secundum
2036 5603 2178 5640 suam

591 5676 986 5728 misericordiam
1019 5678 1182 5730 salvos
1222 5691 1314 5730 nos
1341 5676 1460 5746 fecit
1487 5675 1613 5746 (Tit.
1645 5691 1702 5730 ιιι
1727 5719 1740 5741 ,
1769 5677 1862 5746 5}?
1888 5677 2023 5746 Quid
2054 5677 2178 5735 illud

655 5778 669 5808 ¹
707 5780 778 5827 sic
801 5785 908 5828 Mss.
935 5785 987 5829 Αι
1012 5780 1156 5840 editi,
1181 5777 1228 5829 in
1253 5775 1481 5841 paradiso
1503 5777 1806 5830 conabimini.

653 5841 672 5875 ι
707 5847 832 5896 λικε..
856 5841 905 5890 in
928 5841 1076 5892 nobis.

654 5900 722 5962 (α)
756 5911 900 5964 supra
917 5939 930 5964 ,
959 5902 1042 5953 lib.
1067 5904 1129 5953 de
1153 5905 1306 5954 (icslis
1330 5901 1527 5966 Pelagii,
1547 5916 1596 5952 n.
1621 5903 1699 5954 30.

1175 417 1448 476 CONTRA
1493 419 1672 478 DUAS
1713 415 2086 473 EPIS'I‘ULRS
2125 411 2681 478 PiiL‘rGlANUllUM,
2723 411 2779 466 S.
2824 409 3185 467 AUCUS'I‘INI

3741 414 3839 471 568

2273 529 2417 600 quod
2439 528 2548 598 jam
2577 528 2986 582 commemoravi
3013 527 3210 582 dixisse
3234 527 3543 592 Dominum,
3575 527 3737 584 Semo
3757 547 3840 598 po-

2270 632 2360 676 test
2406 621 2574 674 veiaire
2607 623 2674 674 ad
2703 637 2812 687 me,
2845 620 2982 690 quod
3012 620 3321 690 intelligitur
3340 663 3356 688 ,
3382 621 3615 678 Credere
3641 622 3690 676 in
3719 639 3840 692 me;

2270 711 2368 766 nisi
2389 713 2434 766 ei
2458 712 2632 764 datum
2661 711 2814 783 fuerit
2841 727 2872 763 a
2903 709 3057 764 Patre
3083 727 3191 765 meo
3211 711 3389 784 (Joan.
3418 728 3490 778 vt,
3520 710 3638 784 66)?
3663 709 3839 768 Utrum

2265 802 2376 873 jam
2442 803 2638 858 volenti
2702 801 2923 858 credere
2963 817 3060 872 pro
3115 803 3318 858 meritis
3370 803 3524 858 bonte.
3567 804 3843 860 voluntatis

2271 899 2376 954 hoc
2411 898 2572 954 datur
2602 915 2615 950 :
2651 915 2718 954 an
2747 900 2920 970 potius
2945 909 2999 956 ut
3029 899 3241 966 credat,
3275 901 3387 972 ipsa
3417 901 3692 970 voluntas,
3716 903 3845 956 sicut

2269 989 2448 1057 Sauli,
2487 989 2719 1060 desuper
2753 991 3048 1059 excitatur,
3092 992 3250 1047 etiam
3284 993 3326 1047 si
3359 1003 3462 1047 tam
3489 994 3558 1048 sit
3581 1007 3792 1048 aversus
3814 1009 3842 1048 a

2273 1081 2379 1138 ﬁde
2401 1124 2416 1150 ,
2462 1091 2520 1138 ut
2557 1082 2839 1139 credentes
2871 1085 3030 1140 etiam
3073 1087 3462 1156 persequatur?
3494 1087 3683 1158 thuid
3708 1089 3844 1142 enim

2275 1173 2428 1230 nobis
2469 1174 2724 1229 Dominus
2765 1174 3050 1246 princepit,
3081 1183 3141 1230 ut
3167 1191 3381 1232 oremus
3407 1193 3502 1247 pro
3528 1179 3607 1234 eis
3641 1179 3727 1249 qui
3754 1194 3846 1234 nos

2275 1276 2664 1339 persequuntur
2691 1267 2899 1340 (Matth.
2930 1283 2964 1322 ν
2987 1310 3002 1334 ,
3029 1269 3118 1339 44)
3138 1269 3162 1324 ?
3185 1269 3448 1340 Numquid
3477 1270 3577 1326 hoc
3601 1285 3808 1326 oramus
3829 1312 3844 1338 ,

2275 1368 2332 1413 ut
2371 1359 2448 1415 eis
2488 1374 2582 1429 pro
2611 1359 2745 1414 bona
2772 1375 2955 1414 eorum
2982 1360 3252 1416 voluntate
3277 1361 3441 1432 gratia
3476 1361 3567 1418 Dei
3599 1363 3848 1418 retribua-

2273 1460 2360 1506 tur
2381 1494 2396 1518 ,
2441 1465 2505 1507 ac
2543 1465 2647 1506 non
2673 1451 2850 1522 potius
2877 1459 2934 1506 ut
2959 1452 3094 1507 mala
3128 1453 3179 1506 in
3207 1453 3401 1508 bonum
3429 1453 3674 1508 voluntas
3697 1453 3805 1524 ipsa
3830 1453 3846 1487 ί

2274 1543 2551 1598 mutetur?
2589 1541 2738 1599 Sicut
2775 1543 3043 1598 credimus
3066 1585 3082 1609 ,
3123 1552 3248 1600 tunc
3283 1561 3312 1598 a
3343 1546 3547 1601 sanctis
3575 1561 3710 1616 quos
3739 1563 3852 1616 per-

2273 1633 2615 1704 sequebatur,
2649 1648 2754 1713 non
2783 1633 3011 1688 inaniter
3034 1643 3244 1689 oratum
3271 1649 3390 1690 esse
3413 1651 3509 1707 pro
3536 1636 3696 1692 Saulo
3719 1637 3848 1708 (Act.

2276 1740 2346 1779 vn
2370 1767 2385 1790 ,
2423 1724 2549 1795 59),
2589 1731 2649 1779 ut
2686 1723 2751 1779 ad
2787 1723 2943 1779 ﬁdem
2972 1741 3130 1796 quam
3159 1726 3436 1795 vastabat,
3468 1728 3715 1782 Voluntas
3742 1728 3852 1799 ejus

2275 1827 2696 1873 converteretur.
2744 1817 2812 1872 Et
2859 1818 2999 1874 illius
3040 1818 3255 1888 quidem
3303 1821 3584 1876 conversio
3631 1821 3854 1892 desuper

2274 1908 2434 1974 facta,
2469 1908 2753 1964 manifesto
2779 1909 2938 1964 etiam
2967 1910 3224 1963 miraculo
3244 1911 3508 1981 apparuit.
3537 1910 3704 1980 Quam
3727 1911 3854 1966 mul-

2279 1999 2314 2054 li
2356 1998 2556 2054 inimici
2597 1997 2794 2054 Christi
2829 2000 3066 2070 quotidie
3103 2002 3278 2056 subito
3318 2001 3411 2056 Dei
3459 2003 3664 2056 occulta
3695 2005 3853 2074 gratia

2275 2091 2558 2145 trahuntur
2607 2091 2673 2145 ad
2727 2089 3044 2146 Christum?
3095 2091 3246 2160 Quod
3295 2094 3514 2148 verbum
3561 2095 3606 2147 si
3656 2109 3854 2149 nones

2275 2180 2566 2252 Evangelio
2609 2183 2901 2252 posuissem
2922 2224 2938 2250 ,
2965 2191 3159 2254 quanta
3201 2182 3268 2239 de
3297 2171 3382 2238 me
3406 2191 3626 2255 propter
3646 2185 3745 2240 hoc
3765 2184 3858 2240 iste

2275 2275 2534 2342 dixisset;
2579 2292 2696 2331 cum
2743 2275 2902 2332 etiam
2945 2292 3090 2334 nunc
3112 2279 3410 2334 obluctetur
3435 2295 3539 2334 non
3571 2281 3700 2337 mihi
3723 2321 3740 2347 ,
3769 2281 3855 2337 sed

2279 2366 2350 2420 illi
2374 2367 2462 2438 qui
2485 2370 2714 2433 clamat,
2745 2367 2910 2423 Nemo
2939 2379 3100 2439 potest
3127 2372 3293 2426 venire
3319 2371 3389 2424 ad
3414 2388 3522 2439 me,
3551 2374 3650 2427 nisi
3682 2371 3855 2440 Pater,

2247 2458 2362 2544 .qui
2403 2457 2536 2511 misit
2581 2476 2688 2524 me,
2725 2460 2934 2514 traxerit
2957 2476 3071 2514 eum
3099 2461 3274 2534 (Joan.
3306 2477 3391 2527 VI,
3421 2463 3514 2531 44)
3535 2463 3558 2516 ?
3582 2463 3698 2517 Non
3724 2464 3858 2518 enim

2277 2549 2384 2615 ait,
2435 2549 2687 2616 Duserit,
2723 2560 2777 2605 ut
2816 2551 2922 2605 illic
2951 2551 3130 2622 aliquo
3163 2553 3320 2608 modo
3349 2555 3704 2625 intelligamus
3734 2571 3861 2625 prte-

2225 2713 2237 2726 ‘
2279 2641 2472 2697 ct'dere
2501 2643 2846 2698 Voluntatcm.
2876 2641 3006 2711 Quis
3034 2643 3291 2710 trahitur,
3322 2646 3363 2698 si
3387 2645 3496 2714 jam
3521 2647 3773 2702 volebat?
3800 2647 3861 2701 Et

2279 2740 2456 2787 tamen
2507 2748 2665 2787 nemo
2714 2733 2896 2798 venit,
2947 2733 3044 2788 nisi
3092 2734 3237 2789 velit.
3279 2734 3532 2790 Trahitur
3559 2752 3693 2807 ergo
3723 2736 3860 2791 miris

2281 2822 2452 2877 tuodis
2489 2832 2545 2876 ut
2583 2823 2746 2890 velit,
2788 2823 2855 2878 ab
2885 2823 2976 2878 illo
3001 2825 3088 2895 qui
3119 2826 3265 2879 novit
3291 2826 3432 2880 intus
3458 2827 3509 2880 in
3539 2828 3673 2897 ipsis
3701 2827 3860 2882 Immi-

2281 2931 2407 2970 num
2451 2916 2704 2972 cordibus
2741 2917 2951 2988 cperari
2973 2959 2987 2981 ,
3034 2934 3140 2972 non
3181 2925 3238 2974 ut
3265 2917 3510 2974 homines
3534 2962 3549 2986 ,
3583 2921 3722 2992 quod
3754 2919 3858 2974 ﬁeri

2283 3023 2386 3060 non
2421 3018 2591 3074 potest
2611 3050 2624 3071 ,
2656 3008 2898 3064 nolentes
2927 3009 3184 3078 credant,
3212 3010 3304 3066 sed
3329 3020 3384 3065 ut
3411 3011 3652 3069 volentes
3679 3029 3742 3069 es
3773 3027 3858 3066 no-

2281 3100 2512 3156 lentibus
2542 3102 2686 3156 fiant.

2353 3192 2578 3256 CAPUT
2623 3191 2742 3248 XX.
2789 3224 2856 3234 —
2901 3193 2990 3250 58.
3035 3191 3226 3249 Gratim
3255 3193 3350 3248 Dei
3381 3195 3450 3248 vis
3474 3195 3856 3251 demonstratur.

2281 3282 2396 3339 [Ioc
2424 3297 2606 3338 verum
2629 3297 2749 3338 esse
2771 3298 2877 3338 non
2905 3283 3209 3354 conjectura
3237 3287 3574 3354 suspicamur
3606 3286 3857 3351 humana,

2280 3376 2374 3432 sed
2398 3375 2794 3431 evidentissima
2818 3375 3113 3430 divinarum
3137 3375 3530 3446 Scripturarum
3554 3377 3860 3432 auctoritate

2279 3465 2660 3536 dignoscimus.
2709 3465 2926 3536 Legitur
2973 3467 3025 3522 in
3069 3467 3512 3538 Paralipomenon
3560 3468 3754 3524 libris:
3796 3464 3860 3521 Et

2279 3559 2483 3628 quidem
2527 3558 2578 3612 in
2619 3556 2760 3612 Iuda
2789 3563 2926 3630 facta
2949 3568 3021 3614 est
3047 3576 3225 3613 manus
3255 3559 3348 3613 Dei
3360 3601 3375 3621 ,
3409 3569 3462 3612 ut
3487 3560 3630 3614 daret
3659 3561 3758 3614 illis
3782 3576 3860 3613 cor

2280 3666 2458 3715 unum,
2483 3659 2537 3702 ut
2557 3650 2777 3718 facerent
2799 3660 3107 3720 prwceptum
3129 3651 3261 3723 regis
3281 3664 3328 3704 et
3345 3651 3631 3722 principum
3653 3652 3702 3705 in
3727 3653 3858 3704 verba

2279 3739 2489 3794 Domini
2527 3740 2589 3814 (ΙΙ
2634 3739 2758 3794 Par.
2790 3757 2924 3806 xxx,
2956 3741 3062 3811 η).
3099 3741 3228 3796 Item
3259 3756 3354 3812 per
3383 3741 3720 3797 Ezechielent
3749 3757 3861 3811 pro-

2280 3834 2494 3906 phetam
2529 3835 2782 3890 Dominus
2806 3834 2933 3890 dicit
2965 3853 2978 3889 :
3011 3834 3156 3888 Dabo
3192 3835 3263 3888 eis
3301 3852 3387 3888 cor
3423 3835 3601 3900 aliud,
3643 3847 3687 3889 et
3714 3834 3858 3904 spiri-

2281 3936 2388 3982 tum
2426 3944 2608 3982 uovum
2645 3927 2774 3980 dabo
2813 3928 2912 3993 eis,
2953 3937 3000 3980 et
3037 3927 3244 3982 evellam
3282 3943 3370 3980 cor
3407 3943 3581 3980 eorum
3616 3926 3862 3994 lapideum

2281 4020 2344 4074 de
2380 4037 2530 4074 carne
2567 4035 2770 4086 eorum,
2810 4027 2856 4073 et
2893 4018 3023 4072 dabo
3056 4019 3124 4072 eis
3156 4035 3242 4072 cor
3269 4035 3506 4072 corneum
3530 4036 3549 4084 ,'
3572 4031 3626 4073 ut
3653 4020 3706 4072 in
3735 4033 3861 4087 pra:-

2279 4113 2436 4183 ceptis
2489 4112 2611 4166 meis
2659 4111 2942 4177 ambulent,
2998 4118 3041 4164 et
3083 4111 3476 4180 justiﬁcationes
3523 4127 3661 4164 meas
3706 4109 3862 4164 obser-

2281 4214 2430 4272 vent,
2484 4213 2530 4258 et
2582 4203 2772 4276 faciant
2811 4220 2896 4257 eas
2934 4202 3146 4276 (Ezeclt.
3185 4219 3388 4270 xxxw,
3429 4202 3536 4270 26,
3577 4203 3691 4276 27).
3733 4199 3860 4269 Quid

2281 4307 2366 4352 est
2415 4304 2591 4350 autem
2645 4293 2786 4365 quod
2841 4294 3034 4350 Esther
3073 4293 3163 4349 illa
3202 4293 3382 4364 regina
3420 4304 3577 4362 orat,
3619 4302 3675 4350 et
3707 4293 3859 4357 dicit,

2283 4387 2367 4441 Da
2403 4403 2682 4442 sermonem
2721 4387 3018 4441 concinnum
3060 4387 3115 4441 in
3151 4403 3208 4441 os
3245 4404 3410 4442 meum
3435 4429 3451 4454 ,
3492 4397 3538 4442 et
3577 4389 3722 4442 verba
3759 4402 3862 4440 mea

2281 4477 2510 4549 clari/ica
2565 4480 2617 4533 in
2655 4488 2923 4550 conspectu
2963 4477 3154 4548 leonis,
3194 4489 3242 4532 et
3279 4468 3508 4534 converte
3545 4497 3635 4535 cor
3669 4481 3779 4548 eius
3812 4478 3862 4532 in

2283 4571 2458 4625 odium
2495 4571 2841 4644 impugnantis
2879 4571 3010 4626 nos?
3051 4571 3242 4642 Ulquid
3283 4572 3381 4626 ista
3421 4573 3473 4627 itt
3513 4574 3754 4628 oratione
3789 4571 3865 4626 di-

2283 4662 2356 4718 cit
2408 4663 2550 4727 Deo,
2609 4663 2651 4716 si
2702 4679 2804 4716 non
2845 4671 3096 4732 operatur
3135 4663 3275 4718 Deus
3314 4663 3364 4716 in
3403 4663 3660 4720 cordibus
3697 4663 3863 4718 homi-

2285 4770 2410 4809 num
2457 4753 2825 4809 voluntatem?
2867 4753 2970 4810 Sed
3013 4753 3150 4810 forte
3189 4755 3290 4810 hoc
3336 4755 3526 4810 mulier
3561 4757 3866 4826 insipienter

2283 4848 2474 4902 oravit.
2502 4847 2789 4904 Videamus
2813 4863 2940 4918 ergo
2967 4857 3140 4902 utrum
3171 4848 3398 4902 inaniter
3426 4850 3734 4919 prau'nissus
3761 4847 3866 4902 lue-

2283 4943 2354 4998 rit
2379 4943 2583 4997 orantis
2627 4941 2849 4996 allectus
2873 4981 2889 5007 ,
2921 4949 2980 4996 et
3022 4950 3343 4996 consecutus
3390 4957 3496 4996 non
3527 4941 3688 4995 fuerit
3711 4954 3864 4994 exau-

2283 5033 2482 5090 dientis
2521 5033 2762 5088 cﬂ'ectus.
2790 5033 2928 5088 Ecce
2954 5032 3249 5103 ingreditur
3275 5033 3339 5087 ad
3371 5049 3573 5103 regem.
3604 5032 3683 5089 Ne
3710 5031 3864 5085 multa

2283 5124 2542 5180 dicamus.
2577 5125 2644 5180 Et
2671 5125 2792 5194 quia
2822 5139 2926 5178 non
2949 5123 3138 5178 ordine
3165 5117 3263 5177 suo
3288 5123 3715 5193 ingrediebatur,
3755 5137 3864 5177 mae

2283 5233 2384 5288 gna
2435 5216 2753 5272 necessitate
2794 5215 3105 5285 compulsa,
3153 5214 3374 5269 intuitus
3413 5224 3491 5269 est
3536 5230 3656 5269 eam
3682 5256 3698 5280 ,
3737 5214 3866 5267 sicut

2283 5310 2539 5378 scriptum
2586 5318 2706 5375 est,
2755 5307 2900 5362 velut
2947 5315 3132 5362 taurus
3171 5305 3222 5360 in
3266 5307 3463 5376 impetu
3497 5307 3866 5378 indignationis

2283 5415 2413 5456 sum.
2448 5400 2513 5455 Et
2541 5400 2714 5454 timuit
2743 5399 2922 5468 regina
2944 5439 2958 5462 ,
2991 5407 3042 5452 et
3062 5411 3356 5452 conversus
3375 5407 3457 5452 est
3473 5398 3622 5453 color
3643 5399 3758 5468 ejus
3778 5409 3866 5466 per

2283 5493 2686 5548 dissolutionem
2711 5533 2725 5558 ,
2773 5500 2828 5548 et
2871 5489 3146 5546 inclinavit
3180 5503 3239 5544 se
3263 5505 3424 5559 super
3447 5503 3606 5560 caput
3635 5491 3866 5546 delicata:

2285 5600 2429 5650 sum,
2477 5600 2598 5655 qua:
2639 5583 2972 5652 przccedebal
3015 5597 3154 5638 eam.
3197 5583 3262 5638 Et
3304 5583 3565 5638 convertit
3612 5583 3777 5646 Deus,
3814 5587 3866 5634 et

2287 5677 2550 5732 transtulit
2602 5677 3016 5748 indignationem
3058 5679 3174 5750 ejus
3221 5680 3272 5734 in
3320 5678 3612 5734 lenitatem.
3649 5675 3867 5730 Jamse-

2284 5770 2500 5840 quentia
2528 5785 2950 5826 commemorare
2979 5771 3104 5841 quid
3130 5787 3263 5844 opus
3283 5781 3398 5838 est,
3427 5769 3512 5824 ubi
3538 5768 3705 5824 Deum
3729 5779 3864 5820 com-

2354 5905 2370 5939 ³
2403 5903 2542 5965 ωἱιὶ,
2566 5917 2749 5954 eorum.
2776 5912 2899 5966 διδ,
2929 5902 3048 5964 ipsa.
