  <div class='ocr_page' id='page_1' title='image "/cluster/home/n/w/nwhite01/storage/ocr_20150623/44-45/uc1.31175026792435/292.png"; bbox 0 0 4144 6562; ppageno 0'>
   <div class='ocr_carea' id='block_1_1' title="bbox 404 422 508 480">
    <p class='ocr_par' dir='ltr' id='par_1_1' title="bbox 404 422 508 480">
     <span class='ocr_line' id='line_1_1' title="bbox 404 422 508 480; baseline 0.038 -5"><span class='ocrx_word' id='word_1_1' title='bbox 404 422 508 480; x_wconf 71' lang='grc'><strong>569</strong></span> 
     </span>
    </p>
   </div>
   <div class='ocr_carea' id='block_1_2' title="bbox 404 527 1979 608">
    <p class='ocr_par' dir='ltr' id='par_1_2' title="bbox 404 527 1979 608">
     <span class='ocr_line' id='line_1_2' title="bbox 404 527 1979 608; baseline -0.006 -19"><span class='ocrx_word' id='word_1_2' title='bbox 404 535 626 608; x_wconf 81' lang='lat' dir='ltr'><strong>plevisse</strong></span> <span class='ocrx_word' id='word_1_3' title='bbox 647 533 786 604; x_wconf 86' lang='lat' dir='ltr'><strong>quod</strong></span> <span class='ocrx_word' id='word_1_4' title='bbox 817 531 902 587; x_wconf 89' lang='lat' dir='ltr'><strong>illa</strong></span> <span class='ocrx_word' id='word_1_5' title='bbox 935 537 1207 600; x_wconf 83' lang='lat' dir='ltr'><strong>rogaverat</strong></span> <span class='ocrx_word' id='word_1_6' title='bbox 1227 569 1238 589; x_wconf 83' lang='lat'><strong>.</strong></span> <span class='ocrx_word' id='word_1_7' title='bbox 1262 527 1436 582; x_wconf 88' lang='lat' dir='ltr'><strong>divina</strong></span> <span class='ocrx_word' id='word_1_8' title='bbox 1461 528 1730 597; x_wconf 86' lang='lat' dir='ltr'><strong>Scriptura</strong></span> <span class='ocrx_word' id='word_1_9' title='bbox 1756 534 1979 578; x_wconf 50' lang='lat' dir='ltr'><strong>testatur</strong></span> 
     </span>
    </p>
   </div>
   <div class='ocr_carea' id='block_1_3' title="bbox 403 618 1980 694">
    <p class='ocr_par' dir='ltr' id='par_1_3' title="bbox 403 618 1980 694">
     <span class='ocr_line' id='line_1_3' title="bbox 403 618 1980 694; baseline -0.009 -12"><span class='ocrx_word' id='word_1_10' title='bbox 403 625 574 689; x_wconf 81' lang='lat' dir='ltr'><strong>tEsth.</strong></span> <span class='ocrx_word' id='word_1_11' title='bbox 599 621 850 694; x_wconf 68' lang='lat' dir='ltr'><strong>XIV-XVI),</strong></span> <span class='ocrx_word' id='word_1_12' title='bbox 877 621 1145 692; x_wconf 80' lang='lat' dir='ltr'><strong>operando</strong></span> <span class='ocrx_word' id='word_1_13' title='bbox 1176 621 1227 674; x_wconf 91' lang='lat' dir='ltr'><strong>in</strong></span> <span class='ocrx_word' id='word_1_14' title='bbox 1258 620 1418 674; x_wconf 87' lang='lat' dir='ltr'><strong>corde</strong></span> <span class='ocrx_word' id='word_1_15' title='bbox 1445 621 1584 690; x_wconf 76' lang='lat' dir='ltr'><strong>regis</strong></span> <span class='ocrx_word' id='word_1_16' title='bbox 1605 661 1618 683; x_wconf 87' lang='lat'><strong>,</strong></span> <span class='ocrx_word' id='word_1_17' title='bbox 1648 618 1770 688; x_wconf 84' lang='lat' dir='ltr'><strong>quid</strong></span> <span class='ocrx_word' id='word_1_18' title='bbox 1799 618 1938 670; x_wconf 87' lang='lat' dir='ltr'><strong>aliud</strong></span> <span class='ocrx_word' id='word_1_19' title='bbox 1966 656 1980 680; x_wconf 94' lang='lat'><strong>,</strong></span> 
     </span>
    </p>
   </div>
   <div class='ocr_carea' id='block_1_4' title="bbox 404 710 1985 794">
    <p class='ocr_par' dir='ltr' id='par_1_4' title="bbox 404 710 1985 794">
     <span class='ocr_line' id='line_1_4' title="bbox 404 710 1985 794; baseline -0.006 -22"><span class='ocrx_word' id='word_1_20' title='bbox 404 734 560 794; x_wconf 80' lang='lat' dir='ltr'><strong>quam</strong></span> <span class='ocrx_word' id='word_1_21' title='bbox 586 719 904 771; x_wconf 85' lang='lat' dir='ltr'><strong>voluntatem</strong></span> <span class='ocrx_word' id='word_1_22' title='bbox 927 755 940 776; x_wconf 94' lang='lat'><strong>,</strong></span> <span class='ocrx_word' id='word_1_23' title='bbox 965 729 1067 784; x_wconf 90' lang='lat' dir='ltr'><strong>qua</strong></span> <span class='ocrx_word' id='word_1_24' title='bbox 1090 714 1247 780; x_wconf 83' lang='lat' dir='ltr'><strong>jussit</strong></span> <span class='ocrx_word' id='word_1_25' title='bbox 1274 722 1327 766; x_wconf 88' lang='lat' dir='ltr'><strong>et</strong></span> <span class='ocrx_word' id='word_1_26' title='bbox 1351 712 1543 766; x_wconf 74' lang='lat' dir='ltr'><strong>factum</strong></span> <span class='ocrx_word' id='word_1_27' title='bbox 1567 722 1648 764; x_wconf 84' lang='lat' dir='ltr'><strong>est</strong></span> <span class='ocrx_word' id='word_1_28' title='bbox 1669 711 1808 780; x_wconf 82' lang='lat' dir='ltr'><strong>quod</strong></span> <span class='ocrx_word' id='word_1_29' title='bbox 1831 710 1898 762; x_wconf 85' lang='lat' dir='ltr'><strong>ah</strong></span> <span class='ocrx_word' id='word_1_30' title='bbox 1919 724 1985 762; x_wconf 88' lang='lat' dir='ltr'><strong>eo</strong></span> 
     </span>
    </p>
   </div>
   <div class='ocr_carea' id='block_1_5' title="bbox 407 802 1982 882">
    <p class='ocr_par' dir='ltr' id='par_1_5' title="bbox 407 802 1982 882">
     <span class='ocr_line' id='line_1_5' title="bbox 407 802 1982 882; baseline -0.008 -17"><span class='ocrx_word' id='word_1_31' title='bbox 407 813 582 882; x_wconf 79' lang='lat' dir='ltr'><strong>regina</strong></span> <span class='ocrx_word' id='word_1_32' title='bbox 613 805 958 878; x_wconf 67' lang='lat' dir='ltr'><strong>polmscerat?</strong></span> <span class='ocrx_word' id='word_1_33' title='bbox 983 806 1152 874; x_wconf 79' lang='lat' dir='ltr'><strong>Quam</strong></span> <span class='ocrx_word' id='word_1_34' title='bbox 1186 804 1322 858; x_wconf 82' lang='lat' dir='ltr'><strong>Deus</strong></span> <span class='ocrx_word' id='word_1_35' title='bbox 1341 803 1450 874; x_wconf 86' lang='lat' dir='ltr'><strong>jam</strong></span> <span class='ocrx_word' id='word_1_36' title='bbox 1471 845 1486 868; x_wconf 94' lang='lat'><strong>,</strong></span> <span class='ocrx_word' id='word_1_37' title='bbox 1519 811 1576 856; x_wconf 90' lang='lat' dir='ltr'><strong>ut</strong></span> <span class='ocrx_word' id='word_1_38' title='bbox 1603 802 1748 856; x_wconf 90' lang='lat' dir='ltr'><strong>licret</strong></span> <span class='ocrx_word' id='word_1_39' title='bbox 1774 843 1788 864; x_wconf 89' lang='lat'><strong>,</strong></span> <span class='ocrx_word' id='word_1_40' title='bbox 1817 815 1982 854; x_wconf 82' lang='lat' dir='ltr'><strong>exau-</strong></span> 
     </span>
    </p>
   </div>
   <div class='ocr_carea' id='block_1_6' title="bbox 404 891 1983 969">
    <p class='ocr_par' dir='ltr' id='par_1_6' title="bbox 404 891 1983 969">
     <span class='ocr_line' id='line_1_6' title="bbox 404 891 1983 969; baseline -0.011 -10"><span class='ocrx_word' id='word_1_41' title='bbox 404 903 571 959; x_wconf 89' lang='lat' dir='ltr'><strong>dierat</strong></span> <span class='ocrx_word' id='word_1_42' title='bbox 594 941 609 965; x_wconf 96' lang='lat'><strong>,</strong></span> <span class='ocrx_word' id='word_1_43' title='bbox 647 899 734 969; x_wconf 90' lang='lat' dir='ltr'><strong>qui</strong></span> <span class='ocrx_word' id='word_1_44' title='bbox 773 913 868 953; x_wconf 89' lang='lat' dir='ltr'><strong>cor</strong></span> <span class='ocrx_word' id='word_1_45' title='bbox 901 897 1042 966; x_wconf 87' lang='lat' dir='ltr'><strong>regis</strong></span> <span class='ocrx_word' id='word_1_46' title='bbox 1065 937 1080 958; x_wconf 92' lang='lat'><strong>,</strong></span> <span class='ocrx_word' id='word_1_47' title='bbox 1108 904 1389 964; x_wconf 73' lang='lat' dir='ltr'><strong>antequam</strong></span> <span class='ocrx_word' id='word_1_48' title='bbox 1418 891 1656 947; x_wconf 87' lang='lat' dir='ltr'><strong>mulieris</strong></span> <span class='ocrx_word' id='word_1_49' title='bbox 1684 905 1983 945; x_wconf 71' lang='lat' dir='ltr'><strong>Sermonem</strong></span> 
     </span>
    </p>
   </div>
   <div class='ocr_carea' id='block_1_7' title="bbox 393 971 1983 1064">
    <p class='ocr_par' dir='ltr' id='par_1_7' title="bbox 393 971 1983 1064">
     <span class='ocr_line' id='line_1_7' title="bbox 393 971 1983 1064; baseline -0.009 -17"><span class='ocrx_word' id='word_1_50' title='bbox 393 971 674 1064; x_wconf 81' lang='lat' dir='ltr'><strong>poscentis</strong></span> <span class='ocrx_word' id='word_1_51' title='bbox 712 987 985 1052; x_wconf 90' lang='lat' dir='ltr'><strong>audisset,</strong></span> <span class='ocrx_word' id='word_1_52' title='bbox 1025 985 1380 1041; x_wconf 85' lang='lat' dir='ltr'><strong>occultissima</strong></span> <span class='ocrx_word' id='word_1_53' title='bbox 1411 994 1463 1040; x_wconf 89' lang='lat' dir='ltr'><strong>et</strong></span> <span class='ocrx_word' id='word_1_54' title='bbox 1489 981 1852 1038; x_wconf 90' lang='lat' dir='ltr'><strong>efticacissima</strong></span> <span class='ocrx_word' id='word_1_55' title='bbox 1887 995 1983 1050; x_wconf 85' lang='lat' dir='ltr'><strong>p0-</strong></span> 
     </span>
    </p>
   </div>
   <div class='ocr_carea' id='block_1_8' title="bbox 409 1070 1986 1146">
    <p class='ocr_par' dir='ltr' id='par_1_8' title="bbox 409 1070 1986 1146">
     <span class='ocr_line' id='line_1_8' title="bbox 409 1070 1986 1146; baseline -0.008 -9"><span class='ocrx_word' id='word_1_56' title='bbox 409 1089 596 1137; x_wconf 87' lang='lat' dir='ltr'><strong>testatc</strong></span> <span class='ocrx_word' id='word_1_57' title='bbox 633 1079 934 1146; x_wconf 79' lang='lat' dir='ltr'><strong>convertit,</strong></span> <span class='ocrx_word' id='word_1_58' title='bbox 963 1087 1016 1132; x_wconf 91' lang='lat' dir='ltr'><strong>et</strong></span> <span class='ocrx_word' id='word_1_59' title='bbox 1047 1076 1312 1130; x_wconf 86' lang='lat' dir='ltr'><strong>transtulit</strong></span> <span class='ocrx_word' id='word_1_60' title='bbox 1337 1073 1406 1130; x_wconf 87' lang='lat' dir='ltr'><strong>ab</strong></span> <span class='ocrx_word' id='word_1_61' title='bbox 1431 1073 1788 1143; x_wconf 77' lang='lat' dir='ltr'><strong>indignatione</strong></span> <span class='ocrx_word' id='word_1_62' title='bbox 1815 1071 1880 1124; x_wconf 90' lang='lat' dir='ltr'><strong>ad</strong></span> <span class='ocrx_word' id='word_1_63' title='bbox 1907 1070 1986 1125; x_wconf 85' lang='lat' dir='ltr'><strong>le-</strong></span> 
     </span>
    </p>
   </div>
   <div class='ocr_carea' id='block_1_9' title="bbox 407 1161 1984 1235">
    <p class='ocr_par' dir='ltr' id='par_1_9' title="bbox 407 1161 1984 1235">
     <span class='ocr_line' id='line_1_9' title="bbox 407 1161 1984 1235; baseline -0.01 -7"><span class='ocrx_word' id='word_1_64' title='bbox 407 1175 622 1228; x_wconf 86' lang='lat' dir='ltr'><strong>nitatem</strong></span> <span class='ocrx_word' id='word_1_65' title='bbox 647 1210 664 1235; x_wconf 95' lang='lat'><strong>,</strong></span> <span class='ocrx_word' id='word_1_66' title='bbox 695 1169 796 1224; x_wconf 88' lang='lat' dir='ltr'><strong>hoc</strong></span> <span class='ocrx_word' id='word_1_67' title='bbox 823 1176 941 1235; x_wconf 89' lang='lat' dir='ltr'><strong>est,</strong></span> <span class='ocrx_word' id='word_1_68' title='bbox 967 1181 998 1221; x_wconf 87' lang='lat' dir='ltr'><strong>a</strong></span> <span class='ocrx_word' id='word_1_69' title='bbox 1021 1167 1290 1220; x_wconf 71' lang='lat' dir='ltr'><strong>voluntate</strong></span> <span class='ocrx_word' id='word_1_70' title='bbox 1311 1163 1537 1218; x_wconf 72' lang='lat' dir='ltr'><strong>laedendi</strong></span> <span class='ocrx_word' id='word_1_71' title='bbox 1561 1162 1625 1218; x_wconf 90' lang='lat' dir='ltr'><strong>ad</strong></span> <span class='ocrx_word' id='word_1_72' title='bbox 1658 1161 1984 1216; x_wconf 76' lang='lat' dir='ltr'><strong>Voluntatem</strong></span> 
     </span>
    </p>
   </div>
   <div class='ocr_carea' id='block_1_10' title="bbox 407 1257 1987 1328">
    <p class='ocr_par' dir='ltr' id='par_1_10' title="bbox 407 1257 1987 1328">
     <span class='ocr_line' id='line_1_10' title="bbox 407 1257 1987 1328; baseline -0.005 -10"><span class='ocrx_word' id='word_1_73' title='bbox 407 1259 613 1318; x_wconf 76' lang='lat' dir='ltr'><strong>fovendi</strong></span> <span class='ocrx_word' id='word_1_74' title='bbox 645 1280 660 1317; x_wconf 91' lang='lat'><strong>:</strong></span> <span class='ocrx_word' id='word_1_75' title='bbox 687 1261 976 1318; x_wconf 88' lang='lat' dir='ltr'><strong>secundum</strong></span> <span class='ocrx_word' id='word_1_76' title='bbox 1003 1260 1129 1316; x_wconf 86' lang='lat' dir='ltr'><strong>illud</strong></span> <span class='ocrx_word' id='word_1_77' title='bbox 1158 1259 1397 1328; x_wconf 85' lang='lat' dir='ltr'><strong>Apostoli</strong></span> <span class='ocrx_word' id='word_1_78' title='bbox 1414 1301 1428 1322; x_wconf 93' lang='lat'><strong>,</strong></span> <span class='ocrx_word' id='word_1_79' title='bbox 1464 1257 1598 1312; x_wconf 85' lang='lat' dir='ltr'><strong>Deus</strong></span> <span class='ocrx_word' id='word_1_80' title='bbox 1623 1267 1862 1325; x_wconf 80' lang='lat' dir='ltr'><strong>operatur</strong></span> <span class='ocrx_word' id='word_1_81' title='bbox 1890 1259 1905 1289; x_wconf 78' lang='grc'>³</span> <span class='ocrx_word' id='word_1_82' title='bbox 1933 1257 1987 1310; x_wconf 88' lang='lat' dir='ltr'><strong>in</strong></span> 
     </span>
    </p>
   </div>
   <div class='ocr_carea' id='block_1_11' title="bbox 404 1347 1984 1420">
    <p class='ocr_par' dir='ltr' id='par_1_11' title="bbox 404 1347 1984 1420">
     <span class='ocr_line' id='line_1_11' title="bbox 404 1347 1984 1420; baseline -0.005 -10"><span class='ocrx_word' id='word_1_83' title='bbox 404 1355 536 1410; x_wconf 71' lang='lat' dir='ltr'><strong>vobis</strong></span> <span class='ocrx_word' id='word_1_84' title='bbox 564 1364 612 1409; x_wconf 89' lang='lat' dir='ltr'><strong>et</strong></span> <span class='ocrx_word' id='word_1_85' title='bbox 637 1353 780 1408; x_wconf 80' lang='lat' dir='ltr'><strong>velle.</strong></span> <span class='ocrx_word' id='word_1_86' title='bbox 807 1350 1070 1420; x_wconf 84' lang='lat' dir='ltr'><strong>Numquid</strong></span> <span class='ocrx_word' id='word_1_87' title='bbox 1098 1349 1338 1405; x_wconf 86' lang='lat' dir='ltr'><strong>homines</strong></span> <span class='ocrx_word' id='word_1_88' title='bbox 1369 1349 1460 1404; x_wconf 90' lang='lat' dir='ltr'><strong>Dei</strong></span> <span class='ocrx_word' id='word_1_89' title='bbox 1490 1348 1580 1419; x_wconf 91' lang='lat' dir='ltr'><strong>qui</strong></span> <span class='ocrx_word' id='word_1_90' title='bbox 1612 1347 1726 1401; x_wconf 73' lang='lat' dir='ltr'><strong>hzec</strong></span> <span class='ocrx_word' id='word_1_91' title='bbox 1753 1347 1984 1416; x_wconf 82' lang='lat' dir='ltr'><strong>scripse-</strong></span> 
     </span>
    </p>
   </div>
   <div class='ocr_carea' id='block_1_12' title="bbox 405 1433 1986 1514">
    <p class='ocr_par' dir='ltr' id='par_1_12' title="bbox 405 1433 1986 1514">
     <span class='ocr_line' id='line_1_12' title="bbox 405 1433 1986 1514; baseline -0.004 -14"><span class='ocrx_word' id='word_1_92' title='bbox 405 1452 530 1500; x_wconf 86' lang='lat' dir='ltr'><strong>runt</strong></span> <span class='ocrx_word' id='word_1_93' title='bbox 550 1485 565 1508; x_wconf 92' lang='lat'><strong>,</strong></span> <span class='ocrx_word' id='word_1_94' title='bbox 595 1445 703 1498; x_wconf 90' lang='lat' dir='ltr'><strong>imo</strong></span> <span class='ocrx_word' id='word_1_95' title='bbox 731 1443 844 1514; x_wconf 90' lang='lat' dir='ltr'><strong>ipse</strong></span> <span class='ocrx_word' id='word_1_96' title='bbox 870 1441 1096 1512; x_wconf 89' lang='lat' dir='ltr'><strong>Spiritus</strong></span> <span class='ocrx_word' id='word_1_97' title='bbox 1127 1441 1218 1496; x_wconf 91' lang='lat' dir='ltr'><strong>Dei</strong></span> <span class='ocrx_word' id='word_1_98' title='bbox 1243 1482 1258 1505; x_wconf 94' lang='lat'><strong>,</strong></span> <span class='ocrx_word' id='word_1_99' title='bbox 1285 1455 1390 1512; x_wconf 91' lang='lat' dir='ltr'><strong>quo</strong></span> <span class='ocrx_word' id='word_1_100' title='bbox 1413 1433 1628 1496; x_wconf 81' lang='lat' dir='ltr'><strong>auctore</strong></span> <span class='ocrx_word' id='word_1_101' title='bbox 1649 1455 1744 1510; x_wconf 89' lang='lat' dir='ltr'><strong>per</strong></span> <span class='ocrx_word' id='word_1_102' title='bbox 1765 1453 1858 1493; x_wconf 86' lang='lat' dir='ltr'><strong>eos</strong></span> <span class='ocrx_word' id='word_1_103' title='bbox 1885 1439 1986 1493; x_wconf 85' lang='lat' dir='ltr'><strong>ista</strong></span> 
     </span>
    </p>
   </div>
   <div class='ocr_carea' id='block_1_13' title="bbox 401 1530 1988 1604">
    <p class='ocr_par' dir='ltr' id='par_1_13' title="bbox 401 1530 1988 1604">
     <span class='ocr_line' id='line_1_13' title="bbox 401 1530 1988 1604; baseline -0.004 -14"><span class='ocrx_word' id='word_1_104' title='bbox 401 1535 697 1604; x_wconf 90' lang='lat' dir='ltr'><strong>conscripta</strong></span> <span class='ocrx_word' id='word_1_105' title='bbox 743 1542 896 1598; x_wconf 87' lang='lat' dir='ltr'><strong>sunt,</strong></span> <span class='ocrx_word' id='word_1_106' title='bbox 944 1532 1266 1604; x_wconf 80' lang='lat' dir='ltr'><strong>oppugnavit</strong></span> <span class='ocrx_word' id='word_1_107' title='bbox 1301 1532 1528 1586; x_wconf 88' lang='lat' dir='ltr'><strong>liberum</strong></span> <span class='ocrx_word' id='word_1_108' title='bbox 1569 1531 1800 1586; x_wconf 83' lang='lat' dir='ltr'><strong>hominis</strong></span> <span class='ocrx_word' id='word_1_109' title='bbox 1839 1530 1988 1585; x_wconf 87' lang='lat' dir='ltr'><strong>arbi-</strong></span> 
     </span>
    </p>
   </div>
   <div class='ocr_carea' id='block_1_14' title="bbox 404 1621 1980 1694">
    <p class='ocr_par' dir='ltr' id='par_1_14' title="bbox 404 1621 1980 1694">
     <span class='ocr_line' id='line_1_14' title="bbox 404 1621 1980 1694; baseline -0.004 -12"><span class='ocrx_word' id='word_1_110' title='bbox 404 1624 600 1682; x_wconf 82' lang='lat' dir='ltr'><strong>trium?</strong></span> <span class='ocrx_word' id='word_1_111' title='bbox 640 1625 793 1682; x_wconf 79' lang='lat' dir='ltr'><strong>Absit</strong></span> <span class='ocrx_word' id='word_1_112' title='bbox 819 1641 835 1680; x_wconf 92' lang='lat'><strong>:</strong></span> <span class='ocrx_word' id='word_1_113' title='bbox 863 1623 959 1680; x_wconf 89' lang='lat' dir='ltr'><strong>sed</strong></span> <span class='ocrx_word' id='word_1_114' title='bbox 983 1622 1376 1694; x_wconf 88' lang='lat' dir='ltr'><strong>Omnipotentis</strong></span> <span class='ocrx_word' id='word_1_115' title='bbox 1399 1621 1455 1678; x_wconf 91' lang='lat' dir='ltr'><strong>in</strong></span> <span class='ocrx_word' id='word_1_116' title='bbox 1479 1622 1727 1678; x_wconf 89' lang='lat' dir='ltr'><strong>omnibus</strong></span> <span class='ocrx_word' id='word_1_117' title='bbox 1756 1631 1810 1677; x_wconf 93' lang='lat' dir='ltr'><strong>et</strong></span> <span class='ocrx_word' id='word_1_118' title='bbox 1835 1621 1980 1692; x_wconf 83' lang='lat' dir='ltr'><strong>judi-</strong></span> 
     </span>
    </p>
   </div>
   <div class='ocr_carea' id='block_1_15' title="bbox 406 1713 1983 1786">
    <p class='ocr_par' dir='ltr' id='par_1_15' title="bbox 406 1713 1983 1786">
     <span class='ocr_line' id='line_1_15' title="bbox 406 1713 1983 1786; baseline -0.004 -14"><span class='ocrx_word' id='word_1_119' title='bbox 406 1717 546 1772; x_wconf 87' lang='lat' dir='ltr'><strong>cium</strong></span> <span class='ocrx_word' id='word_1_120' title='bbox 591 1715 944 1786; x_wconf 86' lang='lat' dir='ltr'><strong>jnstissimum</strong></span> <span class='ocrx_word' id='word_1_121' title='bbox 973 1757 989 1782; x_wconf 95' lang='lat'><strong>,</strong></span> <span class='ocrx_word' id='word_1_122' title='bbox 1033 1723 1088 1770; x_wconf 92' lang='lat' dir='ltr'><strong>et</strong></span> <span class='ocrx_word' id='word_1_123' title='bbox 1126 1715 1381 1771; x_wconf 85' lang='lat' dir='ltr'><strong>auxilium</strong></span> <span class='ocrx_word' id='word_1_124' title='bbox 1425 1713 1983 1770; x_wconf 83' lang='lat' dir='ltr'><strong>misericordissimam</strong></span> 
     </span>
    </p>
   </div>
   <div class='ocr_carea' id='block_1_16' title="bbox 403 1805 1984 1878">
    <p class='ocr_par' dir='ltr' id='par_1_16' title="bbox 403 1805 1984 1878">
     <span class='ocr_line' id='line_1_16' title="bbox 403 1805 1984 1878; baseline -0.002 -14"><span class='ocrx_word' id='word_1_125' title='bbox 403 1807 814 1864; x_wconf 69' lang='lat' dir='ltr'><strong>commendavit.</strong></span> <span class='ocrx_word' id='word_1_126' title='bbox 857 1805 1065 1864; x_wconf 78' lang='lat' dir='ltr'><strong>Sufﬁcit</strong></span> <span class='ocrx_word' id='word_1_127' title='bbox 1105 1807 1246 1863; x_wconf 88' lang='lat' dir='ltr'><strong>enim</strong></span> <span class='ocrx_word' id='word_1_128' title='bbox 1285 1807 1424 1862; x_wconf 87' lang='lat' dir='ltr'><strong>scire</strong></span> <span class='ocrx_word' id='word_1_129' title='bbox 1463 1806 1664 1862; x_wconf 83' lang='lat' dir='ltr'><strong>homini</strong></span> <span class='ocrx_word' id='word_1_130' title='bbox 1703 1807 1844 1878; x_wconf 90' lang='lat' dir='ltr'><strong>quod</strong></span> <span class='ocrx_word' id='word_1_131' title='bbox 1880 1821 1984 1861; x_wconf 89' lang='lat' dir='ltr'><strong>non</strong></span> 
     </span>
    </p>
   </div>
   <div class='ocr_carea' id='block_1_17' title="bbox 402 1898 1982 1975">
    <p class='ocr_par' dir='ltr' id='par_1_17' title="bbox 402 1898 1982 1975">
     <span class='ocr_line' id='line_1_17' title="bbox 402 1898 1982 1975; baseline -0.001 -22"><span class='ocrx_word' id='word_1_132' title='bbox 402 1909 488 1955; x_wconf 91' lang='lat' dir='ltr'><strong>est</strong></span> <span class='ocrx_word' id='word_1_133' title='bbox 511 1899 758 1970; x_wconf 81' lang='lat' dir='ltr'><strong>iniquitas</strong></span> <span class='ocrx_word' id='word_1_134' title='bbox 780 1899 918 1970; x_wconf 87' lang='lat' dir='ltr'><strong>apud</strong></span> <span class='ocrx_word' id='word_1_135' title='bbox 945 1899 1268 1975; x_wconf 31' lang='lat' dir='ltr'><strong>Deumxlam</strong></span> <span class='ocrx_word' id='word_1_136' title='bbox 1287 1898 1553 1969; x_wconf 86' lang='lat' dir='ltr'><strong>quomodo</strong></span> <span class='ocrx_word' id='word_1_137' title='bbox 1572 1899 1671 1954; x_wconf 74' lang='lat' dir='ltr'><strong>ista</strong></span> <span class='ocrx_word' id='word_1_138' title='bbox 1691 1900 1982 1968; x_wconf 86' lang='lat' dir='ltr'><strong>dispenset,</strong></span> 
     </span>
    </p>
   </div>
   <div class='ocr_carea' id='block_1_18' title="bbox 402 1987 1983 2052">
    <p class='ocr_par' dir='ltr' id='par_1_18' title="bbox 402 1987 1983 2052">
     <span class='ocr_line' id='line_1_18' title="bbox 402 1987 1983 2052; baseline -0.001 -8"><span class='ocrx_word' id='word_1_139' title='bbox 402 1987 601 2044; x_wconf 81' lang='lat' dir='ltr'><strong>faciens</strong></span> <span class='ocrx_word' id='word_1_140' title='bbox 645 1989 780 2044; x_wconf 89' lang='lat' dir='ltr'><strong>alios</strong></span> <span class='ocrx_word' id='word_1_141' title='bbox 828 1989 1119 2045; x_wconf 89' lang='lat' dir='ltr'><strong>secundum</strong></span> <span class='ocrx_word' id='word_1_142' title='bbox 1174 1989 1422 2044; x_wconf 91' lang='lat' dir='ltr'><strong>meritum</strong></span> <span class='ocrx_word' id='word_1_143' title='bbox 1459 2002 1584 2045; x_wconf 88' lang='lat' dir='ltr'><strong>vasa</strong></span> <span class='ocrx_word' id='word_1_144' title='bbox 1626 1989 1751 2052; x_wconf 82' lang='lat' dir='ltr'><strong>irae,</strong></span> <span class='ocrx_word' id='word_1_145' title='bbox 1791 1989 1924 2044; x_wconf 89' lang='lat' dir='ltr'><strong>alios</strong></span> <span class='ocrx_word' id='word_1_146' title='bbox 1962 1991 1983 2022; x_wconf 79' lang='grc'>³</span> 
     </span>
    </p>
   </div>
   <div class='ocr_carea' id='block_1_19' title="bbox 402 2077 1982 2150">
    <p class='ocr_par' dir='ltr' id='par_1_19' title="bbox 402 2077 1982 2150">
     <span class='ocr_line' id='line_1_19' title="bbox 402 2077 1982 2150; baseline 0 -16"><span class='ocrx_word' id='word_1_147' title='bbox 402 2079 690 2134; x_wconf 88' lang='lat' dir='ltr'><strong>secundum</strong></span> <span class='ocrx_word' id='word_1_148' title='bbox 727 2080 950 2150; x_wconf 77' lang='lat' dir='ltr'><strong>gratiam</strong></span> <span class='ocrx_word' id='word_1_149' title='bbox 989 2093 1112 2133; x_wconf 80' lang='lat' dir='ltr'><strong>vasa</strong></span> <span class='ocrx_word' id='word_1_150' title='bbox 1151 2077 1732 2148; x_wconf 63' lang='lat' dir='ltr'><strong>misericordias-(Rom.</strong></span> <span class='ocrx_word' id='word_1_151' title='bbox 1768 2095 1822 2134; x_wconf 67' lang='grc' dir='ltr'><strong>ιι</strong></span> <span class='ocrx_word' id='word_1_152' title='bbox 1846 2121 1860 2146; x_wconf 89' lang='grc'><em>,</em></span> <span class='ocrx_word' id='word_1_153' title='bbox 1892 2079 1982 2144; x_wconf 64' lang='lat' dir='ltr'><strong>ib,</strong></span> 
     </span>
    </p>
   </div>
   <div class='ocr_carea' id='block_1_20' title="bbox 401 2169 1986 2240">
    <p class='ocr_par' dir='ltr' id='par_1_20' title="bbox 401 2169 1986 2240">
     <span class='ocr_line' id='line_1_20' title="bbox 401 2169 1986 2240; baseline 0.001 -18"><span class='ocrx_word' id='word_1_154' title='bbox 401 2169 511 2236; x_wconf 71' lang='lat'><strong>22,</strong></span> <span class='ocrx_word' id='word_1_155' title='bbox 559 2169 692 2240; x_wconf 70' lang='lat'><strong>25);</strong></span> <span class='ocrx_word' id='word_1_156' title='bbox 745 2170 862 2240; x_wconf 89' lang='lat' dir='ltr'><strong>quis</strong></span> <span class='ocrx_word' id='word_1_157' title='bbox 907 2169 1154 2240; x_wconf 88' lang='lat' dir='ltr'><strong>cognovit</strong></span> <span class='ocrx_word' id='word_1_158' title='bbox 1188 2183 1405 2225; x_wconf 88' lang='lat' dir='ltr'><strong>sensum</strong></span> <span class='ocrx_word' id='word_1_159' title='bbox 1445 2169 1689 2234; x_wconf 88' lang='lat' dir='ltr'><strong>Domini,</strong></span> <span class='ocrx_word' id='word_1_160' title='bbox 1732 2177 1822 2224; x_wconf 93' lang='lat' dir='ltr'><strong>aut</strong></span> <span class='ocrx_word' id='word_1_161' title='bbox 1859 2170 1986 2240; x_wconf 91' lang='lat' dir='ltr'><strong>quis</strong></span> 
     </span>
    </p>
   </div>
   <div class='ocr_carea' id='block_1_21' title="bbox 403 2260 1983 2334">
    <p class='ocr_par' dir='ltr' id='par_1_21' title="bbox 403 2260 1983 2334">
     <span class='ocr_line' id='line_1_21' title="bbox 403 2260 1983 2334; baseline 0 -18"><span class='ocrx_word' id='word_1_162' title='bbox 403 2262 732 2318; x_wconf 85' lang='lat' dir='ltr'><strong>consiliarius</strong></span> <span class='ocrx_word' id='word_1_163' title='bbox 769 2261 884 2331; x_wconf 86' lang='lat' dir='ltr'><strong>ejus</strong></span> <span class='ocrx_word' id='word_1_164' title='bbox 920 2260 1017 2316; x_wconf 88' lang='lat' dir='ltr'><strong>fuit</strong></span> <span class='ocrx_word' id='word_1_165' title='bbox 1055 2260 1168 2334; x_wconf 89' lang='lat' dir='ltr'><strong>(Id.</strong></span> <span class='ocrx_word' id='word_1_166' title='bbox 1205 2278 1289 2326; x_wconf 71' lang='grc' dir='ltr'><strong>χι,</strong></span> <span class='ocrx_word' id='word_1_167' title='bbox 1331 2261 1420 2333; x_wconf 75' lang='grc'><strong>54)</strong></span> <span class='ocrx_word' id='word_1_168' title='bbox 1445 2261 1469 2314; x_wconf 87' lang='lat'><strong>?</strong></span> <span class='ocrx_word' id='word_1_169' title='bbox 1495 2261 1550 2318; x_wconf 90' lang='lat' dir='ltr'><strong>Si</strong></span> <span class='ocrx_word' id='word_1_170' title='bbox 1575 2277 1703 2334; x_wconf 86' lang='lat' dir='ltr'><strong>ergo</strong></span> <span class='ocrx_word' id='word_1_171' title='bbox 1723 2263 1789 2317; x_wconf 88' lang='lat' dir='ltr'><strong>ad</strong></span> <span class='ocrx_word' id='word_1_172' title='bbox 1813 2263 1983 2317; x_wconf 85' lang='lat' dir='ltr'><strong>hono-</strong></span> 
     </span>
    </p>
   </div>
   <div class='ocr_carea' id='block_1_22' title="bbox 404 2335 1988 2426">
    <p class='ocr_par' dir='ltr' id='par_1_22' title="bbox 404 2335 1988 2426">
     <span class='ocr_line' id='line_1_22' title="bbox 404 2335 1988 2426; baseline 0.002 -19"><span class='ocrx_word' id='word_1_173' title='bbox 404 2367 515 2408; x_wconf 89' lang='lat' dir='ltr'><strong>rem</strong></span> <span class='ocrx_word' id='word_1_174' title='bbox 552 2355 732 2424; x_wconf 65' lang='lat' dir='ltr'><strong>gratiae</strong></span> <span class='ocrx_word' id='word_1_175' title='bbox 771 2355 1115 2423; x_wconf 83' lang='lat' dir='ltr'><strong>pertinemus,</strong></span> <span class='ocrx_word' id='word_1_176' title='bbox 1149 2371 1252 2409; x_wconf 91' lang='lat' dir='ltr'><strong>non</strong></span> <span class='ocrx_word' id='word_1_177' title='bbox 1285 2335 1453 2410; x_wconf 79' lang='lat' dir='ltr'><strong>simus</strong></span> <span class='ocrx_word' id='word_1_178' title='bbox 1491 2355 1708 2426; x_wconf 86' lang='lat' dir='ltr'><strong>ingrati,</strong></span> <span class='ocrx_word' id='word_1_179' title='bbox 1750 2355 1988 2410; x_wconf 86' lang='lat' dir='ltr'><strong>tribuen-</strong></span> 
     </span>
    </p>
   </div>
   <div class='ocr_carea' id='block_1_23' title="bbox 405 2442 1982 2516">
    <p class='ocr_par' dir='ltr' id='par_1_23' title="bbox 405 2442 1982 2516">
     <span class='ocr_line' id='line_1_23' title="bbox 405 2442 1982 2516; baseline 0.004 -18"><span class='ocrx_word' id='word_1_180' title='bbox 405 2442 474 2498; x_wconf 91' lang='lat' dir='ltr'><strong>do</strong></span> <span class='ocrx_word' id='word_1_181' title='bbox 523 2444 674 2500; x_wconf 76' lang='lat' dir='ltr'><strong>nobis</strong></span> <span class='ocrx_word' id='word_1_182' title='bbox 732 2445 872 2516; x_wconf 87' lang='lat' dir='ltr'><strong>quod</strong></span> <span class='ocrx_word' id='word_1_183' title='bbox 924 2447 1246 2516; x_wconf 82' lang='lat' dir='ltr'><strong>accepimus.</strong></span> <span class='ocrx_word' id='word_1_184' title='bbox 1305 2446 1442 2514; x_wconf 86' lang='lat' dir='ltr'><strong>Quid</strong></span> <span class='ocrx_word' id='word_1_185' title='bbox 1494 2447 1638 2502; x_wconf 90' lang='lat' dir='ltr'><strong>enim</strong></span> <span class='ocrx_word' id='word_1_186' title='bbox 1689 2448 1982 2516; x_wconf 87' lang='lat' dir='ltr'><strong>habemus,</strong></span> 
     </span>
    </p>
   </div>
   <div class='ocr_carea' id='block_1_24' title="bbox 406 2535 1528 2610">
    <p class='ocr_par' dir='ltr' id='par_1_24' title="bbox 406 2535 1528 2610">
     <span class='ocr_line' id='line_1_24' title="bbox 406 2535 1528 2610; baseline 0.005 -24"><span class='ocrx_word' id='word_1_187' title='bbox 406 2535 545 2606; x_wconf 87' lang='lat' dir='ltr'><strong>quod</strong></span> <span class='ocrx_word' id='word_1_188' title='bbox 584 2552 686 2589; x_wconf 92' lang='lat' dir='ltr'><strong>non</strong></span> <span class='ocrx_word' id='word_1_189' title='bbox 725 2537 1026 2604; x_wconf 88' lang='lat' dir='ltr'><strong>accepimus</strong></span> <span class='ocrx_word' id='word_1_190' title='bbox 1066 2536 1108 2606; x_wconf 91' lang='lat' dir='ltr'><strong>(l</strong></span> <span class='ocrx_word' id='word_1_191' title='bbox 1147 2537 1263 2592; x_wconf 87' lang='lat' dir='ltr'><strong>Cor.</strong></span> <span class='ocrx_word' id='word_1_192' title='bbox 1307 2553 1393 2602; x_wconf 87' lang='lat' dir='ltr'><strong>Iv,</strong></span> <span class='ocrx_word' id='word_1_193' title='bbox 1435 2536 1528 2610; x_wconf 86' lang='lat'><strong>7)?</strong></span> 
     </span>
    </p>
   </div>
   <div class='ocr_carea' id='block_1_25' title="bbox 475 2623 1990 2701">
    <p class='ocr_par' dir='ltr' id='par_1_25' title="bbox 475 2623 1990 2701">
     <span class='ocr_line' id='line_1_25' title="bbox 475 2623 1990 2701; baseline 0.003 -19"><span class='ocrx_word' id='word_1_194' title='bbox 475 2623 698 2682; x_wconf 81' lang='lat' dir='ltr'><strong>CAPUT</strong></span> <span class='ocrx_word' id='word_1_195' title='bbox 747 2623 1078 2684; x_wconf 75' lang='lat' dir='ltr'><strong>XXl.—59.</strong></span> <span class='ocrx_word' id='word_1_196' title='bbox 1125 2627 1314 2693; x_wconf 84' lang='lat' dir='ltr'><strong>Quinta</strong></span> <span class='ocrx_word' id='word_1_197' title='bbox 1341 2627 1540 2683; x_wconf 72' lang='lat' dir='ltr'><strong>Iuliani</strong></span> <span class='ocrx_word' id='word_1_198' title='bbox 1580 2629 1882 2701; x_wconf 69' lang='lat' dir='ltr'><strong>antithesis,</strong></span> <span class='ocrx_word' id='word_1_199' title='bbox 1924 2630 1990 2686; x_wconf 84' lang='lat' dir='ltr'><strong>de</strong></span> 
     </span>
    </p>
   </div>
   <div class='ocr_carea' id='block_1_26' title="bbox 403 2717 1984 2790">
    <p class='ocr_par' dir='ltr' id='par_1_26' title="bbox 403 2717 1984 2790">
     <span class='ocr_line' id='line_1_26' title="bbox 403 2717 1984 2790; baseline 0.005 -20"><span class='ocrx_word' id='word_1_200' title='bbox 403 2717 551 2788; x_wconf 79' lang='lat' dir='ltr'><strong>iustis</strong></span> <span class='ocrx_word' id='word_1_201' title='bbox 587 2719 760 2772; x_wconf 64' lang='lat' dir='ltr'><strong>veteris</strong></span> <span class='ocrx_word' id='word_1_202' title='bbox 787 2717 1110 2774; x_wconf 80' lang='lat' dir='ltr'><strong>Testantenti.</strong></span> <span class='ocrx_word' id='word_1_203' title='bbox 1147 2739 1166 2772; x_wconf 72' lang='grc' dir='ltr'><strong><em>ι</em></strong></span> <span class='ocrx_word' id='word_1_204' title='bbox 1205 2718 1470 2787; x_wconf 89' lang='lat' dir='ltr'><strong>Dicimus,</strong></span> <span class='ocrx_word' id='word_1_205' title='bbox 1507 2739 1526 2774; x_wconf 72' lang='grc' dir='ltr'><strong><em>ι</em></strong></span> <span class='ocrx_word' id='word_1_206' title='bbox 1563 2722 1762 2790; x_wconf 88' lang='lat' dir='ltr'><strong>inquit,</strong></span> <span class='ocrx_word' id='word_1_207' title='bbox 1799 2743 1818 2776; x_wconf 71' lang='grc' dir='ltr'>ι</span> <span class='ocrx_word' id='word_1_208' title='bbox 1859 2739 1984 2778; x_wconf 88' lang='lat' dir='ltr'><strong>san-</strong></span> 
     </span>
    </p>
   </div>
   <div class='ocr_carea' id='block_1_27' title="bbox 406 2811 1997 2884">
    <p class='ocr_par' dir='ltr' id='par_1_27' title="bbox 406 2811 1997 2884">
     <span class='ocr_line' id='line_1_27' title="bbox 406 2811 1997 2884; baseline 0.003 -18"><span class='ocrx_word' id='word_1_209' title='bbox 406 2819 523 2866; x_wconf 88' lang='lat' dir='ltr'><strong>ctos</strong></span> <span class='ocrx_word' id='word_1_210' title='bbox 540 2811 735 2866; x_wconf 77' lang='lat' dir='ltr'><strong>veteris</strong></span> <span class='ocrx_word' id='word_1_211' title='bbox 763 2811 1088 2867; x_wconf 85' lang='lat' dir='ltr'><strong>Testamenti</strong></span> <span class='ocrx_word' id='word_1_212' title='bbox 1119 2813 1349 2882; x_wconf 83' lang='lat' dir='ltr'><strong>perfecta</strong></span> <span class='ocrx_word' id='word_1_213' title='bbox 1375 2813 1499 2868; x_wconf 89' lang='lat' dir='ltr'><strong>hinc</strong></span> <span class='ocrx_word' id='word_1_214' title='bbox 1517 2813 1720 2884; x_wconf 90' lang='lat' dir='ltr'><strong>justitia</strong></span> <span class='ocrx_word' id='word_1_215' title='bbox 1746 2813 1812 2869; x_wconf 90' lang='lat' dir='ltr'><strong>ad</strong></span> <span class='ocrx_word' id='word_1_216' title='bbox 1833 2823 1997 2882; x_wconf 39' lang='lat' dir='ltr'><strong>cetera</strong></span> 
     </span>
    </p>
   </div>
   <div class='ocr_carea' id='block_1_28' title="bbox 406 2902 1988 2968">
    <p class='ocr_par' dir='ltr' id='par_1_28' title="bbox 406 2902 1988 2968">
     <span class='ocr_line' id='line_1_28' title="bbox 406 2902 1988 2968; baseline 0.003 -14"><span class='ocrx_word' id='word_1_217' title='bbox 406 2915 532 2955; x_wconf 87' lang='lat' dir='ltr'><strong>nam</strong></span> <span class='ocrx_word' id='word_1_218' title='bbox 557 2902 815 2956; x_wconf 86' lang='lat' dir='ltr'><strong>transisse</strong></span> <span class='ocrx_word' id='word_1_219' title='bbox 846 2904 1004 2957; x_wconf 86' lang='lat' dir='ltr'><strong>vitam</strong></span> <span class='ocrx_word' id='word_1_220' title='bbox 1023 2945 1038 2968; x_wconf 90' lang='lat'><strong>,</strong></span> <span class='ocrx_word' id='word_1_221' title='bbox 1075 2903 1125 2958; x_wconf 90' lang='lat' dir='ltr'><strong>id</strong></span> <span class='ocrx_word' id='word_1_222' title='bbox 1159 2912 1260 2966; x_wconf 87' lang='lat' dir='ltr'><strong>est,</strong></span> <span class='ocrx_word' id='word_1_223' title='bbox 1293 2903 1468 2958; x_wconf 91' lang='lat' dir='ltr'><strong>studio</strong></span> <span class='ocrx_word' id='word_1_224' title='bbox 1494 2905 1700 2959; x_wconf 86' lang='lat' dir='ltr'><strong>virtutis</strong></span> <span class='ocrx_word' id='word_1_225' title='bbox 1724 2905 1791 2961; x_wconf 83' lang='lat' dir='ltr'><strong>ab</strong></span> <span class='ocrx_word' id='word_1_226' title='bbox 1815 2906 1988 2960; x_wconf 85' lang='lat' dir='ltr'><strong>omni-</strong></span> 
     </span>
    </p>
   </div>
   <div class='ocr_carea' id='block_1_29' title="bbox 409 2991 1988 3067">
    <p class='ocr_par' dir='ltr' id='par_1_29' title="bbox 409 2991 1988 3067">
     <span class='ocr_line' id='line_1_29' title="bbox 409 2991 1988 3067; baseline 0.003 -19"><span class='ocrx_word' id='word_1_227' title='bbox 409 2991 510 3048; x_wconf 85' lang='lat' dir='ltr'><strong>bus</strong></span> <span class='ocrx_word' id='word_1_228' title='bbox 538 2993 822 3048; x_wconf 87' lang='lat' dir='ltr'><strong>recessisse</strong></span> <span class='ocrx_word' id='word_1_229' title='bbox 851 2994 1080 3064; x_wconf 87' lang='lat' dir='ltr'><strong>peccatis</strong></span> <span class='ocrx_word' id='word_1_230' title='bbox 1107 3013 1121 3049; x_wconf 91' lang='lat'><strong>:</strong></span> <span class='ocrx_word' id='word_1_231' title='bbox 1152 2995 1271 3065; x_wconf 90' lang='lat' dir='ltr'><strong>quia</strong></span> <span class='ocrx_word' id='word_1_232' title='bbox 1299 3004 1350 3052; x_wconf 90' lang='lat' dir='ltr'><strong>et</strong></span> <span class='ocrx_word' id='word_1_233' title='bbox 1375 2995 1450 3050; x_wconf 91' lang='lat' dir='ltr'><strong>illi</strong></span> <span class='ocrx_word' id='word_1_234' title='bbox 1473 3011 1608 3066; x_wconf 90' lang='lat' dir='ltr'><strong>quos</strong></span> <span class='ocrx_word' id='word_1_235' title='bbox 1637 2997 1862 3067; x_wconf 83' lang='lat' dir='ltr'><strong>legimus</strong></span> <span class='ocrx_word' id='word_1_236' title='bbox 1889 2997 1988 3052; x_wconf 90' lang='lat' dir='ltr'><strong>ali-</strong></span> 
     </span>
    </p>
   </div>
   <div class='ocr_carea' id='block_1_30' title="bbox 408 3082 1991 3158">
    <p class='ocr_par' dir='ltr' id='par_1_30' title="bbox 408 3082 1991 3158">
     <span class='ocr_line' id='line_1_30' title="bbox 408 3082 1991 3158; baseline 0.003 -21"><span class='ocrx_word' id='word_1_237' title='bbox 408 3082 536 3154; x_wconf 89' lang='lat' dir='ltr'><strong>quid</strong></span> <span class='ocrx_word' id='word_1_238' title='bbox 560 3099 809 3154; x_wconf 88' lang='lat' dir='ltr'><strong>peccasse</strong></span> <span class='ocrx_word' id='word_1_239' title='bbox 833 3127 848 3150; x_wconf 94' lang='lat'><strong>,</strong></span> <span class='ocrx_word' id='word_1_240' title='bbox 883 3099 1062 3154; x_wconf 83' lang='lat' dir='ltr'><strong>postea</strong></span> <span class='ocrx_word' id='word_1_241' title='bbox 1087 3093 1264 3142; x_wconf 89' lang='lat' dir='ltr'><strong>tamen</strong></span> <span class='ocrx_word' id='word_1_242' title='bbox 1293 3101 1386 3141; x_wconf 89' lang='lat' dir='ltr'><strong>eos</strong></span> <span class='ocrx_word' id='word_1_243' title='bbox 1407 3087 1721 3142; x_wconf 89' lang='lat' dir='ltr'><strong>emendasse</strong></span> <span class='ocrx_word' id='word_1_244' title='bbox 1741 3088 1991 3158; x_wconf 83' lang='lat' dir='ltr'><strong>cognovi-</strong></span> 
     </span>
    </p>
   </div>
   <div class='ocr_carea' id='block_1_31' title="bbox 408 3175 1989 3248">
    <p class='ocr_par' dir='ltr' id='par_1_31' title="bbox 408 3175 1989 3248">
     <span class='ocr_line' id='line_1_31' title="bbox 408 3175 1989 3248; baseline 0.003 -19"><span class='ocrx_word' id='word_1_245' title='bbox 408 3189 543 3230; x_wconf 90' lang='lat' dir='ltr'><strong>mus.</strong></span> <span class='ocrx_word' id='word_1_246' title='bbox 578 3193 599 3228; x_wconf 75' lang='grc' dir='ltr'><strong><em>ι</em></strong></span> <span class='ocrx_word' id='word_1_247' title='bbox 627 3175 974 3242; x_wconf 72' lang='lat' dir='ltr'><strong>Quanta-libet</strong></span> <span class='ocrx_word' id='word_1_248' title='bbox 998 3175 1158 3232; x_wconf 89' lang='lat' dir='ltr'><strong>fuisse</strong></span> <span class='ocrx_word' id='word_1_249' title='bbox 1181 3177 1386 3232; x_wconf 90' lang='lat' dir='ltr'><strong>virtutis</strong></span> <span class='ocrx_word' id='word_1_250' title='bbox 1413 3177 1434 3209; x_wconf 84' lang='grc'>³</span> <span class='ocrx_word' id='word_1_251' title='bbox 1461 3179 1708 3248; x_wconf 86' lang='lat' dir='ltr'><strong>antiquus</strong></span> <span class='ocrx_word' id='word_1_252' title='bbox 1735 3179 1989 3248; x_wconf 69' lang='lat' dir='ltr'><strong>prmdices</strong></span> 
     </span>
    </p>
   </div>
   <div class='ocr_carea' id='block_1_32' title="bbox 405 3263 1989 3340">
    <p class='ocr_par' dir='ltr' id='par_1_32' title="bbox 405 3263 1989 3340">
     <span class='ocr_line' id='line_1_32' title="bbox 405 3263 1989 3340; baseline 0.003 -20"><span class='ocrx_word' id='word_1_253' title='bbox 405 3263 603 3336; x_wconf 85' lang='lat' dir='ltr'><strong>justos,</strong></span> <span class='ocrx_word' id='word_1_254' title='bbox 634 3280 737 3320; x_wconf 94' lang='lat' dir='ltr'><strong>non</strong></span> <span class='ocrx_word' id='word_1_255' title='bbox 767 3281 861 3322; x_wconf 89' lang='lat' dir='ltr'><strong>eos</strong></span> <span class='ocrx_word' id='word_1_256' title='bbox 889 3267 1062 3322; x_wconf 90' lang='lat' dir='ltr'><strong>salvos</strong></span> <span class='ocrx_word' id='word_1_257' title='bbox 1081 3265 1206 3323; x_wconf 90' lang='lat' dir='ltr'><strong>fecit</strong></span> <span class='ocrx_word' id='word_1_258' title='bbox 1233 3267 1334 3322; x_wconf 91' lang='lat' dir='ltr'><strong>nisi</strong></span> <span class='ocrx_word' id='word_1_259' title='bbox 1365 3266 1494 3322; x_wconf 84' lang='lat' dir='ltr'><strong>ﬁdes</strong></span> <span class='ocrx_word' id='word_1_260' title='bbox 1526 3267 1827 3324; x_wconf 80' lang='lat' dir='ltr'><strong>Mediatoris</strong></span> <span class='ocrx_word' id='word_1_261' title='bbox 1851 3310 1864 3330; x_wconf 92' lang='lat'><strong>.</strong></span> <span class='ocrx_word' id='word_1_262' title='bbox 1898 3269 1989 3340; x_wconf 90' lang='lat' dir='ltr'><strong>qui</strong></span> 
     </span>
    </p>
   </div>
   <div class='ocr_carea' id='block_1_33' title="bbox 410 3356 1986 3430">
    <p class='ocr_par' dir='ltr' id='par_1_33' title="bbox 410 3356 1986 3430">
     <span class='ocr_line' id='line_1_33' title="bbox 410 3356 1986 3430; baseline 0.001 -20"><span class='ocrx_word' id='word_1_263' title='bbox 410 3356 464 3410; x_wconf 91' lang='lat' dir='ltr'><strong>ln</strong></span> <span class='ocrx_word' id='word_1_264' title='bbox 505 3357 870 3412; x_wconf 88' lang='lat' dir='ltr'><strong>remissionem</strong></span> <span class='ocrx_word' id='word_1_265' title='bbox 896 3365 1234 3428; x_wconf 87' lang='lat' dir='ltr'><strong>peccatorum</strong></span> <span class='ocrx_word' id='word_1_266' title='bbox 1274 3359 1586 3428; x_wconf 88' lang='lat' dir='ltr'><strong>sanguinem</strong></span> <span class='ocrx_word' id='word_1_267' title='bbox 1633 3357 1786 3412; x_wconf 86' lang='lat' dir='ltr'><strong>fudit.</strong></span> <span class='ocrx_word' id='word_1_268' title='bbox 1839 3359 1986 3430; x_wconf 88' lang='lat' dir='ltr'><strong>Ipso-</strong></span> 
     </span>
    </p>
   </div>
   <div class='ocr_carea' id='block_1_34' title="bbox 411 3447 1986 3522">
    <p class='ocr_par' dir='ltr' id='par_1_34' title="bbox 411 3447 1986 3522">
     <span class='ocr_line' id='line_1_34' title="bbox 411 3447 1986 3522; baseline 0.001 -20"><span class='ocrx_word' id='word_1_269' title='bbox 411 3464 529 3502; x_wconf 91' lang='lat' dir='ltr'><strong>rum</strong></span> <span class='ocrx_word' id='word_1_270' title='bbox 551 3449 689 3502; x_wconf 90' lang='lat' dir='ltr'><strong>enim</strong></span> <span class='ocrx_word' id='word_1_271' title='bbox 721 3463 820 3504; x_wconf 79' lang='lat' dir='ltr'><strong>vox</strong></span> <span class='ocrx_word' id='word_1_272' title='bbox 849 3459 931 3504; x_wconf 91' lang='lat' dir='ltr'><strong>est</strong></span> <span class='ocrx_word' id='word_1_273' title='bbox 958 3463 972 3501; x_wconf 90' lang='lat'><strong>:</strong></span> <span class='ocrx_word' id='word_1_274' title='bbox 1007 3447 1230 3516; x_wconf 78' lang='lat' dir='ltr'><strong>Credidi,</strong></span> <span class='ocrx_word' id='word_1_275' title='bbox 1263 3460 1468 3520; x_wconf 88' lang='lat' dir='ltr'><strong>propter</strong></span> <span class='ocrx_word' id='word_1_276' title='bbox 1487 3450 1624 3522; x_wconf 85' lang='lat' dir='ltr'><strong>quod</strong></span> <span class='ocrx_word' id='word_1_277' title='bbox 1653 3451 1848 3505; x_wconf 85' lang='lat' dir='ltr'><strong>locutas</strong></span> <span class='ocrx_word' id='word_1_278' title='bbox 1873 3467 1986 3505; x_wconf 88' lang='lat' dir='ltr'><strong>sum</strong></span> 
     </span>
    </p>
   </div>
   <div class='ocr_carea' id='block_1_35' title="bbox 412 3538 1990 3612">
    <p class='ocr_par' dir='ltr' id='par_1_35' title="bbox 412 3538 1990 3612">
     <span class='ocr_line' id='line_1_35' title="bbox 412 3538 1990 3612; baseline 0.002 -18"><span class='ocrx_word' id='word_1_279' title='bbox 412 3538 594 3610; x_wconf 86' lang='lat' dir='ltr'><strong>(Psal.</strong></span> <span class='ocrx_word' id='word_1_280' title='bbox 620 3555 742 3609; x_wconf 82' lang='lat' dir='ltr'><strong>cxv,</strong></span> <span class='ocrx_word' id='word_1_281' title='bbox 775 3539 850 3612; x_wconf 83' lang='grc'><strong>1).</strong></span> <span class='ocrx_word' id='word_1_282' title='bbox 879 3538 1030 3596; x_wconf 90' lang='lat' dir='ltr'><strong>Unde</strong></span> <span class='ocrx_word' id='word_1_283' title='bbox 1053 3541 1125 3595; x_wconf 87' lang='lat' dir='ltr'><strong>ait</strong></span> <span class='ocrx_word' id='word_1_284' title='bbox 1151 3549 1203 3595; x_wconf 90' lang='lat' dir='ltr'><strong>et</strong></span> <span class='ocrx_word' id='word_1_285' title='bbox 1227 3542 1499 3611; x_wconf 90' lang='lat' dir='ltr'><strong>apostolus</strong></span> <span class='ocrx_word' id='word_1_286' title='bbox 1520 3541 1717 3597; x_wconf 73' lang='lat' dir='ltr'><strong>Paulus</strong></span> <span class='ocrx_word' id='word_1_287' title='bbox 1743 3560 1756 3596; x_wconf 93' lang='lat'><strong>:</strong></span> <span class='ocrx_word' id='word_1_288' title='bbox 1790 3541 1990 3597; x_wconf 73' lang='lat' dir='ltr'><strong>[laben-</strong></span> 
     </span>
    </p>
   </div>
   <div class='ocr_carea' id='block_1_36' title="bbox 412 3617 1990 3704">
    <p class='ocr_par' dir='ltr' id='par_1_36' title="bbox 412 3617 1990 3704">
     <span class='ocr_line' id='line_1_36' title="bbox 412 3617 1990 3704; baseline 0.003 -22"><span class='ocrx_word' id='word_1_289' title='bbox 412 3617 484 3684; x_wconf 82' lang='lat' dir='ltr'><strong>tes</strong></span> <span class='ocrx_word' id='word_1_290' title='bbox 507 3641 673 3685; x_wconf 89' lang='lat' dir='ltr'><strong>autem</strong></span> <span class='ocrx_word' id='word_1_291' title='bbox 703 3629 934 3686; x_wconf 86' lang='lat' dir='ltr'><strong>eumdem</strong></span> <span class='ocrx_word' id='word_1_292' title='bbox 959 3631 1192 3700; x_wconf 78' lang='lat' dir='ltr'><strong>spiritum</strong></span> <span class='ocrx_word' id='word_1_293' title='bbox 1222 3631 1343 3700; x_wconf 82' lang='lat' dir='ltr'><strong>ﬁdei</strong></span> <span class='ocrx_word' id='word_1_294' title='bbox 1360 3672 1375 3697; x_wconf 93' lang='lat'><strong>,</strong></span> <span class='ocrx_word' id='word_1_295' title='bbox 1403 3631 1677 3687; x_wconf 78' lang='lat' dir='ltr'><strong>secundum</strong></span> <span class='ocrx_word' id='word_1_296' title='bbox 1709 3633 1844 3704; x_wconf 83' lang='lat' dir='ltr'><strong>quod</strong></span> <span class='ocrx_word' id='word_1_297' title='bbox 1862 3633 1990 3688; x_wconf 89' lang='lat' dir='ltr'><strong>scri-</strong></span> 
     </span>
    </p>
   </div>
   <div class='ocr_carea' id='block_1_37' title="bbox 415 3721 1991 3794">
    <p class='ocr_par' dir='ltr' id='par_1_37' title="bbox 415 3721 1991 3794">
     <span class='ocr_line' id='line_1_37' title="bbox 415 3721 1991 3794; baseline 0.004 -22"><span class='ocrx_word' id='word_1_298' title='bbox 415 3731 555 3790; x_wconf 82' lang='lat' dir='ltr'><strong>ptum</strong></span> <span class='ocrx_word' id='word_1_299' title='bbox 579 3732 686 3786; x_wconf 88' lang='lat' dir='ltr'><strong>est,</strong></span> <span class='ocrx_word' id='word_1_300' title='bbox 722 3721 952 3788; x_wconf 81' lang='lat' dir='ltr'><strong>Credidi,</strong></span> <span class='ocrx_word' id='word_1_301' title='bbox 984 3732 1191 3794; x_wconf 85' lang='lat' dir='ltr'><strong>propter</strong></span> <span class='ocrx_word' id='word_1_302' title='bbox 1223 3721 1359 3793; x_wconf 86' lang='lat' dir='ltr'><strong>quod</strong></span> <span class='ocrx_word' id='word_1_303' title='bbox 1401 3723 1594 3776; x_wconf 85' lang='lat' dir='ltr'><strong>locutus</strong></span> <span class='ocrx_word' id='word_1_304' title='bbox 1632 3740 1742 3777; x_wconf 91' lang='lat' dir='ltr'><strong>sum</strong></span> <span class='ocrx_word' id='word_1_305' title='bbox 1769 3740 1789 3788; x_wconf 83' lang='lat'><strong>,&#39;</strong></span> <span class='ocrx_word' id='word_1_306' title='bbox 1817 3735 1863 3778; x_wconf 94' lang='lat' dir='ltr'><strong>et</strong></span> <span class='ocrx_word' id='word_1_307' title='bbox 1900 3741 1991 3779; x_wconf 88' lang='lat' dir='ltr'><strong>nos</strong></span> 
     </span>
    </p>
   </div>
   <div class='ocr_carea' id='block_1_38' title="bbox 411 3813 1988 3889">
    <p class='ocr_par' dir='ltr' id='par_1_38' title="bbox 411 3813 1988 3889">
     <span class='ocr_line' id='line_1_38' title="bbox 411 3813 1988 3889; baseline 0.003 -23"><span class='ocrx_word' id='word_1_308' title='bbox 411 3813 661 3867; x_wconf 80' lang='lat' dir='ltr'><strong>credimus</strong></span> <span class='ocrx_word' id='word_1_309' title='bbox 679 3852 696 3878; x_wconf 90' lang='lat'><strong>,</strong></span> <span class='ocrx_word' id='word_1_310' title='bbox 739 3823 942 3884; x_wconf 85' lang='lat' dir='ltr'><strong>propter</strong></span> <span class='ocrx_word' id='word_1_311' title='bbox 975 3813 1112 3886; x_wconf 86' lang='lat' dir='ltr'><strong>quod</strong></span> <span class='ocrx_word' id='word_1_312' title='bbox 1139 3823 1183 3867; x_wconf 90' lang='lat' dir='ltr'><strong>et</strong></span> <span class='ocrx_word' id='word_1_313' title='bbox 1215 3814 1469 3885; x_wconf 81' lang='lat' dir='ltr'><strong>loquimur</strong></span> <span class='ocrx_word' id='word_1_314' title='bbox 1494 3813 1574 3888; x_wconf 89' lang='lat' dir='ltr'><strong>(ll</strong></span> <span class='ocrx_word' id='word_1_315' title='bbox 1601 3814 1719 3869; x_wconf 91' lang='lat' dir='ltr'><strong>Cor.</strong></span> <span class='ocrx_word' id='word_1_316' title='bbox 1749 3832 1828 3881; x_wconf 86' lang='lat' dir='ltr'><strong>tv,</strong></span> <span class='ocrx_word' id='word_1_317' title='bbox 1857 3818 1922 3872; x_wconf 76' lang='grc'><strong>15</strong></span> <span class='ocrx_word' id='word_1_318' title='bbox 1942 3817 1988 3889; x_wconf 94' lang='grc'><strong>).</strong></span> 
     </span>
    </p>
   </div>
   <div class='ocr_carea' id='block_1_39' title="bbox 411 3895 1992 3980">
    <p class='ocr_par' dir='ltr' id='par_1_39' title="bbox 411 3895 1992 3980">
     <span class='ocr_line' id='line_1_39' title="bbox 411 3895 1992 3980; baseline 0.004 -22"><span class='ocrx_word' id='word_1_319' title='bbox 411 3905 548 3974; x_wconf 84' lang='lat' dir='ltr'><strong>Quid</strong></span> <span class='ocrx_word' id='word_1_320' title='bbox 577 3895 678 3974; x_wconf 82' lang='lat' dir='ltr'><strong>est,</strong></span> <span class='ocrx_word' id='word_1_321' title='bbox 708 3905 942 3960; x_wconf 86' lang='lat' dir='ltr'><strong>eumdem</strong></span> <span class='ocrx_word' id='word_1_322' title='bbox 985 3906 1261 3976; x_wconf 78' lang='lat' dir='ltr'><strong>spiritum;</strong></span> <span class='ocrx_word' id='word_1_323' title='bbox 1299 3906 1399 3962; x_wconf 89' lang='lat' dir='ltr'><strong>nisi</strong></span> <span class='ocrx_word' id='word_1_324' title='bbox 1445 3923 1602 3978; x_wconf 89' lang='lat' dir='ltr'><strong>quem</strong></span> <span class='ocrx_word' id='word_1_325' title='bbox 1628 3907 1757 3979; x_wconf 80' lang='lat' dir='ltr'><strong>justi</strong></span> <span class='ocrx_word' id='word_1_326' title='bbox 1781 3925 1992 3980; x_wconf 90' lang='lat' dir='ltr'><strong>quoque</strong></span> 
     </span>
    </p>
   </div>
   <div class='ocr_carea' id='block_1_40' title="bbox 414 3993 1993 4070">
    <p class='ocr_par' dir='ltr' id='par_1_40' title="bbox 414 3993 1993 4070">
     <span class='ocr_line' id='line_1_40' title="bbox 414 3993 1993 4070; baseline 0.003 -20"><span class='ocrx_word' id='word_1_327' title='bbox 414 3993 490 4050; x_wconf 77' lang='lat' dir='ltr'><strong>illi</strong></span> <span class='ocrx_word' id='word_1_328' title='bbox 523 3996 854 4066; x_wconf 87' lang='lat' dir='ltr'><strong>habuerunt,</strong></span> <span class='ocrx_word' id='word_1_329' title='bbox 883 3997 972 4069; x_wconf 87' lang='lat' dir='ltr'><strong>qui</strong></span> <span class='ocrx_word' id='word_1_330' title='bbox 992 3997 1090 4052; x_wconf 92' lang='lat' dir='ltr'><strong>ista</strong></span> <span class='ocrx_word' id='word_1_331' title='bbox 1115 3997 1407 4053; x_wconf 78' lang='lat' dir='ltr'><strong>dixerunt?</strong></span> <span class='ocrx_word' id='word_1_332' title='bbox 1438 3997 1571 4053; x_wconf 90' lang='lat' dir='ltr'><strong>Dicit</strong></span> <span class='ocrx_word' id='word_1_333' title='bbox 1599 4000 1756 4054; x_wconf 85' lang='lat' dir='ltr'><strong>etiam</strong></span> <span class='ocrx_word' id='word_1_334' title='bbox 1781 4009 1993 4070; x_wconf 88' lang='lat' dir='ltr'><strong>aposto-</strong></span> 
     </span>
    </p>
   </div>
   <div class='ocr_carea' id='block_1_41' title="bbox 414 4083 1991 4160">
    <p class='ocr_par' dir='ltr' id='par_1_41' title="bbox 414 4083 1991 4160">
     <span class='ocr_line' id='line_1_41' title="bbox 414 4083 1991 4160; baseline 0.003 -20"><span class='ocrx_word' id='word_1_335' title='bbox 414 4083 496 4140; x_wconf 89' lang='lat' dir='ltr'><strong>lus</strong></span> <span class='ocrx_word' id='word_1_336' title='bbox 543 4087 730 4142; x_wconf 84' lang='lat' dir='ltr'><strong>Petrus</strong></span> <span class='ocrx_word' id='word_1_337' title='bbox 775 4105 788 4141; x_wconf 92' lang='lat'><strong>:</strong></span> <span class='ocrx_word' id='word_1_338' title='bbox 833 4086 966 4154; x_wconf 85' lang='lat' dir='ltr'><strong>Quid</strong></span> <span class='ocrx_word' id='word_1_339' title='bbox 1013 4088 1162 4143; x_wconf 77' lang='lat' dir='ltr'><strong>vultis</strong></span> <span class='ocrx_word' id='word_1_340' title='bbox 1197 4089 1382 4160; x_wconf 83' lang='lat' dir='ltr'><strong>jugum</strong></span> <span class='ocrx_word' id='word_1_341' title='bbox 1426 4089 1680 4159; x_wconf 85' lang='lat' dir='ltr'><strong>imponere</strong></span> <span class='ocrx_word' id='word_1_342' title='bbox 1729 4089 1991 4158; x_wconf 82' lang='lat' dir='ltr'><strong>Gentibus,</strong></span> 
     </span>
    </p>
   </div>
   <div class='ocr_carea' id='block_1_42' title="bbox 417 4179 1994 4253">
    <p class='ocr_par' dir='ltr' id='par_1_42' title="bbox 417 4179 1994 4253">
     <span class='ocr_line' id='line_1_42' title="bbox 417 4179 1994 4253; baseline 0.005 -21"><span class='ocrx_word' id='word_1_343' title='bbox 417 4179 552 4248; x_wconf 86' lang='lat' dir='ltr'><strong>quod</strong></span> <span class='ocrx_word' id='word_1_344' title='bbox 571 4195 729 4248; x_wconf 84' lang='lat' dir='ltr'><strong>neque</strong></span> <span class='ocrx_word' id='word_1_345' title='bbox 756 4196 846 4234; x_wconf 90' lang='lat' dir='ltr'><strong>nos</strong></span> <span class='ocrx_word' id='word_1_346' title='bbox 875 4195 1076 4251; x_wconf 84' lang='lat' dir='ltr'><strong>portare</strong></span> <span class='ocrx_word' id='word_1_347' title='bbox 1103 4183 1357 4252; x_wconf 85' lang='lat' dir='ltr'><strong>potuimus</strong></span> <span class='ocrx_word' id='word_1_348' title='bbox 1374 4223 1388 4248; x_wconf 95' lang='lat'><strong>,</strong></span> <span class='ocrx_word' id='word_1_349' title='bbox 1418 4197 1574 4250; x_wconf 87' lang='lat' dir='ltr'><strong>neque</strong></span> <span class='ocrx_word' id='word_1_350' title='bbox 1599 4191 1764 4253; x_wconf 87' lang='lat' dir='ltr'><strong>patres</strong></span> <span class='ocrx_word' id='word_1_351' title='bbox 1790 4185 1994 4240; x_wconf 83' lang='lat' dir='ltr'><strong>nostri?</strong></span> 
     </span>
    </p>
   </div>
   <div class='ocr_carea' id='block_1_43' title="bbox 417 4269 1995 4344">
    <p class='ocr_par' dir='ltr' id='par_1_43' title="bbox 417 4269 1995 4344">
     <span class='ocr_line' id='line_1_43' title="bbox 417 4269 1995 4344; baseline 0.005 -20"><span class='ocrx_word' id='word_1_352' title='bbox 417 4269 522 4324; x_wconf 85' lang='lat' dir='ltr'><strong>Sed</strong></span> <span class='ocrx_word' id='word_1_353' title='bbox 564 4287 654 4342; x_wconf 87' lang='lat' dir='ltr'><strong>per</strong></span> <span class='ocrx_word' id='word_1_354' title='bbox 693 4271 909 4344; x_wconf 85' lang='lat' dir='ltr'><strong>gratiam</strong></span> <span class='ocrx_word' id='word_1_355' title='bbox 939 4270 1145 4326; x_wconf 86' lang='lat' dir='ltr'><strong>Domini</strong></span> <span class='ocrx_word' id='word_1_356' title='bbox 1187 4270 1313 4326; x_wconf 78' lang='lat' dir='ltr'><strong>Iesu</strong></span> <span class='ocrx_word' id='word_1_357' title='bbox 1361 4273 1547 4328; x_wconf 80' lang='lat' dir='ltr'><strong>Christi</strong></span> <span class='ocrx_word' id='word_1_358' title='bbox 1583 4273 1834 4329; x_wconf 86' lang='lat' dir='ltr'><strong>credimus</strong></span> <span class='ocrx_word' id='word_1_359' title='bbox 1869 4276 1995 4332; x_wconf 85' lang='lat' dir='ltr'><strong>salvi</strong></span> 
     </span>
    </p>
   </div>
   <div class='ocr_carea' id='block_1_44' title="bbox 414 4359 1996 4437">
    <p class='ocr_par' dir='ltr' id='par_1_44' title="bbox 414 4359 1996 4437">
     <span class='ocr_line' id='line_1_44' title="bbox 414 4359 1996 4437; baseline 0.005 -23"><span class='ocrx_word' id='word_1_360' title='bbox 414 4361 526 4428; x_wconf 75' lang='lat' dir='ltr'><strong>ﬁeri</strong></span> <span class='ocrx_word' id='word_1_361' title='bbox 546 4359 600 4430; x_wconf 74' lang='grc'><strong>⁸,</strong></span> <span class='ocrx_word' id='word_1_362' title='bbox 623 4362 1044 4434; x_wconf 86' lang='lat' dir='ltr'><strong>quemadmodum</strong></span> <span class='ocrx_word' id='word_1_363' title='bbox 1072 4372 1118 4418; x_wconf 93' lang='lat' dir='ltr'><strong>et</strong></span> <span class='ocrx_word' id='word_1_364' title='bbox 1145 4363 1220 4417; x_wconf 86' lang='lat' dir='ltr'><strong>illi</strong></span> <span class='ocrx_word' id='word_1_365' title='bbox 1249 4362 1396 4437; x_wconf 83' lang='lat' dir='ltr'><strong>(Act.</strong></span> <span class='ocrx_word' id='word_1_366' title='bbox 1429 4379 1504 4420; x_wconf 82' lang='lat' dir='ltr'><strong>xv</strong></span> <span class='ocrx_word' id='word_1_367' title='bbox 1527 4405 1542 4430; x_wconf 95' lang='lat'><strong>,</strong></span> <span class='ocrx_word' id='word_1_368' title='bbox 1583 4365 1650 4420; x_wconf 82' lang='grc'><strong>10</strong></span> <span class='ocrx_word' id='word_1_369' title='bbox 1669 4407 1682 4430; x_wconf 93' lang='grc'><em>,</em></span> <span class='ocrx_word' id='word_1_370' title='bbox 1707 4365 1766 4420; x_wconf 80' lang='grc' dir='ltr'>Η</span> <span class='ocrx_word' id='word_1_371' title='bbox 1792 4366 1836 4437; x_wconf 92' lang='grc'><strong>).</strong></span> <span class='ocrx_word' id='word_1_372' title='bbox 1882 4365 1996 4422; x_wconf 87' lang='lat' dir='ltr'><strong>lloc</strong></span> 
     </span>
    </p>
   </div>
   <div class='ocr_carea' id='block_1_45' title="bbox 415 4453 1997 4528">
    <p class='ocr_par' dir='ltr' id='par_1_45' title="bbox 415 4453 1997 4528">
     <span class='ocr_line' id='line_1_45' title="bbox 415 4453 1997 4528; baseline 0.003 -22"><span class='ocrx_word' id='word_1_373' title='bbox 415 4467 512 4507; x_wconf 77' lang='grc' dir='ltr'><strong>νυε</strong></span> <span class='ocrx_word' id='word_1_374' title='bbox 539 4469 644 4508; x_wconf 90' lang='lat' dir='ltr'><strong>non</strong></span> <span class='ocrx_word' id='word_1_375' title='bbox 680 4454 869 4522; x_wconf 79' lang='lat' dir='ltr'><strong>vultis,</strong></span> <span class='ocrx_word' id='word_1_376' title='bbox 900 4453 1098 4509; x_wconf 91' lang='lat' dir='ltr'><strong>inimici</strong></span> <span class='ocrx_word' id='word_1_377' title='bbox 1121 4454 1243 4509; x_wconf 91' lang='lat' dir='ltr'><strong>huic</strong></span> <span class='ocrx_word' id='word_1_378' title='bbox 1270 4455 1453 4526; x_wconf 73' lang='lat' dir='ltr'><strong>gratia:</strong></span> <span class='ocrx_word' id='word_1_379' title='bbox 1476 4455 1498 4488; x_wconf 83' lang='grc'><strong><em>⁵</em></strong></span> <span class='ocrx_word' id='word_1_380' title='bbox 1517 4497 1532 4521; x_wconf 90' lang='grc'><strong>,</strong></span> <span class='ocrx_word' id='word_1_381' title='bbox 1571 4465 1627 4510; x_wconf 83' lang='grc' dir='ltr'><strong>ιιι</strong></span> <span class='ocrx_word' id='word_1_382' title='bbox 1663 4455 1846 4511; x_wconf 89' lang='lat' dir='ltr'><strong>eadem</strong></span> <span class='ocrx_word' id='word_1_383' title='bbox 1876 4472 1997 4528; x_wconf 89' lang='lat' dir='ltr'><strong>gra-</strong></span> 
     </span>
    </p>
   </div>
   <div class='ocr_carea' id='block_1_46' title="bbox 417 4543 1994 4618">
    <p class='ocr_par' dir='ltr' id='par_1_46' title="bbox 417 4543 1994 4618">
     <span class='ocr_line' id='line_1_46' title="bbox 417 4543 1994 4618; baseline 0.003 -20"><span class='ocrx_word' id='word_1_384' title='bbox 417 4545 484 4598; x_wconf 89' lang='lat' dir='ltr'><strong>tia</strong></span> <span class='ocrx_word' id='word_1_385' title='bbox 512 4545 636 4599; x_wconf 83' lang='lat' dir='ltr'><strong>Jesu</strong></span> <span class='ocrx_word' id='word_1_386' title='bbox 661 4545 858 4600; x_wconf 85' lang='lat' dir='ltr'><strong>Christi</strong></span> <span class='ocrx_word' id='word_1_387' title='bbox 884 4545 1017 4601; x_wconf 89' lang='lat' dir='ltr'><strong>salvi</strong></span> <span class='ocrx_word' id='word_1_388' title='bbox 1039 4543 1160 4600; x_wconf 73' lang='lat' dir='ltr'><strong>facti</strong></span> <span class='ocrx_word' id='word_1_389' title='bbox 1191 4546 1474 4601; x_wconf 89' lang='lat' dir='ltr'><strong>credantur</strong></span> <span class='ocrx_word' id='word_1_390' title='bbox 1494 4547 1694 4618; x_wconf 89' lang='lat' dir='ltr'><strong>antiqui</strong></span> <span class='ocrx_word' id='word_1_391' title='bbox 1728 4567 1740 4600; x_wconf 90' lang='lat'><strong>:</strong></span> <span class='ocrx_word' id='word_1_392' title='bbox 1770 4549 1861 4602; x_wconf 90' lang='lat' dir='ltr'><strong>sed</strong></span> <span class='ocrx_word' id='word_1_393' title='bbox 1887 4550 1994 4602; x_wconf 83' lang='lat' dir='ltr'><strong>dis-</strong></span> 
     </span>
    </p>
   </div>
   <div class='ocr_carea' id='block_1_47' title="bbox 416 4633 1994 4707">
    <p class='ocr_par' dir='ltr' id='par_1_47' title="bbox 416 4633 1994 4707">
     <span class='ocr_line' id='line_1_47' title="bbox 416 4633 1994 4707; baseline 0.003 -19"><span class='ocrx_word' id='word_1_394' title='bbox 416 4633 646 4690; x_wconf 88' lang='lat' dir='ltr'><strong>tribuitis</strong></span> <span class='ocrx_word' id='word_1_395' title='bbox 670 4644 907 4706; x_wconf 87' lang='lat' dir='ltr'><strong>tempora</strong></span> <span class='ocrx_word' id='word_1_396' title='bbox 935 4636 1223 4690; x_wconf 88' lang='lat' dir='ltr'><strong>secundum</strong></span> <span class='ocrx_word' id='word_1_397' title='bbox 1253 4636 1520 4704; x_wconf 86' lang='lat' dir='ltr'><strong>Pelagium</strong></span> <span class='ocrx_word' id='word_1_398' title='bbox 1543 4675 1559 4701; x_wconf 92' lang='lat'><strong>,</strong></span> <span class='ocrx_word' id='word_1_399' title='bbox 1589 4636 1640 4690; x_wconf 90' lang='lat' dir='ltr'><strong>in</strong></span> <span class='ocrx_word' id='word_1_400' title='bbox 1665 4637 1816 4707; x_wconf 89' lang='lat' dir='ltr'><strong>cujus</strong></span> <span class='ocrx_word' id='word_1_401' title='bbox 1846 4638 1994 4692; x_wconf 86' lang='lat' dir='ltr'><strong>lihris</strong></span> 
     </span>
    </p>
   </div>
   <div class='ocr_carea' id='block_1_48' title="bbox 417 4724 1996 4798">
    <p class='ocr_par' dir='ltr' id='par_1_48' title="bbox 417 4724 1996 4798">
     <span class='ocr_line' id='line_1_48' title="bbox 417 4724 1996 4798; baseline 0.004 -19"><span class='ocrx_word' id='word_1_402' title='bbox 417 4724 516 4780; x_wconf 89' lang='lat' dir='ltr'><strong>hoc</strong></span> <span class='ocrx_word' id='word_1_403' title='bbox 545 4727 768 4797; x_wconf 84' lang='lat' dir='ltr'><strong>legitur;</strong></span> <span class='ocrx_word' id='word_1_404' title='bbox 797 4737 849 4781; x_wconf 93' lang='lat' dir='ltr'><strong>et</strong></span> <span class='ocrx_word' id='word_1_405' title='bbox 878 4735 1003 4782; x_wconf 90' lang='lat' dir='ltr'><strong>ante</strong></span> <span class='ocrx_word' id='word_1_406' title='bbox 1047 4727 1241 4798; x_wconf 83' lang='lat' dir='ltr'><strong>Legem</strong></span> <span class='ocrx_word' id='word_1_407' title='bbox 1267 4727 1441 4782; x_wconf 88' lang='lat' dir='ltr'><strong>dicitis</strong></span> <span class='ocrx_word' id='word_1_408' title='bbox 1466 4728 1642 4783; x_wconf 89' lang='lat' dir='ltr'><strong>salvos</strong></span> <span class='ocrx_word' id='word_1_409' title='bbox 1676 4728 1842 4784; x_wconf 89' lang='lat' dir='ltr'><strong>factos</strong></span> <span class='ocrx_word' id='word_1_410' title='bbox 1876 4745 1996 4786; x_wconf 90' lang='lat' dir='ltr'><strong>esse</strong></span> 
     </span>
    </p>
   </div>
   <div class='ocr_carea' id='block_1_49' title="bbox 414 4817 1990 4888">
    <p class='ocr_par' dir='ltr' id='par_1_49' title="bbox 414 4817 1990 4888">
     <span class='ocr_line' id='line_1_49' title="bbox 414 4817 1990 4888; baseline 0.001 -16"><span class='ocrx_word' id='word_1_411' title='bbox 414 4825 598 4872; x_wconf 86' lang='lat' dir='ltr'><strong>natura</strong></span> <span class='ocrx_word' id='word_1_412' title='bbox 620 4817 662 4884; x_wconf 84' lang='grc'><strong>⁸,</strong></span> <span class='ocrx_word' id='word_1_413' title='bbox 691 4817 882 4874; x_wconf 91' lang='lat' dir='ltr'><strong>deinde</strong></span> <span class='ocrx_word' id='word_1_414' title='bbox 914 4832 1006 4888; x_wconf 89' lang='lat' dir='ltr'><strong>per</strong></span> <span class='ocrx_word' id='word_1_415' title='bbox 1031 4817 1246 4888; x_wconf 85' lang='lat' dir='ltr'><strong>Legem,</strong></span> <span class='ocrx_word' id='word_1_416' title='bbox 1279 4826 1550 4886; x_wconf 88' lang='lat' dir='ltr'><strong>postremo</strong></span> <span class='ocrx_word' id='word_1_417' title='bbox 1579 4835 1673 4888; x_wconf 89' lang='lat' dir='ltr'><strong>per</strong></span> <span class='ocrx_word' id='word_1_418' title='bbox 1695 4818 1990 4888; x_wconf 79' lang='lat' dir='ltr'><strong>Christum,</strong></span> 
     </span>
    </p>
   </div>
   <div class='ocr_carea' id='block_1_50' title="bbox 415 4909 1996 4979">
    <p class='ocr_par' dir='ltr' id='par_1_50' title="bbox 415 4909 1996 4979">
     <span class='ocr_line' id='line_1_50' title="bbox 415 4909 1996 4979; baseline 0.004 -17"><span class='ocrx_word' id='word_1_419' title='bbox 415 4909 564 4978; x_wconf 90' lang='lat' dir='ltr'><strong>quasi</strong></span> <span class='ocrx_word' id='word_1_420' title='bbox 588 4909 894 4964; x_wconf 91' lang='lat' dir='ltr'><strong>hominibus</strong></span> <span class='ocrx_word' id='word_1_421' title='bbox 917 4909 1141 4964; x_wconf 90' lang='lat' dir='ltr'><strong>duorum</strong></span> <span class='ocrx_word' id='word_1_422' title='bbox 1169 4909 1502 4978; x_wconf 89' lang='lat' dir='ltr'><strong>superiorum</strong></span> <span class='ocrx_word' id='word_1_423' title='bbox 1532 4919 1849 4979; x_wconf 84' lang='lat' dir='ltr'><strong>temporum,</strong></span> <span class='ocrx_word' id='word_1_424' title='bbox 1873 4921 1996 4968; x_wconf 86' lang='lat' dir='ltr'><strong>ante</strong></span> 
     </span>
    </p>
   </div>
   <div class='ocr_carea' id='block_1_51' title="bbox 417 4999 1996 5072">
    <p class='ocr_par' dir='ltr' id='par_1_51' title="bbox 417 4999 1996 5072">
     <span class='ocr_line' id='line_1_51' title="bbox 417 4999 1996 5072; baseline 0.004 -18"><span class='ocrx_word' id='word_1_425' title='bbox 417 4999 606 5070; x_wconf 84' lang='lat' dir='ltr'><strong>Legem</strong></span> <span class='ocrx_word' id='word_1_426' title='bbox 635 5002 838 5057; x_wconf 85' lang='lat' dir='ltr'><strong>scilicet</strong></span> <span class='ocrx_word' id='word_1_427' title='bbox 865 5011 918 5057; x_wconf 91' lang='lat' dir='ltr'><strong>et</strong></span> <span class='ocrx_word' id='word_1_428' title='bbox 946 5002 998 5056; x_wconf 91' lang='lat' dir='ltr'><strong>in</strong></span> <span class='ocrx_word' id='word_1_429' title='bbox 1024 5000 1165 5072; x_wconf 88' lang='lat' dir='ltr'><strong>Lege</strong></span> <span class='ocrx_word' id='word_1_430' title='bbox 1185 5045 1200 5068; x_wconf 92' lang='lat'><strong>,</strong></span> <span class='ocrx_word' id='word_1_431' title='bbox 1232 5001 1448 5072; x_wconf 86' lang='lat' dir='ltr'><strong>sanguis</strong></span> <span class='ocrx_word' id='word_1_432' title='bbox 1473 5000 1672 5058; x_wconf 88' lang='lat' dir='ltr'><strong>Christi</strong></span> <span class='ocrx_word' id='word_1_433' title='bbox 1701 5019 1806 5058; x_wconf 91' lang='lat' dir='ltr'><strong>non</strong></span> <span class='ocrx_word' id='word_1_434' title='bbox 1839 5005 1996 5061; x_wconf 90' lang='lat' dir='ltr'><strong>fuerit</strong></span> 
     </span>
    </p>
   </div>
   <div class='ocr_carea' id='block_1_52' title="bbox 417 5093 1996 5166">
    <p class='ocr_par' dir='ltr' id='par_1_52' title="bbox 417 5093 1996 5166">
     <span class='ocr_line' id='line_1_52' title="bbox 417 5093 1996 5166; baseline 0.004 -20"><span class='ocrx_word' id='word_1_435' title='bbox 417 5096 744 5150; x_wconf 87' lang='lat' dir='ltr'><strong>necessarius</strong></span> <span class='ocrx_word' id='word_1_436' title='bbox 777 5113 790 5149; x_wconf 91' lang='lat'>:</span> <span class='ocrx_word' id='word_1_437' title='bbox 821 5107 1137 5152; x_wconf 88' lang='lat' dir='ltr'><strong>evacuantes</strong></span> <span class='ocrx_word' id='word_1_438' title='bbox 1161 5094 1300 5166; x_wconf 91' lang='lat' dir='ltr'><strong>quod</strong></span> <span class='ocrx_word' id='word_1_439' title='bbox 1329 5095 1528 5150; x_wconf 88' lang='lat' dir='ltr'><strong>dictum</strong></span> <span class='ocrx_word' id='word_1_440' title='bbox 1549 5101 1664 5164; x_wconf 90' lang='lat' dir='ltr'><strong>est,</strong></span> <span class='ocrx_word' id='word_1_441' title='bbox 1696 5093 1840 5152; x_wconf 78' lang='lat' dir='ltr'><strong>Unus</strong></span> <span class='ocrx_word' id='word_1_442' title='bbox 1863 5097 1996 5152; x_wconf 88' lang='lat' dir='ltr'><strong>enim</strong></span> 
     </span>
    </p>
   </div>
   <div class='ocr_carea' id='block_1_53' title="bbox 479 5251 1996 5325">
    <p class='ocr_par' dir='ltr' id='par_1_53' title="bbox 479 5251 1996 5325">
     <span class='ocr_line' id='line_1_53' title="bbox 479 5251 1996 5325; baseline 0.005 -25"><span class='ocrx_word' id='word_1_443' title='bbox 479 5252 496 5284; x_wconf 77' lang='grc' dir='ltr'>ι</span> <span class='ocrx_word' id='word_1_444' title='bbox 529 5252 667 5325; x_wconf 65' lang='lat' dir='ltr'><strong>sunt,</strong></span> <span class='ocrx_word' id='word_1_445' title='bbox 700 5251 966 5305; x_wconf 85' lang='lat' dir='ltr'><strong>Deusenim</strong></span> <span class='ocrx_word' id='word_1_446' title='bbox 995 5252 1526 5318; x_wconf 67' lang='lat' dir='ltr'><strong>quioperatunsbest,</strong></span> <span class='ocrx_word' id='word_1_447' title='bbox 1547 5251 1678 5306; x_wconf 87' lang='lat' dir='ltr'><strong>enim</strong></span> <span class='ocrx_word' id='word_1_448' title='bbox 1710 5266 1810 5319; x_wconf 72' lang='lat' dir='ltr'><strong>qus,</strong></span> <span class='ocrx_word' id='word_1_449' title='bbox 1840 5268 1870 5306; x_wconf 84' lang='lat' dir='ltr'><strong>a</strong></span> <span class='ocrx_word' id='word_1_450' title='bbox 1892 5270 1996 5306; x_wconf 86' lang='lat' dir='ltr'><strong>ma-</strong></span> 
     </span>
    </p>
   </div>
   <div class='ocr_carea' id='block_1_54' title="bbox 415 5325 1997 5442">
    <p class='ocr_par' dir='ltr' id='par_1_54' title="bbox 415 5325 1997 5442">
     <span class='ocr_line' id='line_1_54' title="bbox 415 5325 1997 5442; baseline 0.005 -20"><span class='ocrx_word' id='word_1_451' title='bbox 415 5325 872 5442; x_wconf 25' lang='lat' dir='ltr'><strong>‘Amﬁigfsvatimui</strong></span> <span class='ocrx_word' id='word_1_452' title='bbox 894 5381 946 5426; x_wconf 91' lang='lat' dir='ltr'><strong>et</strong></span> <span class='ocrx_word' id='word_1_453' title='bbox 964 5375 1203 5439; x_wconf 83' lang='lat' dir='ltr'><strong>Gallicani,</strong></span> <span class='ocrx_word' id='word_1_454' title='bbox 1242 5375 1425 5442; x_wconf 82' lang='lat' dir='ltr'><strong>faciens</strong></span> <span class='ocrx_word' id='word_1_455' title='bbox 1444 5375 1544 5428; x_wconf 84' lang='lat' dir='ltr'><strong>alia</strong></span> <span class='ocrx_word' id='word_1_456' title='bbox 1561 5376 1826 5428; x_wconf 76' lang='lat' dir='ltr'><strong>sectatdum</strong></span> <span class='ocrx_word' id='word_1_457' title='bbox 1846 5379 1997 5430; x_wconf 77' lang='lat' dir='ltr'><strong>meri—</strong></span> 
     </span>
    </p>
   </div>
   <div class='ocr_carea' id='block_1_55' title="bbox 415 5435 1042 5496">
    <p class='ocr_par' dir='ltr' id='par_1_55' title="bbox 415 5435 1042 5496">
     <span class='ocr_line' id='line_1_55' title="bbox 415 5435 1042 5496; baseline 0.008 -12"><span class='ocrx_word' id='word_1_458' title='bbox 415 5439 516 5484; x_wconf 82' lang='lat' dir='ltr'><strong>tum</strong></span> <span class='ocrx_word' id='word_1_459' title='bbox 535 5447 650 5485; x_wconf 79' lang='lat' dir='ltr'><strong>vasa</strong></span> <span class='ocrx_word' id='word_1_460' title='bbox 670 5435 779 5496; x_wconf 71' lang='lat' dir='ltr'><strong>irae,</strong></span> <span class='ocrx_word' id='word_1_461' title='bbox 805 5435 922 5496; x_wconf 80' lang='lat' dir='ltr'><strong>alia,</strong></span> <span class='ocrx_word' id='word_1_462' title='bbox 945 5446 1042 5488; x_wconf 89' lang='lat' dir='ltr'><strong>etc.</strong></span> 
     </span>
    </p>
   </div>
   <div class='ocr_carea' id='block_1_56' title="bbox 480 5497 2010 5572">
    <p class='ocr_par' dir='ltr' id='par_1_56' title="bbox 480 5497 2010 5572">
     <span class='ocr_line' id='line_1_56' title="bbox 480 5497 2010 5572; baseline 0.003 -27"><span class='ocrx_word' id='word_1_463' title='bbox 480 5497 828 5572; x_wconf 39' lang='grc' dir='ltr'><strong>ξχςηὶοκχίβεη,</strong></span> <span class='ocrx_word' id='word_1_464' title='bbox 849 5497 1510 5572; x_wconf 68' lang='lat' dir='ltr'><strong>quamalibetﬁtissecirtute.</strong></span> <span class='ocrx_word' id='word_1_465' title='bbox 1570 5560 1582 5572; x_wconf 80' lang='lat'><em>_</em></span> <span class='ocrx_word' id='word_1_466' title='bbox 1810 5562 1824 5572; x_wconf 85' lang='lat'>_</span> <span class='ocrx_word' id='word_1_467' title='bbox 1882 5569 1906 5572; x_wconf 80' lang='lat'><strong><em>_</em></strong></span> <span class='ocrx_word' id='word_1_468' title='bbox 1995 5543 2010 5572; x_wconf 42' lang='grc' dir='ltr'>χ</span> 
     </span>
    </p>
   </div>
   <div class='ocr_carea' id='block_1_57' title="bbox 479 5556 1996 5624">
    <p class='ocr_par' dir='ltr' id='par_1_57' title="bbox 479 5556 1996 5624">
     <span class='ocr_line' id='line_1_57' title="bbox 479 5556 1996 5624; baseline 0.005 -18"><span class='ocrx_word' id='word_1_469' title='bbox 479 5556 501 5589; x_wconf 72' lang='grc'><strong>⁸</strong></span> <span class='ocrx_word' id='word_1_470' title='bbox 533 5561 615 5624; x_wconf 82' lang='lat' dir='ltr'><strong>Hie</strong></span> <span class='ocrx_word' id='word_1_471' title='bbox 632 5560 782 5624; x_wconf 78' lang='lat' dir='ltr'><strong>editio</strong></span> <span class='ocrx_word' id='word_1_472' title='bbox 804 5556 932 5624; x_wconf 42' lang='lat' dir='ltr'><strong>toi-1,</strong></span> <span class='ocrx_word' id='word_1_473' title='bbox 956 5560 1108 5612; x_wconf 84' lang='lat' dir='ltr'><strong>salvos</strong></span> <span class='ocrx_word' id='word_1_474' title='bbox 1133 5556 1258 5624; x_wconf 82' lang='lat' dir='ltr'><strong>ﬁeri.</strong></span> <span class='ocrx_word' id='word_1_475' title='bbox 1288 5568 1340 5610; x_wconf 73' lang='lat' dir='ltr'><strong>At</strong></span> <span class='ocrx_word' id='word_1_476' title='bbox 1366 5573 1529 5624; x_wconf 81' lang='lat' dir='ltr'><strong>supra,</strong></span> <span class='ocrx_word' id='word_1_477' title='bbox 1567 5560 1616 5611; x_wconf 88' lang='lat' dir='ltr'><strong>iu</strong></span> <span class='ocrx_word' id='word_1_478' title='bbox 1641 5561 1762 5624; x_wconf 83' lang='lat' dir='ltr'><strong>libro</strong></span> <span class='ocrx_word' id='word_1_479' title='bbox 1794 5562 1858 5612; x_wconf 91' lang='lat' dir='ltr'><strong>de</strong></span> <span class='ocrx_word' id='word_1_480' title='bbox 1880 5569 1996 5613; x_wconf 82' lang='lat' dir='ltr'><strong>Pec-</strong></span> 
     </span>
    </p>
   </div>
   <div class='ocr_carea' id='block_1_58' title="bbox 416 5621 1997 5692">
    <p class='ocr_par' dir='ltr' id='par_1_58' title="bbox 416 5621 1997 5692">
     <span class='ocr_line' id='line_1_58' title="bbox 416 5621 1997 5692; baseline 0.003 -22"><span class='ocrx_word' id='word_1_481' title='bbox 416 5623 526 5670; x_wconf 83' lang='lat' dir='ltr'><strong>cato</strong></span> <span class='ocrx_word' id='word_1_482' title='bbox 547 5621 788 5692; x_wconf 73' lang='lat' dir='ltr'><strong>originali,</strong></span> <span class='ocrx_word' id='word_1_483' title='bbox 810 5635 862 5670; x_wconf 90' lang='lat' dir='ltr'><strong>n.</strong></span> <span class='ocrx_word' id='word_1_484' title='bbox 887 5621 964 5681; x_wconf 76' lang='lat'><strong>29,</strong></span> <span class='ocrx_word' id='word_1_485' title='bbox 991 5621 1214 5674; x_wconf 82' lang='lat' dir='ltr'><strong>convenit</strong></span> <span class='ocrx_word' id='word_1_486' title='bbox 1235 5636 1347 5673; x_wconf 86' lang='lat' dir='ltr'><strong>cum</strong></span> <span class='ocrx_word' id='word_1_487' title='bbox 1371 5621 1663 5674; x_wconf 87' lang='lat' dir='ltr'><strong>editiouibus</strong></span> <span class='ocrx_word' id='word_1_488' title='bbox 1683 5622 1791 5674; x_wconf 89' lang='lat' dir='ltr'><strong>aliis</strong></span> <span class='ocrx_word' id='word_1_489' title='bbox 1815 5632 1997 5675; x_wconf 87' lang='lat' dir='ltr'><strong>etcum</strong></span> 
     </span>
    </p>
   </div>
   <div class='ocr_carea' id='block_1_59' title="bbox 419 5689 1994 5808">
    <p class='ocr_par' dir='ltr' id='par_1_59' title="bbox 419 5689 1994 5808">
     <span class='ocr_line' id='line_1_59' title="bbox 419 5689 770 5744; baseline -0.009 -14"><span class='ocrx_word' id='word_1_490' title='bbox 419 5689 770 5744; x_wconf 79' lang='lat' dir='ltr'><strong>manuscriptis.</strong></span> 
     </span>
     <span class='ocr_line' id='line_1_60' title="bbox 480 5741 1994 5808; baseline 0.004 -17"><span class='ocrx_word' id='word_1_491' title='bbox 480 5741 504 5808; x_wconf 68' lang='grc' dir='ltr'><strong>ξ</strong></span> <span class='ocrx_word' id='word_1_492' title='bbox 533 5743 607 5808; x_wconf 64' lang='lat' dir='ltr'><strong>Sic</strong></span> <span class='ocrx_word' id='word_1_493' title='bbox 631 5751 735 5808; x_wconf 65' lang='lat' dir='ltr'><strong>Mss.</strong></span> <span class='ocrx_word' id='word_1_494' title='bbox 761 5749 814 5793; x_wconf 80' lang='lat' dir='ltr'><strong>At</strong></span> <span class='ocrx_word' id='word_1_495' title='bbox 833 5743 972 5808; x_wconf 81' lang='lat' dir='ltr'><strong>editi,</strong></span> <span class='ocrx_word' id='word_1_496' title='bbox 994 5742 1178 5794; x_wconf 69' lang='lat' dir='ltr'><strong>inimici</strong></span> <span class='ocrx_word' id='word_1_497' title='bbox 1210 5744 1384 5808; x_wconf 74' lang='lat' dir='ltr'><strong>gratia:</strong></span> <span class='ocrx_word' id='word_1_498' title='bbox 1417 5743 1622 5806; x_wconf 61' lang='lat' dir='ltr'><strong>t‘hrivti;</strong></span> <span class='ocrx_word' id='word_1_499' title='bbox 1644 5747 1836 5800; x_wconf 77' lang='lat' dir='ltr'><strong>omisso.</strong></span> <span class='ocrx_word' id='word_1_500' title='bbox 1865 5746 1994 5797; x_wconf 74' lang='lat' dir='ltr'><strong>huic.</strong></span> 
     </span>
    </p>
   </div>
   <div class='ocr_carea' id='block_1_60' title="bbox 483 5801 1994 5871">
    <p class='ocr_par' dir='ltr' id='par_1_60' title="bbox 483 5801 1994 5871">
     <span class='ocr_line' id='line_1_61' title="bbox 483 5801 1994 5871; baseline 0.005 -21"><span class='ocrx_word' id='word_1_501' title='bbox 483 5801 843 5871; x_wconf 55' lang='lat' dir='ltr'><strong>&quot;Itagallicaui</strong></span> <span class='ocrx_word' id='word_1_502' title='bbox 892 5813 942 5854; x_wconf 92' lang='lat' dir='ltr'><strong>et</strong></span> <span class='ocrx_word' id='word_1_503' title='bbox 970 5809 1168 5853; x_wconf 67' lang='lat' dir='ltr'><strong>Vaticani</strong></span> <span class='ocrx_word' id='word_1_504' title='bbox 1209 5801 1312 5871; x_wconf 44' lang='grc' dir='ltr'><strong>ἤιδεις</strong></span> <span class='ocrx_word' id='word_1_505' title='bbox 1361 5815 1416 5854; x_wconf 76' lang='lat' dir='ltr'><strong>At</strong></span> <span class='ocrx_word' id='word_1_506' title='bbox 1461 5801 1711 5871; x_wconf 58' lang='lat' dir='ltr'><strong>edit.,&#39;pcr</strong></span> <span class='ocrx_word' id='word_1_507' title='bbox 1755 5818 1994 5858; x_wconf 81' lang='lat' dir='ltr'><strong>naturam.</strong></span> 
     </span>
    </p>
   </div>
   <div class='ocr_carea' id='block_1_61' title="bbox 417 5861 1543 5930">
    <p class='ocr_par' dir='ltr' id='par_1_61' title="bbox 417 5861 1543 5930">
     <span class='ocr_line' id='line_1_62' title="bbox 417 5861 1543 5930; baseline 0.003 -16"><span class='ocrx_word' id='word_1_508' title='bbox 417 5861 587 5916; x_wconf 79' lang='lat' dir='ltr'><strong>Confer</strong></span> <span class='ocrx_word' id='word_1_509' title='bbox 607 5864 784 5914; x_wconf 79' lang='lat' dir='ltr'><strong>librum</strong></span> <span class='ocrx_word' id='word_1_510' title='bbox 805 5867 868 5916; x_wconf 88' lang='lat' dir='ltr'><strong>de</strong></span> <span class='ocrx_word' id='word_1_511' title='bbox 893 5874 1089 5917; x_wconf 68' lang='lat' dir='ltr'><strong>Peccato</strong></span> <span class='ocrx_word' id='word_1_512' title='bbox 1111 5867 1349 5930; x_wconf 82' lang='lat' dir='ltr'><strong>originali,</strong></span> <span class='ocrx_word' id='word_1_513' title='bbox 1384 5883 1431 5915; x_wconf 75' lang='grc' dir='ltr'><strong>ιι.</strong></span> <span class='ocrx_word' id='word_1_514' title='bbox 1457 5869 1543 5917; x_wconf 68' lang='grc'><strong>50.</strong></span> 
     </span>
    </p>
   </div>
   <div class='ocr_carea' id='block_1_62' title="bbox 1771 411 2284 466">
    <p class='ocr_par' dir='ltr' id='par_1_62' title="bbox 1771 411 2284 466">
     <span class='ocr_line' id='line_1_63' title="bbox 1771 411 2284 466; baseline -0.006 0"><span class='ocrx_word' id='word_1_515' title='bbox 1771 412 1970 466; x_wconf 64' lang='lat' dir='ltr'><strong>LIBER</strong></span> <span class='ocrx_word' id='word_1_516' title='bbox 2011 411 2284 465; x_wconf 61' lang='lat' dir='ltr'><strong>PliiilL‘S.</strong></span> 
     </span>
    </p>
   </div>
   <div class='ocr_carea' id='block_1_63' title="bbox 3561 419 3666 475">
    <p class='ocr_par' dir='ltr' id='par_1_63' title="bbox 3561 419 3666 475">
     <span class='ocr_line' id='line_1_64' title="bbox 3561 419 3666 475; baseline 0.01 -2"><span class='ocrx_word' id='word_1_517' title='bbox 3561 419 3666 475; x_wconf 81' lang='lat'><strong>570</strong></span> 
     </span>
    </p>
   </div>
   <div class='ocr_carea' id='block_1_64' title="bbox 2089 524 3664 589">
    <p class='ocr_par' dir='ltr' id='par_1_64' title="bbox 2089 524 3664 589">
     <span class='ocr_line' id='line_1_65' title="bbox 2089 524 3664 589; baseline 0.007 -13"><span class='ocrx_word' id='word_1_518' title='bbox 2089 524 2246 589; x_wconf 81' lang='lat' dir='ltr'><strong>Deus,</strong></span> <span class='ocrx_word' id='word_1_519' title='bbox 2280 541 2408 580; x_wconf 79' lang='lat' dir='ltr'><strong>unus</strong></span> <span class='ocrx_word' id='word_1_520' title='bbox 2437 536 2479 577; x_wconf 78' lang='lat' dir='ltr'><strong>rt</strong></span> <span class='ocrx_word' id='word_1_521' title='bbox 2506 527 2748 580; x_wconf 76' lang='lat' dir='ltr'><strong>mediator</strong></span> <span class='ocrx_word' id='word_1_522' title='bbox 2786 527 2876 580; x_wconf 73' lang='lat' dir='ltr'><strong>Dei</strong></span> <span class='ocrx_word' id='word_1_523' title='bbox 2905 537 2950 580; x_wconf 91' lang='lat' dir='ltr'><strong>et</strong></span> <span class='ocrx_word' id='word_1_524' title='bbox 2975 528 3232 584; x_wconf 84' lang='lat' dir='ltr'><strong>hominum</strong></span> <span class='ocrx_word' id='word_1_525' title='bbox 3258 529 3406 584; x_wconf 86' lang='lat' dir='ltr'><strong>homo</strong></span> <span class='ocrx_word' id='word_1_526' title='bbox 3435 530 3664 587; x_wconf 80' lang='lat' dir='ltr'><strong>Christus</strong></span> 
     </span>
    </p>
   </div>
   <div class='ocr_carea' id='block_1_65' title="bbox 2085 613 2683 688">
    <p class='ocr_par' dir='ltr' id='par_1_65' title="bbox 2085 613 2683 688">
     <span class='ocr_line' id='line_1_66' title="bbox 2085 613 2683 688; baseline 0 -20"><span class='ocrx_word' id='word_1_527' title='bbox 2085 613 2238 668; x_wconf 79' lang='lat' dir='ltr'><strong>Jesas</strong></span> <span class='ocrx_word' id='word_1_528' title='bbox 2266 614 2314 684; x_wconf 91' lang='lat' dir='ltr'><strong>(l</strong></span> <span class='ocrx_word' id='word_1_529' title='bbox 2341 613 2470 668; x_wconf 84' lang='lat' dir='ltr'><strong>Tim.</strong></span> <span class='ocrx_word' id='word_1_530' title='bbox 2502 632 2558 677; x_wconf 86' lang='grc' dir='ltr'><strong>ιι,</strong></span> <span class='ocrx_word' id='word_1_531' title='bbox 2590 617 2683 688; x_wconf 84' lang='lat'><strong>5).</strong></span> 
     </span>
    </p>
   </div>
   <div class='ocr_carea' id='block_1_66' title="bbox 2159 710 3667 787">
    <p class='ocr_par' dir='ltr' id='par_1_66' title="bbox 2159 710 3667 787">
     <span class='ocr_line' id='line_1_67' title="bbox 2159 710 3667 787; baseline 0.003 -21"><span class='ocrx_word' id='word_1_532' title='bbox 2159 710 2384 769; x_wconf 75' lang='lat' dir='ltr'><strong>CAPUT</strong></span> <span class='ocrx_word' id='word_1_533' title='bbox 2424 711 2590 769; x_wconf 79' lang='grc' dir='ltr'><strong>ΧΧΙΙ.</strong></span> <span class='ocrx_word' id='word_1_534' title='bbox 2629 741 2700 752; x_wconf 90' lang='grc'><strong>-</strong></span> <span class='ocrx_word' id='word_1_535' title='bbox 2736 712 2824 768; x_wconf 66' lang='grc'><strong>40.</strong></span> <span class='ocrx_word' id='word_1_536' title='bbox 2867 711 3025 767; x_wconf 73' lang='lat' dir='ltr'><strong>Sexta</strong></span> <span class='ocrx_word' id='word_1_537' title='bbox 3055 715 3352 780; x_wconf 74' lang='lat' dir='ltr'><strong>antithesis,</strong></span> <span class='ocrx_word' id='word_1_538' title='bbox 3397 717 3459 770; x_wconf 88' lang='lat' dir='ltr'><strong>de</strong></span> <span class='ocrx_word' id='word_1_539' title='bbox 3501 721 3667 787; x_wconf 85' lang='lat' dir='ltr'><strong>gratia</strong></span> 
     </span>
    </p>
   </div>
   <div class='ocr_carea' id='block_1_67' title="bbox 2088 802 3664 876">
    <p class='ocr_par' dir='ltr' id='par_1_67' title="bbox 2088 802 3664 876">
     <span class='ocr_line' id='line_1_68' title="bbox 2088 802 3664 876; baseline 0.001 -20"><span class='ocrx_word' id='word_1_540' title='bbox 2088 805 2315 857; x_wconf 87' lang='lat' dir='ltr'><strong>omnibus</strong></span> <span class='ocrx_word' id='word_1_541' title='bbox 2341 804 2619 858; x_wconf 83' lang='lat' dir='ltr'><strong>necessaria</strong></span> <span class='ocrx_word' id='word_1_542' title='bbox 2647 814 2693 858; x_wconf 88' lang='lat' dir='ltr'><strong>et</strong></span> <span class='ocrx_word' id='word_1_543' title='bbox 2727 805 2788 858; x_wconf 91' lang='lat' dir='ltr'><strong>de</strong></span> <span class='ocrx_word' id='word_1_544' title='bbox 2815 802 3077 875; x_wconf 86' lang='lat' dir='ltr'><strong>Baptismo</strong></span> <span class='ocrx_word' id='word_1_545' title='bbox 3107 807 3452 876; x_wconf 70' lang='lat' dir='ltr'><strong>paruulorum.</strong></span> <span class='ocrx_word' id='word_1_546' title='bbox 3488 827 3507 860; x_wconf 77' lang='grc' dir='ltr'>ι</span> <span class='ocrx_word' id='word_1_547' title='bbox 3535 809 3664 864; x_wconf 84' lang='lat' dir='ltr'><strong>Gra-</strong></span> 
     </span>
    </p>
   </div>
   <div class='ocr_carea' id='block_1_68' title="bbox 2091 895 3666 966">
    <p class='ocr_par' dir='ltr' id='par_1_68' title="bbox 2091 895 3666 966">
     <span class='ocr_line' id='line_1_69' title="bbox 2091 895 3666 966; baseline 0.003 -18"><span class='ocrx_word' id='word_1_548' title='bbox 2091 895 2215 948; x_wconf 90' lang='lat' dir='ltr'><strong>tiam</strong></span> <span class='ocrx_word' id='word_1_549' title='bbox 2245 895 2478 962; x_wconf 91' lang='lat' dir='ltr'><strong>Christi,</strong></span> <span class='ocrx_word' id='word_1_550' title='bbox 2515 915 2535 947; x_wconf 72' lang='lat' dir='ltr'><strong>r</strong></span> <span class='ocrx_word' id='word_1_551' title='bbox 2581 896 2858 966; x_wconf 89' lang='lat' dir='ltr'><strong>inquiunt,</strong></span> <span class='ocrx_word' id='word_1_552' title='bbox 2895 913 2914 948; x_wconf 72' lang='grc' dir='ltr'>ι</span> <span class='ocrx_word' id='word_1_553' title='bbox 2952 898 3197 953; x_wconf 91' lang='lat' dir='ltr'><strong>omnibus</strong></span> <span class='ocrx_word' id='word_1_554' title='bbox 3235 899 3588 954; x_wconf 77' lang='lat' dir='ltr'><strong>necessariam</strong></span> <span class='ocrx_word' id='word_1_555' title='bbox 3611 910 3666 952; x_wconf 92' lang='lat' dir='ltr'><strong>et</strong></span> 
     </span>
    </p>
   </div>
   <div class='ocr_carea' id='block_1_69' title="bbox 2090 987 3664 1062">
    <p class='ocr_par' dir='ltr' id='par_1_69' title="bbox 2090 987 3664 1062">
     <span class='ocr_line' id='line_1_70' title="bbox 2090 987 3664 1062; baseline 0.004 -23"><span class='ocrx_word' id='word_1_556' title='bbox 2090 987 2380 1056; x_wconf 84' lang='lat' dir='ltr'><strong>majoribus</strong></span> <span class='ocrx_word' id='word_1_557' title='bbox 2403 997 2454 1042; x_wconf 88' lang='lat' dir='ltr'><strong>et</strong></span> <span class='ocrx_word' id='word_1_558' title='bbox 2500 988 2730 1057; x_wconf 84' lang='lat' dir='ltr'><strong>parvulis</strong></span> <span class='ocrx_word' id='word_1_559' title='bbox 2755 989 3112 1056; x_wconf 86' lang='lat' dir='ltr'><strong>confitemur;</strong></span> <span class='ocrx_word' id='word_1_560' title='bbox 3147 999 3202 1046; x_wconf 88' lang='lat' dir='ltr'><strong>et</strong></span> <span class='ocrx_word' id='word_1_561' title='bbox 3228 1005 3322 1046; x_wconf 78' lang='lat' dir='ltr'><strong>eos</strong></span> <span class='ocrx_word' id='word_1_562' title='bbox 3355 992 3444 1062; x_wconf 89' lang='lat' dir='ltr'><strong>qui</strong></span> <span class='ocrx_word' id='word_1_563' title='bbox 3483 992 3664 1046; x_wconf 90' lang='lat' dir='ltr'><strong>dicunt</strong></span> 
     </span>
    </p>
   </div>
   <div class='ocr_carea' id='block_1_70' title="bbox 2089 1076 3665 1151">
    <p class='ocr_par' dir='ltr' id='par_1_70' title="bbox 2089 1076 3665 1151">
     <span class='ocr_line' id='line_1_71' title="bbox 2089 1076 3665 1151; baseline 0.002 -20"><span class='ocrx_word' id='word_1_564' title='bbox 2089 1076 2156 1132; x_wconf 90' lang='lat' dir='ltr'><strong>de</strong></span> <span class='ocrx_word' id='word_1_565' title='bbox 2199 1076 2408 1132; x_wconf 87' lang='lat' dir='ltr'><strong>duobus</strong></span> <span class='ocrx_word' id='word_1_566' title='bbox 2451 1077 2727 1148; x_wconf 83' lang='lat' dir='ltr'><strong>baptizatis</strong></span> <span class='ocrx_word' id='word_1_567' title='bbox 2771 1089 2950 1134; x_wconf 91' lang='lat' dir='ltr'><strong>uatum</strong></span> <span class='ocrx_word' id='word_1_568' title='bbox 2994 1095 3098 1134; x_wconf 89' lang='lat' dir='ltr'><strong>non</strong></span> <span class='ocrx_word' id='word_1_569' title='bbox 3137 1079 3334 1135; x_wconf 88' lang='lat' dir='ltr'><strong>debere</strong></span> <span class='ocrx_word' id='word_1_570' title='bbox 3374 1081 3665 1151; x_wconf 84' lang='lat' dir='ltr'><strong>baptizari,</strong></span> 
     </span>
    </p>
   </div>
   <div class='ocr_carea' id='block_1_71' title="bbox 2090 1167 3664 1240">
    <p class='ocr_par' dir='ltr' id='par_1_71' title="bbox 2090 1167 3664 1240">
     <span class='ocr_line' id='line_1_72' title="bbox 2090 1167 3664 1240; baseline 0.003 -19"><span class='ocrx_word' id='word_1_571' title='bbox 2090 1167 2618 1226; x_wconf 83' lang='lat' dir='ltr'><strong>anathematizamus.</strong></span> <span class='ocrx_word' id='word_1_572' title='bbox 2651 1188 2669 1220; x_wconf 81' lang='grc' dir='ltr'><strong><em>ι</em></strong></span> <span class='ocrx_word' id='word_1_573' title='bbox 2694 1167 2948 1225; x_wconf 84' lang='lat' dir='ltr'><strong>Novintus</strong></span> <span class='ocrx_word' id='word_1_574' title='bbox 2966 1171 3231 1240; x_wconf 92' lang='lat' dir='ltr'><strong>quomodo</strong></span> <span class='ocrx_word' id='word_1_575' title='bbox 3253 1188 3355 1227; x_wconf 92' lang='lat' dir='ltr'><strong>non</strong></span> <span class='ocrx_word' id='word_1_576' title='bbox 3373 1173 3664 1228; x_wconf 90' lang='lat' dir='ltr'><strong>secundum</strong></span> 
     </span>
    </p>
   </div>
   <div class='ocr_carea' id='block_1_72' title="bbox 2089 1257 3668 1334">
    <p class='ocr_par' dir='ltr' id='par_1_72' title="bbox 2089 1257 3668 1334">
     <span class='ocr_line' id='line_1_73' title="bbox 2089 1257 3668 1334; baseline 0.003 -21"><span class='ocrx_word' id='word_1_577' title='bbox 2089 1257 2310 1313; x_wconf 88' lang='lat' dir='ltr'><strong>Paulum</strong></span> <span class='ocrx_word' id='word_1_578' title='bbox 2339 1260 2636 1328; x_wconf 89' lang='lat' dir='ltr'><strong>apostolum</strong></span> <span class='ocrx_word' id='word_1_579' title='bbox 2661 1301 2678 1327; x_wconf 94' lang='lat'><strong>,</strong></span> <span class='ocrx_word' id='word_1_580' title='bbox 2705 1261 2797 1316; x_wconf 89' lang='lat' dir='ltr'><strong>sed</strong></span> <span class='ocrx_word' id='word_1_581' title='bbox 2825 1261 3113 1316; x_wconf 87' lang='lat' dir='ltr'><strong>secundum</strong></span> <span class='ocrx_word' id='word_1_582' title='bbox 3158 1262 3422 1334; x_wconf 86' lang='lat' dir='ltr'><strong>Pelagium</strong></span> <span class='ocrx_word' id='word_1_583' title='bbox 3454 1263 3668 1318; x_wconf 73' lang='lat' dir='ltr'><strong>lucreti-</strong></span> 
     </span>
    </p>
   </div>
   <div class='ocr_carea' id='block_1_73' title="bbox 2090 1349 3667 1422">
    <p class='ocr_par' dir='ltr' id='par_1_73' title="bbox 2090 1349 3667 1422">
     <span class='ocr_line' id='line_1_74' title="bbox 2090 1349 3667 1422; baseline 0.003 -20"><span class='ocrx_word' id='word_1_584' title='bbox 2090 1363 2210 1403; x_wconf 91' lang='lat' dir='ltr'><strong>cum</strong></span> <span class='ocrx_word' id='word_1_585' title='bbox 2241 1349 2338 1404; x_wconf 88' lang='lat' dir='ltr'><strong>ista</strong></span> <span class='ocrx_word' id='word_1_586' title='bbox 2359 1349 2546 1404; x_wconf 87' lang='lat' dir='ltr'><strong>dicatis</strong></span> <span class='ocrx_word' id='word_1_587' title='bbox 2574 1367 2588 1404; x_wconf 90' lang='lat'><strong>:</strong></span> <span class='ocrx_word' id='word_1_588' title='bbox 2611 1351 2844 1422; x_wconf 84' lang='lat' dir='ltr'><strong>parvulis</strong></span> <span class='ocrx_word' id='word_1_589' title='bbox 2870 1349 3113 1407; x_wconf 81' lang='lat' dir='ltr'><strong>videlicet</strong></span> <span class='ocrx_word' id='word_1_590' title='bbox 3141 1352 3465 1422; x_wconf 86' lang='lat' dir='ltr'><strong>Baptismum</strong></span> <span class='ocrx_word' id='word_1_591' title='bbox 3487 1367 3667 1407; x_wconf 84' lang='lat' dir='ltr'><strong>neces-</strong></span> 
     </span>
    </p>
   </div>
   <div class='ocr_carea' id='block_1_74' title="bbox 2089 1441 3666 1512">
    <p class='ocr_par' dir='ltr' id='par_1_74' title="bbox 2089 1441 3666 1512">
     <span class='ocr_line' id='line_1_75' title="bbox 2089 1441 3666 1512; baseline 0.003 -20"><span class='ocrx_word' id='word_1_592' title='bbox 2089 1441 2308 1503; x_wconf 88' lang='lat' dir='ltr'><strong>sarium,</strong></span> <span class='ocrx_word' id='word_1_593' title='bbox 2321 1455 2432 1493; x_wconf 57' lang='lat' dir='ltr'><strong>«non</strong></span> <span class='ocrx_word' id='word_1_594' title='bbox 2453 1449 2664 1509; x_wconf 85' lang='lat' dir='ltr'><strong>prepter</strong></span> <span class='ocrx_word' id='word_1_595' title='bbox 2678 1441 3042 1497; x_wconf 87' lang='lat' dir='ltr'><strong>remissionem</strong></span> <span class='ocrx_word' id='word_1_596' title='bbox 3061 1452 3417 1512; x_wconf 86' lang='lat' dir='ltr'><strong>peccatorum,</strong></span> <span class='ocrx_word' id='word_1_597' title='bbox 3435 1442 3525 1498; x_wconf 90' lang='lat' dir='ltr'><strong>sed</strong></span> <span class='ocrx_word' id='word_1_598' title='bbox 3549 1452 3666 1497; x_wconf 89' lang='lat' dir='ltr'><strong>tan-</strong></span> 
     </span>
    </p>
   </div>
   <div class='ocr_carea' id='block_1_75' title="bbox 2093 1531 3670 1602">
    <p class='ocr_par' dir='ltr' id='par_1_75' title="bbox 2093 1531 3670 1602">
     <span class='ocr_line' id='line_1_76' title="bbox 2093 1531 3670 1602; baseline 0.003 -19"><span class='ocrx_word' id='word_1_599' title='bbox 2093 1531 2364 1584; x_wconf 87' lang='lat' dir='ltr'><strong>tummodo</strong></span> <span class='ocrx_word' id='word_1_600' title='bbox 2401 1540 2616 1600; x_wconf 82' lang='lat' dir='ltr'><strong>pmpter</strong></span> <span class='ocrx_word' id='word_1_601' title='bbox 2659 1547 2877 1602; x_wconf 88' lang='lat' dir='ltr'><strong>regnum</strong></span> <span class='ocrx_word' id='word_1_602' title='bbox 2911 1533 3186 1588; x_wconf 63' lang='lat' dir='ltr'><strong>caelorum.</strong></span> <span class='ocrx_word' id='word_1_603' title='bbox 3231 1534 3376 1588; x_wconf 87' lang='lat' dir='ltr'><strong>Datis</strong></span> <span class='ocrx_word' id='word_1_604' title='bbox 3413 1535 3554 1589; x_wconf 91' lang='lat' dir='ltr'><strong>enim</strong></span> <span class='ocrx_word' id='word_1_605' title='bbox 3589 1535 3670 1590; x_wconf 89' lang='lat' dir='ltr'><strong>eis</strong></span> 
     </span>
    </p>
   </div>
   <div class='ocr_carea' id='block_1_76' title="bbox 2089 1622 3668 1691">
    <p class='ocr_par' dir='ltr' id='par_1_76' title="bbox 2089 1622 3668 1691">
     <span class='ocr_line' id='line_1_77' title="bbox 2089 1622 3668 1691; baseline 0.001 -15"><span class='ocrx_word' id='word_1_606' title='bbox 2089 1631 2237 1676; x_wconf 79' lang='lat' dir='ltr'><strong>extra</strong></span> <span class='ocrx_word' id='word_1_607' title='bbox 2259 1637 2477 1691; x_wconf 86' lang='lat' dir='ltr'><strong>regnum</strong></span> <span class='ocrx_word' id='word_1_608' title='bbox 2495 1622 2589 1677; x_wconf 90' lang='lat' dir='ltr'><strong>Dei</strong></span> <span class='ocrx_word' id='word_1_609' title='bbox 2610 1623 2784 1678; x_wconf 88' lang='lat' dir='ltr'><strong>locum</strong></span> <span class='ocrx_word' id='word_1_610' title='bbox 2803 1623 2990 1680; x_wconf 88' lang='lat' dir='ltr'><strong>salutis</strong></span> <span class='ocrx_word' id='word_1_611' title='bbox 3003 1633 3057 1679; x_wconf 91' lang='lat' dir='ltr'><strong>et</strong></span> <span class='ocrx_word' id='word_1_612' title='bbox 3078 1625 3198 1678; x_wconf 65' lang='lat' dir='ltr'><strong>vitre</strong></span> <span class='ocrx_word' id='word_1_613' title='bbox 3220 1634 3455 1686; x_wconf 85' lang='lat' dir='ltr'><strong>aeternae,</strong></span> <span class='ocrx_word' id='word_1_614' title='bbox 3479 1625 3668 1679; x_wconf 83' lang='lat' dir='ltr'><strong>etiam-</strong></span> 
     </span>
    </p>
   </div>
   <div class='ocr_carea' id='block_1_77' title="bbox 2089 1710 3668 1788">
    <p class='ocr_par' dir='ltr' id='par_1_77' title="bbox 2089 1710 3668 1788">
     <span class='ocr_line' id='line_1_78' title="bbox 2089 1710 3668 1788; baseline 0.004 -22"><span class='ocrx_word' id='word_1_615' title='bbox 2089 1710 2136 1766; x_wconf 87' lang='lat' dir='ltr'><strong>si</strong></span> <span class='ocrx_word' id='word_1_616' title='bbox 2164 1726 2267 1766; x_wconf 92' lang='lat' dir='ltr'><strong>non</strong></span> <span class='ocrx_word' id='word_1_617' title='bbox 2294 1712 2490 1768; x_wconf 87' lang='lat' dir='ltr'><strong>fuerint</strong></span> <span class='ocrx_word' id='word_1_618' title='bbox 2515 1713 2782 1783; x_wconf 85' lang='lat' dir='ltr'><strong>baptizati.</strong></span> <span class='ocrx_word' id='word_1_619' title='bbox 2813 1715 2922 1771; x_wconf 86' lang='lat' dir='ltr'><strong>Nec</strong></span> <span class='ocrx_word' id='word_1_620' title='bbox 2943 1715 3216 1772; x_wconf 81' lang='lat' dir='ltr'><strong>attenditis</strong></span> <span class='ocrx_word' id='word_1_621' title='bbox 3243 1717 3384 1787; x_wconf 91' lang='lat' dir='ltr'><strong>quod</strong></span> <span class='ocrx_word' id='word_1_622' title='bbox 3411 1718 3668 1788; x_wconf 88' lang='lat' dir='ltr'><strong>scriptum</strong></span> 
     </span>
    </p>
   </div>
   <div class='ocr_carea' id='block_1_78' title="bbox 2087 1801 3666 1883">
    <p class='ocr_par' dir='ltr' id='par_1_78' title="bbox 2087 1801 3666 1883">
     <span class='ocr_line' id='line_1_79' title="bbox 2087 1801 3666 1883; baseline 0.002 -25"><span class='ocrx_word' id='word_1_623' title='bbox 2087 1809 2172 1858; x_wconf 82' lang='lat' dir='ltr'><strong>est</strong></span> <span class='ocrx_word' id='word_1_624' title='bbox 2204 1820 2217 1856; x_wconf 92' lang='lat'><strong>:</strong></span> <span class='ocrx_word' id='word_1_625' title='bbox 2253 1801 2354 1868; x_wconf 83' lang='lat' dir='ltr'><strong>Qui</strong></span> <span class='ocrx_word' id='word_1_626' title='bbox 2380 1803 2644 1858; x_wconf 86' lang='lat' dir='ltr'><strong>crediderit</strong></span> <span class='ocrx_word' id='word_1_627' title='bbox 2681 1815 2727 1859; x_wconf 86' lang='lat' dir='ltr'><strong>et</strong></span> <span class='ocrx_word' id='word_1_628' title='bbox 2753 1805 3038 1876; x_wconf 82' lang='lat' dir='ltr'><strong>baptizatus</strong></span> <span class='ocrx_word' id='word_1_629' title='bbox 3073 1807 3222 1878; x_wconf 77' lang='lat' dir='ltr'><strong>fuerit</strong></span> <span class='ocrx_word' id='word_1_630' title='bbox 3257 1807 3426 1862; x_wconf 86' lang='lat' dir='ltr'><strong>salvus</strong></span> <span class='ocrx_word' id='word_1_631' title='bbox 3472 1809 3564 1861; x_wconf 90' lang='lat' dir='ltr'><strong>erit</strong></span> <span class='ocrx_word' id='word_1_632' title='bbox 3597 1809 3613 1840; x_wconf 91' lang='grc'>¹</span> <span class='ocrx_word' id='word_1_633' title='bbox 3643 1825 3666 1883; x_wconf 59' lang='grc' dir='ltr'><strong><em>ε</em></strong></span> 
     </span>
    </p>
   </div>
   <div class='ocr_carea' id='block_1_79' title="bbox 2087 1892 3666 1964">
    <p class='ocr_par' dir='ltr' id='par_1_79' title="bbox 2087 1892 3666 1964">
     <span class='ocr_line' id='line_1_80' title="bbox 2087 1892 3666 1964; baseline 0.004 -19"><span class='ocrx_word' id='word_1_634' title='bbox 2087 1892 2173 1961; x_wconf 87' lang='lat' dir='ltr'><strong>qui</strong></span> <span class='ocrx_word' id='word_1_635' title='bbox 2198 1902 2364 1947; x_wconf 81' lang='lat' dir='ltr'><strong>autem</strong></span> <span class='ocrx_word' id='word_1_636' title='bbox 2400 1909 2499 1948; x_wconf 88' lang='lat' dir='ltr'><strong>non</strong></span> <span class='ocrx_word' id='word_1_637' title='bbox 2535 1893 2802 1948; x_wconf 74' lang='lat' dir='ltr'><strong>crediderit</strong></span> <span class='ocrx_word' id='word_1_638' title='bbox 2823 1938 2839 1962; x_wconf 93' lang='lat'><strong>,</strong></span> <span class='ocrx_word' id='word_1_639' title='bbox 2871 1897 3282 1952; x_wconf 83' lang='lat' dir='ltr'><strong>condemnabitur</strong></span> <span class='ocrx_word' id='word_1_640' title='bbox 3307 1899 3322 1964; x_wconf 95' lang='lat'><strong>(</strong></span> <span class='ocrx_word' id='word_1_641' title='bbox 3350 1897 3512 1951; x_wconf 80' lang='lat' dir='ltr'><strong>Marc.</strong></span> <span class='ocrx_word' id='word_1_642' title='bbox 3543 1913 3630 1952; x_wconf 76' lang='lat' dir='ltr'>va</span> <span class='ocrx_word' id='word_1_643' title='bbox 3649 1938 3666 1961; x_wconf 91' lang='lat'><strong>,</strong></span> 
     </span>
    </p>
   </div>
   <div class='ocr_carea' id='block_1_80' title="bbox 2091 1983 3666 2060">
    <p class='ocr_par' dir='ltr' id='par_1_80' title="bbox 2091 1983 3666 2060">
     <span class='ocr_line' id='line_1_81' title="bbox 2091 1983 3666 2060; baseline 0.004 -23"><span class='ocrx_word' id='word_1_644' title='bbox 2091 1983 2220 2053; x_wconf 76' lang='grc'><strong>16).</strong></span> <span class='ocrx_word' id='word_1_645' title='bbox 2249 1983 2472 2053; x_wconf 85' lang='lat' dir='ltr'><strong>PrOpter</strong></span> <span class='ocrx_word' id='word_1_646' title='bbox 2512 1985 2651 2054; x_wconf 86' lang='lat' dir='ltr'><strong>quod</strong></span> <span class='ocrx_word' id='word_1_647' title='bbox 2693 1985 2746 2040; x_wconf 86' lang='lat' dir='ltr'><strong>in</strong></span> <span class='ocrx_word' id='word_1_648' title='bbox 2796 1985 3033 2042; x_wconf 87' lang='lat' dir='ltr'><strong>Ecclesia</strong></span> <span class='ocrx_word' id='word_1_649' title='bbox 3071 1987 3366 2044; x_wconf 86' lang='lat' dir='ltr'><strong>Salvatoris</strong></span> <span class='ocrx_word' id='word_1_650' title='bbox 3399 2005 3498 2060; x_wconf 89' lang='lat' dir='ltr'><strong>per</strong></span> <span class='ocrx_word' id='word_1_651' title='bbox 3531 1989 3666 2044; x_wconf 90' lang='lat' dir='ltr'><strong>alios</strong></span> 
     </span>
    </p>
   </div>
   <div class='ocr_carea' id='block_1_81' title="bbox 2089 2075 3667 2149">
    <p class='ocr_par' dir='ltr' id='par_1_81' title="bbox 2089 2075 3667 2149">
     <span class='ocr_line' id='line_1_82' title="bbox 2089 2075 3667 2149; baseline 0.004 -21"><span class='ocrx_word' id='word_1_652' title='bbox 2089 2075 2292 2144; x_wconf 89' lang='lat' dir='ltr'><strong>parvuli</strong></span> <span class='ocrx_word' id='word_1_653' title='bbox 2324 2075 2568 2138; x_wconf 87' lang='lat' dir='ltr'><strong>credunt.</strong></span> <span class='ocrx_word' id='word_1_654' title='bbox 2598 2077 2733 2131; x_wconf 89' lang='lat' dir='ltr'><strong>sicut</strong></span> <span class='ocrx_word' id='word_1_655' title='bbox 2759 2091 2826 2132; x_wconf 82' lang='lat' dir='ltr'><strong>ex</strong></span> <span class='ocrx_word' id='word_1_656' title='bbox 2855 2077 2977 2134; x_wconf 87' lang='lat' dir='ltr'><strong>aliis</strong></span> <span class='ocrx_word' id='word_1_657' title='bbox 3014 2094 3078 2134; x_wconf 90' lang='lat' dir='ltr'><strong>ea</strong></span> <span class='ocrx_word' id='word_1_658' title='bbox 3118 2095 3237 2149; x_wconf 77' lang='lat' dir='ltr'><strong>qua:</strong></span> <span class='ocrx_word' id='word_1_659' title='bbox 3262 2079 3365 2134; x_wconf 91' lang='lat' dir='ltr'><strong>illis</strong></span> <span class='ocrx_word' id='word_1_660' title='bbox 3394 2081 3444 2134; x_wconf 88' lang='lat' dir='ltr'><strong>in</strong></span> <span class='ocrx_word' id='word_1_661' title='bbox 3485 2081 3667 2149; x_wconf 72' lang='lat' dir='ltr'><strong>Bapti~</strong></span> 
     </span>
    </p>
   </div>
   <div class='ocr_carea' id='block_1_82' title="bbox 2087 2169 3665 2242">
    <p class='ocr_par' dir='ltr' id='par_1_82' title="bbox 2087 2169 3665 2242">
     <span class='ocr_line' id='line_1_83' title="bbox 2087 2169 3665 2242; baseline 0.003 -21"><span class='ocrx_word' id='word_1_662' title='bbox 2087 2181 2204 2222; x_wconf 91' lang='lat' dir='ltr'><strong>smo</strong></span> <span class='ocrx_word' id='word_1_663' title='bbox 2225 2169 2563 2224; x_wconf 89' lang='lat' dir='ltr'><strong>remittuntur</strong></span> <span class='ocrx_word' id='word_1_664' title='bbox 2585 2179 2796 2240; x_wconf 88' lang='lat' dir='ltr'><strong>peccata</strong></span> <span class='ocrx_word' id='word_1_665' title='bbox 2809 2178 3097 2226; x_wconf 79' lang='lat' dir='ltr'><strong>traxerunt.</strong></span> <span class='ocrx_word' id='word_1_666' title='bbox 3115 2170 3224 2226; x_wconf 84' lang='lat' dir='ltr'><strong>Nec</strong></span> <span class='ocrx_word' id='word_1_667' title='bbox 3250 2171 3377 2226; x_wconf 88' lang='lat' dir='ltr'><strong>illud</strong></span> <span class='ocrx_word' id='word_1_668' title='bbox 3401 2172 3665 2242; x_wconf 85' lang='lat' dir='ltr'><strong>cogitatis.</strong></span> 
     </span>
    </p>
   </div>
   <div class='ocr_carea' id='block_1_83' title="bbox 2087 2259 3668 2331">
    <p class='ocr_par' dir='ltr' id='par_1_83' title="bbox 2087 2259 3668 2331">
     <span class='ocr_line' id='line_1_84' title="bbox 2087 2259 3668 2331; baseline 0 -17"><span class='ocrx_word' id='word_1_669' title='bbox 2087 2273 2182 2314; x_wconf 90' lang='lat' dir='ltr'><strong>eos</strong></span> <span class='ocrx_word' id='word_1_670' title='bbox 2208 2259 2367 2314; x_wconf 86' lang='lat' dir='ltr'><strong>vitam</strong></span> <span class='ocrx_word' id='word_1_671' title='bbox 2414 2259 2610 2315; x_wconf 89' lang='lat' dir='ltr'><strong>habere</strong></span> <span class='ocrx_word' id='word_1_672' title='bbox 2650 2273 2756 2314; x_wconf 92' lang='lat' dir='ltr'><strong>non</strong></span> <span class='ocrx_word' id='word_1_673' title='bbox 2803 2273 2960 2329; x_wconf 88' lang='lat' dir='ltr'><strong>posse</strong></span> <span class='ocrx_word' id='word_1_674' title='bbox 2985 2301 3001 2326; x_wconf 87' lang='lat'><strong>,</strong></span> <span class='ocrx_word' id='word_1_675' title='bbox 3035 2261 3125 2331; x_wconf 93' lang='lat' dir='ltr'><strong>qui</strong></span> <span class='ocrx_word' id='word_1_676' title='bbox 3173 2259 3372 2315; x_wconf 84' lang='lat' dir='ltr'><strong>fuerint</strong></span> <span class='ocrx_word' id='word_1_677' title='bbox 3413 2270 3668 2330; x_wconf 72' lang='lat' dir='ltr'><strong>expertes</strong></span> 
     </span>
    </p>
   </div>
   <div class='ocr_carea' id='block_1_84' title="bbox 2087 2348 3668 2422">
    <p class='ocr_par' dir='ltr' id='par_1_84' title="bbox 2087 2348 3668 2422">
     <span class='ocr_line' id='line_1_85' title="bbox 2087 2348 3668 2422; baseline 0 -18"><span class='ocrx_word' id='word_1_678' title='bbox 2087 2349 2328 2418; x_wconf 88' lang='lat' dir='ltr'><strong>corporis</strong></span> <span class='ocrx_word' id='word_1_679' title='bbox 2379 2357 2435 2404; x_wconf 90' lang='lat' dir='ltr'><strong>et</strong></span> <span class='ocrx_word' id='word_1_680' title='bbox 2478 2348 2752 2420; x_wconf 87' lang='lat' dir='ltr'><strong>sanguinis</strong></span> <span class='ocrx_word' id='word_1_681' title='bbox 2791 2348 3027 2415; x_wconf 82' lang='lat' dir='ltr'><strong>Christi,</strong></span> <span class='ocrx_word' id='word_1_682' title='bbox 3083 2349 3296 2405; x_wconf 89' lang='lat' dir='ltr'><strong>dicente</strong></span> <span class='ocrx_word' id='word_1_683' title='bbox 3349 2349 3500 2422; x_wconf 85' lang='lat' dir='ltr'><strong>ipso,</strong></span> <span class='ocrx_word' id='word_1_684' title='bbox 3549 2349 3668 2404; x_wconf 81' lang='lat' dir='ltr'><strong>Nisi</strong></span> 
     </span>
    </p>
   </div>
   <div class='ocr_carea' id='block_1_85' title="bbox 2088 2439 3672 2512">
    <p class='ocr_par' dir='ltr' id='par_1_85' title="bbox 2088 2439 3672 2512">
     <span class='ocr_line' id='line_1_86' title="bbox 2088 2439 3672 2512; baseline 0.002 -20"><span class='ocrx_word' id='word_1_685' title='bbox 2088 2439 2508 2494; x_wconf 80' lang='lat' dir='ltr'><strong>manducaveritis</strong></span> <span class='ocrx_word' id='word_1_686' title='bbox 2545 2456 2749 2495; x_wconf 87' lang='lat' dir='ltr'><strong>carnem</strong></span> <span class='ocrx_word' id='word_1_687' title='bbox 2784 2457 2948 2495; x_wconf 83' lang='lat' dir='ltr'><strong>nteant</strong></span> <span class='ocrx_word' id='word_1_688' title='bbox 2971 2481 2987 2507; x_wconf 92' lang='lat'><strong>,</strong></span> <span class='ocrx_word' id='word_1_689' title='bbox 3025 2449 3073 2495; x_wconf 91' lang='lat' dir='ltr'><strong>et</strong></span> <span class='ocrx_word' id='word_1_690' title='bbox 3117 2442 3335 2497; x_wconf 84' lang='lat' dir='ltr'><strong>biberitis</strong></span> <span class='ocrx_word' id='word_1_691' title='bbox 3372 2443 3672 2512; x_wconf 82' lang='lat' dir='ltr'><strong>sanguinem</strong></span> 
     </span>
    </p>
   </div>
   <div class='ocr_carea' id='block_1_86' title="bbox 2089 2531 3672 2606">
    <p class='ocr_par' dir='ltr' id='par_1_86' title="bbox 2089 2531 3672 2606">
     <span class='ocr_line' id='line_1_87' title="bbox 2089 2531 3672 2606; baseline 0.003 -22"><span class='ocrx_word' id='word_1_692' title='bbox 2089 2546 2274 2598; x_wconf 88' lang='lat' dir='ltr'><strong>meum,</strong></span> <span class='ocrx_word' id='word_1_693' title='bbox 2299 2547 2398 2585; x_wconf 87' lang='lat' dir='ltr'><strong>non</strong></span> <span class='ocrx_word' id='word_1_694' title='bbox 2429 2531 2666 2586; x_wconf 83' lang='lat' dir='ltr'><strong>habebitis</strong></span> <span class='ocrx_word' id='word_1_695' title='bbox 2695 2533 2846 2586; x_wconf 81' lang='lat' dir='ltr'><strong>vitam</strong></span> <span class='ocrx_word' id='word_1_696' title='bbox 2877 2533 2931 2586; x_wconf 89' lang='lat' dir='ltr'><strong>in</strong></span> <span class='ocrx_word' id='word_1_697' title='bbox 2951 2531 3087 2586; x_wconf 84' lang='lat' dir='ltr'><strong>vobis</strong></span> <span class='ocrx_word' id='word_1_698' title='bbox 3114 2531 3290 2606; x_wconf 80' lang='lat' dir='ltr'><strong>(Joan.</strong></span> <span class='ocrx_word' id='word_1_699' title='bbox 3322 2549 3397 2599; x_wconf 74' lang='lat' dir='ltr'><strong>vr,</strong></span> <span class='ocrx_word' id='word_1_700' title='bbox 3425 2532 3534 2601; x_wconf 67' lang='grc'><strong>54).</strong></span> <span class='ocrx_word' id='word_1_701' title='bbox 3564 2534 3672 2588; x_wconf 81' lang='lat' dir='ltr'><strong>Aut</strong></span> 
     </span>
    </p>
   </div>
   <div class='ocr_carea' id='block_1_87' title="bbox 2089 2624 3669 2696">
    <p class='ocr_par' dir='ltr' id='par_1_87' title="bbox 2089 2624 3669 2696">
     <span class='ocr_line' id='line_1_88' title="bbox 2089 2624 3669 2696; baseline -0.001 -16"><span class='ocrx_word' id='word_1_702' title='bbox 2089 2625 2134 2680; x_wconf 85' lang='lat' dir='ltr'><strong>si</strong></span> <span class='ocrx_word' id='word_1_703' title='bbox 2165 2625 2487 2695; x_wconf 84' lang='lat' dir='ltr'><strong>evangelicis</strong></span> <span class='ocrx_word' id='word_1_704' title='bbox 2515 2625 2734 2681; x_wconf 87' lang='lat' dir='ltr'><strong>vocibus</strong></span> <span class='ocrx_word' id='word_1_705' title='bbox 2761 2624 3012 2696; x_wconf 87' lang='lat' dir='ltr'><strong>cogimiui</strong></span> <span class='ocrx_word' id='word_1_706' title='bbox 3049 2625 3328 2692; x_wconf 85' lang='lat' dir='ltr'><strong>confiteri,</strong></span> <span class='ocrx_word' id='word_1_707' title='bbox 3367 2640 3468 2681; x_wconf 91' lang='lat' dir='ltr'><strong>nec</strong></span> <span class='ocrx_word' id='word_1_708' title='bbox 3506 2626 3669 2680; x_wconf 88' lang='lat' dir='ltr'><strong>vitam</strong></span> 
     </span>
    </p>
   </div>
   <div class='ocr_carea' id='block_1_88' title="bbox 2090 2715 3670 2786">
    <p class='ocr_par' dir='ltr' id='par_1_88' title="bbox 2090 2715 3670 2786">
     <span class='ocr_line' id='line_1_89' title="bbox 2090 2715 3670 2786; baseline 0 -16"><span class='ocrx_word' id='word_1_709' title='bbox 2090 2715 2418 2786; x_wconf 81' lang='lat' dir='ltr'><strong>salutemque</strong></span> <span class='ocrx_word' id='word_1_710' title='bbox 2444 2730 2602 2786; x_wconf 87' lang='lat' dir='ltr'><strong>posse</strong></span> <span class='ocrx_word' id='word_1_711' title='bbox 2629 2716 2828 2772; x_wconf 87' lang='lat' dir='ltr'><strong>habere</strong></span> <span class='ocrx_word' id='word_1_712' title='bbox 2851 2717 3100 2786; x_wconf 90' lang='lat' dir='ltr'><strong>parvulos</strong></span> <span class='ocrx_word' id='word_1_713' title='bbox 3124 2715 3191 2770; x_wconf 88' lang='lat' dir='ltr'><strong>de</strong></span> <span class='ocrx_word' id='word_1_714' title='bbox 3219 2731 3442 2786; x_wconf 87' lang='lat' dir='ltr'><strong>corpore</strong></span> <span class='ocrx_word' id='word_1_715' title='bbox 3467 2731 3670 2772; x_wconf 82' lang='lat' dir='ltr'><strong>exeun-</strong></span> 
     </span>
    </p>
   </div>
   <div class='ocr_carea' id='block_1_89' title="bbox 2093 2809 3674 2880">
    <p class='ocr_par' dir='ltr' id='par_1_89' title="bbox 2093 2809 3674 2880">
     <span class='ocr_line' id='line_1_90' title="bbox 2093 2809 3674 2880; baseline 0.001 -16"><span class='ocrx_word' id='word_1_716' title='bbox 2093 2818 2170 2864; x_wconf 89' lang='lat' dir='ltr'><strong>tes</strong></span> <span class='ocrx_word' id='word_1_717' title='bbox 2191 2851 2206 2876; x_wconf 94' lang='lat'><strong>,</strong></span> <span class='ocrx_word' id='word_1_718' title='bbox 2235 2809 2334 2864; x_wconf 91' lang='lat' dir='ltr'><strong>nisi</strong></span> <span class='ocrx_word' id='word_1_719' title='bbox 2363 2809 2561 2864; x_wconf 89' lang='lat' dir='ltr'><strong>fuerint</strong></span> <span class='ocrx_word' id='word_1_720' title='bbox 2598 2809 2846 2878; x_wconf 82' lang='lat' dir='ltr'><strong>baptizati</strong></span> <span class='ocrx_word' id='word_1_721' title='bbox 2879 2825 2894 2875; x_wconf 90' lang='lat'><strong>;</strong></span> <span class='ocrx_word' id='word_1_722' title='bbox 2923 2811 3146 2880; x_wconf 65' lang='lat' dir='ltr'><strong>quatrite</strong></span> <span class='ocrx_word' id='word_1_723' title='bbox 3169 2825 3266 2866; x_wconf 90' lang='lat' dir='ltr'><strong>cur</strong></span> <span class='ocrx_word' id='word_1_724' title='bbox 3287 2811 3674 2880; x_wconf 89' lang='lat' dir='ltr'><strong>compellantur</strong></span> 
     </span>
    </p>
   </div>
   <div class='ocr_carea' id='block_1_90' title="bbox 2093 2901 3673 2973">
    <p class='ocr_par' dir='ltr' id='par_1_90' title="bbox 2093 2901 3673 2973">
     <span class='ocr_line' id='line_1_91' title="bbox 2093 2901 3673 2973; baseline 0.001 -17"><span class='ocrx_word' id='word_1_725' title='bbox 2093 2918 2200 2957; x_wconf 86' lang='lat' dir='ltr'><strong>non</strong></span> <span class='ocrx_word' id='word_1_726' title='bbox 2229 2901 2477 2972; x_wconf 81' lang='lat' dir='ltr'><strong>baptizati</strong></span> <span class='ocrx_word' id='word_1_727' title='bbox 2507 2901 2755 2956; x_wconf 83' lang='lat' dir='ltr'><strong>secundae</strong></span> <span class='ocrx_word' id='word_1_728' title='bbox 2785 2903 2972 2957; x_wconf 91' lang='lat' dir='ltr'><strong>mortis</strong></span> <span class='ocrx_word' id='word_1_729' title='bbox 2998 2903 3176 2958; x_wconf 91' lang='lat' dir='ltr'><strong>subire</strong></span> <span class='ocrx_word' id='word_1_730' title='bbox 3203 2902 3518 2973; x_wconf 88' lang='lat' dir='ltr'><strong>supplicium</strong></span> <span class='ocrx_word' id='word_1_731' title='bbox 3545 2945 3559 2968; x_wconf 88' lang='lat'><strong>,</strong></span> <span class='ocrx_word' id='word_1_732' title='bbox 3584 2903 3673 2972; x_wconf 83' lang='lat' dir='ltr'><strong>ju-</strong></span> 
     </span>
    </p>
   </div>
   <div class='ocr_carea' id='block_1_91' title="bbox 2091 2990 3674 3062">
    <p class='ocr_par' dir='ltr' id='par_1_91' title="bbox 2091 2990 3674 3062">
     <span class='ocr_line' id='line_1_92' title="bbox 2091 2990 3674 3062; baseline 0.001 -16"><span class='ocrx_word' id='word_1_733' title='bbox 2091 2990 2304 3046; x_wconf 90' lang='lat' dir='ltr'><strong>dicante</strong></span> <span class='ocrx_word' id='word_1_734' title='bbox 2343 2992 2434 3046; x_wconf 91' lang='lat' dir='ltr'><strong>illo</strong></span> <span class='ocrx_word' id='word_1_735' title='bbox 2459 2990 2549 3062; x_wconf 88' lang='lat' dir='ltr'><strong>qui</strong></span> <span class='ocrx_word' id='word_1_736' title='bbox 2571 2991 2836 3051; x_wconf 83' lang='lat' dir='ltr'><strong>neminem</strong></span> <span class='ocrx_word' id='word_1_737' title='bbox 2867 2991 3084 3046; x_wconf 84' lang='lat' dir='ltr'><strong>damnat</strong></span> <span class='ocrx_word' id='word_1_738' title='bbox 3109 2993 3431 3046; x_wconf 90' lang='lat' dir='ltr'><strong>immeritum</strong></span> <span class='ocrx_word' id='word_1_739' title='bbox 3463 3008 3478 3058; x_wconf 90' lang='lat'>;</span> <span class='ocrx_word' id='word_1_740' title='bbox 3505 3001 3560 3047; x_wconf 91' lang='lat' dir='ltr'><strong>et</strong></span> <span class='ocrx_word' id='word_1_741' title='bbox 3589 2993 3674 3047; x_wconf 90' lang='lat' dir='ltr'><strong>in-</strong></span> 
     </span>
    </p>
   </div>
   <div class='ocr_carea' id='block_1_92' title="bbox 2092 3081 3468 3154">
    <p class='ocr_par' dir='ltr' id='par_1_92' title="bbox 2092 3081 3468 3154">
     <span class='ocr_line' id='line_1_93' title="bbox 2092 3081 3468 3154; baseline 0 -18"><span class='ocrx_word' id='word_1_742' title='bbox 2092 3082 2317 3138; x_wconf 88' lang='lat' dir='ltr'><strong>venietis</strong></span> <span class='ocrx_word' id='word_1_743' title='bbox 2342 3081 2486 3152; x_wconf 93' lang='lat' dir='ltr'><strong>quod</strong></span> <span class='ocrx_word' id='word_1_744' title='bbox 2513 3098 2620 3136; x_wconf 92' lang='lat' dir='ltr'><strong>non</strong></span> <span class='ocrx_word' id='word_1_745' title='bbox 2652 3082 2812 3136; x_wconf 86' lang='lat' dir='ltr'><strong>vultis</strong></span> <span class='ocrx_word' id='word_1_746' title='bbox 2835 3123 2850 3148; x_wconf 95' lang='lat'><strong>,</strong></span> <span class='ocrx_word' id='word_1_747' title='bbox 2881 3082 3142 3154; x_wconf 84' lang='lat' dir='ltr'><strong>originale</strong></span> <span class='ocrx_word' id='word_1_748' title='bbox 3173 3091 3468 3152; x_wconf 89' lang='lat' dir='ltr'><strong>peccatum.</strong></span> 
     </span>
    </p>
   </div>
   <div class='ocr_carea' id='block_1_93' title="bbox 2162 3172 3674 3243">
    <p class='ocr_par' dir='ltr' id='par_1_93' title="bbox 2162 3172 3674 3243">
     <span class='ocr_line' id='line_1_94' title="bbox 2162 3172 3674 3243; baseline 0 -13"><span class='ocrx_word' id='word_1_749' title='bbox 2162 3173 2387 3230; x_wconf 86' lang='lat' dir='ltr'><strong>CAPUT</strong></span> <span class='ocrx_word' id='word_1_750' title='bbox 2426 3172 2805 3230; x_wconf 71' lang='lat' dir='ltr'><strong>XXlll.—4I.</strong></span> <span class='ocrx_word' id='word_1_751' title='bbox 2846 3175 3078 3238; x_wconf 84' lang='lat' dir='ltr'><strong>Septima</strong></span> <span class='ocrx_word' id='word_1_752' title='bbox 3123 3177 3389 3232; x_wconf 79' lang='lat' dir='ltr'><strong>antithesis</strong></span> <span class='ocrx_word' id='word_1_753' title='bbox 3413 3218 3428 3243; x_wconf 92' lang='lat'><strong>,</strong></span> <span class='ocrx_word' id='word_1_754' title='bbox 3457 3177 3520 3233; x_wconf 84' lang='lat' dir='ltr'><strong>de</strong></span> <span class='ocrx_word' id='word_1_755' title='bbox 3564 3175 3674 3232; x_wconf 84' lang='lat' dir='ltr'><strong>Ba-</strong></span> 
     </span>
    </p>
   </div>
   <div class='ocr_carea' id='block_1_94' title="bbox 2094 3263 3678 3337">
    <p class='ocr_par' dir='ltr' id='par_1_94' title="bbox 2094 3263 3678 3337">
     <span class='ocr_line' id='line_1_95' title="bbox 2094 3263 3678 3337; baseline 0.003 -20"><span class='ocrx_word' id='word_1_756' title='bbox 2094 3265 2263 3336; x_wconf 77' lang='lat' dir='ltr'><strong>ptismi</strong></span> <span class='ocrx_word' id='word_1_757' title='bbox 2289 3263 2488 3332; x_wconf 67' lang='lat' dir='ltr'><strong>effectu.</strong></span> <span class='ocrx_word' id='word_1_758' title='bbox 2518 3283 2537 3316; x_wconf 73' lang='grc' dir='ltr'>ι</span> <span class='ocrx_word' id='word_1_759' title='bbox 2572 3265 2678 3321; x_wconf 88' lang='lat' dir='ltr'><strong>Eos</strong></span> <span class='ocrx_word' id='word_1_760' title='bbox 2697 3265 2855 3320; x_wconf 89' lang='lat' dir='ltr'><strong>etiam</strong></span> <span class='ocrx_word' id='word_1_761' title='bbox 2891 3265 2982 3334; x_wconf 92' lang='lat' dir='ltr'><strong>qui</strong></span> <span class='ocrx_word' id='word_1_762' title='bbox 3011 3265 3215 3332; x_wconf 90' lang='lat' dir='ltr'><strong>dicunt,</strong></span> <span class='ocrx_word' id='word_1_763' title='bbox 3250 3285 3269 3318; x_wconf 71' lang='grc' dir='ltr'><strong><em>ι</em></strong></span> <span class='ocrx_word' id='word_1_764' title='bbox 3306 3266 3497 3337; x_wconf 86' lang='lat' dir='ltr'><strong>inquit,</strong></span> <span class='ocrx_word' id='word_1_765' title='bbox 3525 3284 3544 3318; x_wconf 70' lang='grc' dir='ltr'><strong><em>ι</em></strong></span> <span class='ocrx_word' id='word_1_766' title='bbox 3583 3265 3678 3321; x_wconf 82' lang='lat' dir='ltr'><strong>Ba-</strong></span> 
     </span>
    </p>
   </div>
   <div class='ocr_carea' id='block_1_95' title="bbox 2093 3356 3674 3426">
    <p class='ocr_par' dir='ltr' id='par_1_95' title="bbox 2093 3356 3674 3426">
     <span class='ocr_line' id='line_1_96' title="bbox 2093 3356 3674 3426; baseline 0.003 -17"><span class='ocrx_word' id='word_1_767' title='bbox 2093 3356 2284 3424; x_wconf 88' lang='lat' dir='ltr'><strong>ptisma</strong></span> <span class='ocrx_word' id='word_1_768' title='bbox 2324 3370 2428 3410; x_wconf 91' lang='lat' dir='ltr'><strong>non</strong></span> <span class='ocrx_word' id='word_1_769' title='bbox 2469 3357 2647 3410; x_wconf 86' lang='lat' dir='ltr'><strong>omnia</strong></span> <span class='ocrx_word' id='word_1_770' title='bbox 2687 3367 2901 3426; x_wconf 89' lang='lat' dir='ltr'><strong>peccata</strong></span> <span class='ocrx_word' id='word_1_771' title='bbox 2929 3356 3165 3420; x_wconf 88' lang='lat' dir='ltr'><strong>.delere,</strong></span> <span class='ocrx_word' id='word_1_772' title='bbox 3209 3357 3674 3425; x_wconf 85' lang='lat' dir='ltr'><strong>condemnamus;</strong></span> 
     </span>
    </p>
   </div>
   <div class='ocr_carea' id='block_1_96' title="bbox 2092 3445 3672 3520">
    <p class='ocr_par' dir='ltr' id='par_1_96' title="bbox 2092 3445 3672 3520">
     <span class='ocr_line' id='line_1_97' title="bbox 2092 3445 3672 3520; baseline 0.004 -23"><span class='ocrx_word' id='word_1_773' title='bbox 2092 3447 2214 3518; x_wconf 86' lang='lat' dir='ltr'><strong>quia</strong></span> <span class='ocrx_word' id='word_1_774' title='bbox 2245 3445 2446 3500; x_wconf 87' lang='lat' dir='ltr'><strong>scimus</strong></span> <span class='ocrx_word' id='word_1_775' title='bbox 2485 3447 2692 3516; x_wconf 89' lang='lat' dir='ltr'><strong>plenam</strong></span> <span class='ocrx_word' id='word_1_776' title='bbox 2731 3449 3098 3518; x_wconf 88' lang='lat' dir='ltr'><strong>purgationem</strong></span> <span class='ocrx_word' id='word_1_777' title='bbox 3148 3465 3241 3518; x_wconf 91' lang='lat' dir='ltr'><strong>per</strong></span> <span class='ocrx_word' id='word_1_778' title='bbox 3276 3451 3388 3518; x_wconf 86' lang='lat' dir='ltr'><strong>ipsa</strong></span> <span class='ocrx_word' id='word_1_779' title='bbox 3416 3450 3672 3520; x_wconf 85' lang='lat' dir='ltr'><strong>mysteria</strong></span> 
     </span>
    </p>
   </div>
   <div class='ocr_carea' id='block_1_97' title="bbox 2093 3537 3676 3610">
    <p class='ocr_par' dir='ltr' id='par_1_97' title="bbox 2093 3537 3676 3610">
     <span class='ocr_line' id='line_1_98' title="bbox 2093 3537 3676 3610; baseline 0.003 -18"><span class='ocrx_word' id='word_1_780' title='bbox 2093 3537 2346 3592; x_wconf 82' lang='lat' dir='ltr'><strong>eoufcrri.</strong></span> <span class='ocrx_word' id='word_1_781' title='bbox 2385 3556 2404 3589; x_wconf 86' lang='grc'><strong>›</strong></span> <span class='ocrx_word' id='word_1_782' title='bbox 2441 3537 2552 3592; x_wconf 86' lang='lat' dir='ltr'><strong>line</strong></span> <span class='ocrx_word' id='word_1_783' title='bbox 2577 3537 2804 3592; x_wconf 89' lang='lat' dir='ltr'><strong>dicimus</strong></span> <span class='ocrx_word' id='word_1_784' title='bbox 2825 3548 2877 3592; x_wconf 92' lang='lat' dir='ltr'><strong>ct</strong></span> <span class='ocrx_word' id='word_1_785' title='bbox 2898 3553 2994 3594; x_wconf 90' lang='lat' dir='ltr'><strong>nos</strong></span> <span class='ocrx_word' id='word_1_786' title='bbox 3023 3555 3036 3591; x_wconf 86' lang='lat'><strong>:</strong></span> <span class='ocrx_word' id='word_1_787' title='bbox 3063 3540 3154 3593; x_wconf 91' lang='lat' dir='ltr'><strong>scd</strong></span> <span class='ocrx_word' id='word_1_788' title='bbox 3186 3541 3434 3610; x_wconf 88' lang='lat' dir='ltr'><strong>parvulos</strong></span> <span class='ocrx_word' id='word_1_789' title='bbox 3461 3556 3676 3610; x_wconf 84' lang='lat' dir='ltr'><strong>quoque</strong></span> 
     </span>
    </p>
   </div>
   <div class='ocr_carea' id='block_1_98' title="bbox 2094 3628 3682 3700">
    <p class='ocr_par' dir='ltr' id='par_1_98' title="bbox 2094 3628 3682 3700">
     <span class='ocr_line' id='line_1_99' title="bbox 2094 3628 3682 3700; baseline 0.002 -18"><span class='ocrx_word' id='word_1_790' title='bbox 2094 3642 2191 3698; x_wconf 89' lang='lat' dir='ltr'><strong>per</strong></span> <span class='ocrx_word' id='word_1_791' title='bbox 2216 3628 2327 3698; x_wconf 88' lang='lat' dir='ltr'><strong>ipsa</strong></span> <span class='ocrx_word' id='word_1_792' title='bbox 2358 3628 2630 3700; x_wconf 87' lang='lat' dir='ltr'><strong>mysteria,</strong></span> <span class='ocrx_word' id='word_1_793' title='bbox 2663 3629 2848 3697; x_wconf 78' lang='lat' dir='ltr'><strong>prima:</strong></span> <span class='ocrx_word' id='word_1_794' title='bbox 2876 3629 3168 3683; x_wconf 87' lang='lat' dir='ltr'><strong>nativitatis</strong></span> <span class='ocrx_word' id='word_1_795' title='bbox 3195 3638 3249 3684; x_wconf 87' lang='lat' dir='ltr'><strong>et</strong></span> <span class='ocrx_word' id='word_1_796' title='bbox 3277 3630 3518 3685; x_wconf 63' lang='lat' dir='ltr'><strong>obnoxia:</strong></span> <span class='ocrx_word' id='word_1_797' title='bbox 3553 3646 3682 3685; x_wconf 83' lang='lat' dir='ltr'><strong>suc-</strong></span> 
     </span>
    </p>
   </div>
   <div class='ocr_carea' id='block_1_99' title="bbox 2093 3719 3675 3794">
    <p class='ocr_par' dir='ltr' id='par_1_99' title="bbox 2093 3719 3675 3794">
     <span class='ocr_line' id='line_1_100' title="bbox 2093 3719 3675 3794; baseline 0.003 -18"><span class='ocrx_word' id='word_1_798' title='bbox 2093 3719 2355 3776; x_wconf 78' lang='lat' dir='ltr'><strong>cessionis</strong></span> <span class='ocrx_word' id='word_1_799' title='bbox 2400 3720 2624 3775; x_wconf 91' lang='lat' dir='ltr'><strong>vinculis</strong></span> <span class='ocrx_word' id='word_1_800' title='bbox 2671 3721 2850 3787; x_wconf 88' lang='lat' dir='ltr'><strong>solvi,</strong></span> <span class='ocrx_word' id='word_1_801' title='bbox 2899 3737 3004 3776; x_wconf 90' lang='lat' dir='ltr'><strong>non</strong></span> <span class='ocrx_word' id='word_1_802' title='bbox 3047 3722 3226 3778; x_wconf 87' lang='lat' dir='ltr'><strong>dicitis</strong></span> <span class='ocrx_word' id='word_1_803' title='bbox 3271 3737 3386 3777; x_wconf 88' lang='lat' dir='ltr'><strong>vos.</strong></span> <span class='ocrx_word' id='word_1_804' title='bbox 3448 3723 3675 3794; x_wconf 89' lang='lat' dir='ltr'><strong>Propter</strong></span> 
     </span>
    </p>
   </div>
   <div class='ocr_carea' id='block_1_100' title="bbox 2095 3810 3672 3885">
    <p class='ocr_par' dir='ltr' id='par_1_100' title="bbox 2095 3810 3672 3885">
     <span class='ocr_line' id='line_1_101' title="bbox 2095 3810 3672 3885; baseline 0.004 -21"><span class='ocrx_word' id='word_1_805' title='bbox 2095 3811 2236 3881; x_wconf 90' lang='lat' dir='ltr'><strong>quod</strong></span> <span class='ocrx_word' id='word_1_806' title='bbox 2274 3810 2341 3865; x_wconf 90' lang='lat' dir='ltr'><strong>de</strong></span> <span class='ocrx_word' id='word_1_807' title='bbox 2369 3810 2602 3866; x_wconf 83' lang='lat' dir='ltr'><strong>Ecclesia</strong></span> <span class='ocrx_word' id='word_1_808' title='bbox 2628 3810 2864 3876; x_wconf 90' lang='lat' dir='ltr'><strong>Christi,</strong></span> <span class='ocrx_word' id='word_1_809' title='bbox 2904 3828 3024 3882; x_wconf 72' lang='lat' dir='ltr'><strong>qum</strong></span> <span class='ocrx_word' id='word_1_810' title='bbox 3051 3814 3150 3868; x_wconf 91' lang='lat' dir='ltr'><strong>hoc</strong></span> <span class='ocrx_word' id='word_1_811' title='bbox 3175 3815 3467 3885; x_wconf 86' lang='lat' dir='ltr'><strong>antiquitus</strong></span> <span class='ocrx_word' id='word_1_812' title='bbox 3489 3825 3633 3872; x_wconf 89' lang='lat' dir='ltr'><strong>tenet</strong></span> <span class='ocrx_word' id='word_1_813' title='bbox 3655 3858 3672 3885; x_wconf 93' lang='lat'><strong>,</strong></span> 
     </span>
    </p>
   </div>
   <div class='ocr_carea' id='block_1_101' title="bbox 2095 3901 3545 3974">
    <p class='ocr_par' dir='ltr' id='par_1_101' title="bbox 2095 3901 3545 3974">
     <span class='ocr_line' id='line_1_102' title="bbox 2095 3901 3545 3974; baseline 0 -16"><span class='ocrx_word' id='word_1_814' title='bbox 2095 3910 2306 3972; x_wconf 85' lang='lat' dir='ltr'><strong>Oportet</strong></span> <span class='ocrx_word' id='word_1_815' title='bbox 2331 3911 2387 3956; x_wconf 94' lang='lat' dir='ltr'><strong>ut</strong></span> <span class='ocrx_word' id='word_1_816' title='bbox 2411 3903 2546 3956; x_wconf 88' lang='lat' dir='ltr'><strong>sicut</strong></span> <span class='ocrx_word' id='word_1_817' title='bbox 2581 3901 2668 3956; x_wconf 89' lang='lat' dir='ltr'><strong>alii</strong></span> <span class='ocrx_word' id='word_1_818' title='bbox 2697 3902 2935 3958; x_wconf 66' lang='lat' dir='ltr'><strong>haeretici</strong></span> <span class='ocrx_word' id='word_1_819' title='bbox 2963 3905 3314 3974; x_wconf 85' lang='lat' dir='ltr'><strong>segregemini</strong></span> <span class='ocrx_word' id='word_1_820' title='bbox 3349 3914 3403 3960; x_wconf 90' lang='lat' dir='ltr'><strong>et</strong></span> <span class='ocrx_word' id='word_1_821' title='bbox 3431 3921 3545 3959; x_wconf 90' lang='lat' dir='ltr'><strong>vos.</strong></span> 
     </span>
    </p>
   </div>
   <div class='ocr_carea' id='block_1_102' title="bbox 2167 3992 3677 4064">
    <p class='ocr_par' dir='ltr' id='par_1_102' title="bbox 2167 3992 3677 4064">
     <span class='ocr_line' id='line_1_103' title="bbox 2167 3992 3677 4064; baseline 0.001 -14"><span class='ocrx_word' id='word_1_822' title='bbox 2167 3992 2390 4050; x_wconf 78' lang='lat' dir='ltr'><strong>CAPUT</strong></span> <span class='ocrx_word' id='word_1_823' title='bbox 2428 3992 2619 4048; x_wconf 81' lang='lat' dir='ltr'><strong>XXIV.</strong></span> <span class='ocrx_word' id='word_1_824' title='bbox 2645 3993 2822 4048; x_wconf 70' lang='lat'><strong>-—-42.</strong></span> <span class='ocrx_word' id='word_1_825' title='bbox 2873 3993 3072 4047; x_wconf 74' lang='lat' dir='ltr'><strong>Iuliani</strong></span> <span class='ocrx_word' id='word_1_826' title='bbox 3117 3994 3360 4064; x_wconf 75' lang='lat' dir='ltr'><strong>Epistola:</strong></span> <span class='ocrx_word' id='word_1_827' title='bbox 3393 3997 3677 4052; x_wconf 86' lang='lat' dir='ltr'><strong>conclusio-</strong></span> 
     </span>
    </p>
   </div>
   <div class='ocr_carea' id='block_1_103' title="bbox 2097 4084 3676 4158">
    <p class='ocr_par' dir='ltr' id='par_1_103' title="bbox 2097 4084 3676 4158">
     <span class='ocr_line' id='line_1_104' title="bbox 2097 4084 3676 4158; baseline 0.003 -18"><span class='ocrx_word' id='word_1_828' title='bbox 2097 4101 2210 4140; x_wconf 86' lang='lat' dir='ltr'><strong>nem</strong></span> <span class='ocrx_word' id='word_1_829' title='bbox 2233 4084 2438 4156; x_wconf 75' lang='lat' dir='ltr'><strong>refellit.</strong></span> <span class='ocrx_word' id='word_1_830' title='bbox 2465 4085 2582 4140; x_wconf 87' lang='lat' dir='ltr'><strong>Jam</strong></span> <span class='ocrx_word' id='word_1_831' title='bbox 2607 4101 2736 4140; x_wconf 84' lang='lat' dir='ltr'><strong>vero</strong></span> <span class='ocrx_word' id='word_1_832' title='bbox 2760 4085 2901 4155; x_wconf 85' lang='lat' dir='ltr'><strong>quod</strong></span> <span class='ocrx_word' id='word_1_833' title='bbox 2938 4087 3008 4140; x_wconf 92' lang='lat' dir='ltr'><strong>ita</strong></span> <span class='ocrx_word' id='word_1_834' title='bbox 3035 4087 3304 4142; x_wconf 88' lang='lat' dir='ltr'><strong>concludit</strong></span> <span class='ocrx_word' id='word_1_835' title='bbox 3342 4088 3630 4158; x_wconf 81' lang='lat' dir='ltr'><strong>Epistolam</strong></span> <span class='ocrx_word' id='word_1_836' title='bbox 3658 4131 3676 4154; x_wconf 88' lang='lat'><strong>,</strong></span> 
     </span>
    </p>
   </div>
   <div class='ocr_carea' id='block_1_104' title="bbox 2097 4175 3680 4248">
    <p class='ocr_par' dir='ltr' id='par_1_104' title="bbox 2097 4175 3680 4248">
     <span class='ocr_line' id='line_1_105' title="bbox 2097 4175 3680 4248; baseline 0.004 -17"><span class='ocrx_word' id='word_1_837' title='bbox 2097 4186 2156 4231; x_wconf 89' lang='lat' dir='ltr'><strong>ut</strong></span> <span class='ocrx_word' id='word_1_838' title='bbox 2179 4175 2356 4240; x_wconf 88' lang='lat' dir='ltr'><strong>dicat,</strong></span> <span class='ocrx_word' id='word_1_839' title='bbox 2397 4195 2418 4230; x_wconf 72' lang='grc' dir='ltr'>ι</span> <span class='ocrx_word' id='word_1_840' title='bbox 2457 4176 2625 4232; x_wconf 86' lang='lat' dir='ltr'><strong>Nemo</strong></span> <span class='ocrx_word' id='word_1_841' title='bbox 2647 4191 2774 4246; x_wconf 87' lang='lat' dir='ltr'><strong>ergo</strong></span> <span class='ocrx_word' id='word_1_842' title='bbox 2817 4192 2913 4232; x_wconf 89' lang='lat' dir='ltr'><strong>vos</strong></span> <span class='ocrx_word' id='word_1_843' title='bbox 2950 4177 3208 4243; x_wconf 84' lang='lat' dir='ltr'><strong>sedncat,</strong></span> <span class='ocrx_word' id='word_1_844' title='bbox 3235 4194 3336 4234; x_wconf 82' lang='lat' dir='ltr'><strong>nec</strong></span> <span class='ocrx_word' id='word_1_845' title='bbox 3381 4195 3442 4235; x_wconf 90' lang='lat' dir='ltr'><strong>se</strong></span> <span class='ocrx_word' id='word_1_846' title='bbox 3483 4190 3680 4248; x_wconf 83' lang='lat' dir='ltr'><strong>negent</strong></span> 
     </span>
    </p>
   </div>
   <div class='ocr_carea' id='block_1_105' title="bbox 2096 4268 3678 4338">
    <p class='ocr_par' dir='ltr' id='par_1_105' title="bbox 2096 4268 3678 4338">
     <span class='ocr_line' id='line_1_106' title="bbox 2096 4268 3678 4338; baseline 0.001 -14"><span class='ocrx_word' id='word_1_847' title='bbox 2096 4268 2244 4338; x_wconf 90' lang='lat' dir='ltr'><strong>impii</strong></span> <span class='ocrx_word' id='word_1_848' title='bbox 2270 4269 2368 4324; x_wconf 90' lang='lat' dir='ltr'><strong>ista</strong></span> <span class='ocrx_word' id='word_1_849' title='bbox 2397 4270 2617 4325; x_wconf 86' lang='lat' dir='ltr'><strong>sentire.</strong></span> <span class='ocrx_word' id='word_1_850' title='bbox 2647 4269 2754 4325; x_wconf 86' lang='lat' dir='ltr'><strong>Sed</strong></span> <span class='ocrx_word' id='word_1_851' title='bbox 2781 4269 2825 4325; x_wconf 86' lang='lat' dir='ltr'><strong>si</strong></span> <span class='ocrx_word' id='word_1_852' title='bbox 2855 4285 3037 4325; x_wconf 84' lang='lat' dir='ltr'><strong>verum</strong></span> <span class='ocrx_word' id='word_1_853' title='bbox 3067 4271 3265 4335; x_wconf 91' lang='lat' dir='ltr'><strong>dicunt,</strong></span> <span class='ocrx_word' id='word_1_854' title='bbox 3298 4279 3389 4326; x_wconf 87' lang='lat' dir='ltr'><strong>aut</strong></span> <span class='ocrx_word' id='word_1_855' title='bbox 3409 4272 3678 4326; x_wconf 79' lang='lat' dir='ltr'><strong>andientia</strong></span> 
     </span>
    </p>
   </div>
   <div class='ocr_carea' id='block_1_106' title="bbox 2097 4359 3674 4430">
    <p class='ocr_par' dir='ltr' id='par_1_106' title="bbox 2097 4359 3674 4430">
     <span class='ocr_line' id='line_1_107' title="bbox 2097 4359 3674 4430; baseline -0.002 -14"><span class='ocrx_word' id='word_1_856' title='bbox 2097 4359 2284 4426; x_wconf 88' lang='lat' dir='ltr'><strong>detur,</strong></span> <span class='ocrx_word' id='word_1_857' title='bbox 2315 4369 2404 4414; x_wconf 87' lang='lat' dir='ltr'><strong>aut</strong></span> <span class='ocrx_word' id='word_1_858' title='bbox 2428 4368 2573 4414; x_wconf 90' lang='lat' dir='ltr'><strong>certe</strong></span> <span class='ocrx_word' id='word_1_859' title='bbox 2599 4361 2682 4414; x_wconf 90' lang='lat' dir='ltr'><strong>isti</strong></span> <span class='ocrx_word' id='word_1_860' title='bbox 2708 4360 2803 4430; x_wconf 81' lang='lat' dir='ltr'><strong>ipsi</strong></span> <span class='ocrx_word' id='word_1_861' title='bbox 2833 4361 3090 4429; x_wconf 86' lang='lat' dir='ltr'><strong>episc0pi,</strong></span> <span class='ocrx_word' id='word_1_862' title='bbox 3119 4361 3206 4430; x_wconf 91' lang='lat' dir='ltr'><strong>qui</strong></span> <span class='ocrx_word' id='word_1_863' title='bbox 3233 4376 3372 4416; x_wconf 87' lang='lat' dir='ltr'><strong>mmc</strong></span> <span class='ocrx_word' id='word_1_864' title='bbox 3391 4361 3674 4429; x_wconf 81' lang='lat' dir='ltr'><strong>dissident,</strong></span> 
     </span>
    </p>
   </div>
   <div class='ocr_carea' id='block_1_107' title="bbox 2099 4449 3675 4520">
    <p class='ocr_par' dir='ltr' id='par_1_107' title="bbox 2099 4449 3675 4520">
     <span class='ocr_line' id='line_1_108' title="bbox 2099 4449 3675 4520; baseline 0.001 -16"><span class='ocrx_word' id='word_1_865' title='bbox 2099 4450 2354 4504; x_wconf 89' lang='lat' dir='ltr'><strong>damnent</strong></span> <span class='ocrx_word' id='word_1_866' title='bbox 2379 4466 2496 4520; x_wconf 73' lang='lat' dir='ltr'><strong>qua:</strong></span> <span class='ocrx_word' id='word_1_867' title='bbox 2522 4463 2680 4520; x_wconf 87' lang='lat' dir='ltr'><strong>supra</strong></span> <span class='ocrx_word' id='word_1_868' title='bbox 2711 4449 2817 4504; x_wconf 81' lang='lat' dir='ltr'><strong>dixi</strong></span> <span class='ocrx_word' id='word_1_869' title='bbox 2854 4465 2974 4504; x_wconf 90' lang='lat' dir='ltr'><strong>cum</strong></span> <span class='ocrx_word' id='word_1_870' title='bbox 3003 4450 3306 4506; x_wconf 72' lang='lat' dir='ltr'><strong>Manichzeis</strong></span> <span class='ocrx_word' id='word_1_871' title='bbox 3336 4452 3433 4506; x_wconf 86' lang='lat' dir='ltr'><strong>ista</strong></span> <span class='ocrx_word' id='word_1_872' title='bbox 3461 4461 3675 4516; x_wconf 86' lang='lat' dir='ltr'><strong>tenere,</strong></span> 
     </span>
    </p>
   </div>
   <div class='ocr_carea' id='block_1_108' title="bbox 2097 4539 3678 4610">
    <p class='ocr_par' dir='ltr' id='par_1_108' title="bbox 2097 4539 3678 4610">
     <span class='ocr_line' id='line_1_109' title="bbox 2097 4539 3678 4610; baseline 0 -14"><span class='ocrx_word' id='word_1_873' title='bbox 2097 4542 2235 4596; x_wconf 84' lang='lat' dir='ltr'><strong>sicut</strong></span> <span class='ocrx_word' id='word_1_874' title='bbox 2276 4555 2374 4596; x_wconf 90' lang='lat' dir='ltr'><strong>nos</strong></span> <span class='ocrx_word' id='word_1_875' title='bbox 2405 4541 2502 4596; x_wconf 88' lang='lat' dir='ltr'><strong>ista</strong></span> <span class='ocrx_word' id='word_1_876' title='bbox 2529 4540 2845 4595; x_wconf 89' lang='lat' dir='ltr'><strong>damnamus</strong></span> <span class='ocrx_word' id='word_1_877' title='bbox 2874 4556 2995 4610; x_wconf 77' lang='lat' dir='ltr'><strong>qua:</strong></span> <span class='ocrx_word' id='word_1_878' title='bbox 3036 4539 3104 4594; x_wconf 87' lang='lat' dir='ltr'><strong>de</strong></span> <span class='ocrx_word' id='word_1_879' title='bbox 3149 4541 3302 4596; x_wconf 86' lang='lat' dir='ltr'><strong>nobis</strong></span> <span class='ocrx_word' id='word_1_880' title='bbox 3336 4541 3576 4610; x_wconf 78' lang='lat' dir='ltr'><strong>iactant;</strong></span> <span class='ocrx_word' id='word_1_881' title='bbox 3622 4551 3678 4596; x_wconf 89' lang='lat' dir='ltr'><strong>et</strong></span> 
     </span>
    </p>
   </div>
   <div class='ocr_carea' id='block_1_109' title="bbox 2101 4631 3678 4704">
    <p class='ocr_par' dir='ltr' id='par_1_109' title="bbox 2101 4631 3678 4704">
     <span class='ocr_line' id='line_1_110' title="bbox 2101 4631 3678 4704; baseline -0.001 -17"><span class='ocrx_word' id='word_1_882' title='bbox 2101 4633 2197 4687; x_wconf 80' lang='lat' dir='ltr'><strong>lit&#39;</strong></span> <span class='ocrx_word' id='word_1_883' title='bbox 2237 4633 2390 4704; x_wconf 91' lang='lat' dir='ltr'><strong>plena</strong></span> <span class='ocrx_word' id='word_1_884' title='bbox 2435 4631 2715 4688; x_wconf 88' lang='lat' dir='ltr'><strong>concordia</strong></span> <span class='ocrx_word' id='word_1_885' title='bbox 2755 4649 2768 4686; x_wconf 88' lang='lat'><strong>:</strong></span> <span class='ocrx_word' id='word_1_886' title='bbox 2815 4631 2956 4704; x_wconf 88' lang='lat' dir='ltr'><strong>quod</strong></span> <span class='ocrx_word' id='word_1_887' title='bbox 3004 4632 3048 4686; x_wconf 91' lang='lat' dir='ltr'><strong>si</strong></span> <span class='ocrx_word' id='word_1_888' title='bbox 3082 4631 3298 4695; x_wconf 83' lang='lat' dir='ltr'><strong>nolunt.</strong></span> <span class='ocrx_word' id='word_1_889' title='bbox 3348 4633 3535 4687; x_wconf 89' lang='lat' dir='ltr'><strong>scitote</strong></span> <span class='ocrx_word' id='word_1_890' title='bbox 3581 4647 3678 4686; x_wconf 91' lang='lat' dir='ltr'><strong>eos</strong></span> 
     </span>
    </p>
   </div>
   <div class='ocr_carea' id='block_1_110' title="bbox 2097 4722 3749 4794">
    <p class='ocr_par' dir='ltr' id='par_1_110' title="bbox 2097 4722 3749 4794">
     <span class='ocr_line' id='line_1_111' title="bbox 2097 4722 3749 4794; baseline -0.001 -16"><span class='ocrx_word' id='word_1_891' title='bbox 2097 4738 2218 4778; x_wconf 85' lang='lat' dir='ltr'><strong>esse</strong></span> <span class='ocrx_word' id='word_1_892' title='bbox 2246 4722 2596 4788; x_wconf 71' lang='lat' dir='ltr'><strong>Manichmos,</strong></span> <span class='ocrx_word' id='word_1_893' title='bbox 2627 4731 2680 4777; x_wconf 90' lang='lat' dir='ltr'><strong>et</strong></span> <span class='ocrx_word' id='word_1_894' title='bbox 2703 4722 2772 4778; x_wconf 92' lang='lat' dir='ltr'><strong>ab</strong></span> <span class='ocrx_word' id='word_1_895' title='bbox 2798 4737 2982 4778; x_wconf 88' lang='lat' dir='ltr'><strong>eorum</strong></span> <span class='ocrx_word' id='word_1_896' title='bbox 3020 4737 3116 4776; x_wconf 89' lang='lat' dir='ltr'><strong>vos</strong></span> <span class='ocrx_word' id='word_1_897' title='bbox 3149 4723 3412 4778; x_wconf 76' lang='lat' dir='ltr'><strong>abstinete</strong></span> <span class='ocrx_word' id='word_1_898' title='bbox 3449 4739 3675 4776; x_wconf 86' lang='lat' dir='ltr'><strong>consor-</strong></span> <span class='ocrx_word' id='word_1_899' title='bbox 3727 4784 3749 4794; x_wconf 40' lang='grc' dir='ltr'><strong>ρ</strong></span> 
     </span>
    </p>
   </div>
   <div class='ocr_carea' id='block_1_111' title="bbox 2097 4813 3673 4882">
    <p class='ocr_par' dir='ltr' id='par_1_111' title="bbox 2097 4813 3673 4882">
     <span class='ocr_line' id='line_1_112' title="bbox 2097 4813 3673 4882; baseline -0.002 -13"><span class='ocrx_word' id='word_1_900' title='bbox 2097 4815 2219 4880; x_wconf 89' lang='lat' dir='ltr'><strong>tiis;</strong></span> <span class='ocrx_word' id='word_1_901' title='bbox 2257 4832 2276 4867; x_wconf 73' lang='grc' dir='ltr'>ι</span> <span class='ocrx_word' id='word_1_902' title='bbox 2311 4813 2757 4870; x_wconf 88' lang='lat' dir='ltr'><strong>contemnendum</strong></span> <span class='ocrx_word' id='word_1_903' title='bbox 2796 4821 2880 4869; x_wconf 91' lang='lat' dir='ltr'><strong>est</strong></span> <span class='ocrx_word' id='word_1_904' title='bbox 2909 4813 3082 4882; x_wconf 85' lang='lat' dir='ltr'><strong>potius</strong></span> <span class='ocrx_word' id='word_1_905' title='bbox 3123 4829 3280 4882; x_wconf 87' lang='lat' dir='ltr'><strong>quam</strong></span> <span class='ocrx_word' id='word_1_906' title='bbox 3309 4813 3673 4866; x_wconf 69' lang='lat' dir='ltr'><strong>refellendum.</strong></span> 
     </span>
    </p>
   </div>
   <div class='ocr_carea' id='block_1_112' title="bbox 2097 4904 3678 4975">
    <p class='ocr_par' dir='ltr' id='par_1_112' title="bbox 2097 4904 3678 4975">
     <span class='ocr_line' id='line_1_113' title="bbox 2097 4904 3678 4975; baseline 0.001 -16"><span class='ocrx_word' id='word_1_907' title='bbox 2097 4906 2227 4975; x_wconf 86' lang='lat' dir='ltr'><strong>Quis</strong></span> <span class='ocrx_word' id='word_1_908' title='bbox 2263 4907 2403 4962; x_wconf 90' lang='lat' dir='ltr'><strong>enim</strong></span> <span class='ocrx_word' id='word_1_909' title='bbox 2435 4915 2674 4960; x_wconf 87' lang='lat' dir='ltr'><strong>nostrum</strong></span> <span class='ocrx_word' id='word_1_910' title='bbox 2715 4905 2924 4960; x_wconf 89' lang='lat' dir='ltr'><strong>dubitat</strong></span> <span class='ocrx_word' id='word_1_911' title='bbox 2961 4904 3243 4959; x_wconf 86' lang='lat' dir='ltr'><strong>anathema</strong></span> <span class='ocrx_word' id='word_1_912' title='bbox 3286 4905 3466 4961; x_wconf 87' lang='lat' dir='ltr'><strong>dicere</strong></span> <span class='ocrx_word' id='word_1_913' title='bbox 3507 4905 3678 4960; x_wconf 81' lang='lat' dir='ltr'><strong>Mani-</strong></span> 
     </span>
    </p>
   </div>
   <div class='ocr_carea' id='block_1_113' title="bbox 2097 4995 3679 5067">
    <p class='ocr_par' dir='ltr' id='par_1_113' title="bbox 2097 4995 3679 5067">
     <span class='ocr_line' id='line_1_114' title="bbox 2097 4995 3679 5067; baseline 0 -15"><span class='ocrx_word' id='word_1_914' title='bbox 2097 4998 2258 5052; x_wconf 67' lang='lat' dir='ltr'><strong>chmis</strong></span> <span class='ocrx_word' id='word_1_915' title='bbox 2284 5039 2300 5062; x_wconf 91' lang='lat'><strong>,</strong></span> <span class='ocrx_word' id='word_1_916' title='bbox 2330 4997 2418 5067; x_wconf 91' lang='lat' dir='ltr'><strong>qui</strong></span> <span class='ocrx_word' id='word_1_917' title='bbox 2445 4996 2625 5051; x_wconf 86' lang='lat' dir='ltr'><strong>dicuu’t</strong></span> <span class='ocrx_word' id='word_1_918' title='bbox 2646 5011 2675 5049; x_wconf 89' lang='lat' dir='ltr'><strong>a</strong></span> <span class='ocrx_word' id='word_1_919' title='bbox 2707 4995 2847 5051; x_wconf 92' lang='lat' dir='ltr'><strong>bono</strong></span> <span class='ocrx_word' id='word_1_920' title='bbox 2873 4997 2981 5050; x_wconf 90' lang='lat' dir='ltr'><strong>Deo</strong></span> <span class='ocrx_word' id='word_1_921' title='bbox 3003 5011 3102 5052; x_wconf 80' lang='lat' dir='ltr'><strong>nrc</strong></span> <span class='ocrx_word' id='word_1_922' title='bbox 3140 4995 3384 5052; x_wconf 87' lang='lat' dir='ltr'><strong>homines</strong></span> <span class='ocrx_word' id='word_1_923' title='bbox 3403 5039 3416 5062; x_wconf 91' lang='lat'><strong>,</strong></span> <span class='ocrx_word' id='word_1_924' title='bbox 3449 5012 3549 5052; x_wconf 87' lang='lat' dir='ltr'><strong>nec</strong></span> <span class='ocrx_word' id='word_1_925' title='bbox 3579 5014 3679 5052; x_wconf 87' lang='lat' dir='ltr'><strong>nu-</strong></span> 
     </span>
    </p>
   </div>
   <div class='ocr_carea' id='block_1_114' title="bbox 2100 5087 3678 5160">
    <p class='ocr_par' dir='ltr' id='par_1_114' title="bbox 2100 5087 3678 5160">
     <span class='ocr_line' id='line_1_115' title="bbox 2100 5087 3678 5160; baseline 0.001 -18"><span class='ocrx_word' id='word_1_926' title='bbox 2100 5090 2235 5158; x_wconf 88' lang='lat' dir='ltr'><strong>ptias</strong></span> <span class='ocrx_word' id='word_1_927' title='bbox 2272 5089 2572 5153; x_wconf 86' lang='lat' dir='ltr'><strong>institutas,</strong></span> <span class='ocrx_word' id='word_1_928' title='bbox 2597 5103 2697 5142; x_wconf 89' lang='lat' dir='ltr'><strong>nec</strong></span> <span class='ocrx_word' id='word_1_929' title='bbox 2721 5088 2891 5157; x_wconf 89' lang='lat' dir='ltr'><strong>legem</strong></span> <span class='ocrx_word' id='word_1_930' title='bbox 2913 5087 3122 5151; x_wconf 89' lang='lat' dir='ltr'><strong>datam,</strong></span> <span class='ocrx_word' id='word_1_931' title='bbox 3173 5103 3293 5158; x_wconf 77' lang='lat' dir='ltr'><strong>quze</strong></span> <span class='ocrx_word' id='word_1_932' title='bbox 3330 5105 3423 5158; x_wconf 82' lang='lat' dir='ltr'><strong>per</strong></span> <span class='ocrx_word' id='word_1_933' title='bbox 3463 5089 3678 5160; x_wconf 80' lang='lat' dir='ltr'><strong>Moysen</strong></span> 
     </span>
    </p>
   </div>
   <div class='ocr_carea' id='block_1_115' title="bbox 2099 5180 3679 5253">
    <p class='ocr_par' dir='ltr' id='par_1_115' title="bbox 2099 5180 3679 5253">
     <span class='ocr_line' id='line_1_116' title="bbox 2099 5180 3679 5253; baseline 0 -17"><span class='ocrx_word' id='word_1_934' title='bbox 2099 5181 2322 5237; x_wconf 65' lang='lat' dir='ltr'><strong>llebraao</strong></span> <span class='ocrx_word' id='word_1_935' title='bbox 2345 5181 2543 5253; x_wconf 86' lang='lat' dir='ltr'><strong>populo</strong></span> <span class='ocrx_word' id='word_1_936' title='bbox 2569 5181 2864 5235; x_wconf 89' lang='lat' dir='ltr'><strong>ministrata</strong></span> <span class='ocrx_word' id='word_1_937' title='bbox 2886 5189 2968 5236; x_wconf 88' lang='lat' dir='ltr'><strong>est</strong></span> <span class='ocrx_word' id='word_1_938' title='bbox 2993 5180 3016 5234; x_wconf 77' lang='lat'><strong>‘3</strong></span> <span class='ocrx_word' id='word_1_939' title='bbox 3039 5180 3144 5236; x_wconf 92' lang='lat' dir='ltr'><strong>Sed</strong></span> <span class='ocrx_word' id='word_1_940' title='bbox 3174 5191 3227 5235; x_wconf 93' lang='lat' dir='ltr'><strong>et</strong></span> <span class='ocrx_word' id='word_1_941' title='bbox 3256 5181 3550 5250; x_wconf 86' lang='lat' dir='ltr'><strong>Pelagianis</strong></span> <span class='ocrx_word' id='word_1_942' title='bbox 3573 5199 3679 5237; x_wconf 91' lang='lat' dir='ltr'><strong>non</strong></span> 
     </span>
    </p>
   </div>
   <div class='ocr_carea' id='block_1_116' title="bbox 2100 5270 3680 5340">
    <p class='ocr_par' dir='ltr' id='par_1_116' title="bbox 2100 5270 3680 5340">
     <span class='ocr_line' id='line_1_117' title="bbox 2100 5270 3680 5340; baseline 0 -14"><span class='ocrx_word' id='word_1_943' title='bbox 2100 5272 2366 5326; x_wconf 88' lang='lat' dir='ltr'><strong>immerito</strong></span> <span class='ocrx_word' id='word_1_944' title='bbox 2401 5270 2684 5326; x_wconf 87' lang='lat' dir='ltr'><strong>anathema</strong></span> <span class='ocrx_word' id='word_1_945' title='bbox 2731 5270 2996 5338; x_wconf 86' lang='lat' dir='ltr'><strong>dicimus,</strong></span> <span class='ocrx_word' id='word_1_946' title='bbox 3029 5271 3118 5340; x_wconf 91' lang='lat' dir='ltr'><strong>qui</strong></span> <span class='ocrx_word' id='word_1_947' title='bbox 3164 5279 3269 5325; x_wconf 89' lang='lat' dir='ltr'><strong>tam</strong></span> <span class='ocrx_word' id='word_1_948' title='bbox 3313 5280 3438 5326; x_wconf 91' lang='lat' dir='ltr'><strong>sunt</strong></span> <span class='ocrx_word' id='word_1_949' title='bbox 3481 5271 3680 5326; x_wconf 79' lang='lat' dir='ltr'><strong>inimici</strong></span> 
     </span>
    </p>
   </div>
   <div class='ocr_carea' id='block_1_117' title="bbox 2098 5361 3678 5434">
    <p class='ocr_par' dir='ltr' id='par_1_117' title="bbox 2098 5361 3678 5434">
     <span class='ocr_line' id='line_1_118' title="bbox 2098 5361 3678 5434; baseline 0.001 -16"><span class='ocrx_word' id='word_1_950' title='bbox 2098 5364 2281 5434; x_wconf 74' lang='lat' dir='ltr'><strong>gratia:</strong></span> <span class='ocrx_word' id='word_1_951' title='bbox 2306 5362 2428 5430; x_wconf 89' lang='lat' dir='ltr'><strong>Dei,</strong></span> <span class='ocrx_word' id='word_1_952' title='bbox 2449 5378 2568 5432; x_wconf 78' lang='lat' dir='ltr'><strong>qua:</strong></span> <span class='ocrx_word' id='word_1_953' title='bbox 2593 5362 2738 5417; x_wconf 88' lang='lat' dir='ltr'><strong>venit</strong></span> <span class='ocrx_word' id='word_1_954' title='bbox 2763 5377 2859 5432; x_wconf 88' lang='lat' dir='ltr'><strong>per</strong></span> <span class='ocrx_word' id='word_1_955' title='bbox 2886 5361 3070 5418; x_wconf 86' lang='lat' dir='ltr'><strong>Jesum</strong></span> <span class='ocrx_word' id='word_1_956' title='bbox 3097 5362 3370 5418; x_wconf 87' lang='lat' dir='ltr'><strong>Christum</strong></span> <span class='ocrx_word' id='word_1_957' title='bbox 3401 5365 3678 5419; x_wconf 86' lang='lat' dir='ltr'><strong>Dominum</strong></span> 
     </span>
    </p>
   </div>
   <div class='ocr_carea' id='block_1_118' title="bbox 2100 5452 3682 5526">
    <p class='ocr_par' dir='ltr' id='par_1_118' title="bbox 2100 5452 3682 5526">
     <span class='ocr_line' id='line_1_119' title="bbox 2100 5452 3682 5526; baseline -0.001 -17"><span class='ocrx_word' id='word_1_958' title='bbox 2100 5465 2340 5510; x_wconf 86' lang='lat' dir='ltr'><strong>nostrum</strong></span> <span class='ocrx_word' id='word_1_959' title='bbox 2367 5454 2386 5525; x_wconf 97' lang='lat'>(</span> <span class='ocrx_word' id='word_1_960' title='bbox 2418 5453 2568 5508; x_wconf 85' lang='lat' dir='ltr'><strong>Rom.</strong></span> <span class='ocrx_word' id='word_1_961' title='bbox 2593 5469 2688 5518; x_wconf 86' lang='lat' dir='ltr'><strong>vn,</strong></span> <span class='ocrx_word' id='word_1_962' title='bbox 2717 5453 2788 5510; x_wconf 71' lang='grc'><strong>25</strong></span> <span class='ocrx_word' id='word_1_963' title='bbox 2809 5452 2830 5526; x_wconf 91' lang='grc'><strong>)</strong></span> <span class='ocrx_word' id='word_1_964' title='bbox 2850 5495 2864 5518; x_wconf 85' lang='grc'>,</span> <span class='ocrx_word' id='word_1_965' title='bbox 2893 5462 2954 5509; x_wconf 91' lang='lat' dir='ltr'><strong>ut</strong></span> <span class='ocrx_word' id='word_1_966' title='bbox 2977 5469 3094 5509; x_wconf 90' lang='lat' dir='ltr'><strong>eam</strong></span> <span class='ocrx_word' id='word_1_967' title='bbox 3122 5455 3298 5509; x_wconf 87' lang='lat' dir='ltr'><strong>dicant</strong></span> <span class='ocrx_word' id='word_1_968' title='bbox 3334 5471 3436 5509; x_wconf 91' lang='lat' dir='ltr'><strong>non</strong></span> <span class='ocrx_word' id='word_1_969' title='bbox 3477 5455 3640 5526; x_wconf 86' lang='lat' dir='ltr'><strong>gratis</strong></span> <span class='ocrx_word' id='word_1_970' title='bbox 3665 5495 3682 5516; x_wconf 62' lang='grc' dir='ltr'><strong>ι</strong></span> 
     </span>
    </p>
   </div>
   <div class='ocr_carea' id='block_1_119' title="bbox 2101 5544 3681 5616">
    <p class='ocr_par' dir='ltr' id='par_1_119' title="bbox 2101 5544 3681 5616">
     <span class='ocr_line' id='line_1_120' title="bbox 2101 5544 3681 5616; baseline -0.003 -16"><span class='ocrx_word' id='word_1_971' title='bbox 2101 5545 2195 5600; x_wconf 87' lang='lat' dir='ltr'><strong>sed</strong></span> <span class='ocrx_word' id='word_1_972' title='bbox 2225 5545 2514 5599; x_wconf 88' lang='lat' dir='ltr'><strong>secundum</strong></span> <span class='ocrx_word' id='word_1_973' title='bbox 2541 5547 2728 5598; x_wconf 89' lang='lat' dir='ltr'><strong>merita</strong></span> <span class='ocrx_word' id='word_1_974' title='bbox 2757 5554 2934 5599; x_wconf 86' lang='lat' dir='ltr'><strong>nostra</strong></span> <span class='ocrx_word' id='word_1_975' title='bbox 2962 5544 3073 5599; x_wconf 90' lang='lat' dir='ltr'><strong>dari</strong></span> <span class='ocrx_word' id='word_1_976' title='bbox 3092 5587 3106 5609; x_wconf 87' lang='lat'><strong>,</strong></span> <span class='ocrx_word' id='word_1_977' title='bbox 3150 5561 3213 5599; x_wconf 88' lang='lat' dir='ltr'><strong>ac</strong></span> <span class='ocrx_word' id='word_1_978' title='bbox 3237 5547 3314 5600; x_wconf 86' lang='lat' dir='ltr'><strong>sic</strong></span> <span class='ocrx_word' id='word_1_979' title='bbox 3351 5546 3516 5616; x_wconf 67' lang='lat' dir='ltr'><strong>gratia</strong></span> <span class='ocrx_word' id='word_1_980' title='bbox 3563 5545 3681 5612; x_wconf 84' lang='lat' dir='ltr'><strong>jam</strong></span> 
     </span>
    </p>
   </div>
   <div class='ocr_carea' id='block_1_120' title="bbox 2102 5633 3684 5706">
    <p class='ocr_par' dir='ltr' id='par_1_120' title="bbox 2102 5633 3684 5706">
     <span class='ocr_line' id='line_1_121' title="bbox 2102 5633 3684 5706; baseline -0.004 -15"><span class='ocrx_word' id='word_1_981' title='bbox 2102 5651 2208 5691; x_wconf 88' lang='lat' dir='ltr'><strong>non</strong></span> <span class='ocrx_word' id='word_1_982' title='bbox 2242 5636 2311 5691; x_wconf 91' lang='lat' dir='ltr'><strong>sit</strong></span> <span class='ocrx_word' id='word_1_983' title='bbox 2352 5635 2520 5706; x_wconf 81' lang='lat' dir='ltr'><strong>gratia</strong></span> <span class='ocrx_word' id='word_1_984' title='bbox 2565 5633 2692 5704; x_wconf 82' lang='lat' dir='ltr'><strong>(Id.</strong></span> <span class='ocrx_word' id='word_1_985' title='bbox 2721 5651 2774 5689; x_wconf 75' lang='grc' dir='ltr'>χι</span> <span class='ocrx_word' id='word_1_986' title='bbox 2799 5677 2814 5700; x_wconf 86' lang='grc'><em>,</em></span> <span class='ocrx_word' id='word_1_987' title='bbox 2838 5634 2910 5705; x_wconf 82' lang='grc'>6)</span> <span class='ocrx_word' id='word_1_988' title='bbox 2944 5653 2959 5701; x_wconf 90' lang='lat'><strong>;</strong></span> <span class='ocrx_word' id='word_1_989' title='bbox 2997 5643 3304 5706; x_wconf 89' lang='lat' dir='ltr'><strong>tantumque</strong></span> <span class='ocrx_word' id='word_1_990' title='bbox 3349 5634 3684 5690; x_wconf 82' lang='lat' dir='ltr'><strong>constituunt</strong></span> 
     </span>
    </p>
   </div>
   <div class='ocr_carea' id='block_1_121' title="bbox 2167 5751 3683 5828">
    <p class='ocr_par' dir='ltr' id='par_1_121' title="bbox 2167 5751 3683 5828">
     <span class='ocr_line' id='line_1_122' title="bbox 2167 5751 3683 5828; baseline -0.007 -12"><span class='ocrx_word' id='word_1_991' title='bbox 2167 5771 2181 5801; x_wconf 86' lang='grc'>¹</span> <span class='ocrx_word' id='word_1_992' title='bbox 2219 5768 2424 5818; x_wconf 65' lang='lat' dir='ltr'><strong>vaticani</strong></span> <span class='ocrx_word' id='word_1_993' title='bbox 2459 5772 2599 5816; x_wconf 68' lang='lat' dir='ltr'><strong>Mss:</strong></span> <span class='ocrx_word' id='word_1_994' title='bbox 2628 5763 2716 5826; x_wconf 77' lang='lat' dir='ltr'><strong>(mi</strong></span> <span class='ocrx_word' id='word_1_995' title='bbox 2750 5763 3017 5828; x_wconf 78' lang='lat' dir='ltr'><strong>baptizatus</strong></span> <span class='ocrx_word' id='word_1_996' title='bbox 3067 5763 3212 5827; x_wconf 81' lang='lat' dir='ltr'><strong>fuerit</strong></span> <span class='ocrx_word' id='word_1_997' title='bbox 3251 5763 3481 5818; x_wconf 85' lang='lat' dir='ltr'><strong>credens,</strong></span> <span class='ocrx_word' id='word_1_998' title='bbox 3506 5751 3683 5805; x_wconf 62' lang='lat' dir='ltr'><strong>salvus</strong></span> 
     </span>
    </p>
   </div>
   <div class='ocr_carea' id='block_1_122' title="bbox 2100 5837 3220 5947">
    <p class='ocr_par' dir='ltr' id='par_1_122' title="bbox 2100 5837 3220 5947">
     <span class='ocr_line' id='line_1_123' title="bbox 2100 5837 3220 5947; baseline -0.004 -11"><span class='ocrx_word' id='word_1_999' title='bbox 2100 5837 2295 5938; x_wconf 30' lang='lat' dir='ltr'><strong>earl-2r.</strong></span> <span class='ocrx_word' id='word_1_1000' title='bbox 2323 5899 2368 5939; x_wconf 93' lang='lat' dir='ltr'><strong>et</strong></span> <span class='ocrx_word' id='word_1_1001' title='bbox 2397 5897 2526 5942; x_wconf 67' lang='grc' dir='ltr'><strong>ιον..</strong></span> <span class='ocrx_word' id='word_1_1002' title='bbox 2549 5893 2592 5937; x_wconf 83' lang='lat' dir='ltr'><strong>et</strong></span> <span class='ocrx_word' id='word_1_1003' title='bbox 2618 5887 2696 5938; x_wconf 74' lang='lat' dir='ltr'><strong>sit.</strong></span> <span class='ocrx_word' id='word_1_1004' title='bbox 2725 5897 2825 5941; x_wconf 71' lang='lat' dir='ltr'><strong>Ani.</strong></span> <span class='ocrx_word' id='word_1_1005' title='bbox 2849 5898 2899 5938; x_wconf 86' lang='lat' dir='ltr'><strong>et</strong></span> <span class='ocrx_word' id='word_1_1006' title='bbox 2924 5896 3050 5938; x_wconf 60' lang='lat' dir='ltr'><strong>Mss...</strong></span> <span class='ocrx_word' id='word_1_1007' title='bbox 3081 5892 3124 5932; x_wconf 75' lang='lat' dir='ltr'><strong>et</strong></span> <span class='ocrx_word' id='word_1_1008' title='bbox 3144 5883 3220 5947; x_wconf 76' lang='lat' dir='ltr'><strong>ﬁt.</strong></span> 
     </span>
    </p>
   </div>
  </div>
