4144 6546
464 504 732 557 voluntate
753 542 768 566 ,
795 499 951 555 simili
976 498 1203 553 vanitate
1231 512 1245 559 ;
1275 496 1504 566 separati
1530 495 1779 564 Opinione
1802 494 2032 561 diversa,

462 594 553 649 sed
582 590 858 663 propinqui
884 598 1061 644 mente
1088 576 1354 656 perversa.

531 686 585 740 5.
613 683 727 739 Jam
751 696 878 736 vero
900 682 1120 752 gratiam
1150 678 1347 734 Christi
1371 678 1529 734 simul
1556 688 1864 748 oppugnant
1884 719 1897 740 .
1928 678 2032 733 Ba-

460 782 705 846 ptismutn
749 772 865 842 ejus
910 770 1064 824 simul
1104 778 1393 831 evacuant,
1448 783 1661 823 carnem
1712 767 1827 836 ejus
1872 768 2031 823 simul

459 865 823 927 exhonorant;
852 860 946 916 sed
972 860 1130 913 etiam
1158 858 1270 913 hzec
1292 857 1463 912 modis
1486 857 1767 926 causisque
1786 856 2028 911 diversis.

457 955 587 1011 Nam
610 952 881 1009 Manichtei
907 950 1108 1005 meritis
1134 958 1335 1003 natura:
1356 947 1529 1013 bonae,
1557 946 1822 1017 Pelagiani
1854 957 2030 1001 autem

458 1048 659 1103 meritis
697 1043 981 1101 voluntatis
1008 1042 1195 1108 boote,
1242 1040 1522 1119 perhibent
1561 1038 1812 1094 divinitus
1840 1040 2030 1093 subve-

458 1140 580 1195 niri.
624 1138 701 1194 llli
743 1137 966 1202 dicunt,
1012 1134 1174 1189 Debet
1219 1133 1322 1188 hoc
1365 1133 1506 1187 Deus
1549 1131 1818 1185 laboribus
1860 1147 2030 1186 mem-

458 1236 668 1286 brorum
713 1242 929 1282 suorum
965 1242 979 1280 :
1012 1225 1094 1279 isti
1124 1224 1339 1289 dicunt,
1373 1223 1545 1279 Debet
1572 1223 1674 1277 hoc
1696 1223 1835 1276 Deus
1861 1222 2028 1276 virtu-

457 1323 593 1376 tibus
636 1332 914 1374 servorum
955 1331 1191 1371 suorum.
1227 1314 1480 1385 Utrisque
1505 1327 1636 1383 ergo
1673 1328 1880 1368 merces
1925 1328 2029 1368 non

456 1414 742 1483 imputatur
764 1406 1050 1464 secundum
1076 1407 1299 1477 gratiam
1319 1447 1335 1472 ,
1362 1405 1456 1461 sed
1483 1404 1772 1459 secundum
1793 1404 2027 1459 debitum

455 1503 631 1573 (Rom.
663 1518 735 1565 IV,
763 1501 842 1572 ι).
889 1499 1161 1554 Manichzei
1200 1499 1466 1553 lavacrum
1498 1495 1912 1567 regenerationis
1934 1536 1947 1558 ,
1976 1494 2028 1548 id

454 1604 535 1649 est
557 1634 572 1659 ,
600 1608 790 1663 aquam
832 1592 999 1662 ipsam
1030 1590 1213 1645 dicunt
1238 1605 1357 1645 esse
1375 1588 1715 1660 superfluam,
1748 1602 1847 1643 nec
1870 1586 2029 1657 prod-

453 1701 572 1741 esse
616 1684 816 1754 aliquid
872 1683 1093 1755 profano
1139 1684 1298 1740 corde
1338 1683 1661 1739 contendunt
1707 1700 1720 1736 :
1761 1678 2029 1751 Pelagiani

452 1785 626 1830 autem
648 1817 663 1840 ,
704 1775 845 1845 quod
891 1775 941 1829 in
970 1790 1124 1831 sacro
1162 1775 1483 1845 Baptismate
1511 1773 1577 1827 ad
1607 1771 1864 1841 expianda
1906 1785 2028 1841 pec-

452 1876 566 1920 cata
586 1866 778 1921 dicitur
804 1870 845 1931 ι,
873 1865 999 1920 nihil
1024 1865 1272 1934 opitulari
1296 1863 1585 1919 infantibus
1611 1863 1813 1917 nullum
1838 1876 2026 1931 pecca-

454 1966 567 2012 tum
615 1957 932 2012 habentibus
979 1965 1246 2010 asserunt.
1297 1957 1375 2011 Ac
1417 1970 1512 2025 per
1556 1954 1657 2009 hoc
1697 1955 1750 2009 in
1796 1953 2028 2023 parvulis

459 2048 817 2118 baptizandis,
855 2057 1109 2118 quantum
1148 2046 1212 2100 ad
1241 2046 1608 2101 remissionem
1632 2046 1820 2101 attinet
1845 2060 2029 2115 pecca-

456 2150 627 2195 torum
653 2182 668 2207 ,
711 2140 981 2195 Manichasi
1004 2140 1210 2195 visibile
1231 2140 1508 2194 destruunt
1532 2139 1853 2194 elementum
1882 2156 1897 2193 :
1922 2139 2025 2193 Pe-

454 2231 641 2302 lagiani
682 2238 858 2286 autem
899 2231 1058 2286 etiam
1099 2230 1360 2285 invisibile
1396 2238 1809 2286 sacramentum.
1854 2228 2025 2283 Mani-

452 2322 584 2376 cha'i
627 2335 840 2376 carnem
884 2320 1079 2376 Chsisti
1121 2319 1496 2386 exhonorant,
1543 2328 1752 2391 partum
1797 2318 2028 2389 Virginis

455 2412 869 2483 blasphemando
893 2415 954 2478 ²;
996 2413 1261 2483 Pelagiani
1305 2422 1481 2468 autem
1522 2428 1737 2468 carnem
1760 2412 2025 2469 redimen-

456 2504 641 2559 dorum
662 2506 809 2560 carni
829 2504 1200 2576 Redemptoris
1217 2505 1495 2575 mquando.
1526 2505 1811 2575 Propterea
1832 2504 2027 2575 quippe

454 2607 607 2650 natus
649 2604 732 2650 est
757 2594 1018 2661 Christus,
1046 2612 1151 2650 non
1192 2597 1370 2666 utique
1399 2596 1452 2650 in
1476 2610 1636 2651 carne
1667 2595 1901 2665 peccati,
1931 2595 2025 2651 sed

454 2686 503 2738 in
525 2684 868 2741 similitudine
892 2686 1069 2739 carnis
1092 2685 1293 2754 peccati
1324 2684 1433 2756 (Id.
1463 2701 1582 2748 vni,
1605 2685 1662 2757 5)
1679 2726 1694 2747 .
1727 2685 1848 2756 quia
1868 2694 2027 2741 czete—

453 2791 631 2830 rorum
661 2774 930 2829 hominum
953 2775 1189 2830 nascitur
1210 2790 1336 2831 caro
1360 2777 1583 2845 peccati.
1606 2776 1879 2832 Manicbmi
1897 2791 2047 2846 ergo.

453 2883 663 2923 omnem
692 2883 909 2923 carnem
957 2868 1164 2938 penitus
1189 2868 1512 2924 detestantes
1532 2910 1548 2934 ,
1596 2868 1841 2925 auferunt
1879 2869 2025 2924 carni

452 2960 644 3014 Christi
676 2960 1002 3030 perspicuam
1025 2960 1301 3015 veritatem
1333 2978 1348 3015 :
1377 2959 1644 3031 Pelagiani
1672 2974 1799 3016 vero
1826 2959 2025 3036 nullam

453 3068 665 3106 earncm
710 3052 911 3122 peccati
956 3052 1100 3105 naSci
1144 3059 1546 3118 asseverantes,
1592 3050 1839 3107 auferunt
1877 3050 2024 3106 carni

455 3143 646 3197 (Lhristi
677 3143 940 3213 propriam
963 3143 1292 3212 dignitatem.

522 3234 575 3288 4.
616 3233 869 3288 Desinant
904 3233 1081 3302 itaque
1124 3232 1387 3303 Pelagiani
1423 3231 1710 3288 (‘atholicis
1755 3231 2025 3302 objectare

453 3326 591 3394 quod
626 3341 727 3379 non
765 3333 925 3388 sunt,
971 3325 1064 3381 sed
1113 3325 1211 3396 ipsi
1246 3325 1422 3395 potius
1464 3323 1710 3379 festinent
1741 3324 2027 3381 emendare

452 3417 591 3486 quod
634 3425 759 3471 sunt
781 3415 802 3447 ³
830 3433 844 3469 :
874 3430 973 3471 nec
1017 3415 1139 3471 ideo
1174 3430 1233 3470 sc
1270 3415 1435 3471 velint
1478 3414 1660 3470 haberi
1688 3414 1711 3446 δ
1746 3415 2022 3481 amabiles,

453 3511 572 3581 quia
613 3509 800 3564 odioso
837 3508 1247 3564 Manichaeorum
1295 3508 1643 3564 adversantur
1681 3509 1889 3573 errori;
1932 3508 2027 3563 sed

458 3600 646 3654 merito
663 3613 723 3654 se
746 3607 1034 3670 agnoscant
1054 3598 1309 3663 odibilcs,
1337 3598 1458 3668 quia
1478 3613 1631 3653 suum
1656 3614 1762 3653 non
1784 3613 2030 3653 aversan-

455 3704 540 3746 tur
566 3706 825 3748 errorem.
871 3692 1099 3746 Possunt
1117 3690 1257 3745 enim
1286 3689 1393 3745 duo
1417 3705 1629 3746 errores
1669 3690 1808 3745 inter
1829 3705 1888 3744 se
1909 3705 2029 3743 esse

455 3782 728 3849 contrarii,
756 3781 852 3837 sed
879 3780 1040 3835 ambo
1062 3790 1187 3835 sunt
1218 3779 1534 3843 detestandi,
1574 3780 1693 3850 quia
1723 3789 1845 3833 sunt
1869 3780 2028 3833 ambo

454 3875 703 3929 contrarii
748 3873 978 3929 veritati.
1022 3872 1152 3927 Nam
1202 3873 1246 3925 si
1294 3882 1573 3942 pr0pterea
1617 3880 1739 3925 sunt
1777 3869 2029 3939 diligendi

458 3964 762 4032 Pelagiani,
801 3964 923 4032 quia
961 3962 1193 4017 oderunt
1218 3959 1575 4027 Manichaeos;
1620 3961 1877 4031 diligendi
1906 3968 2031 4015 sunt

456 4072 505 4114 et
535 4058 808 4115 Manichtei
832 4100 848 4122 ,
893 4057 1014 4127 quia
1048 4056 1278 4111 oderunt
1304 4055 1632 4124 Pelagianos.
1666 4055 1770 4109 Sed
1798 4054 1936 4108 absit
1975 4062 2032 4108 ut

454 4150 722 4204 Catholica
774 4156 943 4203 mater
980 4156 1195 4218 propter
1233 4148 1519 4201 alterorum
1566 4146 1782 4211 odium,
1833 4146 2031 4200 alteros

457 4241 616 4311 eligat
648 4254 828 4295 amare
859 4256 872 4293 :
900 4252 1021 4293 cum
1046 4245 1295 4292 monente
1315 4245 1474 4307 atque
1500 4236 1781 4305 adjuvante
1807 4235 2032 4290 Domine

458 4330 649 4385 debeat
676 4337 929 4398 utrosque
951 4329 1141 4393 vitare,
1167 4336 1223 4382 et
1257 4327 1437 4398 cupiat
1464 4337 1719 4397 utrosque
1747 4341 1956 4381 sanare.

527 4418 752 4475 CAPUT
800 4417 886 4473 lll.
935 4446 1010 4459 —
1064 4418 1124 4476 5.
1171 4417 1435 4473 Calumuia
1488 4416 1880 4489 Pelagianorum
1930 4418 2025 4470 ad-

458 4527 627 4566 versus
671 4509 917 4565 Romana:
958 4506 1203 4564 Ecclesia
1251 4510 1480 4564 clericos.
1524 4508 1659 4577 Quin
1712 4510 1875 4566 etiam
1922 4510 2033 4563 Ro—

460 4617 646 4659 manos
686 4602 910 4658 clericos
957 4609 1222 4673 arguunt,
1264 4602 1595 4669 scribentes,
1650 4618 1671 4654 ι
1704 4617 1799 4658 eos
1840 4601 2035 4671 jnssio-

463 4693 548 4748 nis
586 4701 792 4751 terrore
821 4690 1094 4765 perculsos
1132 4707 1238 4747 non
1265 4693 1542 4748 erubuisse
1587 4692 2034 4762 pmvaricationis

460 4789 659 4844 crimen
674 4787 974 4850 admittere,
998 4793 1056 4839 ut
1073 4795 1259 4840 contra
1281 4785 1508 4854 priorem
1530 4784 1846 4841 sententiam
1861 4799 2034 4851 suam,

461 4893 564 4948 qua
588 4878 752 4948 gestis
779 4876 1041 4933 catholico
1065 4874 1298 4944 dogmati
1323 4873 1600 4929 adfuerant
1624 4916 1640 4940 ,
1683 4886 1868 4945 postea
1907 4889 2035 4943 pro.

465 4971 768 5025 nuntiarent
811 4968 1005 5023 malam
1058 4967 1331 5021 hominum
1379 4980 1500 5022 esse
1550 4975 1814 5022 naturam.
1850 4986 1870 5019 s
1926 4966 2038 5021 lmo

466 5076 592 5116 vero
611 5060 878 5130 Pelagiani
907 5073 1003 5129 spe
1039 5057 1167 5113 falsa
1191 5066 1539 5127 putaverant.
1583 5072 1778 5111 novum
1803 5066 1857 5113 et
1880 5072 2040 5113 exse-

466 5151 663 5206 crabile
704 5150 895 5220 dogma
923 5148 1261 5219 Pelagianum
1306 5148 1390 5204 vel
1414 5146 1792 5205 leestianum
1823 5162 2041 5217 persua-

466 5245 581 5297 deri
630 5240 981 5313 quorumdam
1026 5239 1388 5294 Romanorum
1445 5237 2039 5294 catholicis-mentibus

470 5351 660 5405 posse;
700 5333 913 5405 quando
950 5333 1036 5389 illa
1065 5332 1306 5403 ingenia.
1345 5334 1588 5402 quamvis
1607 5330 1837 5386 nefando
1860 5345 2042 5385 errore
2090 5360 2105 5381 ι

547 5595 563 5630 ί
589 5593 792 5642 valicanl
812 5598 938 5649 λιες,
961 5588 1123 5640 datur.

542 5655 562 5687 ι
581 5657 781 5704 Vaticani
810 5647 933 5711 uss,
957 5658 1148 5714 partum
1170 5648 1575 5714 blasphemando;
1596 5651 1789 5714 omisso,
1819 5647 2043 5713 Virginis.

542 5717 562 5748 ³
589 5723 636 5767 tu
658 5718 803 5764 editis
840 5710 1082 5770 omissum,
1126 5712 1210 5761 sed
1245 5710 1338 5775 ἱρςί
1361 5712 1511 5775 mitius
1544 5712 1761 5775 festinent
1791 5710 2047 5762 emendare

476 5779 598 5840 quod
622 5785 743 5827 sunt.
771 5778 980 5824 ltahetur
1005 5778 1049 5821 in
1069 5773 1670 5840 manuscriptisttalliCauis
1690 5782 1741 5821 et
1766 5775 2013 5823 \alieanis.

537 5842 556 5869 δ
590 5851 685 5888 Mil.
716 5848 764 5888 et
922 5843 1234 5897 praetereunt,
1262 5835 1441 5885 haberi.

1764 383 1961 438 until!
2000 382 2378 439 SECUNDUS.

3623 389 3724 445 ὅτι

2144 509 2390 564 perversa
2421 496 2471 560 ί,
2511 508 2614 549 non
2642 504 2816 551 tamen
2855 497 3272 566 contemptibilia
3294 539 3309 564 ,
3338 513 3457 553 cum
3482 499 3724 555 studiose

2141 586 2450 656 corrigenda
2482 586 2674 654 potius,
2707 602 2863 657 quam
2892 586 3042 641 fa‘cile
3061 588 3357 643 damnanda
3399 589 3720 655 viderentur,

2142 676 2417 745 aliquanto
2456 676 2647 739 lenius,
2692 692 2849 745 quam
2881 678 3120 732 severior
3146 679 3445 746 postulabat
3471 680 3721 735 Ecclesiae

2138 765 2413 835 disciplina
2440 809 2455 832 ,
2506 776 2724 821 tractata
2768 779 2912 823 sunt.
2966 768 3068 823 Tot
3104 770 3245 823 enim
3286 780 3339 825 et
3382 773 3540 826 tantis
3587 773 3722 827 inter

2138 857 2496 925 Apostnlicam
2521 856 2714 913 Sedetn
2739 868 2792 912 et
2830 858 2988 914 Afros
3013 859 3291 930 episcopos
3311 863 3643 917 currentibus
3668 873 3719 915 et

2137 947 2531 1002 recurrentibus
2560 948 2771 1016 scriptis
2796 950 3170 1004 ecclesiasticis
3196 991 3212 1016 ,
3257 953 3413 1005 etiam
3453 954 3615 1022 gestis
3652 952 3721 1007 de

2138 1036 2236 1092 hac
2277 1052 2433 1093 causa
2480 1039 2617 1109 apud
2667 1040 2809 1094 illam
2856 1040 3049 1095 Scdem
3076 1041 3327 1097 leestio
3365 1052 3628 1111 praesente
3666 1052 3720 1097 et

2134 1130 2487 1201 respondente
2533 1128 2819 1195 confectis;
2864 1148 3106 1201 quautam
3141 1133 3347 1187 tandem
3376 1133 3597 1202 epistula
3623 1149 3717 1187 ve-

2135 1220 2383 1275 nerandze
2429 1222 2697 1275 memorim
2741 1221 2897 1290 Papa'
2942 1222 3179 1286 Zosimi,
3223 1239 3343 1293 quae
3381 1223 3717 1277 interlocutio

2135 1314 2397 1381 reperitur
2422 1355 2435 1375 ,
2488 1312 2575 1367 ubi
2618 1315 2927 1382 praeceperit
2952 1314 3098 1368 credi
3137 1324 3422 1383 oportere,
3471 1315 3585 1368 sine
3610 1314 3716 1367 ullo

2133 1402 2261 1454 vitio
2286 1403 2487 1470 peccati
2507 1402 2778 1471 originalis
2802 1402 3068 1457 hominem
3085 1402 3270 1457 nasci?
3288 1403 3553 1473 Nusquam
3574 1416 3717 1473 pror-

2132 1508 2226 1547 sus
2250 1495 2347 1547 hoc
2364 1495 2519 1567 dixit,
2549 1509 2806 1564 nusquam
2832 1495 3051 1551 omnino
3077 1496 3414 1565 conscripsit.
3456 1494 3562 1551 Sed
3593 1510 3714 1550 cum

2133 1582 2234 1637 hoc
2262 1585 2541 1640 ('(elestius
2577 1586 2628 1639 in
2650 1601 2748 1640 suo
2775 1585 2957 1640 libello
2986 1587 3273 1655 posuisset,
3304 1588 3440 1641 inter
3466 1587 3555 1641 illa
3580 1587 3714 1641 dun-

2133 1682 2276 1728 taxat
2318 1675 2385 1729 de
2428 1676 2619 1745 quibus
2663 1691 2722 1731 se
2756 1676 2931 1731 adhuc
2976 1677 3219 1731 dubitare
3244 1688 3297 1733 ct
3341 1678 3530 1732 instrui
3573 1676 3711 1731 velle

2131 1765 2408 1819 Confessus
2437 1776 2513 1820 est
2540 1805 2556 1831 ,
2600 1766 2651 1819 in
2683 1765 2897 1821 homine
2923 1766 3169 1822 acerrimi
3207 1766 3442 1837 ingenii,
3477 1767 3565 1837 qui
3590 1782 3715 1837 pro-

2084 1850 2095 1853 ⁷
2132 1855 2271 1911 feeto
2316 1858 2359 1911 si
2404 1858 2759 1927 corrigeretnr
2809 1858 3050 1927 plurimis
3094 1857 3413 1928 profuisset,
3469 1859 3711 1913 voluntas

2129 1945 2549 2013 emendationis,
2595 1961 2698 2000 non
2745 1945 2947 2002 falsitas
2976 1946 3237 2015 dogmatis
3274 1947 3559 2016 approbata
3606 1954 3709 2001 est.

2131 2036 2199 2091 Et
2228 2047 2506 2107 propterea
2532 2037 2744 2092 libellus
2773 2038 2893 2107 ejus
2916 2037 3210 2094 catholicus
3236 2038 3410 2092 dictus
3435 2045 3517 2092 est
3538 2077 3555 2105 ,
3586 2038 3708 2109 quia

2130 2138 2184 2183 et
2209 2128 2309 2183 hoc
2333 2128 2608 2183 catholica:
2634 2130 2826 2183 mentis
2856 2137 2968 2195 est,
3000 2129 3043 2183 si
3066 2144 3170 2199 qua
3209 2128 3343 2183 forte
3369 2128 3525 2183 aliter
3546 2129 3707 2197 sapit,

2128 2232 2287 2288 quam
2314 2219 2508 2273 veritas
2536 2218 2716 2287 exigit,
2745 2234 2848 2272 non
2878 2234 2938 2272 ea
2965 2220 3260 2273 certissime
3284 2218 3508 2274 delinire
3528 2220 3548 2251 ²
3570 2259 3586 2285 ,
3612 2217 3708 2274 sed

2128 2308 2333 2362 detecta
2369 2302 2433 2363 ac
2467 2308 2826 2362 demonstrata
2856 2324 3128 2377 respuere.
3166 2308 3280 2364 Non
3308 2309 3449 2365 enim
3494 2308 3706 2364 lucreti-

2128 2399 2244 2463 cis,
2280 2398 2375 2453 sed
2422 2396 2709 2453 Catholicis
2732 2399 3022 2469 Apostolus
3067 2399 3415 2469 loquebatur,
3462 2400 3550 2454 ubi
3591 2400 3703 2453 ait:

2131 2488 2385 2560 Quotquot
2423 2505 2538 2559 ergo
2574 2489 2781 2560 perfecti
2818 2490 2912 2544 hoc
2935 2491 3233 2561 sapiamus;
3276 2499 3326 2545 et
3356 2492 3401 2543 si
3424 2491 3543 2560 quid
3563 2491 3710 2545 aliter

2127 2582 2323 2653 sapitis,
2348 2582 2401 2636 id
2418 2598 2613 2653 quoque
2632 2581 2767 2637 Deus
2786 2583 2923 2636 vobis
2951 2582 3186 2636 ret'elabit
3207 2582 3459 2655 (Philipp.
3483 2598 3559 2648 ιιι,
3590 2583 3705 2653 l5).

2130 2672 2242 2727 lloc
2276 2673 2327 2728 in
2359 2673 2451 2728 illo
2478 2672 2670 2728 factum
2700 2688 2819 2728 esse
2846 2673 3129 2743 putabatur
3150 2713 3166 2739 ,
3191 2674 3405 2744 quando
3434 2689 3494 2729 se
3514 2675 3710 2730 litteris

2129 2763 2299 2820 beata:
2332 2766 2603 2820 memoria:
2630 2765 2787 2835 Papa:
2818 2764 3106 2820 Innocentii
3126 2806 3143 2832 ,
3185 2766 3379 2836 quibus
3415 2765 3483 2821 de
3520 2765 3621 2821 hac
3647 2780 3708 2820 re

2126 2854 2389 2910 dubitatio
2428 2864 2538 2911 tota
2566 2855 2774 2911 sublata
2798 2866 2883 2912 est
2906 2897 2921 2923 ,
2967 2856 3272 2912 consentire
3314 2857 3607 2929 respondit.
3643 2858 3709 2913 Et

2128 2944 2232 3001 hoc
2255 2954 2313 3001 ut
2355 2945 2564 3016 plenius
2589 2955 2643 3002 et
2672 2945 3005 3002 manifestius
3045 2947 3096 3001 in
3121 2948 3209 3002 illo
3231 2947 3402 3013 ﬁeret,
3433 2957 3710 3017 exspecta-

2127 3036 2285 3092 batur
2308 3077 2325 3102 ,
2366 3037 2605 3092 venturis
2635 3052 2699 3091 ex
2740 3034 2918 3091 Africa
2958 3036 3148 3091 litteris
3170 3076 3188 3104 ,
3229 3037 3284 3091 in
3310 3053 3410 3108 qua
3442 3038 3708 3108 provincia

2127 3127 2245 3197 ejus
2271 3127 2543 3197 aliquanto
2580 3126 2844 3182 calliditas
2882 3126 3186 3183 evidentius
3213 3126 3533 3183 innotucrat.
3578 3127 3710 3195 Quze

2130 3220 2351 3276 Romam
2374 3221 2560 3275 littera:
2582 3230 2929 3292 posteaquam
2954 3228 3242 3286 venerunt,
3274 3219 3325 3273 id
3348 3219 3706 3284 continentes,

2129 3327 2235 3368 non
2262 3310 2507 3367 sufficere
2532 3310 2836 3367 hominibus
2866 3310 3189 3364 tardioribus
3208 3319 3262 3364 et
3285 3309 3705 3374 sollicitioribus,

2129 3404 2270 3475 quod
2316 3419 2374 3459 se
2409 3402 2730 3475 generaliter
2758 3401 3052 3456 Innocentii
3094 3400 3331 3470 episc0pi
3362 3400 3552 3453 litteris
3576 3414 3709 3452 con-

2130 3497 2327 3551 sentire
2349 3493 2648 3559 fatebatur;
2694 3492 2787 3547 sed
2822 3502 3005 3561 aperte
3032 3482 3153 3545 eum
3178 3489 3375 3545 debere
3395 3488 3708 3543 anathema-

2132 3588 2296 3643 tizare
2324 3601 2441 3655 quae
2466 3585 2518 3638 in
2543 3599 2642 3640 suo
2672 3582 2851 3639 libello
2875 3598 3033 3651 prava
3059 3592 3337 3651 posuerat;
3362 3595 3429 3634 ne
3454 3580 3498 3632 si
3528 3578 3578 3631 id
3602 3592 3708 3630 non

2134 3678 2383 3740 fecisset,
2433 3673 2583 3728 multi
2630 3688 2813 3741 parum
2844 3672 3200 3741 intelligentes
3236 3670 3404 3738 magis
3434 3670 3484 3721 in
3525 3667 3706 3721 libello

2133 3769 2251 3838 ejus
2298 3768 2383 3821 illa
2427 3766 2547 3820 fidei
2603 3780 2802 3820 venena
2832 3781 2860 3817 a
2901 3764 3040 3819 Sede
3085 3763 3387 3833 Apostolica
3431 3760 3712 3816 crederent

2133 3860 2445 3931 approbata,
2486 3867 2766 3928 pr0pterea
2804 3856 2946 3926 quod
2970 3857 3038 3911 ab
3073 3855 3160 3909 illa
3189 3855 3386 3908 dictum
3409 3861 3542 3916 erat,
3583 3868 3708 3906 eum

2134 3955 2372 4009 libellum
2398 3966 2516 4007 esse
2542 3950 2861 4006 catholicum
2888 3991 2903 4016 ,
2935 3964 3092 4018 quam
3130 3947 3408 4002 emendata
3428 3985 3444 4010 ,
3495 3953 3715 4014 proiiter

2135 4045 2266 4100 illud
2291 4043 2432 4114 quod
2459 4058 2518 4098 se
2543 4042 2699 4111 Pap:e
2728 4039 3017 4096 Innocentii
3046 4039 3235 4094 litteris
3270 4038 3574 4093 consentire
3600 4036 3713 4104 ipse

2136 4134 2483 4205 responderat
2512 4150 2527 4186 :
2560 4142 2681 4186 tunc
2707 4146 2834 4202 ergo
2857 4146 2977 4185 cum
3003 4130 3119 4200 ejus
3151 4129 3428 4199 przesentia
3467 4142 3712 4198 poscere—

2137 4235 2241 4289 tur,
2271 4234 2328 4279 ut
2359 4224 2521 4280 certis
2557 4238 2619 4277 ac
2643 4221 2887 4276 dilucidis
2914 4220 3379 4292 responsionibus,
3408 4218 3494 4273 vel
3520 4218 3713 4271 astutia

2137 4316 2369 4372 hominis
2398 4314 2480 4369 vel
2505 4312 2767 4368 correctio
2790 4311 3141 4366 dilucesceret
3162 4351 3177 4372 .
3219 4320 3271 4364 et
3308 4308 3437 4363 nulli
3471 4307 3712 4377 ambigua

2136 4415 2473 4467 remaneret,
2499 4420 2557 4459 se
2581 4403 2841 4460 subtraxit
2864 4412 2918 4458 et
2943 4402 3151 4471 negavit
3181 4401 3432 4457 examini.
3476 4399 3584 4454 Nec
3612 4398 3713 4454 dif-

2138 4496 2413 4552 ferendum
2431 4494 2538 4564 jam
2567 4494 2753 4559 fuerat,
2769 4492 2906 4547 sicut
2930 4492 3120 4545 factum
3134 4499 3237 4556 est,
3261 4491 3398 4560 quod
3418 4489 3538 4543 aliis
3556 4487 3714 4557 prod-

2137 4598 2315 4650 esset,
2364 4587 2408 4641 si
2457 4587 2674 4640 nimium
2722 4599 3091 4654 perversornm
3147 4583 3446 4653 pertinacia:
3496 4581 3717 4635 demen-

2141 4681 2330 4749 titequc
2357 4695 2459 4733 non
2487 4686 2667 4746 posset
2689 4676 2729 4729 ³.
2763 4676 2867 4730 Sed
2898 4675 2964 4739 si,
2986 4675 3126 4745 quod
3149 4675 3305 4737 absit,
3337 4675 3405 4727 ita
3434 4684 3556 4727 tunc
3584 4672 3715 4725 luis-

2141 4779 2224 4825 set
2269 4769 2338 4824 de
2407 4768 2658 4823 Caelestio
2708 4766 2791 4821 vel
2835 4766 3047 4835 Pelagio
3095 4766 3146 4819 in
3197 4765 3432 4819 Romana
3479 4762 3716 4817 Ecclesia

2137 4861 2448 4931 jutlicatum,
2477 4866 2536 4911 ut
2556 4858 2639 4912 illa
2658 4872 2842 4911 eorum
2868 4856 3134 4926 dogmata,
3155 4870 3275 4924 quas
3300 4854 3352 4908 in
3377 4854 3506 4922 ipsis
3524 4862 3716 4906 etcum

2144 4954 2273 5023 ipsis
2302 4952 2443 5020 Papa
2494 4949 2830 5005 Innocentius
2867 4947 3252 5011 damnaverat,
3300 4944 3636 5015 approbando
3666 4952 3720 4999 et

2144 5042 2372 5097 tenenda
2401 5040 2900 5109 pronuntiarentur,
2928 5053 2995 5092 ex
3022 5038 3122 5090 hoc
3146 5036 3322 5106 potius
3350 5046 3489 5091 esset
3512 5050 3719 5102 przcva.

2145 5132 2418 5187 ricationis
2440 5140 2561 5184 nota
2603 5127 2853 5183 Romanis
2879 5127 3087 5182 clericis
3111 5125 3387 5181 inurenda.
3416 5125 3569 5180 Nunc
3595 5138 3722 5178 vero

2145 5238 2267 5277 cum
2304 5221 2547 5291 primitus
2576 5218 2862 5273 beatissimi
2888 5217 3044 5285 Papa:
3072 5216 3361 5271 Innocentii
3397 5216 3583 5270 litterae
3604 5215 3720 5285 epi-

2146 5307 2426 5381 scaporum
2449 5306 2641 5363 litteris
2665 5306 3038 5377 respondentis
3058 5305 3306 5362 Afrorum
3323 5346 3340 5371 ,
3362 5306 3561 5375 pariter
3585 5303 3725 5357 hunc

2147 5415 2384 5456 errorem
2414 5440 2429 5465 ,
2456 5414 2611 5469 quem
2646 5407 2907 5453 conantur
2932 5397 3019 5452 isti
3053 5395 3398 5468 persuadere,
3439 5393 3724 5449 damnaveo

2148 5494 2255 5548 rint
2284 5510 2298 5546 :
2324 5505 2601 5546 successor
2634 5504 2845 5560 quoque
2888 5488 3007 5558 ejus
3052 5497 3269 5543 sanctus
3297 5487 3440 5558 Papa
3480 5485 3723 5540 Zosimus

2217 5712 2232 5743 ⁸
2266 5708 2487 5759 Callimni
2510 5718 2636 5769 Mm,
2658 5722 2875 5773 pertfasa.

2214 5774 2234 5803 ι
2270 5774 2412 5820 tidem
2438 5780 2561 5826 MSS...
2585 5769 2846 5821 certissimo
2869 5769 3083 5833 deﬁnire.

2218 5835 2239 5865 ³
2272 5843 2397 5882 t‘nus
2420 5846 2447 5882 e
2473 5836 2615 5882 \atic.
2646 5842 2772 5893 uss,
2794 5833 3019 5897 prodesse
3041 5844 3131 5881 non
3151 5834 3318 5893 posset.
