4096 6560
455 355 558 408 575

454 469 555 519 bne
594 464 878 519 tenendum
924 479 1076 526 esse,
1112 461 1255 532 quod
1299 461 1382 516 isti
1411 459 1478 515 de
1523 460 1752 528 parvulis
1775 459 2027 520 sentiunt,

455 571 721 623 nunquam
747 555 958 620 dixerit,
996 568 1262 622 nunquam
1295 553 1605 622 scripserit;
1636 551 1850 618 insuper
1876 553 2034 604 etiam

453 649 760 704 leestium
799 661 860 700 se
898 661 1122 716 purgare
1163 645 1466 699 molientem
1491 643 1557 698 ad
1600 641 2035 698 consentiendum

455 754 613 808 supra
659 739 812 792 dictis
850 737 1005 791 Sedis
1049 736 1370 804 Apostulicm
1406 735 1598 790 litteris
1643 733 2038 799 crebraiinter-

457 829 724 884 lncutione
767 827 1146 883 οοηειι-ἰηκριοίι
1183 842 1198 879 :
1243 825 1478 895 profecto
1531 824 1781 894 quidquid
1831 824 2035 879 interea

458 919 631 973 lenius
660 927 832 972 actum
856 928 934 973 est
962 934 1080 972 cum
1116 915 1399 981 leestio,
1427 926 1634 970 servata
1663 915 1917 970 duntaxat
1937 931 2034 970 an-

458 1009 770 1078 tiquissima:
795 1018 848 1062 et
883 1007 1267 1062 robustissimae
1289 1005 1408 1062 ﬁdei
1437 1007 1685 1060 ﬁrmitate
1704 1047 1719 1070 ,
1748 1007 2041 1061 correctio-

459 1100 542 1152 nis
580 1097 676 1151 fuit
703 1097 1120 1152 clementissima
1147 1097 1324 1152 suasio
1341 1139 1357 1164 ,
1385 1111 1492 1152 non
1518 1090 1830 1166 approbatio
1849 1096 2038 1150 exitio-

457 1187 664 1240 sissima
717 1187 990 1256 pravitatis
1024 1187 1067 1240 '.
1115 1187 1184 1242 Et
1229 1185 1372 1256 quod
1417 1185 1486 1240 ab
1530 1185 1716 1240 eodem
1761 1185 2038 1240 sacerdote

460 1284 642 1346 postea
709 1275 995 1332 Ctelestius
1048 1285 1102 1332 et
1153 1277 1395 1347 Pelagius
1452 1276 1675 1346 repetita
1727 1276 2039 1331 auctoritate

460 1365 695 1419 damnati
721 1375 874 1430 sunt,
917 1365 1185 1436 paululum
1229 1366 1566 1432 intermissa;
1604 1365 1714 1436 jam
1739 1366 2040 1421 necessario

463 1453 794 1524 proferenda:
833 1457 968 1510 ratio
1007 1457 1304 1511 severitatis
1344 1455 1482 1522 fuit,
1530 1471 1636 1510 non
1677 1457 2040 1527 prmvaricatio

461 1547 608 1614 prius
636 1548 862 1616 cognita:
889 1547 970 1603 vel
998 1563 1132 1603 nova
1159 1549 1394 1618 cognitio
1422 1549 1683 1603 veritatis.

531 1635 756 1692 CAPUT
795 1637 882 1692 IV.
903 1667 978 1678 ——
1009 1637 1064 1693 6.
1093 1636 1238 1693 Idem
1268 1646 1508 1692 tractatur
1531 1647 1900 1710 argumentum.
1936 1637 2040 1693 Sed

461 1725 584 1794 quid
610 1741 742 1795 opus
777 1738 857 1780 est
884 1742 981 1782 nos
1006 1727 1074 1782 de
1104 1727 1202 1782 hac
1226 1744 1283 1782 re
1314 1728 1576 1798 loquendo
1612 1728 1809 1782 diutius
1854 1729 2040 1781 immo-

463 1815 612 1880 rari,
649 1831 769 1869 cum
811 1825 1023 1872 exstent
1065 1816 1188 1872 hinc
1233 1827 1392 1887 atque
1419 1818 1541 1872 inde
1577 1829 1726 1888 gesta
1757 1828 1810 1872 ct
1844 1820 2039 1888 scripta

464 1907 664 1960 directa
690 1947 704 1970 ,
747 1907 833 1961 ubi
859 1909 1062 1976 possint
1080 1919 1267 1963 cuncta
1297 1911 1418 1972 illa,
1449 1910 1894 1979 quemadmodum
1923 1920 2039 1966 acta

463 1997 572 2050 sint
594 2037 611 2063 ,
657 1997 739 2052 vel
769 2000 1014 2068 cognosci
1042 2000 1125 2054 vel
1153 2001 1492 2070 recognosci?
1538 1999 2040 2070 lnterrogationilms

459 2091 606 2144 enim
633 2092 802 2145 Sancti
831 2093 1173 2160 praecessoris
1195 2093 1268 2146 tui
1295 2133 1311 2159 ,
1341 2103 1394 2148 ct
1417 2091 1650 2150 C03lc5tii
1674 2095 2038 2162 resltonsioui-

465 2181 562 2236 bns
595 2181 786 2252 quibus
816 2198 876 2238 se
907 2183 1046 2238 beati
1073 2185 1227 2253 Papa:
1259 2185 1549 2240 Imtoeentii
1593 2187 1786 2241 litteris
1811 2201 2040 2242 consen-

465 2276 565 2330 tire
606 2275 878 2346 professus
917 2286 1000 2332 est
1024 2319 1038 2341 ,
1089 2280 1206 2347 quis
1253 2294 1356 2333 uon
1389 2280 1563 2334 videat
1598 2281 2039 2350 quemadmodum

465 2369 535 2420 sit
561 2366 842 2422 Ctelestius
885 2369 1160 2438 colligatus
1183 2411 1199 2435 ,
1249 2379 1303 2424 et
1341 2371 1550 2424 vinculo
1575 2372 1924 2426 saluberrimo
1948 2373 2046 2426 ob-

465 2463 680 2514 strictus
699 2500 714 2526 ,
744 2476 812 2516 nc
835 2462 1054 2516 ulterius
1079 2461 1367 2518 defendere
1391 2463 1608 2517 auderet
1643 2464 1696 2518 in
1724 2464 2044 2532 Baptismate

467 2552 804 2620 parvulorum
836 2567 938 2607 non
979 2553 1173 2608 dimitti
1216 2556 1470 2624 originale
1518 2558 1827 2626 peceatum?
1866 2559 2036 2614 Vene-

467 2641 652 2695 rabilis
672 2643 866 2712 quippe
895 2644 1183 2698 Innocentii
1224 2646 1456 2714 Cpist‘Opi
1487 2647 1552 2701 de
1588 2647 1685 2701 hac
1713 2664 1768 2702 re
1797 2649 1892 2703 ista
1923 2658 2046 2704 sunt

466 2733 629 2786 verba
650 2734 714 2787 ad
737 2736 1148 2806 Carthaginense
1164 2739 1441 2793 concilium
1469 2758 1481 2793 :
1518 2760 1536 2792 ι
1561 2742 1805 2798 Liberum
1828 2746 1992 2808 enim,
2019 2766 2038 2799 ι

468 2822 670 2892 inquit,
703 2841 724 2876 ι
757 2825 1031 2880 arbitrium
1063 2829 1188 2881 olim
1219 2829 1304 2882 ille
1332 2845 1642 2899 perpessus,
1673 2834 1796 2886 dum
1824 2835 1932 2889 suis
1961 2835 2044 2889 in-

469 2915 762 2970 Consultius
808 2919 972 2972 utitur
1017 2919 1203 2986 bonis,
1256 2921 1454 2976 cadens
1503 2923 1552 2976 in
1599 2925 2046 2994 praevaricationis

471 3006 724 3075 profunda
753 3007 1044 3074 demersus,
1080 3010 1212 3064 nihil
1239 3012 1683 3082 quemadmodum
1713 3017 1904 3072 exinde
1931 3033 2048 3071 sur-

469 3110 595 3162 gere
649 3107 830 3166 posset
873 3099 1118 3154 invenit:
1151 3117 1350 3172 suaque
1402 3104 1452 3158 in
1499 3115 1755 3160 aeternum
1802 3109 2046 3168 libertate

468 3185 742 3255 deceptus,
776 3191 928 3259 hujus
959 3193 1124 3246 ruina:
1147 3193 1405 3263 jacuisset
1431 3211 1690 3266 Oppressit
1714 3201 1762 3266 ²,
1795 3201 1892 3255 nisi
1922 3217 2043 3258 eum

473 3283 592 3343 post
625 3277 816 3333 Christi
857 3295 956 3349 pro
984 3296 1080 3336 sua
1122 3285 1286 3351 gratia
1331 3285 1608 3342 liberasset
1635 3289 1922 3360 adventus,
1953 3295 2046 3364 qui

471 3381 564 3435 per
588 3383 738 3421 novae
766 3373 1178 3440 regenerationis
1197 3374 1614 3444 puriﬁcationem
1643 3394 1800 3436 omne
1829 3393 2047 3451 prteter-

469 3459 598 3514 itum
625 3460 646 3492 ³
680 3462 863 3517 vitium
905 3466 984 3519 sui
1017 3466 1353 3536 Baptismatis
1381 3469 1591 3526 lavacro
1620 3474 1862 3542 purgavit
1887 3493 1906 3527 ι
1929 3474 2048 3540 (1η-

468 3562 695 3618 ηοεεηι..
741 3557 889 3623 epist.
930 3558 1069 3623 181,
1121 3576 1174 3613 n.
1203 3561 1256 3626 7,
1291 3562 1432 3631 apud
1453 3551 1717 3636 Λῆμμα).
1767 3565 1901 3632 Quid
1947 3569 2044 3624 ista

466 3642 618 3696 Sedis
646 3645 963 3713 Apostolicze
992 3650 1252 3704 sententia
1279 3653 1472 3708 clarius
1497 3663 1654 3724 atque
1684 3659 2047 3713 manifestius?

471 3733 604 3788 Iluie
632 3752 690 3790 se
717 3735 1002 3794 Caelestius
1027 3743 1332 3796 consentire
1371 3745 1641 3813 professus
1670 3758 1786 3815 est,
1834 3753 2046 3820 quando

469 3842 591 3880 eum
621 3828 744 3884 illia
771 3841 956 3885 sancto
999 3849 1320 3900 praecessore
1365 3847 1456 3890 tuo
1482 3839 1679 3894 dictum
1705 3852 1873 3906 esset,
1907 3863 1924 3894 ι
1958 3846 2042 3900 Illa

467 3917 645 3970 nnmia
691 3919 909 3974 damnas
947 3937 1067 3991 qua:
1103 3923 1298 3992 jactata
1339 3936 1462 3981 sunt
1499 3928 1566 3982 de
1612 3933 1827 3988 nomine
1858 3937 1987 3990 tuo?
2020 3955 2040 3988 ι

469 4005 584 4074 ipse
609 4010 912 4077 respondit,
949 4031 967 4064 ι
1005 4012 1208 4068 Damno
1227 4017 1516 4072 secundum
1539 4023 1854 4078 sententiam
1879 4027 2046 4083 beata:

468 4099 740 4154 memoria:
788 4105 1127 4170 praecessoris
1161 4107 1230 4161 tui
1277 4109 1584 4166 Innocentii.
1623 4132 1642 4165 ι
1687 4115 1828 4170 Inter
1851 4129 2042 4174 czetera

467 4199 642 4245 autem
673 4209 790 4262 qua:
819 4195 888 4250 de
916 4197 1128 4253 nomine
1155 4200 1268 4268 ejus
1291 4201 1484 4270 jactata
1519 4203 1757 4273 fuerant,
1790 4207 2045 4266 diaconus

467 4281 716 4337 tlmlestio
754 4284 1000 4341 Paulinus
1029 4289 1298 4358 objecerat
1321 4333 1335 4356 ,
1367 4294 1506 4362 quod
1532 4295 1764 4363 diceret,
1803 4318 1820 4350 ε
1860 4318 2044 4370 pecca-

466 4381 579 4426 tum
609 4374 739 4429 Ada:
779 4376 881 4447 ipsi
909 4379 1006 4432 soli
1034 4379 1268 4437 obfuisse
1287 4425 1303 4450 ,
1351 4394 1405 4438 et
1435 4401 1538 4439 non
1567 4390 1744 4456 generi
1771 4390 2040 4460 humano;

466 4475 517 4518 et
545 4466 683 4535 quod
733 4467 963 4525 infantes
1005 4488 1174 4542 nuper
1219 4477 1324 4529 nali
1350 4517 1365 4541 ,
1406 4476 1456 4530 in
1486 4493 1552 4532 eo
1579 4491 1759 4536 essent
1783 4493 1920 4538 statu
1943 4528 1956 4551 ,
1991 4487 2042 4541 in

465 4571 572 4624 quo
602 4557 770 4612 Adam
803 4561 896 4614 fuit
923 4571 1048 4618 ante
1089 4575 1382 4632 peccatum.
1420 4585 1439 4619 ι
1498 4569 1726 4626 Proinde
1761 4573 1804 4628 si
1837 4575 2042 4644 objecta

466 4646 706 4716 Paulini,
737 4652 1028 4708 secundum
1060 4657 1375 4711 sententiam
1405 4659 1540 4714 beati
1577 4661 1730 4731 Paptr
1755 4663 2042 4723 Innocentii

464 4738 638 4792 veraci
676 4740 839 4797 corde
868 4751 1027 4813 atque
1051 4760 1145 4802 ore
1171 4746 1485 4814 damnaret;
1517 4752 1640 4821 quid
1667 4754 1714 4808 ei
1743 4769 2042 4815 remaneret

463 4829 713 4900 deinceps
739 4834 879 4890 unde
905 4838 1281 4904 contenderet,
1312 4843 1510 4896 nullum
1542 4859 1661 4899 esse
1683 4862 1742 4901 ex
1773 4851 2040 4920 praeterita

465 4921 615 4986 primi
669 4923 900 4979 hominis
955 4933 1377 4998 transgressione
1430 4934 1482 4988 in
1537 4939 1766 5004 parvulis
1819 4942 2036 5011 vitium,

463 5009 600 5086 quod
645 5027 739 5078 per
787 5030 936 5069 novas
977 5021 1398 5088 regenerationis
1439 5028 1856 5093 puriﬁcationem
1887 5009 2040 5088 sacro

463 5101 786 5167 IS.-ptismate
813 5112 1164 5176 purgaretur?
1194 5113 1298 5167 Sed
1325 5116 1449 5170 illud
1479 5132 1536 5172 se
1564 5121 1900 5189 reSpondiSse
1937 5124 2038 5179 fal—

461 5187 650 5244 laciter
697 5196 986 5250 novissimo
1028 5201 1171 5254 exitu
1217 5205 1482 5274 ostendit,
1526 5187 1750 5268 cumse
1777 5215 2038 5272 subtraxit

522 5380 942 5468 L.E:"“f.."“.f:i.?'&%~
956 5390 1198 5468 _‘.9"5’.‘.'"'°
1233 5393 1324 5454 fuit
1357 5397 1717 5454 ειεηιεηιίεείηια
1755 5407 2001 5468 praelata
2017 5425 2038 5468 ,-

457 5446 646 5491 υιηίδδὶδ
671 5446 832 5494 verbis
854 5448 1172 5501 intermeans.
1233 5446 1243 5454 '
1409 5446 1418 5448 ‘
1466 5446 1716 5454 “""""'"'
1755 5446 2032 5472 νσκν-υιιησ,

522 5524 548 5613 1
885 5527 1198 5613 llpresﬁtssq
1223 5533 1364 5594 hujus
1387 5539 1540 5590 ruina:
1555 5542 1768 5613 Iatuivsr‘t
1785 5561 2032 5613 Oppressi".

456 5586 586 5676 εζητ..
609 5584 752 5644 huius
777 5584 1150 5676 riiitthjrtcitissrl
1167 5584 2033 5676 appllestisl'ciiitiiiiﬁiibéliiii'i'3';

456 5675 460 5676 ν
500 5659 527 5676 II
550 5657 623 5676 51η
669 5662 706 5676 ιιι
729 5660 768 5676 II.
849 5659 1125 5676 cannula-sun.
1169 5661 1294 5676 an“.-.
1326 5669 1342 5676 μ

455 5643 640 5700 stolam,
667 5643 708 5706 at
729 5649 789 5696 ud
817 5643 1142 5710 Augustinum,
1169 5643 1300 5705 tento
1323 5643 1370 5706 ἐξ.

521 5724 541 5754 ³
577 5729 778 5777 ηιῑωιηὶ
805 5738 927 5788 uss,
963 5740 1210 5793 7).‘a‘ICI'ﬂL

1091 349 1362 406 CONTRA
1404 282 1580 403 ΒυΑὲ
1623 343 1990 400 EPISTUL.\S
2031 341 2582 406 PEIAGIANORUII,
2626 345 2686 403 S.
2728 345 3088 402 AUGUSTINI

3619 355 3723 411 576

2147 455 2415 520 examini,
2457 472 2524 511 ne
2549 458 2841 512 secundum
2870 460 3113 514 Africana
3157 463 3411 530 rescripta
3457 465 3566 534 ipsa
3595 483 3718 522 om-

2147 545 2271 598 nino
2309 545 2375 600 de
2413 547 2510 599 hac
2548 550 2839 618 quaestione
2867 551 3025 604 verba
3055 567 3474 610 commemorare
3499 567 3552 610 et
3584 573 3720 612 ana-

2147 635 2490 690 tltetuatizare
2509 677 2524 702 ,
2557 655 2674 706 qua:
2701 637 2752 690 in
2784 639 2963 693 libello
2989 655 3086 695 suo
3127 644 3321 708 posuit,
3344 659 3645 714 cogeretur.

2215 730 2266 783 7.
2295 729 2428 796 Quid
2461 729 2587 783 illud
2615 731 2755 800 quod
2803 731 2940 786 idem
2975 732 3116 802 Papa
3145 733 3214 789 de
3269 739 3367 790 hac
3409 741 3518 806 ipsa
3551 755 3710 794 causa

2143 817 2300 872 etiam
2335 817 2592 873 Numidia:
2619 822 2888 891 rescripsit
2914 825 3196 892 episc0pis,
3240 827 3360 896 quia
3393 827 3459 880 de
3488 837 3716 900 utroque

2143 909 2389 974 concilio,
2415 909 2548 964 etde
2577 909 2977 980 Curlllagineusi
2999 913 3201 970 scilicet
3239 926 3294 969 et
3321 915 3387 972 de
3408 918 3713 973 Milevitana

2143 999 2339 1069 scripta
2383 1009 2709 1070 susceperat,
2763 1017 2938 1057 nonne
2992 1004 3328 1072 apertissime
3373 1007 3441 1063 de
3483 1013 3720 1078 parvulis

2145 1092 2416 1162 loquitur?
2443 1093 2567 1147 Hzec
2589 1093 2730 1148 enim
2773 1094 2890 1164 ejus
2935 1095 3093 1150 verba
3123 1106 3293 1152 sunt:
3337 1117 3356 1150 ι
3388 1100 3522 1155 Illud
3569 1119 3718 1164 vem,

2143 1183 2283 1254 quod
2312 1199 2406 1240 eos
2423 1194 2595 1240 vestra
2612 1185 2938 1243 Fraternitas
2964 1188 3156 1244 asserit
3181 1189 3491 1260 praedicare,
3523 1210 3719 1262 parvu—

2145 1275 2228 1330 los
2254 1284 2466 1330 aeternae
2493 1276 2615 1330 vita:
2643 1277 2875 1346 praemiis
2903 1278 3062 1334 etiam
3086 1279 3202 1334 sine
3233 1280 3571 1351 Baptismatis
3599 1300 3721 1354 gra-

2145 1365 2216 1419 tia
2249 1380 2404 1435 posse
2430 1366 2637 1431 donari,
2658 1365 2955 1436 perfatuum
2973 1377 3074 1424 est.
3105 1369 3218 1425 Nisi
3249 1372 3394 1426 enim
3427 1373 3720 1428 manduca-

2143 1457 2317 1510 verint
2345 1473 2559 1511 carnem
2602 1457 2722 1512 Filii
2764 1457 3018 1524 hominis,
3043 1468 3098 1514 et
3125 1459 3356 1515 biberint
3406 1465 3722 1533 sanguinein

2144 1543 2280 1613 ejus,
2311 1562 2414 1601 non
2464 1547 2735 1601 habebunt
2778 1549 2939 1602 vitam
2971 1549 3022 1603 in
3079 1551 3422 1624 scmetipsis(
3451 1550 3608 1606 Joan.
3634 1569 3710 1618 vr,

2143 1637 2252 1708 54).
2277 1639 2376 1703 Qui
2403 1648 2577 1692 autem
2598 1638 2735 1694 hanc
2748 1639 2828 1693 eis
2841 1640 2956 1693 sine
2981 1642 3384 1710 regeneratione
3403 1643 3716 1708 defendunt,

2142 1727 2388 1781 videntur
2415 1729 2538 1780 mihi
2572 1729 2741 1798 ipsum
2792 1729 3119 1800 Baptismum
3163 1731 3301 1788 velle
3333 1747 3566 1797 cassare,
3597 1750 3721 1790 cum

2145 1817 2446 1886 pra-dicant
2471 1817 2570 1871 hos
2599 1817 2815 1884 habere,
2841 1820 2984 1888 quod
3017 1820 3068 1874 in
3099 1835 3193 1876 eos
3220 1821 3487 1878 credimus
3508 1825 3721 1877 nonnisi

2145 1907 2466 1976 Baptismale
2491 1907 2876 1962 conferendum
2905 1929 2923 1960 ι
2953 1908 3322 1978 (Innocentius,
3347 1914 3491 1983 epist.
3513 1913 3634 1975 I82.
3661 1932 3714 1968 η.

2143 1997 2197 2060 5,
2217 1998 2346 2050 inter
2376 1998 2772 2068 Augustinianas
2871 1999 3007 2068 Quid
3035 2000 3100 2055 ad
3149 2001 3262 2056 lucc
3303 2001 3434 2059 dicit
3459 2004 3718 2074 ingratus,

2143 2088 2226 2141 cui
2253 2085 2422 2142 Sedes
2453 2089 2753 2156 Apostolica
2791 2088 2906 2158 jam
2931 2105 3023 2144 sua
3052 2091 3384 2160 professione
3409 2095 3560 2163 quasi
3586 2110 3719 2150 cor-

2144 2188 2290 2233 recto
2317 2180 2688 2250 benignissima
2721 2179 2940 2236 lenitate
2977 2184 3479 2250 pepereerat?Quid
3508 2185 3573 2240 ad
3605 2185 3723 2242 haec

2143 2269 2310 2323 dicit?
2333 2279 2505 2322 utrum
2533 2278 2655 2338 post
2707 2271 2861 2340 hujus
2892 2271 3011 2324 vitae
3043 2272 3202 2328 ﬁnem
3251 2275 3473 2341 parvuli,
3513 2276 3724 2331 etiamsi

2144 2359 2267 2412 dum
2299 2360 2600 2414 vivuntnon
2633 2359 3028 2430 baptizcnturin
3058 2361 3286 2426 Clu-isto,
3315 2363 3367 2417 in
3391 2365 3491 2417 vita
3523 2373 3724 2420 interna

2146 2457 2323 2518 erunt,
2363 2466 2428 2504 an
2471 2466 2584 2504 non
2629 2452 2828 2506 erunt?
2857 2453 2912 2507 Si
2953 2453 3165 2518 dixerit,
3211 2455 3376 2508 Erunt
3401 2473 3414 2508 :
3443 2457 3715 2526 quomodo

2145 2557 2273 2610 ergo
2300 2557 2417 2611 qua:
2463 2542 2531 2597 de
2588 2543 2804 2597 nomine
2849 2544 2969 2613 ejus
3019 2543 3210 2614 iactata
3236 2555 3380 2614 sunt,
3429 2547 3722 2602 secundum

2147 2635 2461 2688 sententiam
2490 2634 2660 2690 beatae
2680 2637 2949 2690 memoria:
2997 2635 3289 2690 Innocentii
3336 2653 3394 2692 se
3441 2639 3726 2693 damnasse

2147 2729 2454 2796 respondit?
2487 2729 2620 2782 Ecce
2671 2729 2840 2784 beatae
2889 2731 3158 2784 memoria:
3198 2729 3534 2786 Innocentius
3582 2731 3724 2802 Papa

2148 2819 2263 2874 sine
2291 2819 2555 2888 Baptismo
2587 2817 2804 2885 Christi,
2838 2828 2892 2875 et
2915 2821 3030 2875 sine
3059 2822 3457 2891 participatione
3482 2823 3726 2892 corporis

2148 2922 2202 2966 et
2227 2911 2496 2980 sanguinis
2510 2911 2703 2965 Christi
2731 2912 2894 2966 vitam
2925 2928 3028 2967 non
3061 2913 3259 2968 habere
3293 2915 3541 2983 parvulos
3569 2915 3718 2970 dicit.

2147 3002 2200 3058 Si
2231 3001 2440 3065 dixerit,
2471 3001 2585 3056 Non
2603 3011 2756 3057 erunt
2780 3021 2792 3056 :
2816 3003 3081 3073 quomodo
3109 3019 3236 3073 ergo
3267 3021 3370 3060 non
3389 3007 3715 3075 accipientes

2148 3105 2400 3148 aeternam
2431 3095 2614 3156 vitam,
2666 3094 2848 3163 utique
2899 3105 3290 3164 consequenter
3313 3104 3510 3150 :rterna
3541 3105 3716 3153 morte

2148 3185 2482 3249 danmautur,
2521 3185 2563 3238 si
2593 3185 2794 3238 nullum
2813 3185 3026 3238 tralmnt
3055 3187 3310 3253 eriginale
3325 3187 3636 3254 peccatum?

2219 3276 2272 3331 8.
2297 3275 2432 3343 Quid
2484 3275 2548 3330 ad
2581 3275 2694 3329 lucc
2721 3274 2900 3330 dicunt
2934 3277 3039 3340 isti,
3080 3278 3168 3346 qui
3195 3292 3318 3333 suas
3369 3279 3724 3336 calumniosas

2149 3365 2446 3434 impietates
2468 3365 2664 3420 audent
2686 3367 2845 3422 etiam
2879 3367 3168 3432 ‘scribere,
3222 3367 3419 3423 audent
3447 3378 3504 3424 et
3548 3371 3729 3424 orien-

2150 3458 2338 3512 talibus
2366 3457 2628 3528 episcopis
2673 3458 2921 3513 mittere?
2957 3458 3189 3513 Tenetur
3211 3457 3494 3514 CceleSIius
3521 3460 3714 3515 litteris

2153 3548 2472 3603 venerabilis
2497 3547 2785 3604 Innocentii
2817 3551 3107 3618 praebuisse
3141 3563 3460 3605 consensum
3493 3568 3506 3602 :
3539 3551 3722 3620 legun-

2149 3646 2235 3695 tur
2263 3641 2390 3709 ipsa:
2416 3642 2694 3696 memorati
2721 3643 2975 3696 antistitis
3016 3643 3225 3708 litterae,
3283 3643 3570 3698 scribentis
3614 3660 3719 3699 non

2148 3730 2439 3800 baptizatos
2491 3732 2652 3785 vitam
2705 3733 2951 3800 parvulos
2981 3732 3176 3788 habere
3211 3747 3316 3787 non
3369 3748 3546 3800 posse.
3585 3733 3718 3799 Quis

2147 3829 2322 3874 autem
2353 3821 2558 3890 negabit
2577 3821 2626 3875 id
2643 3837 2760 3876 esse
2784 3837 3114 3890 consequens
3132 3835 3186 3876 ut
3212 3833 3438 3878 mortem
3467 3824 3716 3888 habeant,

2148 3912 2237 3982 qui
2269 3928 2372 3965 non
2406 3913 2600 3968 habent
2648 3913 2854 3968 vitam?
2892 3913 3042 3970 Unde
3071 3930 3197 3984 ergo
3226 3916 3278 3970 in
3309 3914 3594 3970 infantibus
3625 3917 3722 3970 ista

2149 4004 2465 4059 miserabilis
2488 4020 2662 4073 paena,
2691 4007 2734 4059 si
2755 4007 2895 4060 nulla
2925 4007 3198 4076 originalis
3224 4017 3306 4062 est
3351 4008 3549 4076 culpa?
3578 4007 3723 4074 Quo-

2148 4095 2306 4149 modo
2333 4096 2488 4165 igitur
2503 4097 2570 4151 ab
2597 4097 2710 4151 istis
2746 4096 2864 4152 ﬁdei
2906 4098 3266 4154 desertoribus
3298 4108 3352 4154 et
3396 4108 3724 4169 oppugnato-

2147 4186 2294 4240 ribus
2316 4188 2517 4257 gratim,
2554 4189 2774 4242 Romani
2797 4189 2976 4244 clerici
3009 4189 3460 4260 praevaricationis
3487 4206 3723 4262 arguun-

2150 4285 2236 4332 tur
2263 4278 2362 4330 sub
2382 4280 2629 4348 epiSCOpo
2653 4279 2890 4346 Zosimo,
2924 4281 3072 4350 quasi
3095 4281 3234 4334 aliud
3260 4282 3528 4336 senserint
3546 4283 3598 4336 in
3628 4281 3723 4336 da-

2149 4369 2416 4424 mnatione
2443 4372 2734 4440 posterinre
2763 4371 2998 4427 leestii
3037 4381 3092 4426 et
3141 4373 3359 4444 Pelagii,
3399 4391 3554 4445 quam
3581 4375 3723 4446 quod

2147 4461 2246 4514 sub
2272 4459 2578 4517 Innocentio
2607 4463 2658 4516 in
2687 4463 2860 4532 priore
2881 4473 3166 4519 senserunt
3189 4465 3213 4518 ?
3240 4465 3372 4534 Quia
3395 4467 3576 4536 utique
3599 4482 3724 4523 cum

2149 4551 2336 4606 litteris
2374 4553 2689 4608 venerabilis
2727 4553 3096 4609 lnnocentiide
3123 4556 3380 4625 parvulis,
3410 4558 3510 4611 nisi
3539 4557 3718 4629 bapti-

2147 4654 2394 4697 zarentur
2421 4643 2472 4697 in
2489 4644 2720 4710 Christo,
2769 4646 2822 4700 in
2852 4654 3051 4700 arterna
3086 4655 3257 4702 morte
3287 4649 3572 4712 mansuris,
3623 4665 3718 4703 ca-

2148 4735 2504 4791 tholicmlidei
2543 4737 2769 4793 clareret
2817 4738 3411 4810 antiquitasgprofccto
3467 4741 3723 4796 Ecclesia:

2147 4825 2402 4880 Romana:
2456 4829 2828 4896 prmvaricator
2874 4832 3048 4898 potius
3083 4839 3248 4896 esset,
3285 4832 3602 4902 quicumque
3653 4832 3722 4887 ab

2147 4915 2232 4968 illa
2261 4917 2524 4971 sententia
2549 4917 2814 4973 deviasset
2844 4937 2856 4974 :
2888 4920 3026 4988 quod
3058 4921 3164 4974 Deo
3189 4923 3437 4990 propitio,
3467 4924 3720 4992 quoniam

2148 5005 2340 5060 factum
2369 5023 2474 5062 non
2503 5018 2606 5074 est,
2634 5009 2727 5063 sed
2747 5009 2858 5078 ipsa
2893 5019 3199 5064 constanter
3226 5014 3444 5076 repetita
3471 5013 3716 5068 leestii

2145 5105 2198 5150 et
2235 5097 2430 5165 Pelagii
2455 5097 2794 5153 damnatione
2829 5110 3036 5154 servata
3080 5110 3194 5166 est;
3227 5101 3521 5172 intelligant
3543 5117 3604 5157 se
3631 5102 3721 5160 isti

2145 5199 2264 5240 esse
2294 5187 2431 5241 unde
2451 5189 2584 5242 alios
2603 5189 2970 5253 criminantur,
2993 5199 3046 5244 et
3073 5191 3357 5261 aliquando
3385 5207 3414 5246 a
3432 5191 3552 5246 ﬁdei
3581 5208 3719 5262 prte-

2143 5278 2464 5332 varicatione
2488 5289 2761 5332 sanentur.
2813 5279 3001 5334 Malam
3047 5282 3243 5351 quippe
3273 5281 3546 5336 hominum
3597 5299 3717 5338 esse

2143 5379 2409 5432 naturam,
2441 5386 2542 5422 non
2567 5369 2696 5423 dicit
2715 5370 2976 5425 catholica
3005 5371 3154 5435 ﬁdes,
3200 5374 3250 5425 in
3278 5384 3530 5441 quantum
3559 5373 3718 5429 homo

2141 5475 2170 5514 a
2195 5460 2446 5515 Creatore
2474 5461 2714 5530 primitus
2755 5463 3024 5517 institutus
3041 5475 3154 5526 est;
3187 5479 3357 5534 neque
3393 5481 3532 5518 nunc
3577 5464 3716 5534 quod

2141 5552 2192 5606 iu
2215 5552 2304 5606 illa
2355 5553 2492 5607 Deus
2517 5564 2680 5619 creat,
2713 5571 2832 5609 cum
2871 5556 3108 5612 homines
3135 5573 3198 5610 ex
3230 5557 3530 5612 hominibus
3566 5557 3712 5624 facit,

2205 5703 2226 5771 !_
2256 5702 2368 5772 editi
2409 5705 2650 5765 omittunt,
2688 5706 2863 5756 anilem
2903 5707 3060 5758 clima.
3111 5709 3386 5757 ttestituitur
3438 5721 3501 5758 ex
3550 5719 3715 5757 niani:-

2139 5776 2226 5812 sert
2233 5775 2276 5823 pt
2287 5778 2341 5812 is.
