4144 6542
374 476 479 529 577

378 592 479 645 hoc
498 599 581 644 est
606 586 801 643 malum
817 586 961 657 ejus;
989 583 1083 639 sed
1106 580 1245 653 quod
1277 596 1341 634 ex
1374 580 1465 633 illo
1493 578 1621 632 vitio
1654 576 1813 645 primi
1844 575 1946 629 ho-

379 681 537 737 minis
574 679 755 733 trahit.
1146 687 1156 698 ·

447 785 673 843 CAPUT
714 784 780 839 γ.
809 814 878 825 -
902 782 955 839 9.
993 780 1281 852 Respondet
1321 779 1390 833 ad
1437 775 1827 848 Pelagianorum
1873 788 1961 825 ca-

379 878 617 932 lumnias.
674 875 809 941 Quid
857 874 1065 929 liberum
1126 871 1390 926 arbitrium
1435 874 1543 924 sine
1596 867 1777 937 gratia.
1827 864 1963 932 Quid

380 969 592 1023 sentiant
639 966 888 1020 Catholici
940 965 1003 1018 de
1054 968 1180 1035 fato.
1237 962 1353 1018 Jam
1398 975 1538 1014 nunc
1590 959 1678 1013 illa
1735 956 1962 1011 videnda

380 1068 523 1123 sunt,
558 1074 676 1129 quas
714 1059 766 1112 in
808 1056 1046 1129 Epistola
1084 1070 1177 1110 sua
1222 1054 1376 1110 nobis
1426 1052 1738 1123 objicientes
1765 1090 1781 1117 ,
1839 1048 1963 1103 bre-

383 1150 520 1203 viter
569 1157 893 1218 posuerunt,
938 1147 1128 1218 quibus
1166 1145 1281 1201 haec
1318 1154 1401 1201 est
1439 1155 1619 1198 nostra
1645 1139 1962 1211 responsio.

381 1241 604 1298 Peccato
622 1240 751 1296 Ada:
792 1239 1066 1294 arbitrium
1093 1238 1317 1293 liberum
1361 1235 1428 1290 de
1454 1233 1727 1289 hominum
1778 1240 1964 1286 natura

384 1333 605 1401 periisse
646 1347 751 1385 non
788 1330 1012 1386 dicimus
1044 1348 1057 1383 :
1090 1329 1182 1385 sed
1229 1327 1294 1383 ad
1320 1325 1646 1397 peccandum
1689 1324 1869 1378 valere
1911 1322 1962 1376 in

384 1421 684 1477 numinibus
712 1420 937 1475 subditis
977 1414 1227 1483 diabolo;
1256 1417 1322 1472 ad
1366 1417 1503 1473 bene
1550 1423 1726 1470 autem
1776 1414 1966 1484 pioque

383 1510 661 1565 vivendum
685 1526 788 1565 non
810 1511 1005 1575 valere,
1050 1509 1149 1563 nisi
1185 1508 1297 1578 ipsa
1324 1507 1567 1561 voluntas
1597 1504 1826 1559 hominis
1873 1502 1966 1558 Dei

380 1601 548 1672 gratia
565 1600 720 1656 fuerit
750 1600 991 1667 liberam,
1007 1608 1062 1654 et
1090 1598 1154 1653 ad
1171 1612 1328 1653 omne
1350 1597 1543 1650 bonum
1558 1594 1780 1649 actionis
1801 1635 1815 1658 ,
1847 1607 1965 1647 ser-

385 1693 577 1758 monis,
616 1691 950 1762 cogitationis
995 1690 1196 1759 adjuta.
1235 1688 1507 1743 Neminem
1532 1685 1633 1741 nisi
1688 1685 1965 1739 Dominum

386 1785 550 1839 Deum
577 1782 801 1838 dicimus
827 1782 1155 1837 nascentium
1184 1780 1517 1835 conditorem
1542 1794 1556 1843 ;
1591 1791 1689 1831 nec
1727 1791 1756 1829 a
1785 1775 1969 1830 diabo-

390 1876 463 1942 lo,
490 1875 583 1932 sed
604 1875 671 1930 ab
698 1875 813 1945 ipso
842 1875 1054 1945 nuptias
1082 1874 1348 1928 institutas
1380 1889 1394 1926 :
1427 1885 1615 1925 omnes
1647 1879 1822 1924 tamen
1869 1868 1968 1923 sub

386 1974 603 2035 peccato
630 1965 772 2020 nasci
807 1973 1019 2035 propter
1040 1963 1343 2034 propaginis
1362 1962 1582 2026 vitium;
1614 1969 1668 2015 et
1694 1959 1813 2014 ideo
1845 1973 1968 2015 esse

383 2058 485 2113 sub
509 2055 737 2122 diabolo,
787 2055 958 2111 donec
988 2064 1334 2110 renascantur
1372 2054 1425 2108 in
1468 2049 1844 2107 Christo.'Nec
1870 2049 1968 2104 sub

387 2148 601 2202 nomine
623 2148 805 2217 gratia:
830 2145 993 2200 fatum
1022 2147 1328 2210 asserimus,
1361 2143 1481 2214 quia
1511 2143 1668 2197 nullis
1694 2140 1967 2195 hominum

388 2237 590 2293 meritis
616 2238 709 2293 Dei
733 2238 954 2306 gratiam
997 2236 1219 2292 dicimus
1248 2235 1509 2290 antecedi.
1552 2234 1606 2289 Si
1633 2242 1805 2288 autem
1856 2231 1968 2302 qui~

387 2330 606 2385 busdam
628 2329 1003 2399 omnipotentis
1032 2329 1128 2383 Dei
1151 2329 1476 2383 voluntatem
1510 2326 1698 2396 placet
1739 2323 1830 2379 fati
1870 2339 1969 2378 no-

392 2421 534 2476 mine
567 2435 907 2490 nuncupare;
942 2419 1191 2488 prol’anas
1242 2418 1456 2489 quidem
1486 2420 1767 2473 verborum
1816 2416 1967 2470 novi-

391 2523 524 2568 tates
547 2513 803 2568 evitamus
831 2512 849 2584 (
878 2512 899 2565 l
928 2511 1057 2566 Tim.
1086 2528 1138 2567 vt
1157 2553 1172 2579 ,
1216 2510 1287 2567 20
1319 2511 1359 2582 ).
1388 2509 1482 2566 sed
1514 2509 1582 2566 de
1624 2508 1802 2565 verbis
1838 2523 1968 2562 con-

392 2604 607 2660 tendere
628 2620 730 2657 non
757 2617 1016 2657 amamus.

470 2693 554 2750 l0.
584 2693 736 2749 Unde
759 2702 934 2748 autem
955 2694 1053 2748 hoc
1079 2694 1156 2749 eis
1185 2693 1353 2748 visum
1383 2692 1540 2748 fuerit
1579 2692 1730 2746 nobis
1759 2692 1961 2763 ehjice-

397 2801 478 2847 re,
500 2784 642 2854 quod
669 2783 833 2839 latum
872 2798 1172 2839 asseramus
1211 2784 1311 2839 sub
1341 2784 1554 2839 nomine
1593 2784 1777 2854 gratia:
1802 2825 1817 2849 ,
1847 2798 1967 2837 cum

391 2876 661 2947 aliquanto
717 2875 972 2931 attentius
1015 2875 1345 2946 cogitarem;
1380 2877 1522 2945 prius
1561 2890 1745 2931 eorum
1798 2875 1961 2929 verba

390 2982 509 3038 qua:
535 2976 933 3037 consequuntur
962 2966 1186 3035 inspexi.
1220 2964 1310 3022 Sic
1334 2965 1475 3020 enim
1504 2965 1604 3020 hoc
1630 2966 1782 3019 nobis
1825 2963 1968 3034 obji-

391 3058 634 3114 ciendum
681 3067 936 3129 putarunt
981 3074 996 3112 :
1052 3075 1073 3110 ι
1134 3056 1245 3113 Sub
1295 3057 1545 3122 nomine,
1605 3075 1626 3109 ι
1674 3056 1964 3127 inquiunt,

398 3168 417 3201 ι
445 3149 711 3220 gratiazita
740 3150 899 3203 latum
926 3157 1191 3213 asserunt,
1226 3157 1280 3202 ut
1299 3147 1498 3213 dicant,
1525 3147 1646 3217 quia
1691 3147 1789 3202 nisi
1834 3147 1972 3202 Deus

394 3241 559 3296 invito
578 3250 630 3295 et
654 3240 932 3296 reluctanti
959 3238 1176 3294 homini
1205 3238 1698 3308 inspiraveritboni,
1733 3244 1786 3292 et
1808 3237 1974 3306 ipsius

395 3331 712 3403 imperfecti,
763 3332 1125 3403 cupiditatem,
1181 3347 1282 3387 nec
1309 3346 1338 3385 a
1370 3332 1510 3385 malo
1555 3331 1841 3395 declinare,
1873 3346 1973 3386 nec

395 3426 590 3480 bonum
654 3426 821 3496 possit
874 3425 1128 3495 arripere.
1164 3442 1184 3478 ι
1223 3423 1421 3479 Deinde
1485 3424 1753 3493 aliquanto
1821 3430 1972 3492 post,

397 3516 483 3571 ubi
518 3516 614 3586 ipsi
640 3532 758 3587 quas
795 3514 1114 3583 defendant,
1143 3524 1591 3580 commemorant,
1642 3513 1766 3580 quid
1792 3514 1860 3569 de
1879 3514 1976 3570 hac

397 3613 455 3662 re
501 3607 568 3661 ab
586 3606 664 3663 eis
691 3606 973 3673 diceretur,
1002 3606 1225 3662 attendi.
1259 3624 1277 3657 ι
1302 3605 1588 3675 Baptisma,
1632 3623 1651 3657 ι
1709 3604 1973 3675 inquiunt,

397 3698 647 3756 omnibus
721 3699 1082 3755 necessarium
1136 3712 1257 3754 esse
1316 3697 1561 3753 aetatibus
1613 3696 1973 3752 conﬁtemur:

396 3791 618 3863 gratiam
647 3805 857 3861 quoque
880 3790 1129 3860 adjuvare
1157 3788 1569 3859 uniuscujusque
1604 3788 1800 3843 bonum
1850 3803 1975 3859 pro-

398 3884 649 3954 positum,
680 3898 783 3937 non
825 3891 1000 3937 tamen
1043 3882 1322 3937 reluctanti
1351 3880 1582 3935 studium
1624 3879 1835 3935 virtutis
1875 3880 1977 3935 im-

400 3980 629 4045 mittere,
644 3978 763 4048 quia
781 3991 1124 4048 personarum
1148 3976 1384 4045 acceptio
1403 3990 1506 4030 non
1518 3983 1601 4031 est
1619 3973 1756 4045 apud
1777 3974 1941 4030 Deum
1955 3993 1973 4027 ι

405 4070 644 4141 (Coloss.
694 4085 773 4134 ιιι,
824 4068 961 4142 25).
1014 4068 1092 4123 Ex
1136 4068 1218 4123 his
1261 4083 1446 4123 eorum
1485 4067 1663 4122 verbis
1703 4066 1977 4134 intellexi,

402 4160 474 4215 ob
493 4159 594 4215 hoc
623 4160 739 4214 illos
776 4159 860 4214 vel
887 4166 1071 4229 putare
1092 4158 1171 4213 vel
1194 4158 1364 4228 putari
1392 4157 1547 4223 velle,
1572 4155 1734 4211 fatum
1765 4171 1863 4212 nos
1892 4171 1981 4211 as-

404 4267 583 4308 serere
603 4252 701 4306 sub
730 4252 944 4306 nomine
989 4250 1191 4321 gratiae,
1214 4249 1336 4321 quia
1366 4249 1589 4320 gratiam
1617 4246 1715 4303 Dei
1756 4264 1861 4302 non
1892 4262 1981 4303 se-

407 4343 637 4397 cundum
670 4342 857 4398 merita
899 4352 1078 4397 nostra
1112 4340 1338 4397 dicimus
1384 4339 1519 4407 dari,
1551 4340 1644 4395 sed
1684 4338 1977 4394 secundum

409 4436 571 4506 ipsius
595 4433 1143 4491 misericordissimam
1196 4433 1655 4503 voluntatem,qui
1675 4432 1828 4500 dixit,
1867 4430 1975 4486 Hi-

411 4529 605 4583 m'ebor
624 4528 709 4581 cui
725 4528 955 4582 misertus
997 4542 1102 4593 ero,
1130 4533 1177 4580 et
1206 4524 1599 4580 misericordiam
1626 4524 1870 4594 prwslobo
1890 4524 1974 4577 cui

410 4622 688 4676 misericors
737 4624 899 4689 fuero.
958 4617 1057 4674 Ubi
1085 4625 1474 4687 consequenter
1528 4615 1833 4683 adjunctum
1865 4622 1980 4682 est,

415 4711 580 4784 Igitur
604 4728 703 4765 non
731 4710 936 4764 volentis
959 4750 973 4773 ,
1019 4724 1176 4777 neque
1198 4707 1464 4771 currentis,
1493 4706 1582 4760 sed
1606 4706 1881 4760 miserentis
1906 4715 1980 4761 est

417 4804 508 4858 Dei
539 4804 557 4875 (
590 4802 738 4857 Rom.
768 4802 952 4869 is,15,
983 4800 1049 4855 l6
1075 4799 1118 4872 ).
1158 4799 1342 4853 Posset
1365 4798 1522 4852 etiam
1563 4797 1684 4853 hinc
1728 4798 1987 4867 quispiam

414 4895 654 4949 similiter
669 4894 858 4948 stultus
879 4890 968 4945 fati
998 4898 1319 4945 assertorem
1338 4889 1647 4959 Apostolum
1692 4898 1880 4958 putare
1909 4890 1990 4944 vel

415 4983 616 5038 dicere.
648 4983 851 5038 Verum‘
869 4981 956 5037 hic
988 4995 1047 5035 se
1074 4978 1162 5034 isti
1209 4979 1337 5034 satis
1377 4980 1638 5048 aperiunt.
1669 4978 1800 5033 Cum
1848 4979 1990 5034 enim

418 5082 697 5146 propterea
745 5072 900 5127 nobis
942 5069 1331 5126 calumniantur
1359 5109 1373 5135 ,
1421 5067 1659 5123 dicentes
1689 5084 1787 5125 nos
1824 5068 1990 5124 fatum

417 5165 599 5236 gratia!
624 5164 836 5219 nomine
862 5177 1135 5228 asserere,
1180 5161 1300 5231 quia
1333 5174 1435 5215 non
1464 5159 1755 5215 secundum
1803 5163 1991 5215 merita

420 5265 600 5310 nostra
636 5255 749 5309 dari
777 5254 1003 5309 dicimus
1032 5252 1123 5307 Dei
1149 5252 1410 5322 gratiam;
1442 5250 1623 5320 procul
1668 5249 1831 5305 dubio
1859 5265 1994 5305 con-

421 5349 637 5404 ﬁtentur
658 5346 797 5418 quod
828 5347 927 5417 ipsi
963 5361 1081 5402 eam
1108 5343 1398 5400 secundum
1422 5352 1601 5398 nostra
1639 5347 1827 5399 merita
1866 5345 1983 5400 dari

421 5438 604 5493 dicunt
636 5456 650 5493 :
681 5439 751 5492 ita
794 5438 1008 5492 emcilas
1036 5451 1218 5491 eorum
1262 5436 1529 5490 occultare
1566 5450 1628 5490 ac
1660 5435 1996 5493 dissimulare

425 5543 530 5583 non
553 5530 739 5598 potuit,
765 5527 865 5583 hoc
903 5541 965 5582 se
1004 5540 1191 5594 sapere
1218 5537 1376 5595 atque
1418 5525 1617 5580 sentire
1643 5565 1659 5592 ,
1691 5525 1831 5596 quod
1893 5527 1995 5583 sibi

428 5617 687 5687 obiectum
731 5616 970 5687 Pelagius
1010 5614 1061 5669 in
1112 5615 1397 5684 episcopali
1466 5614 1666 5683 judicio
1713 5615 1997 5671 Palaesdno

426 5707 648 5763 subdolo
670 5707 858 5761 timore
900 5704 1186 5759 damnavit.
1240 5705 1511 5773 (lbjcctnm
1564 5706 1758 5775 quippe
1803 5706 1875 5760 illi
1918 5716 2000 5761 cst

429 5815 492 5855 ex
513 5799 683 5855 verbis
707 5797 916 5869 quidem
962 5796 1204 5866 discipuli
1249 5797 1329 5850 sui
1355 5798 1612 5857 (ᾇοειρειίι.
1654 5798 1793 5867 quod
1836 5800 1995 5853 etiam

432 5891 543 5959 ipse
563 5890 777 5954 diceret,
811 5905 829 5939 ι
860 5889 1081 5957 gratiam
1112 5886 1199 5941 Dei
1249 5887 1537 5941 secundum
1590 5889 1774 5941 merita
1821 5897 1996 5942 nostra

1680 463 1876 518 LlBliR
1914 443 2291 516 SECUNDUS.

3544 466 3648 525 578

2066 572 2201 626 dari.
2242 592 2259 624 ι
2295 572 2445 638 Quod
2468 573 2550 626 ille
2576 572 2865 637 detestans,
2899 573 2979 628 vel
2997 575 3145 644 quasi
3174 577 3448 634 detestans
3477 581 3516 646 ‘,
3545 597 3646 639 ore

2066 662 2779 718 duntaxatanathematizare
2811 681 2913 718 non
2943 665 3180 721 distulit:
3210 668 3303 722 sed
3353 680 3489 724 Sicut
3531 674 3649 739 ejus

2068 752 2186 808 libri
2220 755 2538 822 posteriores
2563 754 2812 817 iudicant,
2845 765 2898 809 et
2933 757 3152 811 istorum
3179 768 3503 815 sectatorum
3523 763 3641 830 ejus

2068 845 2229 898 nudat
2254 845 2275 876 ³
2297 846 2538 911 assertio,
2587 845 2711 899 ﬁcto
2746 847 2905 901 corde
2937 850 3187 914 servavit,
3222 850 3394 905 donec
3435 862 3638 921 postea,

2067 934 2207 1004 quod
2248 943 2372 989 tunc
2420 938 2563 989 metu
2612 945 2815 991 texerat
2857 939 3098 1006 negantis
3123 941 3342 1004 astutia,
3373 945 3530 996 etiam
3586 947 3641 1000 iu

2069 1025 2274 1081 litteras
2303 1025 2565 1095 proferret
2590 1027 2829 1081 audacia.
2851 1028 2920 1082 Et
2939 1027 3116 1082 adhuc
3131 1045 3235 1083 non
3264 1031 3633 1097 reformidant,

2068 1132 2167 1172 nec
2193 1117 2382 1172 saltem
2406 1118 2828 1173 vereéundantur
2853 1118 3089 1189 episc0pi
3135 1120 3396 1189 Pelagiani
3433 1124 3640 1178 litteras

2068 1220 2192 1261 suas
2211 1208 2485 1262 catholicis
2510 1209 2855 1264 orientalibus
2878 1210 3143 1279 episcopis
3168 1212 3379 1267 mittere
3408 1254 3422 1277 ,
3452 1216 3645 1282 quibus

2069 1312 2167 1352 nos
2213 1308 2508 1354 assertores
2544 1299 2633 1354 fati
2664 1310 2784 1356 esse
2808 1302 3178 1368 criminantur,
3206 1304 3330 1373 quia
3376 1321 3480 1359 non
3506 1306 3643 1359 dici-

2069 1404 2188 1443 mus
2216 1393 2436 1459 gratiam
2468 1392 2558 1447 Dei
2601 1394 2891 1447 secundum
2923 1395 3108 1449 merita
3133 1405 3312 1450 nostra
3339 1396 3475 1463 dari,
3503 1399 3642 1468 quod

2070 1476 2310 1549 Pelagius
2337 1482 2619 1552 episcopos
2646 1482 2932 1537 orientales
2961 1494 3230 1553 metuens,
3253 1496 3306 1541 et
3330 1486 3510 1541 dicere
3538 1505 3646 1542 non

2068 1582 2252 1634 ausus,
2281 1578 2334 1624 et
2356 1570 2609 1625 damnare
2623 1572 2930 1641 compulsus
2955 1583 3056 1627 est.

2141 1658 2365 1715 CAPUT
2404 1661 2489 1715 Vl.
2519 1690 2592 1702 —
2621 1664 2707 1716 ll.
2739 1661 2860 1716 Fati
2901 1665 3187 1719 criminatio
3230 1674 3545 1737 retorquetur
3594 1671 3647 1723 in

2069 1748 2402 1804 adversarios.
2432 1750 2575 1805 Itane
2597 1768 2747 1819 vero,
2779 1752 2867 1807 lilii
2906 1755 3187 1824 superbiae,
3237 1755 3434 1811 inimici
3465 1761 3647 1829 gratim

2073 1841 2186 1907 Dei,
2216 1855 2248 1894 ο
2294 1843 2419 1895 novi
2478 1842 2711 1897 haeretici
2758 1844 3044 1915 Pelagiani,
3079 1849 3317 1917 quisquis
3342 1850 3492 1916 dicit,
3524 1867 3647 1921 gra-

2072 1932 2141 1987 tia
2195 1934 2284 1988 Dei
2314 1934 2489 1988 omnia
2544 1936 2775 1990 hominis
2807 1937 2945 1992 bona
2976 1940 3164 1993 merita
3215 1943 3515 2010 praeveniri,
3551 1960 3648 1999 nec

2068 2027 2291 2096 gratiam
2352 2027 2448 2082 Dei
2497 2029 2702 2083 meritis
2738 2028 2873 2095 dari,
2904 2045 2970 2084 ne
3022 2046 3125 2085 non
3156 2033 3223 2086 sit
3252 2035 3438 2102 gratia,
3470 2037 3513 2088 si
3540 2051 3645 2090 non

2070 2118 2234 2187 gratis
2266 2116 2438 2181 datur,
2478 2119 2573 2175 sed
2613 2118 2788 2174 debita
2820 2121 3148 2175 merentibus
3177 2123 3451 2189 redditur;
3484 2124 3646 2180 fatum

2071 2209 2221 2264 vobis
2249 2209 2461 2264 videtur
2496 2211 2778 2266 asserere?
2806 2211 2992 2267 Nonne
3018 2213 3179 2267 etiam
3226 2230 3320 2269 vos
3365 2216 3462 2287 ipsi
3512 2234 3646 2287 qua-

2032 2299 2206 2355 ‘libet
2251 2300 2544 2355 intentione
2591 2305 2953 2357 necessarium
3028 2303 3350 2374 Baptismum
3403 2312 3649 2365 omnibus

2072 2391 2314 2445 mtatibus
2342 2391 2563 2446 dicitis?
2588 2392 2774 2447 Nonne
2800 2394 2851 2447 in
2884 2393 2983 2450 hac
3014 2395 3123 2464 ipsa
3157 2398 3388 2465 Epistola
3438 2411 3636 2466 vestra,

2072 2480 2226 2535 istam
2256 2481 2323 2537 de
2352 2481 2622 2552 Baptismo
2645 2484 2987 2551 sententiam,
3011 2493 3065 2539 et
3092 2484 3159 2539 de
3185 2488 3353 2555 gratia
3376 2488 3524 2557 juxta
3548 2505 3645 2558 po-

2072 2570 2295 2625 suistis?
2324 2572 2429 2626 Cur
2453 2587 2555 2626 non
2584 2587 2681 2626 vos
2709 2572 3030 2643 Baptismus,
3058 2576 3314 2643 quidalur
3339 2578 3649 2643 infantibus,

2073 2662 2186 2731 ipsa
2227 2663 2494 2718 vicinitate
2521 2667 2867 2729 commonuit,
2894 2666 3017 2735 quid
3042 2669 3239 2722 sentire
3260 2668 3327 2722 de
3354 2670 3518 2736 gratia
3549 2671 3646 2725 de-

2074 2752 2442 2808 beatis‘illiec
2488 2754 2630 2808 enim
2681 2755 2840 2810 verba
2880 2764 3003 2810 sunt
3053 2769 3229 2811 vestra
3263 2774 3278 2811 :
3320 2776 3339 2809 ι
3388 2759 3652 2828 llaptisma

2072 2842 2318 2897 omnibus
2347 2843 2704 2898 necessarium
2726 2860 2846 2900 esse
2867 2845 3108 2899 aatatibus
3133 2847 3451 2902 confitemur
3481 2867 3495 2903 :
3523 2864 3644 2919 gra-

2076 2935 2198 2989 tiam
2216 2949 2426 3006 quoque
2474 2934 2724 3005 adjuvare
2753 2936 3169 3007 uniuscujusque
3220 2938 3418 2992 bonum
3452 2955 3650 3009 propu-

2073 3026 2254 3090 situm,
2287 3039 2392 3080 non
2419 3034 2593 3080 tamen
2622 3026 2903 3082 reluctanti
2934 3027 3166 3082 studium
3209 3030 3415 3084 virtutis
3447 3030 3646 3085 immit-

2076 3125 2208 3182 tere,
2230 3116 2352 3186 quia
2379 3131 2723 3187 personarum
2740 3119 2978 3187 accvptio
3004 3134 3107 3172 non
3124 3128 3206 3173 est
3226 3120 3364 3188 apud
3399 3121 3583 3175 Deum.
3622 3141 3643 3174 ι

2076 3206 2133 3260 ln
2160 3207 2242 3260 his
2266 3208 2516 3261 omnibus
2544 3207 2721 3261 verbis
2746 3208 2937 3262 vestris
2961 3207 3028 3262 de
3057 3207 3223 3278 gratia
3253 3210 3392 3278 quod
3421 3210 3650 3277 dixistis,

2077 3297 2286 3352 interim
2317 3305 2466 3351 taceo
2495 3315 2508 3351 :
2537 3296 2604 3351 de
2630 3297 2953 3367 B.iptismate
2975 3298 3180 3353 reddite
3210 3300 3470 3353 rationem
3503 3316 3518 3365 ;
3559 3318 3655 3355 cur

2078 3388 2208 3444 illud
2260 3388 2450 3444 dicatis
2505 3388 2755 3443 omnibus
2796 3403 2917 3444 esse
2960 3388 3206 3444 aetatibus
3257 3393 3644 3458 necessarium,

2078 3495 2242 3551 quare
2267 3480 2338 3534 sit
2363 3478 2724 3536 necessarium
2757 3479 2991 3550 parvulis
3024 3474 3226 3535 dicite:
3269 3480 3506 3551 profecto
3534 3484 3659 3551 quia

2079 3574 2158 3629 eis
2187 3572 2311 3627 boni
2340 3571 2536 3643 aliquid
2562 3571 2786 3639 confert,
2810 3582 2864 3628 et
2890 3572 3029 3627 idem
3052 3572 3248 3642 aliquid
3279 3588 3377 3628 nec
3405 3588 3651 3642 parvum,

2079 3677 2181 3719 nec
2225 3662 2515 3727 mediocre,
2547 3661 2641 3717 sed
2692 3677 2938 3732 magnum
2966 3671 3066 3717 est.
3112 3662 3244 3717 Nam
3270 3664 3368 3717 etsi
3398 3663 3419 3694 ⁸
3443 3679 3538 3719 eos
3561 3681 3661 3718 ne-

2080 3753 2216 3824 gatis
2243 3752 2515 3808 attrahere
2537 3752 2677 3823 quod
2706 3753 2759 3807 in
2790 3753 3061 3825 Baptismo
3076 3754 3375 3809 remittatur
3399 3755 3666 3824 originale

2083 3855 2356 3918 peccatum
2390 3863 2403 3899 :
2432 3853 2607 3900 tamen
2636 3845 2727 3900 illo
2752 3845 3173 3917 regenerationis
3194 3845 3407 3901 lavacro
3433 3846 3659 3916 adopta-

2082 3940 2125 3995 ri
2149 3954 2212 3995 ex
2246 3937 2369 3993 filiis
2395 3936 2668 3992 hominum
2713 3936 2765 3991 in
2816 3936 2907 3992 Dei
2938 3936 3075 3991 ﬁlios
3126 3953 3233 3991 non
3284 3939 3515 4007 negatis;
3544 3939 3657 3992 imo

2082 4032 2240 4087 etiam
2272 4028 2592 4099 przedicatis.
2647 4029 2814 4084 Dicite
2853 4042 2980 4099 ergo
3011 4027 3183 4094 nobis,
3216 4028 3539 4099 quicumque
3566 4029 3667 4082 ba-

2083 4121 2264 4193 ptizati
2307 4122 2358 4175 in
2386 4119 2597 4175 Christo
2648 4119 2850 4189 parvuli
2877 4119 2944 4175 de
2980 4133 3204 4187 corpore
3255 4118 3521 4185 exierunt,
3550 4119 3651 4173 hoc

2085 4221 2192 4266 tam
2215 4209 2442 4265 sublime
2488 4208 2688 4264 donum
2745 4207 2937 4277 quibus
2991 4207 3410 4276 praecedentibus
3454 4211 3660 4264 meritis

2084 4300 2445 4371 acceperunt?
2477 4300 2532 4355 Si
2579 4299 2818 4354 dixeritis
2842 4340 2857 4363 ,
2887 4298 2989 4352 hoc
3014 4314 3110 4354 eos
3160 4308 3437 4368 parentum
3471 4301 3665 4367 pietate

2086 4392 2346 4448 meruisse
2377 4408 2392 4445 :
2428 4389 2835 4460 respondebitur
2861 4387 3011 4443 vobis
3033 4429 3049 4453 ,
3105 4388 3212 4443 Cur
3237 4389 3519 4458 aliquando
3540 4390 3658 4460 pio-

2087 4501 2204 4542 rum
2231 4483 2352 4539 ﬁliis
2373 4494 2592 4554 negatur
2613 4482 2713 4537 hoc
2741 4482 2960 4547 bonum,
3001 4490 3055 4536 et
3095 4481 3216 4536 (iliis
3258 4482 3508 4537 tribuitur
3551 4482 3657 4536 iiii-

2088 4576 2734 4650 piorumiNonnunquam
2763 4576 2903 4629 enim
2929 4575 2997 4629 de
3029 4574 3294 4645 religiosis
3319 4586 3433 4629 orta
3478 4577 3663 4646 proles

2090 4672 2144 4727 in
2177 4680 2357 4726 tenera
2395 4678 2551 4724 astate
2567 4677 2724 4738 atque
2740 4667 2807 4721 ab
2847 4676 2999 4721 utero
3029 4665 3440 4722 recentissima‘
3468 4683 3674 4737 praeveo

2093 4763 2234 4817 nitur
2249 4767 2439 4825 morte,
2466 4767 2748 4828 antequam
2780 4759 2989 4813 lavacro
3026 4759 3444 4825 regenerationis
3483 4758 3668 4812 ablua-

2094 4861 2216 4918 tur;
2248 4859 2301 4904 et
2322 4851 2495 4905 infans
2536 4857 2691 4903 natus
2718 4863 2782 4903 ex
2817 4848 3043 4902 inimicis
3078 4846 3273 4901 Christi
3307 4848 3673 4901 misericordia

2095 4942 2511 4996 Christianorum
2559 4939 2858 5007 baptizatur
2883 4938 2934 4991 in
2966 4937 3181 4991 Christo
3215 4954 3227 4992 :
3260 4937 3458 5007 plangit
3494 4938 3667 5007 baptio

2098 5040 2213 5087 zata
2236 5039 2406 5084 mater
2431 5044 2537 5082 non
2560 5029 2879 5097 baptizatum
2928 5027 3200 5096 proprium
3229 5043 3244 5091 ;
3268 5035 3320 5080 et
3344 5028 3411 5082 ab
3441 5028 3672 5095 impudi-

2097 5138 2157 5178 ca
2185 5123 2509 5191 expositum,
2546 5120 2914 5190 haptizandum
2941 5130 3085 5174 casta
3116 5120 3275 5174 fetum
3305 5120 3505 5190 colligit
3540 5122 3673 5175 alie-

2099 5230 2249 5269 num.
2284 5212 2379 5285 llic
2406 5224 2549 5266 certe
2574 5214 2760 5266 merita
2799 5224 3079 5281 parentum
3124 5220 3331 5274 vacant,
3366 5223 3552 5266 vacant
3575 5228 3669 5264 vo-

2100 5307 2183 5361 bis
2232 5306 2520 5360 fatentibus
2567 5305 2799 5374 ipsorum
2848 5305 3006 5358 etiam
3057 5304 3422 5373 parvulorum.
3470 5305 3680 5359 Scimus

2099 5398 2239 5452 enim
2263 5410 2361 5450 vos
2392 5410 2497 5448 non
2533 5393 2633 5447 hoc
2675 5393 2743 5447 de
2771 5396 2944 5446 anima
2979 5392 3205 5447 humana
3247 5393 3489 5460 credere,
3535 5393 3678 5463 quod

2168 5594 2183 5625 ι
2220 5591 2427 5640 vaticani
2449 5596 2578 5650 ttss.,
2602 5589 2729 5653 quod
2753 5586 2834 5638 ille
2858 5586 2995 5651 quasi
3019 5586 3289 5646 detestans;
3313 5598 3506 5643 omisso,
3545 5582 3679 5632 dete-

2100 5660 2230 5705 stans
2251 5653 2337 5701 vel.

2166 5718 2185 5746 ²
2220 5714 2353 5771 Editi,
2378 5711 2575 5761 nudum.
2602 5710 2918 5761 Emendazitur
2943 5723 3006 5758 cx
3031 5716 3134 5758 Mss.

2166 5776 2338 5831 Humi,
2365 5772 2424 5823 si.
2472 5782 2596 5830 Mss,
2633 5772 2736 5822 cto’.
3238 5822 3248 5831 _
3305 5820 3315 5829 _

2167 5838 2187 5866 δ
2206 5818 2340 5893 iiiiii;
2366 5818 2717 5885 ἦῖείτιιὶῖδζὺίιὸξ
2736 5832 2897 5881 \Iclius
2922 5839 3047 5888 διεδ..
3075 5822 3248 5876 rrrc'zti
3266 5820 3430 5881 sima;
3452 5818 3678 5866 reicit-n-

2107 5898 2169 5947 d0
2193 5898 2250 5947 ad
2271 5896 2470 5958 prolem.
