4144 6572
520 485 628 548 579
1183 480 1460 538 CONTRA
1504 481 1686 538 DUAS
1721 446 2100 540 lil‘lS'l'OlAS
2140 477 2690 546 PELAGMNORUM,
2731 482 2786 536 S.
2830 478 3193 540 AL'GUSTINI
3673 482 3776 542 580

524 621 651 669 ante
681 623 880 677 corpus
911 605 1211 662 terrenum'
1234 605 1436 660 alicubi
1457 603 2100 674 vixerit,etaliquidope-

528 713 644 760 rata
672 705 740 758 sit
763 704 840 757 vel
876 701 1108 757 boniw-l
1132 701 1281 763 ntali,
1319 701 1460 754 uttde
1495 701 1652 754 istam
1704 699 1756 754 in
1799 713 1964 752 carne
1995 697 2100 750 dif-

527 799 814 853 forentiam
833 807 1152 851 mereretur.
1172 794 1304 860 Quae
1338 793 1502 862 igitur
1529 807 1696 846 causa
1722 791 1848 846 huic
1876 790 2102 859 parvulo

528 891 866 960 Baptismum
899 888 1237 959 procuravit,
1267 885 1340 940 illi
1369 883 1624 953 negavit?
1668 884 1748 936 An
1778 882 1876 952 ipsi
1927 880 2096 934 fatum

527 982 751 1039 habent.
780 983 904 1040 quia
935 980 1188 1030 meritum
1225 992 1329 1029 non
1388 973 1633 1028 habent?
1673 973 1850 1026 autin
1898 970 1983 1024 his
2021 973 2104 1024 est

543 1060 782 1128 acceptio
806 1073 836 1111 a
878 1054 1102 1110 Domino
1130 1048 1515 1123 personarum?
1545 1046 1676 1100 Nam
1705 1055 1986 1111 utrumque
2025 1041 2108 1094 di-

546 1149 882 1219 xistis,prins
914 1143 1472 1212 fatum,aeceptionetn
1503 1146 1684 1207 postea
1715 1146 2062 1204 personarum
2089 1148 2104 1184 :

539 1255 598 1300 ut
636 1241 882 1312 quoniam
936 1245 1217 1306 utrumque
1265 1230 1603 1288 refutandum
1659 1235 1769 1290 est,
1833 1229 2104 1278 remaneat

536 1331 676 1403 quod
703 1331 859 1384 vultis
886 1327 1140 1382 adversus
1180 1323 1403 1394 gratiam
1442 1317 1779 1374 introducere
1824 1314 2104 1368 meritum.

539 1421 874 1494 Rcspondete
924 1418 1082 1488 igitur
1106 1415 1174 1470 de
1219 1413 1420 1469 meritis
1455 1410 1792 1482 parvulorum
1821 1448 1836 1473 ,
1880 1421 1975 1461 cur
2021 1403 2108 1458 alii

540 1513 808 1583 baptizati,
865 1510 952 1564 alii
999 1524 1102 1562 non
1136 1505 1381 1574 baptizati
1417 1503 1484 1556 de
1534 1499 1850 1569 corporibus
1893 1504 2108 1560 exeant,

543 1618 642 1658 nec
690 1609 968 1671 parentum
1017 1595 1220 1651 meritis
1271 1593 1355 1646 vel
1391 1591 1624 1661 polleant
1650 1589 1732 1643 vel
1761 1595 1979 1642 careant
2005 1595 2108 1638 tam

539 1691 819 1746 excellenti
853 1689 1011 1752 bono,
1037 1695 1093 1738 ut
1123 1683 1251 1737 {iant
1274 1681 1368 1734 filii
1410 1679 1500 1734 Dei
1547 1695 1611 1732 ex
1661 1677 1933 1731 hominum
1966 1673 2108 1739 ﬁliis,

542 1781 698 1834 nullis
725 1785 1019 1846 parentum,
1050 1773 1205 1828 nullis
1223 1771 1427 1826 meritis
1453 1769 1580 1823 suis.
1610 1767 1810 1834 Nempe
1839 1764 2073 1818 reticetis
2094 1779 2149 1845 ς⁵

539 1881 592 1924 et
614 1885 707 1923 vos
735 1870 875 1938 ipsos
898 1869 918 1899 ¹
948 1865 1121 1935 potius
1149 1865 1198 1918 in
1229 1878 1294 1918 eo
1318 1861 1458 1932 quod
1487 1860 1638 1914 nobis
1664 1857 1916 1927 objicitis,
1966 1856 2114 1910 inve-

542 1960 684 2014 nitis.
705 1957 832 2011 Nam
861 1957 903 2010 si
927 1955 1014 2008 ubi
1045 1969 1149 2008 non
1174 1961 1256 2007 est
1280 1951 1548 2014 meritum,
1572 1955 1963 2017 consequenter
1989 1959 2109 2000 esse

539 2051 713 2106 dicitis
741 2048 926 2111 fatum,
953 2056 1007 2101 et
1036 2045 1105 2100 ob
1133 2044 1306 2098 hocin
1333 2043 1500 2113 gratia
1520 2041 1612 2095 Dei
1644 2039 1894 2094 meritum
1933 2036 2110 2090 homi-

539 2143 622 2196 nis
641 2141 799 2193 vnltis
826 2136 1064 2206 intelligi.
1090 2150 1158 2190 ne
1200 2133 1367 2210 fatum
1391 2131 1652 2202 cogamini
1679 2128 1922 2185 conﬁteri
1947 2145 1962 2193 ;
1986 2142 2113 2182 ecce

540 2245 633 2285 vos
660 2230 834 2300 potius
861 2227 1097 2282 asseritis
1123 2225 1284 2280 fatum
1309 2224 1360 2276 in
1388 2223 1708 2291 Baptismate
1745 2219 2108 2290 parvulorum,

541 2336 765 2392 quorum
815 2319 1016 2372 nullum
1057 2332 1176 2371 esse
1206 2315 1439 2370 fatemini
1471 2315 1736 2366 meritum.
1775 2313 1830 2366 Si
1856 2321 2032 2366 autem
2059 2311 2112 2365 in

541 2409 870 2480 baptizandis
907 2408 1154 2476 parvulis,
1180 2415 1232 2460 et
1258 2403 1712 2458 null-nmmet'itum
1738 2401 1952 2455 omnino
1971 2415 2110 2470 prte-

541 2502 754 2563 cedcre,
779 2508 828 2552 et
849 2509 1023 2550 tamen
1051 2495 1211 2549 fatun‘
1246 2510 1348 2547 non
1380 2508 1498 2548 esse
1528 2490 1820 2546 conceditis
1849 2507 1863 2556 ;
1893 2505 1990 2544 cur
2014 2503 2114 2544 nos

543 2591 756 2662 quando
783 2589 1006 2643 dicimus
1019 2587 1238 2655 gratiam
1257 2585 1347 2638 Dei
1379 2594 1654 2654 propterea
1685 2583 1848 2653 gratis
1872 2582 2006 2646 dari,
2045 2594 2112 2636 ne

541 2681 710 2752 gratia
742 2693 845 2734 non
874 2679 961 2740 sit,
993 2686 1047 2732 et
1082 2691 1184 2731 non
1215 2685 1463 2745 tanquam
1493 2675 1723 2729 debitam
1750 2675 1950 2729 meritis
1968 2688 2106 2742 prm-

547 2772 862 2828 cedentibus
903 2769 1072 2831 reddi,
1101 2767 1192 2822 fati
1228 2775 1524 2821 assertores
1579 2780 1698 2820 esse
1721 2764 1932 2836 iactatis
1955 2765 1978 2818 l
2005 2779 2112 2819 non

546 2864 922 2933 intelligentes,
951 2861 1003 2915 in
1031 2860 1054 2892 ³
1073 2859 1424 2930 justillcandis
1450 2859 1644 2929 impiis,
1671 2866 1806 2914 sicut
1838 2867 2113 2928 propterea

547 2956 734 3011 merita
765 2968 871 3008 non
920 2961 1062 3017 sunt,
1093 2951 1214 3021 quia
1247 2950 1337 3004 Dei
1357 2951 1522 3020 gratia
1561 2958 1677 3014 est;
1703 2951 1773 3004 ita
1828 2959 2111 3020 propterea

546 3061 656 3101 non
676 3059 795 3100 esse
823 3043 1020 3106 fatum,
1049 3041 1169 3112 quia
1226 3039 1318 3096 Dei
1367 3040 1533 3110 gratia
1577 3039 1790 3100 estzita
1834 3049 2114 3110 propterea

545 3153 652 3191 non
704 3150 822 3191 esse
851 3133 1210 3204 acceptionem
1254 3145 1599 3202 personarum
1624 3171 1638 3196 ,
1671 3131 1793 3202 quia
1829 3131 1920 3186 Dei
1945 3131 2114 3201 gratia

545 3236 646 3283 est.

617 3317 703 3373 12.
745 3317 933 3371 Fatum
963 3316 1158 3386 quippe
1187 3314 1275 3385 qui
1301 3313 1598 3379 afﬁrmant,
1619 3313 1688 3369 de
1711 3313 1942 3368 siderum
1971 3313 2117 3384 posi-

549 3411 692 3464 tione
719 3408 783 3462 ad
811 3420 1018 3476 tempus
1045 3422 1151 3476 quo
1180 3407 1474 3475 concipitur
1500 3406 1723 3476 quisque
1749 3405 1834 3460 vel
1860 3405 2115 3469 nascitur,

547 3515 680 3571 quas
723 3499 1151 3554 constellatioues
1202 3505 1426 3564 vocant,
1483 3512 1587 3551 nou
1643 3496 1815 3552 solum
1869 3505 2020 3552 actus
2064 3505 2120 3551 et

547 3600 756 3656 eventa,
780 3605 958 3644 verum
984 3591 1142 3644 etiam
1174 3588 1314 3658 ipsas
1341 3598 1550 3644 nostras
1575 3587 1869 3643 voluntates
1889 3589 2119 3658 pendere

547 3681 874 3736 contendunt
901 3697 915 3733 :
945 3681 1035 3734 Dei
1056 3695 1184 3734 vero
1207 3679 1374 3748 gratia
1400 3693 1505 3733 non
1539 3679 1710 3733 solum
1736 3678 1914 3732 omnia
1943 3677 2118 3732 sidera

549 3783 604 3827 et
631 3787 818 3827 omnes
842 3771 1024 3834 coelos,
1059 3785 1241 3825 verum
1270 3769 1431 3824 etiam
1456 3783 1643 3824 omnes
1677 3768 1909 3838 Angelos
1935 3783 2122 3838 super-

549 3864 803 3932 greditur.
835 3859 1033 3914 Deinde
1051 3857 1142 3912 fati
1169 3866 1464 3912 assertores
1481 3866 1537 3911 et
1556 3857 1691 3912 bona
1713 3867 1765 3912 et
1785 3858 1920 3911 mala
1951 3859 2123 3912 homi-

555 3969 680 4006 num
713 3951 818 4004 lato
839 3949 1075 4004 tribuunt
1112 3963 1126 4000 :
1169 3947 1307 4001 Deus
1345 3956 1520 4000 autem
1565 3947 1618 4000 in
1653 3947 1804 4002 malis
1847 3945 2121 4002 hominum

554 4042 741 4096 merita
779 4053 962 4094 eorum
1002 4037 1174 4092 debita
1205 4036 1552 4091 retributione
1598 4038 1950 4106 persequitur,
1984 4037 2120 4092 bona

555 4146 684 4186 vero
720 4145 814 4198 per
859 4127 1145 4182 indebitam
1185 4127 1408 4196 gratiam
1469 4126 1798 4182 misericordi
1852 4127 2122 4182 voluntate

554 4221 808 4291 largitur;
841 4227 1123 4286 utrumque
1166 4216 1365 4271 faciens
1395 4231 1499 4271 non
1544 4231 1638 4286 per
1671 4217 1942 4274 stellarum
1987 4227 2120 4274 tem-

553 4313 732 4384 porale
749 4310 1097 4374 consortium,
1115 4309 1208 4364 sed
1235 4325 1331 4378 per
1346 4324 1456 4363 suat
1471 4310 1768 4365 severitatis
1791 4318 1846 4365 et
1872 4311 2124 4366 bonitatis

553 4415 807 4458 a-ternum
825 4403 1090 4470 altumque
1117 4401 1415 4455 censilium.
1431 4399 1687 4455 Neutrum
1709 4415 1836 4470 ergo
1853 4401 2124 4472 pertinere

553 4494 792 4549 videmus
815 4491 880 4545 ad
905 4490 1088 4544 fatum.
1121 4489 1219 4545 llic
1260 4491 1303 4544 si
1325 4488 1348 4521 ⁸
1372 4491 1736 4560 reSpondetis,
1778 4489 1916 4544 banc
1952 4491 2122 4559 ipsam

557 4583 654 4640 Dei
681 4579 1120 4644 benevolentiam,
1137 4595 1238 4650 qua
1261 4594 1366 4633 non
1395 4579 1580 4634 merita
1602 4579 1860 4648 sequitur,
1879 4579 2122 4634 sedbona

557 4673 789 4728 indebita
818 4671 1046 4742 gratuita
1073 4669 1306 4724 bonitate
1335 4669 1587 4738 largitur,
1614 4668 1775 4722 fatum
1803 4669 1981 4738 potius
2004 4683 2124 4722 esse

555 4767 834 4822 dicendum
861 4783 874 4818 :
898 4780 1017 4820 cum
1049 4763 1184 4818 banc
1201 4762 1482 4832 Apostolus
1493 4761 1714 4831 gratiam
1729 4769 1899 4826 vocet,
1918 4761 2121 4825 dicens,

559 4855 734 4910 Gratia
766 4855 891 4908 salvi
919 4853 1040 4926 [acti
1075 4854 1190 4908 estis
1217 4865 1304 4922 per
1330 4851 1499 4921 ﬁdem,
1531 4861 1574 4906 et
1604 4851 1697 4904 hoc
1733 4867 1834 4904 non
1873 4866 1936 4904 ea:
1963 4851 2119 4916 vobis,

557 4947 645 5000 sed
675 4945 973 4998 brittanum
999 4954 1103 5009 est;
1133 4959 1232 4997 non
1255 4959 1317 4997 ea:
1335 4942 1584 5013 operibus,
1608 4958 1668 4994 ne
1692 4943 1821 5012 forte
1844 4941 1954 5010 quis
1975 4941 2126 4994 cxtol-

558 5038 688 5088 lutur
711 5034 920 5104 (Ephes.
953 5051 1010 5098 tt,
1043 5034 1094 5098 8,
1127 5032 1218 5103 9);
1249 5048 1424 5086 nonne
1451 5030 1743 5092 attenditis,
1777 5045 1952 5085 nonne
2003 5045 2124 5098 per-

563 5125 788 5194 spicitis,
814 5141 918 5178 non
949 5139 980 5177 a
1013 5124 1162 5177 nobis
1190 5123 1380 5176 divinas
1410 5123 1592 5190 gratia:
1627 5122 1839 5174 nomine
1862 5120 2023 5174 fatum
2041 5136 2126 5174 as-

558 5215 684 5278 seri,
708 5213 798 5268 sed
823 5228 850 5265 a
881 5214 1030 5268 vobis
1061 5212 1235 5282 potius
1259 5211 1490 5265 divinam
1526 5209 1745 5280 gratiam
1777 5210 1868 5264 fati
1911 5209 2126 5266 nomine

557 5302 885 5372 nuncupari?

626 5393 850 5450 CAPUT
873 5391 978 5446 γη.
995 5392 1150 5446 -13
1189 5391 1391 5460 Refcllit
1405 5391 1707 5445 calumniam
1720 5390 1782 5444 de
1801 5405 2126 5460 personarum

622 5509 637 5538 ι
666 5505 873 5554 Vaticani
907 5509 1046 5563 ass,
1079 5504 1206 5566 quod
1239 5509 1346 5552 ante
1377 5515 1550 5564 corpus
1583 5501 1842 5553 humanum
1873 5499 1947 5554 vel
1977 5508 2129 5554 terre-

594 5582 620 5602 ,.

558 5583 600 5616 lt.
621 5580 882 5696 girl-alliciat
926 5632 1058 5696 tus-5.,
1099 5623 1244 5696 nuuis
1279 5623 1487 5687 proprtis
1521 5623 1704 5674 meritis
1735 5637 1753 5675 :
1781 5632 1827 5675 et
1858 5636 1940 5676 vos
1968 5624 2127 5689 ipsos;

559 5691 751 5747 emisso,
777 5699 946 5746 nempe
969 5691 1194 5747 reticens.

625 5753 643 5782 ⁸
667 5743 910 5824 ωἱιῇἶ
931 5743 1598 5812 intelligentesjustiﬁcundis;
1621 5747 1808 5807 omisso,
1826 5747 1891 5809 in,
1917 5747 2045 5812 quod
2063 5761 2126 5797 ex

563 5819 648 5859 [SS
691 5819 973 5860 l't'sllllllllﬂ'.

624 5875 644 5902 ⁸
672 5874 960 5931 l'articulaut,
987 5867 1047 5930 si,
1065 5868 1362 5920 restituimus
1385 5877 1447 5916 ex
1471 5873 1575 5918 MSS.

2207 593 2506 660 acceptione.
2526 593 2776 663 Itemque,
2795 597 3030 664 acceptio
3051 595 3068 628 ⁸
3084 609 3428 664 personarum
3445 594 3516 650 ibi
3537 603 3682 653 recte
3708 598 3779 652 di-

2208 681 2367 746 citur,
2386 681 2473 734 ubi
2491 683 2576 736 ille
2595 684 2682 752 qui
2701 683 2899 752 judicat
2918 684 3223 754 relinquens
3245 698 3421 740 causa!
3445 685 3692 740 meritum
3711 687 3778 742 de

2209 785 2312 839 qua
2331 771 2552 840 judicat,
2578 772 2730 828 alteri
2755 783 2936 828 contra
2957 775 3178 830 alterum
3200 775 3532 846 suffragatur,
3553 777 3680 847 quia
3697 778 3778 832 in-

2210 863 2351 916 venit
2378 863 2572 934 aliquid
2604 864 2655 918 in
2693 881 2915 934 persona
2941 865 3082 936 quod
3109 866 3314 922 honore
3335 868 3417 922 vel
3443 867 3782 924 miseratione

2210 953 2280 1007 sit
2303 953 2533 1020 dignum.
2561 953 2616 1008 Si
2635 964 2810 1009 autem
2837 955 3096 1025 quispiam
3121 954 3256 1012 duos
3272 955 3462 1012 habeat
3488 956 3778 1024 debitores,

2211 1050 2266 1096 et
2281 1043 2432 1098 alteri
2451 1043 2574 1097 velit
2598 1043 2865 1100 dimittere
2891 1045 3147 1110 debitum,
3167 1046 3391 1101 alterum
3422 1047 3666 1116 exigere;
3696 1049 3780 1102 cui

2211 1134 2326 1188 vult
2349 1133 2531 1198 donat,
2559 1135 2651 1190 sed
2681 1137 2946 1192 neminem
2990 1135 3193 1191 fraudat
3219 1155 3232 1190 :
3257 1151 3357 1192 nec
3396 1138 3634 1208 acceptio
3661 1153 3779 1207 per-

2213 1240 2462 1281 sonarum
2511 1226 2733 1282 dicenda
2774 1237 2876 1293 est,
2929 1228 3142 1298 quando
3197 1229 3446 1298 iniquitas
3493 1229 3635 1282 nulla
3679 1239 3780 1283 est.

2213 1317 2459 1388 Alioquin
2499 1320 2578 1372 eis
2615 1319 2704 1386 qui
2754 1333 2937 1388 parum
2989 1319 3302 1388 intelligunt,
3334 1327 3508 1388 potest
3547 1320 3782 1388 acceptio

2215 1422 2560 1476 personarum
2590 1409 2776 1474 videri,
2805 1409 2894 1462 ubi
2926 1409 3091 1463 vinea:
3115 1409 3362 1464 dominus
3389 1410 3668 1480 operariis,
3695 1411 3784 1479 qui

2215 1512 2318 1551 una
2349 1497 2479 1552 bora
2509 1497 2617 1552 illic
2644 1512 2777 1567 opus
2807 1497 3062 1563 fecerunt,
3091 1509 3294 1555 tantum
3323 1499 3500 1565 dedit,
3532 1509 3784 1569 quantum

2216 1587 2325 1642 illis
2349 1590 2439 1658 qui
2480 1590 2814 1657 pertulerunt
2843 1591 3049 1660 pondus
3085 1591 3192 1648 diei
3233 1601 3287 1647 et
3327 1603 3508 1657 mstus,
3557 1593 3785 1662 mquales

2217 1676 2417 1732 faciens
2459 1677 2511 1732 in
2565 1679 2830 1743 mercede,
2863 1695 3088 1750 quorum
3144 1691 3250 1736 tam
3304 1698 3492 1753 magna
3539 1683 3784 1738 distantia

2217 1767 2387 1822 fuerat
2431 1769 2482 1823 in
2520 1770 2719 1826 labore.
2750 1771 2852 1826 Sed
2889 1772 3016 1842 quid
3057 1773 3331 1842 respondit
3375 1775 3443 1830 de
3485 1774 3586 1829 hac
3627 1775 3785 1830 veluti

2219 1860 2526 1929 acceptione
2551 1877 2894 1931 personarum
2918 1863 3175 1919 adversus
3196 1866 3629 1934 patremfamilias
3648 1883 3786 1921 mur-

2217 1951 2580 2006 murantibus?
2608 1953 2798 2018 Amice,
2843 1955 3029 2024 inquit,
3079 1973 3180 2010 non
3226 1958 3364 2028 facio
3399 1959 3488 2012 tibi
3524 1959 3783 2028 injuriatn.

2219 2038 2406 2095 Nonne
2449 2058 2513 2096 ea:
2549 2043 2756 2098 denario
2783 2047 3051 2100 convenisti
3088 2049 3318 2102 meeum?
3335 2047 3468 2103 Tolle
3485 2050 3622 2119 quod
3648 2058 3784 2102 tuum

2215 2140 2308 2194 est,
2332 2143 2379 2186 et
2405 2133 2547 2186 vade.
2588 2131 2714 2187 Volo
2737 2145 2902 2188 autent
2934 2147 2980 2190 et
3018 2137 3134 2190 huic
3156 2139 3423 2192 novissimo
3447 2139 3572 2193 dare
3591 2139 3718 2194 sicut
3742 2151 3785 2194 et

2218 2221 2326 2277 tibi.
2355 2221 2534 2278 Annon
2562 2224 2674 2277 licet
2701 2225 2822 2278 mihi
2847 2226 2980 2295 quod
3011 2228 3120 2280 volo
3150 2227 3354 2297 facere?
3379 2227 3458 2282 An
3478 2229 3654 2283 oculus
3675 2239 3787 2284 tuus

2217 2327 2431 2380 nequam
2454 2324 2548 2380 est,
2577 2316 2694 2384 quia
2730 2332 2824 2386 ego
2847 2316 3004 2370 bonus
3037 2315 3189 2388 sum(
3216 2317 3402 2372 Matth.
3435 2335 3529 2383 xx,
3564 2321 3700 2375 9-15
3725 2322 3786 2389 )'.'

2216 2401 2418 2472 Nempe
2456 2403 2542 2458 hic
2576 2414 2684 2460 tuta
2722 2406 2924 2476 justitia
2955 2416 3037 2462 est
3070 2427 3081 2462 :
3112 2408 3223 2463 Hoc
3249 2409 3388 2464 volo.
3421 2409 3570 2472 Tibi,
3603 2410 3783 2479 inquit.

2217 2491 2447 2559 reddidi,
2481 2493 2602 2549 huic
2645 2494 3076 2566 donavi;neque
3118 2506 3176 2552 ut
3219 2497 3340 2552 huic
3382 2499 3658 2564 donarem,
3699 2498 3784 2553 tibi

2217 2581 2416 2651 aliquid
2446 2583 2657 2650 abstuli,
2685 2592 2776 2638 aut
2802 2585 2943 2655 quod
2972 2585 3230 2640 debebam
3257 2588 3338 2641 vel
3380 2588 3546 2642 minui
3585 2589 3669 2644 vel
3695 2604 3785 2643 ne-

2217 2672 2356 2742 gavi.
2388 2672 2569 2728 Annon
2597 2673 2708 2729 licet
2731 2675 2854 2729 mihi
2875 2679 3044 2748 facere
3061 2677 3196 2748 quod
3215 2677 3325 2732 volo
3341 2677 3367 2731 .’
3389 2695 3456 2731 an
3475 2677 3653 2732 oculus
3677 2687 3785 2732 tuus

2216 2778 2430 2836 nequam
2461 2772 2562 2829 est,
2588 2765 2708 2835 quia
2726 2781 2817 2836 ego
2841 2765 2998 2820 bonus
3019 2783 3132 2821 sum
3155 2768 3180 2822 ?
3208 2767 3352 2823 Sicut
3374 2783 3504 2839 ergo
3531 2768 3620 2823 llic
3653 2769 3785 2822 nulla

2219 2865 2301 2912 est
2322 2857 2561 2926 acceptio
2581 2872 2960 2928 personarum;
2984 2859 3104 2930 quia
3131 2859 3209 2914 sic
3237 2859 3369 2915 alius
3386 2861 3554 2930 gratis
3578 2862 3600 2893 ³
3627 2861 3787 2915 hono-

2218 2954 2386 3013 ratur,
2415 2955 2476 3002 ut
2518 2947 2650 3002 alius
2675 2947 2856 3004 debito
2886 2964 2994 3004 non
3035 2949 3306 3006 fraudetur
3337 2968 3350 3004 :
3378 2952 3455 3008 sic
3482 2953 3644 3007 etiam
3671 2966 3782 3007 cum

2217 3037 2507 3091 secundum
2540 3040 2869 3108 propositum
2900 3039 2992 3096 Dei
3035 3050 3258 3097 vocatur
3278 3043 3416 3099 alius
3445 3045 3464 3116 (
3495 3043 3648 3098 Rom.
3679 3061 3782 3109 vtn,

2216 3124 2288 3182 28
2312 3125 2366 3198 ),
2394 3127 2528 3182 alius
2573 3143 2680 3182 non
2723 3139 2961 3195 vocatur,
2991 3140 3180 3186 vocato
3203 3132 3358 3187 datur
3383 3133 3666 3204 gratuitum
3692 3135 3784 3189 bo-

2219 3232 2368 3282 num,
2417 3217 2567 3288 cujus
2610 3218 2732 3273 boni
2771 3229 2858 3276 est
2895 3222 3100 3278 vocatio
3143 3223 3254 3295 ipsa
3301 3224 3654 3296 principium;
3685 3241 3783 3280 non

2220 3319 2409 3362 vocato
2441 3308 2681 3364 redditur
2718 3310 2936 3377 malum,
2975 3313 3098 3382 quia
3139 3329 3326 3370 omnes
3366 3317 3443 3370 rei
3486 3325 3698 3372 suntex
3724 3333 3786 3373 eo

2219 3399 2362 3470 quod
2394 3415 2488 3469 per
2511 3416 2672 3456 unum
2701 3401 2968 3459 hominem
3003 3415 3277 3474 peccatum
3309 3407 3524 3463 intravit
3556 3409 3608 3464 in
3639 3425 3785 3464 mun-

2219 3491 2345 3546 dum
2379 3489 2487 3561 (Id.
2519 3507 2568 3560 ν,
2599 3491 2713 3565 η).
2739 3495 2802 3549 Et
2829 3495 2880 3548 in
2911 3495 2999 3550 illa
3025 3497 3237 3566 quidem
3257 3499 3624 3568 operariorum
3647 3500 3784 3556 simi-

2222 3581 2464 3646 litudine,
2501 3583 2590 3638 ubi
2631 3599 2794 3638 unum
2843 3584 3119 3642 denarium
3164 3598 3503 3659 acceperunt,
3554 3591 3645 3661 qui
3688 3604 3783 3645 una

2224 3671 2373 3740 hora,
2399 3683 2454 3729 et
2491 3675 2579 3744 qui
2609 3674 2894 3732 duodecies
2920 3686 3122 3733 tantum
3149 3681 3542 3748 laboraverunt,
3575 3685 3660 3756 qui
3691 3685 3786 3739 uti-

2222 3779 2327 3834 que
2369 3765 2657 3820 secundum
2678 3767 2934 3824 ‘rationes
2980 3769 3258 3836 humanas,
3312 3773 3406 3826 sed
3453 3790 3638 3842 vanas,
3694 3790 3784 3844 pro

2222 3855 2514 3922 quantitate
2538 3854 2734 3911 laboris
2758 3857 2840 3911 sui
2862 3857 3140 3914 duodecim
3168 3859 3418 3918 denarios
3441 3865 3682 3934 accipere
3698 3864 3785 3918 de-

2222 3943 2472 4008 buerunt,
2513 3945 2724 4016 utrique
2751 3946 2804 4002 in
2834 3947 2974 4003 bono
3001 3951 3278 4020 coaequati,
3306 3967 3410 4006 non
3443 3953 3532 4008 alii
3565 3954 3780 4017 liberati,

2223 4035 2312 4088 alii
2341 4035 2574 4091 damnati
2601 4047 2720 4092 sunt
2749 4053 2766 4092 :
2798 4040 2920 4110 quia
2944 4049 2997 4094 et
3019 4041 3094 4096 illi
3121 4043 3208 4112 qui
3241 4044 3359 4114 plus
3387 4044 3780 4110 laboraverunt,

2223 4127 2442 4197 etquod
2470 4129 2546 4182 sic
2575 4129 2747 4183 vocati
2773 4140 2898 4184 sunt
2926 4141 2982 4184 ut
3007 4133 3284 4200 venirent,
3311 4143 3366 4190 et
3390 4137 3530 4205 quod
3555 4139 3632 4192 sic
3657 4139 3781 4205 pasti

2225 4227 2415 4272 utnon
2453 4219 2772 4287 delicerent,
2805 4223 2874 4277 ab
2915 4223 3030 4293 ipso
3060 4224 3433 4292 patrefamilias
3474 4229 3784 4285 habuerunt.

2227 4308 2326 4364 Ubi
2367 4319 2541 4366 autem
2570 4311 2783 4378 dicitur,
2816 4313 2950 4386 Ergo
2978 4316 3061 4369 cui
3093 4316 3198 4370 vult
3239 4319 3518 4388 miseretur,
3563 4332 3610 4375 et
3646 4337 3782 4394 quem

2225 4401 2328 4454 uult
2348 4400 2592 4466 obdurat;
2614 4403 2700 4471 qui
2731 4404 2872 4467 facit,
2901 4405 3044 4458 aliud
3073 4423 3159 4460 vas
3188 4408 3239 4461 in
3266 4409 3542 4476 honorent,
3574 4413 3712 4466 aliud
3735 4412 3782 4464 in

2225 4494 2578 4547 contumeliam
2606 4493 2714 4562 (Id.
2744 4511 2823 4564 ix,
2858 4498 2944 4561 18,
2971 4497 3065 4568 '21)
3098 4515 3112 4552 :
3145 4499 3338 4555 bonum
3361 4503 3573 4572 quidem
3605 4505 3782 4558 imme-

2225 4587 2330 4641 rito
2353 4596 2407 4641 et
2429 4586 2592 4655 gratis
2607 4587 2779 4652 datur,
2804 4590 2925 4658 quia
2953 4605 3016 4644 ex
3035 4591 3218 4646 eadem
3247 4608 3417 4647 massa
3439 4604 3520 4649 est
3543 4597 3626 4651 cui
3653 4594 3781 4649 non'

2225 4677 2399 4742 datur,
2423 4677 2615 4732 malum
2639 4694 2762 4733 vero
2786 4681 2974 4736 merito
2994 4690 3047 4736 ct
3070 4681 3302 4737 debitum
3328 4685 3579 4747 redditur,
3603 4686 3717 4755 quia
3735 4686 3780 4738 in

2226 4783 2399 4822 massa
2431 4767 2740 4836 perditionis
2769 4771 2966 4824 malum
2992 4771 3132 4825 malo
3155 4786 3258 4826 non
3291 4774 3428 4829 male
3447 4775 3707 4839 redditur;
3735 4780 3781 4828 et

2225 4859 2274 4913 ei
2302 4857 2384 4911 cui
2414 4857 2652 4912 redditur
2679 4859 2874 4913 malum
2904 4868 2985 4916 est
3003 4903 3018 4926 ,
3047 4861 3167 4930 quia
3194 4863 3507 4932 supplicium
3539 4866 3650 4934 ejus
3675 4873 3776 4928 est,

2227 4953 2276 5004 ci
2297 4962 2422 5032 vero
2444 4963 2476 5002 ει
2503 4964 2606 5016 quo
2635 4948 2891 5014 redditur,
2925 4950 3119 5004 bonum
3149 4963 3252 5016 est,
3287 4955 3405 5018 quia
3432 4964 3577 5009 recte
3603 4955 3780 5008 factum

2227 5039 2342 5107 ejus
2363 5046 2462 5093 est.
2494 5037 2602 5093 Nec
2635 5039 2737 5093 ulla
2767 5049 2850 5094 est
2871 5042 3109 5110 acceptio
3140 5057 3484 5110 personarum
3518 5045 3567 5099 in
3590 5044 3781 5099 duobus

2227 5129 2557 5185 debitoribus
2585 5129 2860 5199 aequaliter
2884 5131 3011 5196 reis,
3049 5133 3092 5185 si
3119 5132 3269 5186 alteri
3297 5132 3612 5198 dimittitur,
3657 5135 3781 5188 alter

2228 5220 2454 5289 exigitur
2480 5216 2504 5250 ⁸
2519 5259 2537 5286 ,
2560 5218 2700 5288 quod
2725 5219 2923 5288 pariter
2943 5221 3012 5273 ab
3031 5229 3252 5290 utroque
3273 5221 3518 5280 debetur.

2301 5312 2388 5366 M.
2428 5306 2534 5364 Sed
2559 5317 2616 5363 ut
2639 5307 2691 5364 id
2715 5309 2856 5379 quod
2885 5310 3109 5365 dicimus
3127 5311 3349 5382 alicujus
3377 5313 3602 5382 exempli
3630 5311 3780 5366 mani-

2293 5505 2310 5567 ξ
2335 5501 2544 5567 sicttss.
2560 5508 2612 5552 At
2631 5501 2769 5567 editi,
2791 5500 2924 5567 item,
2947 5515 3056 5566 qua:
3077 5502 3307 5567 arca-ptio.

2293 5562 2548 5632 {Gallicani
2566 5570 2678 5632 .Mss.
2704 5565 2828 5615 alius
2850 5562 3128 5632 honoratur;
3161 5562 3554 5632 oinissngmtis.

2293 5625 2320 5696 ξ
2337 5626 2420 5699 llic
2461 5625 2921 5699 particulahuegans
2950 5625 3219 5678 restituitur
3263 5625 3600 5679 Gallicanorum
3637 5638 3784 5676 mou.

2229 5694 2514 5747 scriptorum
2529 5694 2830 5758 auctoritate.

2233 5807 2245 5815 _
2294 5747 2316 5778 δ
2335 5755 2463 5815 ωντ,
2483 5746 2620 5815 alter:
2640 5757 2865 5815 erigitur.
2892 5751 3058 5800 caeteri
3085 5749 3212 5815 libri,
3237 5751 3354 5815 alter
3378 5749 3602 5815 exigitur.
3620 5747 3782 5796 autem

2233 5807 2458 5877 loquendi
2497 5809 2636 5875 modo
2657 5807 2779 5860 diiit
2813 5823 2890 5873 sxq
2906 5823 2978 5871 ra,
3005 5826 3052 5860 ιι.
3089 5812 3164 5869 l3,
3201 5813 3402 5862 alterunt
3437 5807 3657 5877 Exigere;
3691 5822 3781 5871 rw,

2234 5869 2462 5921 ab'alsero
2482 5869 2696 5932 exigere.
