4144 6516
370 420 465 478 58!

372 532 649 589 testatione
692 532 969 599 clarescat,
1014 528 1396 589 constituamus
1441 531 1646 599 aliquos
1677 530 1743 582 ab
1772 528 1945 597 aliqua

368 624 648 680 meretrice
683 623 925 696 geminos
961 624 1154 688 editos,
1206 632 1364 694 atque
1394 633 1449 677 ut
1492 623 1559 678 ab
1584 623 1703 677 aliis
1728 624 1946 693 collige-

368 726 552 770 rentur
594 715 1124 785 expositos:horutn
1173 714 1290 770 sine
1341 714 1611 784 Baptismo
1659 714 1947 783 exspiravit

369 822 528 871 unus,
572 806 706 861 alius
737 805 1050 875 baptizatus.
1102 802 1254 872 Quod
1297 803 1384 858 hic
1424 804 1585 857 fatum
1612 801 1946 858 fortunamve

367 898 529 952 fuisse
548 897 807 962 dicamus,
832 912 950 967 quae
974 896 1191 951 omnino
1210 895 1353 951 nulla
1380 894 1544 951 sunt?
1569 895 1734 962 Quam
1764 910 1948 965 perso-

365 1005 553 1044 narum
592 989 976 1060 acceptionem,
1014 1003 1133 1044 cum
1176 988 1315 1059 apud
1358 987 1524 1044 Deum
1568 988 1709 1042 nulla
1754 982 1897 1043 esSet
1925 988 1943 1020 ⁸

365 1082 524 1137 etiam
551 1082 595 1136 si
638 1081 690 1136 in
727 1082 844 1136 istis
881 1081 988 1135 ulla
1016 1095 1135 1136 esse
1161 1081 1422 1149 potuisset
1450 1097 1464 1133 :
1492 1080 1581 1151 qui
1609 1081 1788 1151 utique
1812 1079 1945 1135 nihil

364 1172 647 1237 habebant,
691 1172 833 1229 unde
881 1174 1017 1229 alter
1057 1173 1211 1229 alteri
1248 1173 1607 1243 prmferrctur,
1653 1172 1945 1244 meritaque

365 1266 504 1318 nulla
527 1265 757 1335 propria,
788 1265 903 1321 sive
927 1264 1065 1319 bona
1086 1307 1102 1332 ,
1131 1263 1323 1336 quibus
1350 1272 1647 1320 mereretur
1685 1265 1819 1319 alius
1844 1264 1943 1321 ba-

365 1355 578 1424 ptizari;
629 1356 741 1410 sive
797 1356 957 1422 mala,
1014 1356 1209 1427 quibus
1263 1356 1400 1411 alius
1450 1356 1567 1411 sine
1620 1355 1943 1426 Baptismate

365 1446 539 1501 mori?
567 1446 649 1501 An
699 1446 873 1518 aliqua
914 1456 1189 1516 parentum
1242 1447 1471 1515 fuerunt,
1518 1447 1606 1503 ubi
1652 1445 1944 1502 fornicator

363 1547 533 1605 pater,
563 1538 817 1593 meretrix
836 1538 1041 1593 mater?
1067 1537 1173 1595 Sed
1197 1540 1603 1610 qualiacumque
1624 1539 1709 1593 illa
1724 1537 1938 1602 fuerint,

364 1641 469 1681 non
509 1626 692 1697 utique
720 1627 835 1683 istis
864 1635 969 1682 tam
1000 1628 1209 1684 diversa
1251 1629 1556 1685 conditione
1594 1629 1942 1685 morientibus

364 1717 468 1771 ulla
490 1716 721 1785 diversa,
750 1719 842 1774 sed
874 1720 1084 1790 utrique
1120 1721 1447 1776 communia.
1474 1722 1531 1779 Si
1570 1732 1830 1793 ergo’nec
1864 1722 1941 1777 fa.

362 1816 497 1873 tum,
522 1808 645 1876 quia
674 1810 831 1864 nulla:
857 1810 1028 1866 stella:
1056 1812 1157 1866 ista
1193 1813 1524 1879 decernunt;
1556 1829 1654 1870 nec
1693 1814 1898 1869 fortuna
1922 1856 1938 1882 ,

359 1898 481 1968 quia
508 1914 612 1954 non
644 1897 846 1956 fortuiti
872 1914 1027 1958 casus
1055 1901 1169 1957 haec
1194 1912 1385 1974 agunt;
1429 1919 1528 1960 nec
1556 1921 1899 1976 personarum
1921 1948 1937 1974 ,

362 2003 464 2044 nec
505 1989 810 2045 meritorum
840 1990 1122 2047 diversitas
1141 1992 1244 2048 hoc
1269 1992 1511 2050 fecerunt
1539 2012 1553 2049 :
1577 1995 1705 2065 quid
1740 2003 1934 2064 restat,

359 2090 615 2150 quantttm
654 2080 723 2136 ad
756 2080 1076 2152 baptizatum
1100 2083 1324 2151 adtinet,
1355 2086 1457 2140 nisi
1484 2087 1654 2156 gratia
1695 2086 1791 2142 Dei
1816 2103 1936 2157 quae

359 2173 500 2229 vasis
530 2172 679 2229 factis
704 2174 756 2229 in
779 2174 1037 2231 honorem
1066 2177 1229 2247 gratis
1256 2177 1445 2244 datur;
1474 2185 1727 2248 quantum
1756 2189 1936 2234 autem

359 2263 425 2318 ad
451 2279 556 2318 non
587 2263 908 2335 baptizatum
927 2305 944 2333 ,
975 2266 1051 2321 ira
1082 2266 1197 2332 Dei,
1226 2283 1345 2338 quae
1374 2268 1516 2324 vasis
1541 2266 1694 2323 factis
1722 2269 1775 2323 in
1803 2282 1936 2324 con-

360 2356 632 2411 tumeliam
657 2372 756 2428 pro
781 2356 948 2429 ipsius
972 2353 1176 2416 'massm
1206 2361 1410 2417 meritis
1432 2360 1706 2417 redditur?
1747 2362 1851 2417 Sed
1881 2361 1936 2417 in

360 2450 451 2507 illo
475 2451 563 2523 qui
584 2451 879 2523 baptizatus
899 2460 1001 2522 est,
1027 2454 1251 2526 gratiam
1278 2455 1374 2511 Dei
1398 2470 1495 2511 vos
1525 2454 1767 2511 confiteri
1789 2454 1938 2526 cogi-

359 2555 497 2610 mus,
544 2550 598 2598 et
643 2543 890 2599 meritum
936 2543 1055 2615 ejus
1093 2545 1298 2600 nullum
1341 2547 1679 2617 praecessisse
1714 2548 1937 2604 convin-

360 2633 564 2688 cimus:
594 2632 662 2690 de
686 2634 777 2689 illo
803 2643 980 2691 autem
1010 2636 1127 2694 sine
1151 2636 1476 2708 Baptismatc
1504 2648 1734 2705 mortuo,
1766 2654 1862 2694 cur
1886 2639 1937 2695 ei

359 2722 588 2780 defuerit
610 2723 1032 2795 Sacramentum,
1065 2727 1205 2798 quod
1226 2736 1279 2783 et
1306 2744 1402 2785 vos
1422 2728 1662 2787 fatemini
1687 2730 1939 2787 omnibus

358 2816 605 2871 aetatibus
625 2816 1008 2885 necessarium,
1040 2826 1095 2874 et
1119 2818 1246 2889 quid
1274 2818 1380 2874 isto
1412 2818 1574 2874 modo
1604 2819 1659 2874 in
1685 2834 1754 2875 eo
1780 2820 1940 2876 fuerit

359 2904 702 2972 vindicatum,
733 2920 831 2964 vos
852 2906 1091 2965 videritis
1111 2909 1200 2980 qui
1229 2923 1336 2965 non
1358 2910 1516 2965 vultis
1541 2924 1660 2966 esse
1680 2910 1941 2982 originale

357 2995 630 3053 delictum.

430 3090 519 3146 15.
558 3089 724 3147 Nobis
778 3092 832 3147 in
884 3091 1093 3149 duobus
1138 3092 1254 3150 istis
1301 3092 1529 3165 geminis
1566 3108 1725 3149 unam
1756 3094 1940 3165 procul

358 3179 519 3235 dubio
569 3180 887 3237 habentibus
933 3196 1172 3251 causam,
1226 3181 1592 3239 difficultatem
1628 3184 1940 3256 quaestionis

357 3288 455 3328 cur
479 3273 618 3330 alius
646 3274 728 3330 sic
746 3315 761 3340 ,
803 3274 940 3330 alius
964 3289 1093 3331 vero
1129 3276 1208 3333 sic
1239 3284 1479 3333 mortuus
1503 3285 1620 3342 est,
1655 3277 1803 3333 velut
1833 3291 1937 3333 non

357 3363 614 3420 solvendo
643 3365 803 3420 solvit
833 3366 1124 3436 Apostolus
1156 3384 1171 3423 :
1202 3368 1294 3439 qui
1331 3383 1452 3423 cum
1482 3376 1538 3424 et
1565 3369 1680 3446 ipse
1706 3367 1775 3424 de
1797 3368 1938 3424 duo-

358 3455 455 3510 bus
481 3454 708 3526 geminis
738 3456 841 3512 tale
864 3456 1061 3528 aliquid
1088 3458 1489 3529 proposuisset,
1520 3467 1736 3529 propter
1753 3458 1896 3529 quod
1917 3460 1939 3492 ³

359 3563 464 3603 non
491 3563 555 3603 ex
580 3549 851 3618 Operibus,
877 3549 1000 3620 quia
1024 3550 1259 3606 nondum
1277 3552 1480 3622 operati
1500 3551 1713 3607 fuerant
1738 3552 1937 3623 aliquid

359 3636 484 3692 boni
506 3633 590 3693 vel
619 3638 766 3703 mali,
800 3639 895 3695 sed
929 3655 997 3695 ex
1024 3649 1249 3696 vocante
1273 3640 1475 3697 dictum
1501 3650 1605 3709 est,
1635 3641 1811 3715 Major
1828 3659 1937 3697 scr-

358 3727 453 3782 uiet
493 3728 712 3795 minori;
737 3737 812 3798 et,
836 3727 1000 3785 Iacob
1035 3730 1212 3799 dilexi,
1237 3730 1381 3788 Esau
1404 3742 1571 3789 autem
1595 3733 1711 3788 odio
1737 3732 1889 3789 habui
1918 3750 1937 3789 :

359 3828 415 3875 ct
440 3819 596 3891 hujus
634 3819 1008 3891 profunditatis
1032 3821 1311 3879 horrorem
1356 3839 1527 3895 usque
1567 3824 1635 3880 ad
1674 3824 1777 3881 hoc
1820 3841 1940 3896 per-

357 3912 617 3981 duxisset,
638 3922 694 3969 ut
714 3914 936 3982 diceret,
964 3914 1105 3988 Ergo
1131 3916 1277 3986 cujus
1301 3918 1407 3972 vult
1426 3918 1709 3985 miseretur,
1728 3927 1775 3974 et
1792 3936 1939 3989 quem

357 4004 462 4057 ruit
482 4002 699 4059 obdurat
726 4018 749 4060 :
772 4006 942 4061 sensit
979 4008 1232 4063 continuo
1275 4008 1401 4079 quid
1441 4019 1700 4076 moveret,
1741 4019 1796 4066 et
1836 4011 1937 4066 sibi

357 4094 518 4150 verba
582 4096 1022 4165 contradicentis,
1078 4113 1205 4169 qua:
1268 4100 1558 4170 apostolica
1620 4102 1937 4159 auctoritate

356 4195 652 4253 coerceret,
697 4191 965 4259 Opposuit.
1017 4190 1105 4245 Ait
1156 4191 1300 4246 enim
1343 4191 1529 4248 :Dicis
1575 4192 1745 4264 itaque
1787 4195 1932 4261 mihi,

361 4276 497 4346 Quid
518 4278 685 4332 adhuc
712 4280 1073 4348 conqueritur?
1099 4297 1219 4335 nam
1247 4281 1494 4337 voluntati
1536 4283 1645 4354 ejus
1671 4284 1785 4355 quis
1808 4285 1937 4339 resi-

356 4369 485 4424 stit?
535 4369 931 4441 Responditque
968 4372 1067 4427 ista
1106 4372 1304 4429 dicenti
1337 4392 1352 4428 :
1383 4374 1428 4429 O
1456 4376 1606 4430 homo
1626 4415 1642 4441 ,
1670 4385 1724 4430 tu
1750 4378 1862 4447 quis
1888 4394 1941 4432 es

358 4462 443 4529 qui
462 4461 766 4533 respondeas
788 4461 897 4518 Deo
912 4463 941 4518 ἵ
968 4462 1232 4537 Numquid
1252 4467 1375 4521 dicit
1400 4468 1692 4539 ﬁgmentum
1713 4470 1764 4524 ei
1786 4470 1873 4541 qui
1889 4486 1942 4525 se

359 4550 528 4619 ﬁnxit,
558 4551 730 4619 Quare
752 4554 825 4609 sic
843 4571 923 4609 me
940 4556 1144 4629 fecisti?
1167 4555 1349 4613 Annon
1387 4559 1533 4615 habet
1561 4570 1853 4633 potestatem
1879 4563 1943 4634 ﬁ-

359 4643 507 4714 gulus
539 4644 635 4698 luti
664 4660 729 4700 ea:
758 4644 933 4701 eadem
969 4662 1137 4702 massa
1156 4647 1178 4680 ³
1202 4652 1370 4720 facere
1392 4651 1537 4705 aliud
1557 4652 1755 4723 quidem
1775 4669 1862 4709 uas
1889 4654 1943 4709 in

360 4735 622 4797 honorem,
651 4735 795 4790 aliud
823 4736 877 4791 in
915 4738 1311 4795 contumeliam?
1336 4740 1538 4798 Deinde
1559 4752 1802 4809 secutus,
1835 4754 1941 4800 tam

360 4841 611 4897 maguum
638 4827 985 4900 abditumque
1010 4842 1296 4899 secretum,
1314 4841 1570 4902 quantum
1597 4836 1941 4906 aperiendum

361 4931 479 4971 esse
529 4916 835 4974 hominibus
854 4918 1135 4988 judicavit,
1183 4921 1392 5001 aperpit
1427 4922 1737 4981 dicens:Si
1775 4937 1945 4982 autem

362 5009 530 5063 uolens
554 5008 692 5065 Deus
730 5010 988 5067 ostendere
1028 5012 1177 5079 iram,
1220 5024 1267 5068 et
1291 5013 1637 5072 demonstrare
1673 5020 1947 5089 potentiam

359 5117 526 5168 suam,
556 5102 726 5156 attulit
762 5103 815 5156 in
839 5102 998 5158 multa
1021 5105 1265 5175 patientia
1288 5120 1409 5160 uasa
1431 5107 1540 5173 irae,
1578 5124 1691 5180 qua:
1726 5110 1947 5180 perfecta

1703 411 1898 467 Lllllﬂl’.
1938 411 2315 468 eECUNDUS.

3521 431 3551 487 5
3562 429 3631 487 82

2058 529 2262 585 scilicet
2313 532 2365 585 in
2410 533 2547 586 vasis
2595 534 3010 600 misvricordizc;
3061 538 3112 592 in
3143 540 3282 595 vasis
3322 553 3498 597 autem
3530 553 3627 600 ira:

2051 621 2426 677 documentum
2454 642 2465 676 :
2497 626 2548 678 in
2579 628 2658 679 eis
2686 627 2826 679 enim
2854 629 3087 682 ostendit
3114 630 3245 684 iram
3268 672 3283 696 ,
3308 640 3363 685 et
3396 632 3625 690 demon-

2051 723 2184 768 strat
2214 717 2503 783 potentiam
2548 732 2721 783 suam,
2759 721 2883 788 quia
2927 732 3031 773 tam
3075 729 3262 790 potens
3291 728 3373 776 est
3418 723 3625 780 bonitas

2050 804 2185 873 ejus,
2215 816 2271 860 ut
2293 807 2427 863 bene
2453 817 2629 863 utatur
2656 812 2814 864 etiam
2842 812 3024 871 malis:
3054 824 3108 867 ct
3149 814 3200 868 in
3226 815 3304 871 eis
3332 825 3483 872 notas
3507 818 3629 872 iacit

2048 894 2258 951 divitias
2292 898 2477 967 gloria:
2518 913 2629 955 suae
2669 901 2721 954 in
2753 916 2878 956 vasa
2922 904 3335 973 misericordia»,
3375 909 3624 976 quoniam

2048 985 2189 1055 quod
2227 987 2295 1042 ab
2323 988 2414 1043 ira:
2442 991 2582 1045 vasis
2607 992 2771 1061 exigit
2807 993 3012 1062 justitia
3050 994 3333 1063 paniculis,
3366 996 3464 1051 hoc
3487 998 3625 1051 vasis

2047 1077 2424 1136 misericordia:
2444 1080 2663 1137 dimittit
2680 1084 2846 1153 gratia
2865 1084 3137 1139 liberantis
3159 1101 3286 1142 :nec
3307 1087 3622 1143 beneﬁcium

2045 1167 2188 1238 quod
2213 1170 2524 1237 quibusdam
2545 1175 2710 1243 gratis
2732 1173 2996 1247 tribuitur,
3019 1187 3322 1248 appareret,
3349 1178 3451 1233 nisi
3483 1179 3624 1235 Deus

2044 1257 2162 1312 aliis
2182 1273 2247 1314 ex
2271 1261 2455 1316 eadem
2486 1278 2658 1318 massa
2686 1266 2884 1333 pariter
2908 1267 3014 1321 reis
3034 1267 3178 1337 justo
3207 1270 3467 1339 supplicio
3487 1285 3623 1325 eou-

2044 1347 2327 1419 demnatis,
2355 1352 2481 1423 quid
2510 1356 2751 1424 utrisque
2787 1356 3100 1422 deberetur,
3129 1360 3457 1415 oetcnderct.
3496 1359 3624 1425 Qui:

2042 1439 2175 1493 enim
2195 1449 2243 1496 te
2266 1442 2502 1498 discernit
2524 1444 2550 1499 ?
2571 1446 2644 1499 ait
2666 1445 2802 1501 idem
2832 1447 3119 1517 apostolus,
3147 1447 3346 1503 homini
3373 1459 3620 1520 tanquam

2043 1530 2112 1586 de
2136 1535 2425 1603 semetipso
2450 1542 2505 1590 et
2531 1534 2600 1592 de
2628 1551 2727 1593 suo
2738 1539 2951 1607 prolirio
2980 1540 3116 1594 bono
3138 1540 3380 1610 glorianti
3406 1543 3420 1573 ¹
3449 1559 3462 1596 :
3494 1541 3622 1609 Quis

2043 1621 2174 1675 enim
2194 1630 2243 1677 te
2261 1622 2499 1678 discernit
2521 1625 2548 1680 2
2572 1627 2749 1695 utique
2777 1627 2845 1682 ab
2875 1629 2967 1682 irae
2998 1631 3153 1695 vasis,
3179 1646 3209 1685 a
3240 1647 3412 1685 massa
3446 1633 3620 1700 pcrdi-

2046 1710 2222 1778 tionis,
2253 1727 2372 1782 qua:
2401 1729 2496 1784 per
2522 1731 2684 1769 unum
2716 1733 2905 1773 omnes
2931 1720 3075 1773 misit
3120 1721 3170 1773 in
3201 1721 3619 1776 damnationem.

2046 1799 2172 1866 Quis
2197 1810 2245 1856 te
2275 1802 2546 1859 discernit?
2568 1805 2634 1860 Et
2661 1816 2910 1877 tauquam
2942 1808 3323 1878 reswudisset,
3356 1811 3623 1867 Discernit

2042 1907 2131 1947 me
2160 1891 2294 1948 fides
2323 1908 2462 1961 mea,
2503 1898 2832 1966 propositum
2875 1914 3050 1952 meum
3073 1942 3087 1964 ,
3118 1901 3364 1955 meritum
3394 1917 3570 1956 meum
3602 1941 3615 1956 .

2046 1983 2182 2051 Quid
2200 1986 2331 2039 enim
2355 1986 2526 2051 habes,
2557 1989 2747 2059 inquit,
2775 1992 2910 2059 quod
2938 2009 3039 2046 non
3058 1994 3332 2063 accepisti?
3363 1994 3423 2049 Si
3451 2005 3620 2050 autem

2041 2081 2088 2128 ct
2106 2075 2361 2157 accepisti,
2384 2077 2505 2146 quid
2525 2078 2758 2148 gloriaris
2778 2082 2920 2150 quasi
2949 2098 3048 2136 non
3071 2084 3321 2160 acceperis
3337 2083 3382 2153 (Ι
3404 2083 3522 2140 Cor.
3542 2100 3617 2152 tv,

2044 2161 2133 2234 7)?
2163 2163 2263 2219 hoc
2291 2152 2394 2233 est,
2428 2168 2579 2236 quasi
2605 2168 2672 2222 de
2700 2180 2790 2224 tuo
2822 2172 2911 2236 sit,
2938 2172 3077 2228 unde
3103 2152 3444 2230 discerneris.
3477 2176 3619 2246 Ergo

2041 2251 2133 2307 ille
2160 2252 2436 2322 discernit,
2466 2257 2554 2327 qui
2589 2257 2730 2313 unde
2761 2261 3080 2317 discernaris
3109 2264 3364 2336 impertit,
3405 2280 3619 2336 pmnam

2040 2344 2272 2401 debitam
2314 2349 2658 2418 removendo,
2705 2352 2990 2408 indebitam
3027 2358 3252 2425 gratiam
3289 2357 3564 2428 largiendo
3603 2378 3618 2414 :

2042 2437 2131 2492 ille
2154 2436 2428 2507 discernit,
2457 2442 2544 2511 qui
2568 2458 2690 2498 cum
2716 2444 2948 2500 tenebrae
2965 2456 3144 2502 essent
3172 2463 3331 2518 super
3344 2450 3619 2523 abyssum,

2039 2527 2192 2597 dixit,
2222 2528 2341 2584 Fiat
2363 2530 2470 2598 lux,
2495 2543 2541 2587 et
2561 2537 2699 2607 facta
2727 2546 2799 2590 est
2827 2534 2916 2592 lux
2939 2554 2956 2591 ε
2983 2547 3031 2592 et
3057 2539 3245 2606 divisit,
3278 2539 3380 2596 huc
3402 2551 3486 2597 est
3509 2543 3623 2597 dis-

2040 2620 2225 2688 crevit,
2257 2622 2388 2676 inter
2403 2626 2565 2679 lucem
2594 2634 2643 2680 et
2682 2627 2906 2683 tenebras
2927 2626 3079 2698 (Gen.
3100 2646 3139 2698 ι,
3165 2632 3221 2697 3,
3241 2631 3322 2702 4).
3340 2631 3453 2687 Νοιι
3480 2634 3623 2688 enim

2041 2728 2165 2770 cum
2192 2715 2321 2770 solae
2344 2727 2526 2773 essent
2563 2719 2797 2774 tenebrae
2815 2762 2831 2787 ,
2862 2720 2990 2792 quid
3018 2721 3349 2780 discerneret
3377 2724 3580 2781 invenit
3607 2742 3623 2778 :

2039 2804 2137 2861 sed
2164 2805 2334 2861 lucem
2356 2807 2599 2864 faciendo
2619 2809 2901 2877 discrevit;
2931 2824 2987 2868 ut
3008 2813 3308 2885 jnstilicatis
3336 2816 3510 2887 impiis
3540 2817 3626 2871 di-

2042 2904 2211 2962 catur,
2246 2895 2439 2953 Fuistis
2469 2899 2602 2954 enim
2629 2900 2903 2971 aliquando
2925 2903 3162 2972 tenebrar,
3186 2922 3318 2961 nunc
3344 2916 3510 2961 autent
3537 2908 3629 2962 lux

2040 2986 2094 3041 in
2125 2986 2344 3043 Domino
2370 2988 2587 3062 (Ephes.
2611 3008 2664 3059 v,
2694 2993 2753 3065 8)
2781 3009 2795 3047 :
2821 3009 2886 3050 ac
2908 2996 2986 3051 sic
3014 2997 3103 3067 qui
3129 2997 3405 3067 gloriatur,
3435 3014 3542 3053 non
3572 2999 3624 3054 iu

2043 3094 2104 3135 se
2132 3081 2271 3151 ipso,
2302 3083 2395 3138 sed
2418 3083 2472 3138 in
2501 3084 2727 3140 Domino
2751 3086 3013 3157 glorietur
3038 3087 3118 3159 (ll
3136 3088 3255 3144 Cor.
3282 3106 3336 3155 ι,
3369 3091 3434 3146 17
3460 3092 3498 3161 ).
3531 3093 3627 3149 Ille

2042 3170 2319 3244 discernit,
2371 3177 2459 3248 qui
2511 3176 2581 3234 de
2636 3180 2871 3235 nondum
2912 3182 3252 3254 natis,neque
3292 3186 3382 3254 qui
3424 3186 3624 3256 aliquid

2042 3274 2268 3335 egerant
2295 3266 2421 3323 boni
2447 3278 2541 3324 aut
2579 3270 2724 3337 mali,
2757 3278 2815 3325 ut
2836 3272 3127 3329 secundum
3155 3275 3469 3332 electionem
3498 3292 3625 3346 pro-

2042 3358 2272 3428 positum
2315 3360 2432 3433 ejus
2463 3373 2742 3432 maneret,
2774 3379 2882 3420 non
2928 3380 2993 3421 ex
3031 3366 3321 3446 _operibus,
3352 3368 3445 3424 sed
3471 3384 3537 3425 ex
3566 3386 3627 3426 se

2044 3452 2161 3520 ipso
2188 3453 2209 3484 ’
2233 3462 2457 3510 vocante
2490 3453 2644 3523 dixit,
2674 3455 2847 3528 Major
2864 3458 3041 3512 seruiet
3078 3459 3263 3513 minori
3290 3459 3310 3533 (
3338 3458 3465 3515 Gen.
3489 3476 3622 3527 xxv,

2040 3539 2112 3596 25
2137 3541 2156 3613 )
2179 3558 2197 3598 ε
2221 3551 2383 3613 atque
2411 3543 2640 3613 idipsum
2665 3546 3045 3603 commendans
3069 3558 3250 3618 postea
3281 3564 3376 3618 per
3393 3550 3626 3621 prophe-

2042 3640 2179 3697 tam;
2218 3631 2402 3700 Jacob,
2443 3633 2637 3706 inquit,
2682 3635 2858 3702 dilexi,
2910 3635 3053 3692 Esau
3106 3648 3273 3693 autem
3323 3640 3440 3694 odio
3472 3641 3627 3695 habui

2044 3722 2063 3792 (
2090 3720 2318 3776 Malach.
2351 3739 2389 3787 ι,
2416 3722 2453 3777 2
2479 3725 2520 3796 ).
2557 3725 2885 3781 Electiouem
2914 3726 2936 3758 ³
2963 3728 3158 3798 quippe
3186 3728 3339 3794 dixit,
3370 3731 3457 3785 ubi
3485 3730 3625 3786 Deus

2042 3828 2147 3868 non
2169 3814 2236 3870 ab
2260 3815 2367 3870 alio
2394 3814 2593 3872 factum
2625 3817 2768 3888 quod
2792 3818 2953 3890 eligat
2980 3820 3216 3888 invenit,
3246 3821 3339 3876 sed
3367 3822 3510 3893 quod
3539 3823 3621 3877 in-

2040 3907 2220 3963 veniat
2262 3908 2375 3978 ipse
2416 3908 2581 3965 facit:
2615 3911 2752 3966 sicut
2777 3911 2847 3967 de
2894 3912 3129 3983 reliquiis
3167 3912 3327 3970 lsrael
3370 3917 3625 3987 scriptum

2040 4006 2143 4063 est,
2167 3998 2414 4071 Reliquite
2432 4017 2523 4071 per
2540 4001 2829 4058 electionem
2848 4005 3028 4074 gratia:
3055 4004 3205 4074 facta:
3228 4014 3364 4061 sunt.
3385 4007 3446 4063 Si
3460 4019 3627 4064 autem

2041 4092 2226 4162 gratia,
2255 4093 2372 4163 jam
2408 4109 2509 4149 non
2549 4111 2613 4149 ea:
2637 4096 2902 4167 operibus;
2931 4099 3153 4169 alioquin
3189 4102 3372 4170 gratia,
3387 4104 3499 4171 jam
3526 4120 3627 4159 non

2042 4193 2113 4238 est
2137 4184 2301 4255 gratia
2330 4182 2505 4259 (Rom.
2539 4202 2616 4252 xt,
2648 4188 2716 4255 5,
2749 4187 2827 4260 6).
2857 4189 3083 4260 Propter
3103 4191 3243 4260 quod
3274 4196 3508 4261 proiecto
3532 4194 3625 4251 de-

2043 4274 2238 4344 sipitis,
2267 4275 2357 4346 qui
2398 4276 2612 4333 dicente
2646 4279 2890 4346 veritate,
2926 4278 3046 4334 Non
3073 4297 3136 4334 ea:
3160 4282 3391 4348 operibus
3410 4325 3423 4348 ,
3450 4284 3539 4339 sed
3564 4301 3628 4341 ea:

2041 4375 2251 4420 uocante
2282 4366 2472 4421 dictum
2502 4377 2609 4433 est;
2639 4385 2733 4424 vos
2771 4370 2980 4438 dicitis,
3023 4371 3096 4426 Ex
3137 4370 3327 4427 futuris
3352 4376 3622 4444 operibus,

2044 4471 2163 4526 qua:
2202 4457 2342 4513 Deus
2383 4458 2529 4513 illum
2579 4456 2847 4516 facturum
2892 4477 3013 4519 esse
3064 4464 3406 4533 pracsciebat,
3457 4466 3623 4522 Jacub

2043 4548 2209 4607 fuisse
2234 4551 2484 4608 dilectum
2512 4570 2526 4607 :
2558 4562 2718 4626 atque
2746 4556 2817 4611 ita
2844 4558 3206 4615 contradicitis
3246 4562 3500 4630 Apostolo
3537 4563 3621 4619 di-

2045 4643 2207 4707 centi.
2235 4641 2355 4699 Non
2384 4662 2447 4700 ea:
2473 4648 2704 4716 aperibus
2731 4663 2751 4703 :
2774 4651 2923 4718 quasi
2947 4665 3050 4705 non
3078 4662 3257 4721 posset
3285 4653 3483 4716 dicere,
3510 4655 3624 4709 Non

2046 4747 2112 4787 ex
2139 4735 2512 4803 pnosentibus,
2539 4736 2632 4791 sed
2655 4735 2847 4793 futuris
2875 4741 3144 4808 operibus.
3167 4739 3273 4795 Sed
3302 4743 3393 4805 ait,
3417 4742 3537 4797 Non
3564 4761 3626 4799 ea:

2046 4825 2299 4895 operibus,
2337 4834 2393 4880 ut
2437 4827 2657 4895 gratiam
2701 4829 3100 4885 commendaret
3128 4830 3416 4887 :Siautem
3438 4837 3622 4903 gratia,

2038 4917 2153 4988 jam
2182 4933 2281 4970 non
2302 4934 2364 4971 ea:
2382 4925 2645 4988 apertbus;
2669 4918 2893 4988 alioquin
2913 4921 3077 4991 gratia
3093 4922 3208 4992 jam
3229 4939 3328 4976 non
3345 4933 3416 4978 est
3438 4925 3622 4996 gratia.

2049 5008 2308 5064 Prmcedit
2339 5026 2586 5080 namque,
2614 5028 2720 5067 non
2745 5012 2945 5077 debita,
2968 5013 3060 5068 sed
3090 5015 3317 5085 gratuita
3346 5018 3534 5086 gratia,
3567 5027 3621 5073 ut

2049 5114 2146 5170 per
2173 5100 2315 5154 illam
2346 5101 2473 5155 fiant
2498 5099 2521 5132 ⁸
2548 5100 2685 5157 bona
2711 5117 2871 5172 opera
2900 5120 2914 5156 :
2942 5117 3008 5158 ne
3029 5104 3073 5158 si
3098 5106 3465 5174 praecesserint
3491 5107 3624 5164 bona

362 5201 480 5246 sunt
511 5192 563 5246 in
590 5193 921 5262 perditionem
944 5235 961 5262 ,
1003 5204 1049 5250 et
1087 5207 1142 5251 ut
1167 5206 1313 5253 notas
1337 5200 1521 5270 faceret
1547 5201 1747 5255 divitias
1770 5202 1950 5273 glorior
2051 5206 2237 5261 ορθτθν
2269 5200 2516 5263 umquam
2543 5193 2796 5263 operibus
2825 5192 3076 5249 reddam"
3101 5196 3292 5265 εναιῑει,
3319 5210 3382 5251 ac
3408 5197 3485 5251 δίε
3506 5213 3627 5267 8'3-

361 5298 470 5335 sum
495 5284 548 5337 in
590 5298 714 5337 uasa
756 5284 1133 5352 misericordia,
1163 5304 1279 5361 quae
1312 5291 1616 5361 prtcparavit
1651 5293 1704 5345 in
1732 5292 1947 5363 gloriam

364 5373 543 5446 (Rom.
572 5390 651 5441 ix,
686 5374 893 5448 ll-23).
918 5377 1030 5433 lloc
1053 5388 1136 5434 est
1154 5377 1501 5450 ‘gratiazDei,
1526 5398 1630 5437 non
1651 5385 1825 5437 solum
1850 5384 1947 5439 ad-

360 5466 639 5536 jutorinm,
689 5481 874 5522 verum
927 5468 1089 5524 etiam
1138 5468 1520 5527 documentum
1563 5490 1577 5528 :
1624 5474 1946 5544 adjuturium

432 5644 448 5707 ξ
470 5639 604 5707 Fditl,
626 5641 883 5707 qutcapud
909 5649 1059 5695 Deum
1080 5645 1216 5695 nulla
1237 5653 1326 5698 est.

430 5704 537 5770 {sic
560 5704 665 5754 Mss.
694 5712 746 5756 At
771 5704 910 5770 editi,
934 5710 1128 5770 propter
1150 5720 1285 5770 quos.

434 5763 522 5829 ξω
546 5772 673 5827 15s.,
694 5779 758 5817 ex
778 5763 947 5829 eadari
967 5763 1323 5829 consparsum.

438 5824 462 5857 δ
482 5824 687 5878 uocaui
705 5826 915 5887 unus,
934 5834 1014 5882 hic
1037 5824 1125 5880 est.

2053 5283 2122 5337 tia
2145 5282 2255 5353 jam
2277 5298 2383 5337 non
2409 5283 2479 5339 sit
2501 5284 2691 5355 gratia.

2056 5417 2364 5528 béovaticam
2389 5426 2516 5480 uss,
2532 5429 2581 5470 et
2601 5419 2664 5471 de
2682 5432 2770 5472 suo
2784 5418 2987 5487 proprio
3006 5421 3451 5487 glm'wztimmissa
3488 5437 3631 5484 νοεθι

2056 5489 2293 5650 ἷιῑξῖλρυά
2309 5547 2441 5602 mv"
2464 5541 2551 5593 se"
2571 5556 2637 5595 ex
2658 5548 2799 5608 ipso;
2831 5546 3027 5607 omisso:
3044 5558 3113 5598 εει
3133 5548 3346 5597 Habctur
3369 5548 3416 5596 lu
3438 5555 3557 5595 etme
3569 5545 3635 5589 ris

2114 5616 2149 5650 tr
2167 5616 2210 5650 s.

2114 5618 2124 5646 ι
2153 5603 2166 5648 ἱ
2197 5637 2210 5650 .
2677 5603 2687 5608 ⁷
2782 5603 2789 5605 ἡ
3014 5603 3022 5607 ν

2124 5616 2239 5736 ἔξω
2261 5673 2558 5736 omnesxtss.
2582 5670 2717 5736 Etuta,
2741 5666 2984 5736 electione.
3001 5729 3030 5736 μ
3058 5730 3068 5736 .
3395 5727 3404 5736 _
3461 5725 3471 5736 ο

2122 5724 2143 5755 δ
2161 5728 2233 5774 sic
2256 5728 2458 5797 Vaticani
2487 5738 2535 5776 et
2557 5724 2774 5778 milii-ani
2823 5738 2925 5797 uss.
2954 5729 3070 5780 aditi
3094 5737 3288 5797 _autem,
3312 5725 3635 5797 omissistn

2062 5787 2167 5859 liis.‘
2188 5790 2417 5856 [ιταιςειιέιῑ
2454 5804 2677 5859 nauaque,
2704 5792 2992 5859 nort‘drbita,
3017 5792 3103 5843 scd
3124 5784 3365 5854 gratuita;
3388 5784 3628 5837 terebant,

2060 5854 2217 5914 grultc.’
2244 5851 2419 5913 trtirr'c,
2446 5860 2491 5902 t.t
2515 5851 2599 5917 per
2628 5853 2755 5903 .llum
2773 5852 2911 5912 ﬁent.
