4088 6508
550 429 658 484 58?.-

623 541 708 596 it}.
739 537 844 596 Sed
883 545 941 592 ut
967 537 1118 591 vobis
1147 533 1450 589 auferretur
1473 532 1648 586 omnis
1674 540 1864 584 vestrte
1905 528 2147 597 caliginis

549 633 784 698 latebra,
815 641 1094 701 propterea
1116 625 1354 695 geminos
1386 621 1518 678 tales
1539 619 1789 691 proposui
1813 661 1830 686 ,
1863 619 1950 689 qui
1975 632 2147 688 neque

550 733 828 796 parentum
860 721 1063 776 meritis
1083 718 1416 788 juvarentur,
1444 724 1498 769 et
1526 712 1685 768 ambo
1714 713 1948 766 infantize
1977 712 2144 782 prim-

549 817 704 874 Ordio
725 829 860 870 unus
886 813 1202 882 baptizatus,
1229 809 1362 863 alter
1384 807 1498 861 sine
1523 805 1844 874 Baptismate
1874 817 2148 858 moreren-

552 919 670 973 tur;
695 925 761 961 nc
789 905 1039 961 diceretis
1066 902 1256 963 Deum,
1279 899 1414 954 sicut
1436 896 1502 951 de
1526 894 1692 951 Iacob
1716 903 1770 950 et
1801 894 2146 984 Esau’contra

550 999 868 1069 Apostohun
918 995 1122 1059 dicitis,
1171 1006 1332 1062 Opera
1383 1002 1567 1044 eorum
1621 985 1791 1040 futura
1846 984 2144 1054 pnescisse.

550 1092 830 1162 Quomodo
858 1090 998 1146 enim
1030 1085 1294 1158 praescivit
1333 1099 1396 1140 ea
1439 1081 1609 1136 futura
1631 1122 1648 1146 ,
1679 1096 1799 1150 qua:
1830 1079 1934 1132 illis
1971 1077 2024 1132 in
2067 1079 2150 1132 in-

551 1189 715 1244 fanlia
761 1184 1064 1248 morituris,
1105 1181 1227 1251 quia
1274 1177 1606 1249 [tumscientia
1630 1175 1746 1244 ejus
1775 1171 1881 1228 falli
1913 1188 2018 1228 non
2045 1187 2146 1242 po-

551 1288 690 1340 test,
740 1274 1006 1346 pra-scivit
1051 1273 1224 1343 potius
1272 1285 1375 1324 non
1404 1267 1619 1322 futura?
1650 1267 1753 1320 Aut
1775 1265 1900 1335 quid
1931 1264 2148 1334 prodest

549 1373 628 1426 eis
656 1371 745 1441 qui
775 1369 1053 1438 rapiuntur
1074 1381 1138 1420 ex
1174 1363 1274 1418 hac
1300 1363 1401 1416 vita
1427 1403 1442 1425 ,
1474 1376 1542 1415 ne
1570 1359 1768 1413 malitia
1799 1365 1968 1413 mutet
1989 1357 2149 1412 intel-

551 1463 744 1518 lectum
775 1476 960 1516 eorum
981 1500 995 1524 ,
1041 1467 1133 1512 aut
1161 1471 1228 1512 ne
1264 1454 1406 1510 ﬁctio
1432 1452 1664 1524 decipiat
1699 1451 1930 1506 animam
1961 1467 2146 1506 eorum

549 1555 702 1624 (Sap.
727 1567 797 1616 tv,
833 1549 942 1623 il),
966 1551 1009 1602 si
1043 1555 1314 1618 peccatum
1343 1546 1502 1600 etiam
1523 1543 1665 1616 quod
1697 1559 1801 1598 non
1824 1542 2145 1611 estfactum,

547 1643 748 1699 dictum
773 1685 786 1706 ,
817 1643 1103 1712 Cogitatum
1124 1681 1138 1703 ,
1169 1650 1416 1708 tanquam
1446 1635 1791 1692 commissum
1835 1635 2032 1698 fuerit,
2071 1636 2148 1690 sic

551 1736 801 1807 punitur?
831 1733 978 1800 Quod
1007 1733 1049 1786 si
1076 1730 1514 1786 absurdissimum
1541 1771 1554 1791 ,
1585 1729 1992 1784 insulsissitnutn
2011 1771 2023 1792 ,
2053 1729 2145 1784 de-

551 1827 938 1882 llll‘ltliSsilllllm
968 1832 1070 1890 est,
1099 1821 1364 1893 quoslibet
1393 1820 1638 1876 homines
1664 1837 1728 1876 ex
1762 1821 1845 1876 Itis
1873 1823 2106 1891 peccatis
2128 1865 2143 1889 ,

548 1933 772 1988 quorum
796 1930 895 1970 nec
917 1923 1118 1968 reatum
1142 1928 1205 1968 ex
1237 1912 1545 1982 parentibus
1576 1911 1787 1967 trahere
1807 1953 1821 1974 ,
1851 1912 1980 1966 sicut
2011 1912 2146 1968 dici-

549 2007 638 2071 tis,
674 2021 771 2060 nec
791 2022 851 2060 ea
885 2019 988 2058 non
1020 2005 1191 2058 solum
1215 2003 1572 2069 committere,
1604 2002 1696 2058 sed
1725 2018 1824 2058 nec
1845 2003 2032 2057 saltem
2059 2019 2147 2057 co-

548 2101 717 2168 gitare
753 2105 1057 2168 potuerunt,
1091 2110 1210 2150 esse
1238 2093 1598 2156 damnandos;
1632 2092 1766 2148 redit
1786 2093 1852 2148 ad
1877 2095 2011 2148 vos”
2046 2095 2149 2147 fra-

551 2201 633 2246 ter
671 2189 760 2242 ille
797 2187 1042 2258 geminus
1083 2185 1329 2256 baptizati
1371 2200 1476 2238 non
1508 2183 1834 2256 baptizatus,
1865 2193 1920 2239 ct
1958 2185 2148 2238 tacitus

549 2281 741 2351 quaerit
779 2294 808 2332 a
839 2277 984 2332 vobis
1009 2316 1024 2342 ,
1058 2276 1196 2330 unde
1243 2274 1399 2330 fuerit
1438 2289 1466 2328 a
1510 2275 1740 2330 fraterna
1768 2275 2020 2330 felicitate
2042 2275 2150 2329 dis.

551 2381 764 2435 cretus,
811 2386 906 2424 cur
948 2369 1032 2423 illa
1073 2367 1380 2422 infelicitate
1409 2367 1660 2436 punitus,
1684 2375 1742 2420 ιιι
1767 2367 1856 2420 illo
1887 2368 1938 2421 in
1972 2367 2060 2420 Dei
2087 2366 2150 2420 ll-

553 2464 680 2516 Iium
709 2461 958 2530 adoptdo
979 2461 1022 2523 ',
1065 2458 1178 2528 ipse
1207 2474 1310 2512 non
1342 2459 1607 2528 acciperet
1633 2459 1880 2512 omnibus
1905 2459 2150 2512 aetatibus

553 2555 948 2615 necessarium,
975 2553 1111 2606 sicut
1133 2550 1368 2607 fatemini
1390 2593 1406 2618 ,
1431 2551 1864 2614 Saeramentum;
1896 2553 1938 2604 si
1965 2568 2152 2620 quent-

555 2645 839 2701 admotlum
868 2644 1009 2698 nulla
1039 2651 1122 2696 est
1151 2641 1359 2696 fortuna
1384 2643 1466 2697 vel
1493 2643 1676 2708 fatum,
1707 2643 1791 2698 vel
1819 2643 1956 2714 apud
1985 2644 2148 2698 Deum

555 2738 795 2807 aeteptio
823 2749 1170 2806 personarum
1189 2775 1202 2798 ,
1249 2735 1318 2788 ita
1350 2734 1549 2789 nullum
1575 2743 1658 2790 est
1682 2735 1866 2806 gratia:
1895 2735 2010 2789 sine
2041 2750 2150 2790 tne-

555 2833 672 2885 r'ttis
697 2828 918 2891 donum;
947 2826 1147 2880 nullum
1175 2826 1432 2896 originale
1452 2835 1748 2898 peccatum.
1780 2826 1912 2894 Huic
1933 2841 2150 2897 prorsus

557 2919 742 2975 infanti
788 2918 1022 2988 linguam
1049 2925 1281 2972 vestram
1322 2932 1616 2988 vocemque
1653 2917 1998 2986 submittitis,
2025 2917 2151 2974 huic

556 3028 663 3068 non
695 3009 926 3080 loquenti
952 3008 1077 3080 quid
1108 3009 1396 3080 loquamini
1428 3024 1532 3064 non
1563 3007 1790 3064 habetis.

628 3102 856 3159 CAPUT
883 3101 1012 3156 VIII.
1039 3131 1113 3144 —
1136 3103 1221 3158 Π.
1252 3101 1383 3157 Boni
1411 3105 1561 3158 etiam
1588 3104 1867 3176 imperfecti
1903 3105 2152 3177 cupiditas

558 3199 744 3252 donum
767 3194 942 3266 gratia:
959 3204 1053 3260 est;
1078 3193 1302 3266 alioquin
1329 3194 1492 3266 gratia
1513 3195 1786 3249 secundum
1808 3196 1984 3250 merita
2000 3198 2152 3250 dure-

559 3298 660 3340 tur.
691 3285 806 3342 Jam
846 3299 985 3339 nunc
1015 3284 1322 3350 videamus,
1367 3292 1426 3339 ut
1463 3299 1780 3355 possumus,
1827 3283 1929 3340 hoc
1977 3287 2150 3356 ipsum

557 3377 700 3449 quod
733 3379 916 3430 volunt
943 3376 1248 3446 prtecedere
1269 3377 1320 3431 in
1343 3375 1580 3442 homine,
1607 3386 1664 3432 ut
1683 3377 1946 3448 adjutorio
1969 3379 2153 3448 gratim

559 3469 749 3538 dignus
777 3467 1034 3522 habeatur
1057 3509 1070 3532 ,
1101 3476 1155 3522 et
1181 3467 1264 3522 cui
1287 3469 1481 3523 merito
1504 3467 1620 3538 ejus
1647 3485 1752 3524 non
1777 3479 2026 3541 tanquam
2074 3471 2153 3525 in-

558 3559 736 3616 debita
778 3559 1039 3614 tribuatur
1061 3601 1075 3623 ,
1113 3558 1208 3614 sed
1235 3559 1410 3614 debita
1449 3560 1618 3631 gratia
1649 3561 1976 3616 retribuatur
2004 3561 2059 3629 ’ς
2090 3576 2155 3618 ac

558 3653 639 3707 sic
667 3653 834 3722 gratia
859 3653 967 3721 jam
1009 3667 1114 3707 non
1151 3653 1222 3707 sit
1262 3653 1430 3722 gratia
1466 3652 1783 3709 :videamus
1822 3663 1998 3710 tamen
2029 3655 2152 3725 quid

560 3744 690 3798 illud
721 3744 808 3797 sit.
833 3743 942 3798 Sub
967 3743 1168 3797 nomine
1187 3785 1202 3806 ,
1233 3743 1498 3814 inquiunt,
1529 3745 1708 3816 gratiae
1731 3745 1804 3799 ita
1826 3749 1988 3818 fatum
2015 3763 2154 3800 asse—

562 3846 702 3901 runt,
724 3845 780 3890 ut
805 3836 1003 3899 dicant,
1029 3835 1148 3906 quia
1172 3835 1269 3890 nisi
1291 3835 1445 3890 invito
1471 3845 1517 3890 et
1555 3836 1825 3890 reluctanti
1849 3837 2042 3891 homini
2070 3838 2154 3890 in-

465 3997 470 4004 .
561 3929 827 4000 epit-atterit
853 3926 970 3980 boni
991 3969 1005 3993 ,
1033 3937 1079 3981 et
1107 3927 1266 3999 ipsius
1295 3929 1612 4001 imperfecti,
1645 3929 1973 4000 cupiditatem
1992 3929 2035 4000 ⁸,
2065 3948 2156 3986 nec

565 4036 598 4072 α
629 4019 763 4071 man
793 4017 1045 4072 declinare
1066 4059 1078 4082 ,
1111 4035 1202 4072 nec
1226 4018 1411 4073 bonum
1449 4025 1607 4090 possit
1647 4022 1890 4089 arripere.
1931 4021 2048 4077 Jam
2087 4022 2156 4080 de

564 4096 678 4165 fato
725 4119 777 4164 et
821 4111 990 4179 gratia
1038 4126 1196 4181 quam
1245 4112 1418 4167 inania
1465 4113 1750 4183 loquantur
1776 4115 2153 4171 ostendimus:

567 4217 710 4258 nunc
738 4201 864 4256 illud
898 4210 982 4257 est
1010 4202 1148 4272 quod
1175 4201 1436 4258 debemus
1453 4203 1730 4260 advertere
1750 4246 1763 4268 ,
1793 4217 1966 4261 utrum
1991 4207 2156 4262 invito

565 4307 620 4351 et
651 4297 927 4352 reluctanti
957 4295 1155 4350 homini
1186 4295 1325 4352 Deus
1351 4295 1575 4366 inspiret
1612 4297 1736 4351 boni
1773 4285 2153 4368 cupiditatem,

569 4399 626 4444 ut
649 4389 758 4459 jam
788 4403 893 4443 non
915 4389 984 4443 sit
1011 4389 1302 4453 reluctans,
1334 4403 1440 4444 non
1466 4389 1537 4443 sit
1565 4389 1780 4452 invitus,
1811 4391 1906 4446 sed
1929 4408 2158 4448 consen-

568 4482 708 4535 tiens
735 4481 896 4545 bono,
918 4477 1181 4536 et‘volens
1206 4478 1423 4535 bonum.
1454 4479 1541 4536 Isti
1567 4481 1708 4536 enim
1737 4484 1940 4548 volunt,
1975 4485 2024 4538 in
2056 4484 2156 4540 ho-

569 4571 714 4626 mine
743 4571 812 4627 ab
841 4571 954 4640 ipso
983 4570 1196 4625 homine
1243 4569 1476 4640 incipere
1520 4573 1860 4640 cupiditatem
1909 4575 2031 4630 boni
2053 4619 2068 4641 ,
2099 4587 2158 4632 nt

567 4662 728 4734 hujus
755 4661 913 4731 empti
942 4661 1189 4716 meritum
1219 4660 1378 4716 etiam
1425 4661 1727 4731 perﬁciendi
1769 4666 1936 4735 gratia
1977 4680 2175 4722 cunsc-‘

565 4763 762 4824 quatur
793 4769 808 4806 :
839 4752 883 4806 si
914 4763 1089 4806 tamen
1116 4749 1219 4806 hoc
1258 4751 1445 4806 saltem
1487 4752 1690 4808 volunt.
1731 4755 1973 4824 Pelagius
2013 4758 2156 4813 enim

571 4843 773 4900 facilius
801 4842 930 4897 dicit
953 4841 1160 4911 impleri
1185 4842 1323 4912 quod
1353 4842 1548 4898 bonum
1575 4853 1691 4910 est,
1729 4845 1770 4899 si
1803 4847 2009 4916 adjuvet
2041 4864 2161 4918 gra-

569 4938 664 4990 tia.
687 4936 802 5004 Quo
827 4935 1216 5004 additamento,
1255 4936 1306 4992 id
1337 4946 1418 4992 cst
1439 4979 1452 5002 ,
1493 4937 1738 4992 addendo
1769 4939 2028 5006 Facilius,
2059 4941 2160 4993 uti-

570 5043 674 5095 que
705 5027 965 5096 significat
994 5027 1094 5081 hoc
1117 5041 1176 5080 se
1210 5042 1396 5096 sapere
1417 5069 1429 5091 ,
1463 5028 1602 5098 quod
1628 5029 1832 5084 etiamsi
1859 5032 2040 5100 gratia:
2067 5023 2179 5086 de?

569 5118 723 5171 fuerit
750 5115 1102 5185 adjutorium,
1135 5126 1328 5186 potest,
1351 5120 1594 5188 quamvis
1620 5117 1918 5185 difﬁcilius,
1952 5121 2156 5190 impleri

639 5289 656 5320 ³
683 5285 905 5336 Gallicani
929 5293 1036 5335 Mss.
1061 5287 1304 5342 omittunt.
1331 5286 1454 5338 redit
1477 5289 1544 5340 ad
1567 5303 1662 5340 eas.
1925 5305 1932 5320 '

571 5411 596 5462 ς
636 5352 657 5381 ³
683 5349 888 5459 \l'tpimpi
907 5355 958 5397 et
979 5347 1202 5459 gallicani
1231 5355 1358 5410 Mss.,
1383 5351 1432 5401 in
1461 5351 1546 5404 vei
1565 5352 1692 5418 [ilics
1713 5353 1956 5418 adoptato.
1991 5357 2064 5406 sic
2083 5357 2158 5404 in-

591 5424 664 5462 ra.
712 5427 722 5458 ι
759 5423 816 5458 ro
871 5445 885 5462 .
911 5424 962 5458 ιι.
1021 5445 1034 5458 .

591 5424 664 5466 ra,
691 5423 816 5459 llDl‘O
841 5423 885 5466 4,
911 5424 962 5458 ιι.
987 5423 1034 5459 Ζ.

638 5447 1131 5539 ἶι’έιυξιδιῖἰξς-’ίιέξιιτιιιι
1149 5469 1229 5520 illa
1254 5475 1419 5539 verba,
1443 5479 1488 5539 et
1513 5473 1593 5539 cui
1613 5475 1784 5539 merito
1805 5475 1910 5539 ejus
1933 5488 2028 5539 non
2049 5485 2157 5528 ιαη-

571 5545 718 5604 quam
754 5531 968 5604 indebita
991 5532 1272 5604 tribuatur,
1319 5538 1404 5586 seti
1447 5537 1604 5604 delfitu
1643 5537 1802 5604 gratia
1823 5531 2156 5604 retribuatur.

575 5595 774 5646 Exstant
817 5595 865 5664 in
919 5595 1156 5664 t'aticattis
1197 5602 1304 5664 ptss.
1361 5605 1410 5647 tn
1461 5595 1710 5664 Gallicanis
1747 5614 1866 5664 vero
1931 5601 2040 5664 btet;
2088 5601 2161 5654 Ie-

575 5668 774 5729 guptnr,
799 5663 842 5706 et
867 5655 944 5706 cui
968 5655 1142 5729 merito
1153 5655 1283 5727 _ejus,
1307 5671 1399 5709 non
1419 5667 1648 5724 tanquam
1668 5662 1900 5726 indebita,
1911 5661 2072 5728 gratia
2087 5678 2162 5715 re-

565 5721 843 5778 tribuatur;
865 5731 922 5768 ue
945 5721 1014 5768 sic
1032 5721 1209 5782 gratia,
1229 5731 1325 5770 etc.

573 5787 663 5878 In;
691 5783 760 5831 sic
809 5787 912 5830 ttat.
965 5787 1015 5831 At
1033 5779 1050 5782 “
1073 5779 1191 5830 editi
1218 5815 1233 5842 ,
1283 5788 1329 5831 τι
1381 5780 1536 5847 ipsam
1587 5783 1862 5851 ἔθειραι-[εειί
1914 5785 2156 5852 cupidita-

591 5853 680 5891 θυι.

1182 413 1454 471 comas
1497 411 1675 468 ουλε
1718 410 2095 466 EPIS’I‘OLtS
2137 407 2700 476 rsutcttxoaun,
2743 411 2800 466 s.
2841 411 3216 470 AUGUSTINI
3736 421 3823 478 ως

2261 527 2454 582 bonum
2486 543 2578 597 per
2604 527 2828 582 Iibcrutn
2857 530 3153 588 arbitrium.
3178 534 3282 590 Sed
3313 537 3426 590 istis
3446 581 3460 603 ,
3501 537 3626 608 quid
3664 539 3712 594 in
3741 539 3829 599 liae

2257 633 2316 673 re
2341 617 2604 685 sentiant,
2649 637 2751 674 non
2779 620 2846 675 de
2887 622 2979 677 illo
3006 635 3224 682 auctore
3267 628 3423 698 hujus
3464 630 3679 686 heresis
3707 647 3830 701 prat-

2255 709 2552 765 scribamns
2584 729 2597 766 :
2629 713 2999 782 permittamus
3024 732 3118 774 eos
3143 735 3264 775 cum
3305 737 3403 778 suo
3423 722 3596 779 libero
3623 724 3830 781 arbitrio

2255 815 2373 856 esse
2401 801 2598 857 Iiberos
2621 811 2677 858 et
2703 803 2772 858 ab
2803 805 2917 874 ipso
2941 805 3187 878 Pelagio;
3215 823 3374 882 atque
3418 814 3515 868 ista
3556 815 3710 869 verba
3748 831 3830 872 eo-

2254 906 2407 960 rum,
2439 909 2558 962 quze
2605 893 2656 947 in
2706 893 2805 950 hac
2831 897 2916 950 cui
2957 901 3344 970 respondemus
3373 903 3608 975 Epistula
3653 921 3831 976 posue-

2253 991 2411 1048 runt,
2442 984 2618 1052 potius
2642 985 3000 1042 attendamus.

2327 1074 2414 1129 18.
2443 1075 2555 1130 Hoc
2603 1077 2746 1132 enim
2797 1079 2951 1134 nobis
2978 1081 3336 1151 objiciendum
3385 1095 3668 1156 putarunt,
3703 1091 3834 1160 quod

2251 1164 2406 1220 invito
2425 1175 2473 1220 et
2497 1166 2766 1222 reluctanti
2791 1169 2980 1226 homini
3000 1170 3165 1227 Deum
3189 1173 3420 1232 dicamus
3443 1177 3710 1248 inspirare,
3735 1196 3830 1235 non

2253 1257 2662 1330 quanticumque
2689 1259 2806 1315 boni
2824 1303 2839 1326 ,
2881 1263 2974 1318 sed
3014 1273 3061 1318 et
3095 1265 3256 1336 ipsius
3284 1268 3562 1338 imperfecti
3591 1270 3834 1340 cupidita-

2252 1357 2371 1402 tem.
2418 1347 2683 1406 Fortassis
2720 1367 2848 1422 ergo
2877 1354 2974 1424 ipsi
3015 1371 3082 1411 eo
3107 1357 3267 1412 modo
3301 1361 3490 1414 saltem
3521 1372 3736 1416 servant
3763 1363 3834 1417 lo-

2251 1455 2374 1494 cum
2415 1442 2636 1512 gratite,
2668 1453 2728 1499 ut
2755 1447 2871 1500 sine
2900 1447 2987 1502 illa
3034 1459 3218 1518 putent
3256 1450 3528 1508 hominem
3558 1469 3714 1526 posse
3749 1455 3836 1510 ha-

2253 1531 2380 1588 bere
2407 1533 2551 1599 boni,
2575 1535 2668 1594 sed
2688 1536 2996 1606 imperfecti
3021 1543 3389 1612 cupiditatem;
3421 1545 3638 1616 perfecti
3667 1557 3832 1602 antem

2253 1638 2358 1676 non
2391 1622 2595 1678 facilius
2622 1641 2717 1696 per
2748 1615 2892 1682 illam
2924 1646 3078 1700 posse
3099 1674 3113 1696 ,
3145 1633 3236 1689 sed
3269 1635 3370 1691 nisi
3412 1615 3507 1706 per
3549 1637 3691 1692 illam
3729 1655 3834 1692 om-

2253 1714 2381 1768 nino
2409 1732 2514 1770 tton
2547 1733 2725 1786 posse.
2757 1718 2950 1775 Verum
2977 1731 3032 1777 et
3060 1725 3137 1778 sic
3160 1727 3384 1796 gratiam
3414 1727 3503 1782 Dei
3534 1727 3716 1784 dicunt
3751 1745 3831 1784 se-

2251 1807 2484 1862 cundum
2506 1809 2694 1864 merita
2723 1819 2904 1866 nostra
2929 1812 3044 1868 dari
3075 1833 3091 1868 :
3120 1815 3259 1886 quod
3287 1817 3338 1870 in
3361 1817 3581 1874 Oriente
3607 1820 3834 1891 Pelagius

2251 1898 2627 1954 ecclesiasticis
2671 1900 2850 1956 Gestis
2895 1903 3136 1960 damnari
3189 1906 3424 1961 timendo
3471 1909 3754 1966 damnavit.
3784 1913 3832 1967 St

2252 1991 2394 2042 enim
2442 1990 2556 2046 sine
2587 1992 2674 2044 Dei
2717 1994 2881 2061 gratia
2921 2011 3014 2062 per
3044 2010 3140 2049 nos
3186 1996 3368 2067 incipit
3393 2001 3654 2069 cupiditas
3681 2001 3831 2068 boni;

2255 2083 2426 2152 ipsum
2457 2093 2688 2153 emptum
2721 2087 2820 2140 erit
2849 2089 3094 2142 meritum
3116 2133 3131 2155 ,
3171 2089 3256 2144 cui
3285 2102 3370 2145 tan
3396 2108 3532 2159 ,uam
3573 2109 3636 2148 ex
3667 2092 3834 2149 debito

2253 2173 2436 2241 gratia:
2462 2175 2640 2229 veniat
2665 2175 2986 2246 adjutorium
3031 2198 3044 2234 :
3075 2195 3137 2233 ac
3166 2182 3240 2234 sic
3269 2181 3435 2251 gratia
3473 2183 3564 2238 Dei
3597 2199 3700 2239 non
3729 2201 3834 2254 gra-

2253 2263 2322 2318 tis
2345 2262 2659 2332 donabitur,
2706 2267 2800 2322 sed
2830 2269 3122 2327 secundum
3154 2273 3402 2327 meritum
3431 2282 3673 2329 nostrum
3699 2274 3835 2330 dabi-

2255 2362 2359 2408 tur.
2396 2355 2650 2412 Dominus
2679 2370 2855 2414 autent
2897 2370 2954 2414 ut
2996 2363 3340 2434 responderet
3385 2364 3561 2420 futuro
3593 2367 3833 2437 Pelagio,

2252 2459 2359 2498 non
2387 2445 2463 2499 ait
2487 2487 2502 2512 ,
2529 2445 2656 2500 Sine
2683 2463 2768 2503 me
2797 2447 3012 2504 diflirile
3040 2454 3261 2521 potestis
3289 2454 3484 2525 aliquid
3513 2458 3720 2524 facere;
3747 2458 3834 2513 sed

2255 2539 2367 2603 ait,
2404 2536 2531 2592 Sine
2557 2555 2636 2593 me
2659 2540 2788 2595 nihil
2815 2543 3018 2611 potestis
3039 2549 3204 2615 facere
3229 2545 3404 2619 (Joan.
3439 2564 3508 2602 xv
3527 2593 3542 2617 ,
3586 2551 3664 2622 5).
3697 2551 3761 2606 Ει
3786 2562 3839 2608 ιιι

2254 2629 2603 2698 responderet
2626 2631 2816 2689 futuris
2840 2635 2999 2706 etiam
3028 2637 3142 2693 istis
3171 2639 3220 2692 in
3250 2641 3434 2695 eadem
3477 2643 3586 2712 ipsa
3617 2660 3837 2717 evange-

2255 2720 2356 2775 lica
2379 2724 2661 2790 sententia,
2685 2741 2791 2780 non
2818 2727 2911 2793 ait,
2943 2725 3068 2784 Sine
3095 2747 3172 2784 me
3199 2731 3329 2786 nihil
3345 2736 3546 2802 potestis
3569 2737 3836 2806 perﬁcere;

2255 2811 2382 2876 sed,
2413 2817 2598 2884 facere.
2626 2815 2755 2870 Nam
2784 2817 2828 2872 si
2862 2817 3122 2876 Perficerc
3147 2822 3388 2890 dixisset,
3421 2837 3640 2896 possent
3666 2829 3746 2884 isti
3767 2827 3840 2883 di-

2255 2921 2401 2974 cere,
2429 2922 2534 2964 non
2561 2909 2628 2964 ad
2660 2911 3020 2981 incipiendum
3049 2914 3246 2970 bonum
3268 2961 3281 2981 ,
3313 2918 3454 2988 quod
3483 2935 3513 2974 a
3545 2922 3700 2976 nobis
3725 2933 3836 2987 est;

2255 3001 2348 3057 sed
2367 3001 2430 3058 ad
2455 3000 2856 3071 perﬁciendum,
2873 3019 2991 3058 esse
3013 3005 3105 3060 Dci
3121 3006 3442 3077 adjutorinm
3464 3014 3839 3070 nectessariutn.

2257 3091 2456 3148 Verum
2486 3092 2700 3146 audiant
2723 3102 2778 3148 et
2800 3093 3134 3165 Apostolutn.
3159 3097 3416 3155 Dominus
3439 3101 3581 3156 enim
3607 3115 3730 3158 cum
3751 3103 3838 3170 ait,

2258 3181 2387 3238 Sine
2413 3199 2492 3236 me
2519 3183 2647 3238 nihil
2672 3185 2876 3254 potestis
2906 3185 3112 3254 facere;
3143 3187 3244 3243 hoc
3285 3205 3390 3244 uno
3427 3190 3595 3246 verbo
3643 3193 3838 3248 initium

2258 3272 2524 3344 ﬁnemque
2567 3273 2990 3344 comprehendit.
3044 3277 3330 3348 Apostolus
3375 3296 3538 3344 vero,
3595 3291 3841 3355 tanquam

2256 3365 2534 3422 sententiae
2560 3365 2842 3421 dominica:
2871 3368 3412 3439 expositor,apertius
3437 3381 3723 3446 utrumque
3749 3374 3843 3430 dis

2258 3457 2415 3512 timtlt
2435 3499 2451 3522 ,
2479 3457 2664 3512 dicens
2696 3476 2710 3512 :
2747 3457 2997 3525 Quoniam
3020 3461 3108 3533 qui
3129 3461 3181 3516 in
3230 3461 3366 3518 vobis
3394 3479 3523 3535 opus
3549 3465 3734 3520 bonum
3753 3481 3844 3521 etz-

2256 3553 2362 3622 pit,
2391 3553 2614 3624 perficiet
2641 3569 2796 3622 usque
2817 3553 2870 3607 in
2897 3554 3029 3608 diem
3051 3553 3239 3609 Christi
3263 3554 3389 3610 Jesu
3417 3555 3674 3631 (Philipp.
3708 3575 3746 3626 ι,
3771 3561 3840 3630 6).

2255 3641 2359 3699 Sed
2408 3643 2462 3698 in
2500 3641 2791 3713 Seripturis
2816 3643 3016 3698 sanctis
3055 3644 3193 3716 apud
3240 3647 3485 3703 eumdem
3529 3653 3839 3721 apostolum,

2259 3733 2360 3788 isto
2407 3733 2550 3790 unde
2595 3736 2888 3806 loquimur,
2935 3738 3164 3807 amplius
3211 3740 3529 3798 inventurus.
3563 3743 3844 3816 Loqaintur

2256 3828 2400 3884 enim
2424 3844 2564 3884 nunc
2589 3829 2658 3884 de
2687 3830 2809 3884 boni
2838 3831 3144 3902 cupiditate,
3173 3849 3328 3905 quam
3355 3836 3400 3891 si
3423 3837 3610 3894 volunt
3634 3855 3662 3893 a
3697 3839 3841 3894 nobis

2261 3920 2522 3990 incipere,
2550 3935 2579 3974 a
2609 3920 2836 3976 Domino
2866 3922 3072 3992 perﬁci,
3099 3923 3315 3980 videant
3339 3927 3462 3996 quid
3493 3929 3845 4000 respondeant

2257 4009 2458 4065 dicenti
2487 4011 2746 4081 Apostolo
2777 4029 2791 4066 :
2826 4010 2947 4066 Non
2973 4014 3092 4086 quia
3119 4014 3288 4070 idonei
3307 4035 3481 4072 sumus
3507 4023 3732 4091 cogitare
3749 4020 3845 4072 ali-

2257 4099 2382 4169 quid
2403 4100 2421 4132 ¹
2449 4099 2596 4170 quasi
2615 4115 2679 4154 ea:
2701 4101 3098 4174 nobismetipsis,
3125 4103 3214 4158 sed
3239 4106 3538 4177 sufficientia
3583 4121 3752 4166 nostra
3788 4124 3846 4163 ex

2261 4189 2372 4246 Deo
2405 4199 2478 4245 est
2509 4187 2587 4264 (Il
2613 4189 2730 4246 Cor.
2763 4207 2848 4260 ut,
2877 4193 2952 4264 5).
2983 4191 3249 4267 Cogitare,
3287 4199 3391 4264 ait,
3419 4201 3613 4270 aliquid
3630 4241 3646 4267 ,
3675 4203 3847 4270 utique

2259 4281 2456 4338 bonum
2481 4300 2496 4336 :
2528 4283 2707 4340 minus
2735 4292 2818 4340 est
2840 4295 3017 4340 autem
3043 4289 3278 4358 cogitare
3305 4306 3463 4359 quam
3493 4307 3712 4364 cupere.
3751 4291 3847 4347 Co-

2257 4374 2488 4443 gitamus
2512 4374 2710 4444 quippe
2735 4390 2896 4431 omne
2921 4377 3062 4448 quod
3085 4379 3350 4450 cupimus,
3375 4397 3473 4436 nec
3501 4393 3678 4439 tamen
3707 4385 3849 4454 cupi-

2260 4479 2379 4518 mus
2406 4478 2565 4520 omne
2587 4465 2730 4536 quod
2751 4467 3078 4537 cogitamus;
3110 4472 3359 4542 quoniam
3393 4489 3772 4546 nonnunquam
3798 4483 3847 4528 et

2260 4554 2401 4625 quod
2439 4570 2543 4610 non
2569 4556 2816 4626 cupimus
2862 4558 3178 4630 cogitamus.
3211 4561 3345 4618 Cum
3377 4564 3534 4635 igitur
3564 4569 3743 4622 minus
3785 4565 3850 4620 sit

2260 4649 2496 4717 cogitare
2531 4662 2690 4718 quam
2731 4664 2929 4719 cupere
2967 4667 2981 4704 :
3027 4661 3202 4722 potest
3239 4655 3381 4709 enim
3414 4655 3576 4711 homo
3619 4658 3850 4728 cogitare

2261 4739 2482 4805 btmnm,
2508 4739 2650 4810 quod
2679 4741 2914 4796 nondum
2937 4744 3103 4814 cupit;
3127 4754 3180 4800 et
3210 4748 3536 4816 proliciendo
3557 4760 3740 4822 postea
3763 4767 3850 4804 cu-

2261 4845 2390 4902 pere
2412 4871 2427 4893 ,
2469 4829 2610 4900 quod
2653 4841 2809 4886 antea
2839 4848 2944 4886 non
2973 4835 3239 4904 cupiendo
3269 4840 3517 4910 cogitavit
3545 4840 3850 4911 :qnotnodo

2262 4919 2328 4972 ad
2357 4919 2406 4972 id
2434 4918 2574 4989 quod
2601 4920 2776 4975 minus
2803 4931 2882 4987 est
2903 4962 2919 4988 ,
2954 4923 3004 4978 id
3045 4933 3126 4980 est
3149 4966 3166 4991 ,
3197 4926 3262 4982 ad
3289 4931 3624 5000 cOgitantlnm
3659 4932 3725 4986 ali
3749 4929 3849 5000 ptid

2261 5008 2387 5063 boni
2409 5025 2512 5064 non
2547 5012 2924 5068 sumusidonei
2952 5023 3200 5085 tanquam
3223 5034 3285 5073 ex
3319 5022 3738 5091 nobismetipsis,
3760 5022 3851 5075 sed

2262 5101 2575 5179 sufficientia
2607 5112 2784 5158 nostra
2811 5119 2876 5160 ex
2907 5107 3014 5163 Deo
3036 5119 3154 5175 est;
3185 5121 3239 5166 et
3275 5113 3340 5167 ad
3367 5114 3417 5168 id
3447 5116 3585 5186 quod
3618 5127 3704 5172 est
3744 5132 3855 5170 am-

2263 5193 2402 5263 plius
2423 5235 2436 5254 .
2464 5193 2517 5248 id
2563 5203 2679 5261 est,
2707 5195 2774 5252 ad
2803 5199 3122 5268 cupiendum
3149 5204 3349 5276 aliquid
3377 5207 3499 5264 boni
3530 5209 3649 5266 sine
3678 5211 3855 5264 divi::o

2263 5285 2527 5353 adjutorio
2583 5286 2756 5343 idonei
2805 5305 2990 5346 sumus
3035 5309 3102 5350 cx
3150 5287 3320 5352 libero
3368 5299 3626 5356 arbitrio?
3679 5302 3855 5372 Neque

2263 5377 2404 5432 enim
2432 5389 2484 5432 et
2507 5377 2595 5434 hic
2615 5381 2902 5448 Apostolus
2923 5385 3016 5449 ait,
3043 5385 3163 5442 Non
3182 5389 3299 5458 quia
3320 5390 3486 5446 idonei
3515 5409 3692 5448 sumus
3717 5393 3856 5462 cogi-

2265 5479 2372 5523 tare
2398 5471 2538 5540 quod
2571 5471 2860 5542 perfectum
2889 5487 2989 5540 est.
3025 5489 3274 5550 tanquam
3306 5499 3369 5538 ex
3412 5485 3855 5558 nobismetipsis:

2264 5561 2652 5634 sodeogitare,
2687 5567 2788 5632 ait,
2829 5570 3056 5643 aliquid;
3097 5575 3180 5629 cui
3223 5579 3546 5634 contrarium
3587 5592 3675 5636 est
3707 5580 3854 5636 nihil.

2264 5651 2416 5708 Unde
2440 5665 2516 5706 cst
2550 5654 2674 5710 illud
2717 5658 2926 5716 Domini
2959 5680 2972 5716 :
3015 5662 3142 5719 Sine
3170 5683 3250 5720 me
3287 5668 3416 5722 nihil
3441 5673 3647 5742 potestis
3674 5676 3857 5744 facere.

2333 5743 2560 5799 CAPUT
2591 5745 2682 5800 lx.
2708 5779 2778 5789 -
2805 5751 2891 5806 t9.
2924 5753 3218 5827 Scripturas
3247 5759 3606 5831 interpretatur
3624 5806 3642 5833 ,
3675 5743 3858 5835 φάεινε

2329 5857 2345 5887 ι
2377 5857 2575 5906 ιἐιιὶοίιιῖ
2600 5860 2790 5910 codices
2807 5862 2885 5913 hic
2905 5864 3100 5922 addunt.
3127 5881 3158 5917 α
3176 5868 3322 5922 nobis.
