4088 6578
336 420 439 476 535

331 536 603 587 abutuntur
635 531 921 603 Pelagiani.
963 529 1067 585 Sed
1092 528 1340 582 nimirum
1366 525 1507 597 quod
1532 526 1786 595 scriptum
1814 532 1897 579 est
1915 567 1931 592 ,

336 624 572 680 [laminis
596 635 670 679 est
698 639 989 697 prtrparare
1009 638 1098 677 cor
1117 661 1134 689 ,
1160 630 1207 676 et
1232 637 1264 674 α
1289 618 1510 674 Domino
1542 619 1803 691 responsio
1828 618 1932 673 lin-

330 731 445 788 gua
468 714 648 788 (Prov.
678 730 768 771 xvi
790 757 805 780 ,
838 716 924 785 l),
955 729 1061 769 non
1091 713 1227 768 bene
1254 709 1601 782 intelligendo
1635 709 1894 765 falluntur
1914 749 1930 776 ,

332 817 392 864 ut
405 809 714 865 existiment
735 822 828 861 cor
845 820 1164 877 pne-parare,
1193 804 1294 859 hoc
1314 811 1415 870 est,
1435 804 1630 858 bonum
1654 801 1928 866 inchoare,

332 900 449 956 sine
475 901 741 970 adjutorio
761 901 946 971 gratiae
978 898 1072 952 Dei
1099 896 1164 952 ad
1198 896 1467 951 hominem
1509 895 1795 965 pertinere.
1822 893 1933 949 Ab-

334 992 405 1047 sit
433 992 591 1046 utsic
620 992 923 1061 intelligant
963 989 1055 1043 ﬁlii
1088 984 1493 1058 promissionis,
1529 994 1780 1055 tanquam
1810 997 1932 1039 cum

336 1083 604 1139 audierint
634 1083 915 1137 Dominum
961 1081 1227 1136 dicentem
1256 1120 1270 1145 ,
1306 1078 1431 1135 Sine
1455 1094 1535 1131 me
1561 1077 1691 1131 nihil
1728 1076 1936 1149 potestis

337 1177 539 1247 facere;
563 1176 712 1246 quasi
739 1174 1065 1247 convincunt
1105 1188 1229 1228 eum
1257 1172 1527 1236 dicentes,
1573 1169 1712 1224 Ecce
1737 1168 1854 1223 sine
1885 1175 1936 1221 te

340 1244 621 1343 possumus
650 1284 745 1324 eor
771 1244 1075 1339 praeparare
1103 1284 1118 1320 :
1152 1274 1243 1321 aut
1271 1279 1396 1320 cum
1420 1262 1690 1318 audierint
1714 1276 1745 1315 a
1771 1260 1935 1316 Paulo

336 1363 603 1435 apostolo,
632 1360 753 1417 Non
781 1362 900 1432 quia
922 1361 1093 1415 idonei
1110 1376 1286 1415 sumus
1308 1357 1532 1430 cogitare
1564 1355 1760 1426 aliquid
1792 1353 1936 1426 quasi

336 1474 397 1514 ea:
419 1459 787 1530 nobismetipsis
805 1500 823 1527 ,
848 1459 940 1515 sed
959 1457 1253 1530 sufficientia
1271 1466 1446 1510 nostra
1470 1470 1533 1509 ex
1555 1452 1660 1507 Deo
1688 1459 1796 1516 est;
1818 1459 1936 1505 tan-

335 1552 509 1623 quam'
529 1562 588 1608 et
612 1554 786 1623 ipsum
814 1552 1138 1608 convincant‘
1162 1548 1403 1605 dicentes
1425 1588 1441 1615 ,
1469 1546 1612 1601 Ecce
1641 1544 1817 1600 idonei
1854 1558 1938 1598 su-

336 1662 455 1703 mus
479 1663 544 1703 ex
589 1646 992 1715 nobismetipsis
1031 1656 1335 1715 praeparare
1360 1656 1488 1706 cor,
1517 1654 1581 1695 ac
1619 1653 1714 1708 per
1743 1636 1845 1692 hoc
1882 1646 1938 1692 et

336 1737 462 1794 boni
493 1728 692 1810 aliquid
735 1738 990 1809 cogitare.
1019 1737 1148 1806 Quis
1185 1736 1329 1792 enim
1360 1741 1537 1806 potest
1584 1732 1701 1788 sine
1733 1731 1751 1763 ¹
1796 1730 1934 1786 bona

335 1831 660 1901 cogitatione
685 1829 751 1884 ad
777 1830 975 1885 bonum
1003 1844 1096 1883 cor
1124 1825 1466 1898 praeparare?
1488 1824 1642 1889 Absit
1670 1829 1728 1877 ut
1754 1822 1832 1877 sic
1856 1822 1947 1901 ιιι-ἱ

339 1924 584 1994 telligant
604 1964 618 1988 ,
663 1922 767 1978 nisi
802 1921 1015 1993 superbi
1047 1921 1129 1976 sui
1159 1919 1362 1975 arbitrii
1391 1916 1704 1975 defensores
1728 1923 1783 1971 et
1813 1913 1933 1969 ﬁdei

335 2016 612 2071 catholicae
642 2014 969 2071 desertores.
1004 2013 1128 2070 Ideo
1155 2014 1353 2085 quippe
1395 2010 1650 2081 scriptum
1678 2018 1788 2075 est,
1823 2006 1935 2062 Ilo-

335 2105 486 2161 minis
506 2115 579 2161 est
602 2121 895 2177 praeparare
924 2122 1031 2171 cor,
1055 2112 1101 2159 el
1124 2121 1156 2158 a
1188 2103 1404 2157 Domino
1429 2100 1689 2172 responsio
1711 2099 1934 2181 lingula;

334 2198 455 2268 quia
483 2197 644 2253 homo
672 2207 934 2268 praeparat
976 2212 1109 2263 eor,
1156 2210 1263 2251 non
1303 2204 1482 2250 tamen
1512 2193 1628 2248 sine
1667 2191 1934 2261 adjutorio

336 2288 428 2344 Dei
450 2332 465 2355 ,
497 2290 585 2360 qui
630 2291 709 2346 sic
748 2290 916 2360 tangit
941 2303 1069 2355 cor,
1098 2295 1158 2342 ut
1200 2287 1362 2341 homo
1387 2290 1653 2357 prteparet
1675 2297 1770 2338 eor
1797 2282 1840 2335 '.
1874 2280 1932 2335 In

334 2382 685 2453 responsione
705 2391 881 2437 autem
914 2382 1128 2452 lingute,
1151 2379 1204 2436 id
1231 2386 1314 2435 est
1333 2420 1347 2445 ,
1380 2377 1434 2434 in
1457 2391 1524 2433 eo
1552 2374 1694 2447 quod
1722 2388 1930 2445 praepa-

334 2483 453 2528 rato
474 2472 622 2528 cordi
647 2474 822 2544 lingua
849 2472 1027 2529 divina
1053 2470 1378 2542 respondet,
1403 2467 1537 2524 nihil
1563 2467 1742 2539 aperis
1770 2462 1933 2522 habet

335 2566 517 2631 homo,
540 2566 635 2621 sed
668 2576 833 2621 totum
862 2575 944 2621 est
968 2580 998 2619 a
1025 2564 1255 2620 Domino
1284 2562 1413 2618 Deo.

403 2658 494 2714 20.
521 2659 652 2714 Nam
680 2658 818 2714 sicut
839 2658 1038 2714 dictum
1078 2666 1181 2721 est,
1211 2653 1455 2711 Hominis
1508 2660 1583 2708 est
1638 2665 1932 2722 prteparare

331 2766 442 2817 cor,
471 2759 516 2804 et
538 2766 570 2803 a
594 2747 814 2804 Domino
847 2749 1108 2819 responsio
1139 2746 1364 2819 linguas;
1402 2746 1474 2801 ita
1518 2745 1679 2800 etiam
1730 2743 1928 2799 dictum

339 2850 444 2906 est,
494 2842 650 2913 Aperi
694 2858 772 2908 os,
816 2851 862 2896 et
910 2840 1193 2911 adimplcbo
1241 2838 1374 2895 illud
1426 2836 1601 2911 (Psal.
1630 2832 1927 2906 1.311,“).

330 2934 590 3005 Quamvis
618 2936 762 2992 enim
792 2936 894 2992 nisi
914 2935 1199 3007 adjuvante
1224 2934 1337 3001 illo,
1363 2932 1482 2989 sine
1511 2947 1619 3005 quo
1639 2930 1773 2987 nihil
1803 2945 1930 3001 pos-

333 3038 525 3082 sumus
549 3024 746 3094 facere,
776 3042 838 3083 os
864 3043 970 3083 non
997 3041 1280 3097 possumus
1305 3025 1517 3097 aperire
1556 3041 1571 3079 :
1602 3032 1781 3111 tamen
1831 3037 1930 3079 nos

330 3119 608 3189 aperimus
629 3119 771 3175 illius
816 3119 1129 3189 adjumento
1170 3127 1226 3175 et
1257 3132 1424 3189 opere
1475 3124 1693 3182 nostro;
1743 3115 1932 3187 implet

328 3218 513 3265 autem
541 3210 668 3266 illud
694 3210 956 3266 Dominus
1004 3210 1124 3266 sine
1175 3224 1342 3281 Opere
1370 3217 1574 3264 nostro.
1623 3207 1758 3263 Nam
1802 3206 1930 3278 quid

327 3310 419 3357 est
444 3317 746 3372 prteparare
770 3317 884 3369 cor,
916 3312 969 3360 et
985 3317 1048 3359 os
1075 3302 1306 3373 aperire,
1348 3300 1448 3358 nisi
1481 3300 1807 3355 voluntatem
1839 3313 1931 3370 pa-

330 3396 500 3451 rare?
524 3395 589 3451 Et
610 3405 791 3452 tamen
818 3397 872 3451 in
901 3396 1104 3451 eisdem
1149 3393 1369 3451 Litteris
1409 3393 1620 3464 legitur,
1647 3390 1927 3464 Pra'para-

329 3498 420 3543 tur
458 3490 691 3545 voluntas
739 3505 772 3544 a
821 3487 1042 3544 Domino
1095 3487 1279 3561 (Prov.
1307 3502 1435 3553 ml,
1468 3502 1572 3541 sec.
1611 3483 1802 3556 LXX);
1851 3490 1927 3550 et,

326 3578 496 3641 Labia
525 3597 637 3634 mea
663 3581 893 3652 _aperies,
941 3590 989 3637 et
1035 3597 1091 3635 os
1132 3596 1299 3635 meum
1348 3576 1669 3634 annuntiabit
1725 3574 1930 3631 laudem

326 3682 475 3726 tuam
504 3649 674 3743 (Ρωιῖ
704 3649 757 3739 ἡ..
784 3671 897 3745 l7).
930 3673 1073 3729 Ecce
1104 3674 1241 3728 Deus
1268 3671 1543 3739 admonet,
1570 3680 1630 3725 ut
1658 3683 1931 3740 praepare-

326 3778 458 3819 mus
479 3763 803 3819 voluntatem
834 3765 884 3818 in
910 3779 977 3820 eo
997 3764 1139 3835 quod
1160 3764 1407 3834 legimus,
1436 3761 1674 3818 Hominis
1698 3769 1770 3817 est
1791 3775 1929 3832 prc-

325 3869 524 3922 pararc
548 3870 636 3908 cor
665 3869 685 3908 :
711 3863 767 3910 et
805 3863 981 3909 tamen
1036 3863 1093 3909 ut
1141 3854 1244 3909 hoc
1288 3853 1445 3909 faciat
1488 3851 1673 3920 homo,
1710 3851 1931 3922 adjuvat

321 3944 507 4008 Deus;
536 3944 656 4013 quia
687 3955 1008 4016 prwparatur
1049 3945 1279 4000 voluntas
1312 3961 1344 3998 a
1367 3943 1609 4000 Domino.
1657 3943 1744 4011 Et,
1771 3942 1927 4013 Aperi
1956 3982 1959 3987 -

318 4049 412 4100 os,
447 4033 516 4089 ita
540 4034 668 4091 dicit
689 4036 930 4105 jubendo
959 4036 1001 4102 ³,
1030 4045 1087 4090 ιιι
1108 4051 1266 4091 nemo
1297 4036 1466 4106 possit
1489 4036 1593 4091 nisi
1619 4036 1739 4106 ipse
1765 4034 1817 4089 id
1850 4033 1930 4089 fa-

317 4126 442 4182 ciat
468 4112 805 4196 adjuvando;
822 4128 917 4183 cui
936 4128 1153 4193 dicitur,
1185 4127 1347 4183 Labia
1371 4144 1483 4182 mea
1518 4127 1733 4199 aperies.
1763 4126 1929 4183 Num-

318 4218 461 4289 quid
488 4218 710 4290 i_§torum
748 4220 913 4290 aliqui
939 4221 1013 4276 ita
1037 4220 1315 4290 desipiunt
1339 4218 1382 4286 ⁸,
1414 4228 1474 4275 ιιι
1494 4220 1640 4276 aliud
1670 4235 1753 4286 os,
1780 4220 1921 4276 aliud

316 4281 472 4365 an.
488 4281 623 4365 isse
646 4281 992 4379 contendant,
1020 4320 1076 4367 et
1102 4281 1332 4367 mirabili
1367 4281 1609 4367 vanitate
1653 4312 1926 4369 hominem

314 4401 518 4457 dicant
557 4416 621 4457 os
646 4403 880 4473 aperire,
912 4402 1051 4460 labia
1083 4404 1317 4460 hominis
1361 4403 1569 4459 Deum?
1607 4403 1925 4477 Quanquam

317 4496 481 4551 Deus
509 4496 627 4551 illos
653 4506 708 4552 et
747 4497 815 4552 ab
852 4496 956 4553 hac
994 4496 1326 4554 absurditate
1357 4499 1672 4567 compescit,
1712 4498 1803 4553 ubi
1858 4498 1928 4553 ad

312 4586 553 4660 Moysen
582 4586 833 4643 famulum
863 4603 1019 4643 suum
1046 4587 1195 4653 dicit,
1232 4587 1345 4659 Ego
1389 4590 1617 4661 aperiam
1658 4605 1715 4645 os
1761 4600 1926 4657 tuum,

309 4690 367 4734 et
399 4681 658 4735 instruant
678 4691 725 4736 te
750 4697 864 4752 quas
882 4680 1065 4737 debeas
1083 4679 1443 4751 loqui(£.sod.
1465 4696 1540 4747 tv,
1574 4680 1682 4750 l2).
1712 4681 1769 4737 In
1798 4698 1928 4740 sen-
1956 4716 1961 4721 -

308 4775 499 4828 tentia
516 4788 644 4845 ergo
675 4774 763 4828 illa
786 4773 876 4828 ubi
904 4772 1120 4839 dicitur,
1169 4772 1327 4843 Aperi
1344 4789 1422 4839 os,
1461 4781 1507 4827 et
1532 4774 1821 4845 adimplebo
1858 4779 1926 4832 il-

306 4866 420 4921 lud
443 4881 469 4930 ;
530 4866 682 4936 quasi
752 4881 916 4922 unum
998 4880 1185 4922 eorum
1249 4864 1460 4921 videtur
1513 4866 1581 4921 ad
1652 4866 1923 4925 hominem

381 5104 399 5138 ι
439 5106 572 5166 Apud
601 5114 700 5156 Am.
740 5113 813 5157 [ι’.
835 5114 887 5158 ει
925 5116 1035 5159 tnv.
1061 5109 1290 5158 omissum
1312 5115 1415 5159 erat
1435 5144 1448 5169 ,
1488 5107 1609 5161 sine.
1637 5114 1923 5164 Restitutum

297 5168 409 5219 fuit
433 5169 568 5237 apud
591 5170 889 5237 metet-iores
909 5169 1094 5237 aliquot
1110 5170 1367 5230 editiones,
1395 5172 1574 5235 quibus
1594 5172 1922 5237 suffragantur

295 5237 427 5281 Uss.
452 5228 678 5280 Gallicani
701 5239 754 5282 et
767 5232 990 5283 Vaticani.

379 5295 404 5326 ³
433 5301 542 5341 Αιιι.
564 5291 727 5370 ιε’(ηιὶξ
748 5299 793 5343 ιε
816 5291 1007 5370 tanqu?
1039 5306 1141 5344 eor.
1169 5302 1329 5370 nemo
1354 5302 1597 5370 prta-paret
1618 5310 1718 5370 eor.
1739 5303 1838 5370 ,ιντε-
1868 5307 1921 5352 ει

294 5360 456 5431 ιρι,
490 5353 749 5431 qnith
783 5353 1051 5428 eor,_"Iwmo
1085 5362 1329 5431 praparm
1354 5353 1469 5407 eor]
1496 5364 1543 5431 tn
1569 5359 1919 5431 posterioribus

292 5417 515 5483 aliquot
536 5416 923 5483 editionibussm
946 5432 1006 5467 ex
1032 5416 1310 5477 conjectura
1327 5416 1619 5483 correctum,
1644 5420 1730 5483 qui
1748 5421 1792 5483 si
1809 5427 1909 5472 tan-

340 5479 372 5529 it
394 5475 520 5537 "cor,
543 5475 1076 5544 hornpprteparat‘cor
1116 5475 1134 5529 ὲ
1166 5488 1306 5544 recte
1338 5482 1565 5544 quidem,
1601 5475 1690 5533 se'd
1714 5482 1919 5535 alteram

315 5545 590 5590 actionem
809 5539 1128 5604 praetulimns,
1171 5542 1299 5604 quod
1332 5539 1621 5593 auctoritate
1645 5551 1919 5595 nostrorum

1634 411 1835 469 LIBER
1895 408 2269 468 SECUNDUS.

3528 416 3631 471 586

2041 522 2329 594 pertinere,
2382 523 2608 580 alterum
2657 524 2722 581 ad
2784 527 2948 583 Deum
2999 547 3012 584 :
3054 529 3107 584 in
3158 526 3258 587 bac
3316 542 3494 589 autem
3546 538 3632 590 ubi

2040 614 2255 683 dicitur,
2290 615 2402 688 Ego
2440 618 2668 687 aperiam
2689 635 2744 673 os
2765 632 2928 690 tuum,
2953 631 2999 675 et
3038 621 3285 678 instruam
3332 634 3637 691 te;utrnm-

2040 720 2144 777 que
2191 710 2258 762 ad
2308 708 2497 764 Deum.
2553 709 2728 778 Quare
2783 711 2903 779 hoc,
2956 714 3196 787 nisiquia
3241 717 3295 772 in
3346 732 3453 775 uno
3507 718 3637 775 isto-

2039 813 2157 852 rum
2183 809 2504 870 eooperatur
2533 801 2736 857 homini
2767 803 3004 875 facienti,
3031 808 3258 863 alterum
3287 811 3436 867 solus
3465 812 3632 868 facit?

2109 892 2200 948 21.
2228 889 2565 965 Quapropter
2586 898 2751 953 multa
2780 898 2923 955 Deus
2948 898 3075 957 facit
3109 902 3160 957 in
3202 903 3420 961 homine
3464 905 3626 970 bona,

2038 997 2159 1052 quze
2186 998 2289 1038 non
2317 985 2441 1041 facit
2471 986 2631 1042 homo
2659 1006 2672 1043 :
2702 990 2844 1045 nulla
2870 1007 2996 1047 vero
3013 992 3136 1047 facit
3164 994 3344 1064 homo,
3373 977 3495 1068 quin
3517 1014 3625 1053 non

2039 1073 2167 1130 facit
2195 1075 2332 1132 Deus
2350 1086 2409 1133 ut
2436 1078 2595 1135 faciat
2621 1079 2801 1137 homo.
2824 1083 3056 1142 Proinde
3077 1087 3339 1157 cupiditas
3364 1088 3489 1144 boni
3522 1104 3627 1144 non

2039 1165 2240 1223 homini
2267 1184 2296 1225 a
2338 1171 2566 1227 Domino
2602 1184 2765 1242 esset,
2800 1177 2845 1231 si
2869 1175 3066 1232 bonum
3099 1194 3205 1235 non
3248 1189 3396 1238 esset
3423 1177 3448 1236 τ’
3466 1183 3509 1239 si
3539 1200 3632 1236 au-

2041 1266 2147 1313 tem
2197 1259 2394 1316 bonum
2434 1272 2537 1327 est,
2580 1281 2686 1321 non
2745 1267 2847 1324 nisi
2908 1269 2976 1324 ah
3016 1270 3110 1326 illo
3168 1273 3323 1329 nobis
3386 1284 3491 1342 est,
3541 1278 3631 1347 qui

2040 1366 2251 1408 summe
2279 1364 2438 1425 atque
2465 1357 2972 1417 incommutabiliter
3011 1362 3182 1420 bonus
3226 1374 3327 1421 est.
3359 1366 3495 1435 Quid
3550 1379 3634 1424 e~t

2039 1445 2183 1499 enim
2214 1444 2338 1501 boni
2359 1448 2642 1518 cupiditas,
2693 1451 2795 1507 nisi
2834 1452 3091 1522 charitas,
3116 1456 3206 1535 (de
3237 1472 3340 1529 qua
3396 1458 3635 1517 Joatmes

2038 1541 2314 1610 apostolus
2336 1543 2453 1599 sine
2478 1546 2824 1618 ambiguitate
2864 1549 3099 1621 loquitur
3138 1551 3346 1622 dicens,
3400 1553 3633 1610 Charitas

2038 1631 2230 1689 exDeo
2256 1645 2329 1690 est
2358 1636 2403 1706 (ι
2431 1636 2589 1693 Joan.
2619 1656 2692 1707 tv,
2724 1639 2806 1713 7)?
2833 1641 2942 1699 Nec
2972 1643 3181 1701 initium
3208 1646 3325 1719 ejus
3351 1664 3422 1704 ex
3453 1649 3628 1715 nobis.

2038 1732 2091 1779 et
2113 1725 2369 1794 perfectio
2398 1729 2513 1800 ejus
2541 1746 2612 1786 ex
2637 1731 2781 1800 Deo;
2806 1734 2899 1789 sed
2921 1735 2966 1791 si
2984 1735 3218 1795 Charitas
3237 1755 3308 1795 ex
3342 1740 3474 1809 Deo,
3521 1752 3632 1800 tota

2039 1814 2191 1872 noiiis
2218 1835 2285 1873 ex
2316 1820 2422 1875 Deo
2441 1830 2542 1877 est.
2573 1823 2790 1879 Avertat
2819 1826 2963 1881 enim
2990 1827 3129 1883 Deus
3156 1831 3292 1885 hanc
3316 1834 3628 1899 amentiam,

2040 1917 2096 1962 ut
2134 1908 2188 1963 in
2208 1908 2365 1965 donis
2394 1912 2512 1982 ejus
2557 1929 2655 1970 nos
2700 1916 2908 1985 priores
2946 1917 3227 1985 faciamus.
3273 1925 3629 1992 posteriorem

1998 2044 2009 2051 .
2037 1998 2211 2070 ipsum
2246 2015 2259 2053 :
2288 2006 2540 2073 quoniam
2572 2008 2915 2064 misericordia
2942 2012 3052 2081 ejus
3067 2017 3334 2085 praweniet
3354 2034 3433 2072 me
3455 2017 3627 2093 (Psal.

2037 2106 2182 2157 ινιιι.
2208 2094 2320 2180 li);
2345 2106 2399 2151 et
2427 2096 2540 2169 ipse
2576 2107 2661 2154 est
2698 2100 2783 2155 cui
2834 2100 3066 2159 ﬁdeliter
3089 2107 3456 2180 veraciterque
3497 2127 3645 2165 ran-.

2039 2190 2196 2250 tatur,
2231 2174 2486 2252 Quoniam
2510 2191 2798 2260 praevenisti
2839 2210 2953 2248 eum
2996 2194 3049 2249 in
3075 2174 3418 2255 benedictione
3451 2202 3627 2259 dulce-

2036 2275 2170 2332 dinis
2203 2278 2373 2351 (l’sal.
2417 2297 2508 2347 xx,
2537 2280 2618 2356 4).
2659 2283 2729 2339 Ει
2764 2287 2890 2356 quid
2933 2287 3019 2344 hic
3066 2291 3242 2360 aptius
3289 2293 3623 2365 intelligitur,

2034 2385 2192 2442 quam
2239 2372 2351 2443 ipsa
2401 2373 2470 2430 de
2524 2392 2628 2447 qua
2655 2376 2926 2450 loquimur
2962 2383 3226 2453 cupiditas
3266 2385 3433 2441 boni?
3479 2387 3632 2444 Tunc
3675 2415 3678 2420 -

2034 2465 2180 2518 enim
2211 2462 2410 2520 bonum
2459 2469 2763 2539 concupisci
2812 2470 3016 2542 incipit,
3066 2475 3280 2545 quando
3322 2477 3630 2536 duleeseere

2032 2553 2278 2623 cmperit.
2311 2556 2537 2625 Quando
2562 2570 2742 2615 autem
2791 2562 2986 2620 timore
3040 2580 3234 2637 paenae,
3286 2584 3392 2624 non
3443 2586 3631 2628 amore

2028 2643 2251 2716 iustitiae
2272 2646 2329 2702 ﬁt
2349 2648 2563 2716 bonum,
2598 2651 2835 2709 nondum
2853 2654 2989 2712 bene
3012 2657 3073 2712 ﬁt
3100 2658 3331 2726 bonum;
3363 2677 3462 2718 nec
3493 2665 3628 2722 litin

2034 2739 2198 2796 corde
2227 2742 2367 2812 quod
2390 2744 2504 2799 ﬁeri
2523 2744 2737 2802 videtur
2762 2747 2813 2802 in
2831 2764 3011 2819 Opere,
3034 2752 3248 2821 quando
3270 2756 3450 2812 mallet
3467 2757 3630 2815 homo

2035 2849 2142 2888 non
2168 2834 2365 2901 facere,
2397 2839 2442 2892 si
2483 2849 2665 2909 posset
2710 2840 2948 2911 impune.
2989 2845 3127 2917 Ergo
3167 2847 3470 2907 benedictio
3513 2852 3630 2910 dul-

2032 2924 2258 2991 cedinis,
2284 2935 2368 2982 est
2395 2930 2563 2997 gratia
2608 2930 2724 2995 Dei,
2760 2948 2865 3003 qua
2892 2934 2950 2988 ﬁt
2973 2936 3026 2990 in
3071 2938 3225 2994 nobis
3254 2949 3310 2994 ut
3348 2957 3447 2997 nos
3475 2944 3624 3003 dele-

2032 3023 2142 3072 ctet
2164 3026 2218 3073 et
2234 3016 2532 3089 cupiamus,
2566 3020 2668 3078 hoc
2694 3032 2797 3090 est,
2820 3040 3066 3084 amemus
3093 3031 3236 3101 quod
3269 3037 3510 3106 praecipit
3531 3054 3628 3093 no-

2031 3106 2146 3177 bis;
2173 3110 2226 3165 in
2255 3126 2356 3183 qua
2378 3112 2423 3168 si
2454 3128 2555 3168 nos
2583 3129 2688 3170 non
2713 3118 2974 3185 prtevenit
2994 3120 3158 3189 Deus,
3190 3138 3298 3179 non
3319 3127 3493 3183 solum
3516 3144 3622 3185 non

2033 3194 2331 3265 perﬁcitur,
2363 3196 2460 3253 sed
2487 3214 2587 3256 nec
2617 3200 2896 3257 inchoatur
2934 3220 2998 3259 ex
3027 3206 3200 3262 nobis.
3241 3208 3297 3265 Si
3338 3211 3483 3268 enim
3510 3214 3629 3271 sine

2033 3285 2123 3340 illo
2150 3285 2284 3343 nihil
2310 3303 2595 3359 possumus
2621 3289 2821 3360 facere,
2854 3295 3099 3365 profecto
3122 3315 3220 3355 nec
3251 3301 3629 3373 incipere.ncc

2032 3378 2293 3449 perﬁcere
2332 3399 2346 3435 :
2387 3382 2511 3453 quia
2552 3391 2611 3439 ut
2637 3385 2974 3456 incipiamus,
3032 3389 3232 3462 dictum
3274 3403 3389 3462 est,
3424 3396 3629 3452 Miseri-

2032 3470 2209 3525 cordia
2229 3472 2340 3542 ejus
2366 3475 2635 3543 prteveniet
2659 3492 2761 3543 me,-
2789 3486 2845 3532 ιιι
2889 3479 3254 3551 perﬁciamus,
3286 3478 3500 3542 dictum.
3519 3502 3623 3559 est,

2034 3560 2388 3619 Misericordia
2413 3566 2525 3638 ejus
2548 3568 2877 3641 subsequatur
2901 3589 2982 3628 me
3008 3573 3182 3645 (Psal.
3218 3594 3346 3645 xxu,
3375 3579 3456 3653 6).

2102 3653 2330 3712 CAPUT
2359 3656 2427 3714 Χ.
2453 3688 2525 3703 --
2548 3658 2641 3715 22.
2670 3661 2962 3720 Secundum
2981 3668 3128 3739 cujus
3167 3673 3483 3741 propositum
3531 3692 3621 3731 oo-

2032 3756 2208 3802 eentur
2230 3749 2396 3803 electi.
2430 3750 2565 3820 Quid
2587 3761 2673 3808 est
2697 3769 2847 3827 ergo,
2878 3759 3020 3829 quod
3052 3760 3103 3815 in
3143 3768 3618 3835 consequentibus.

2034 3841 2123 3897 ubi
2164 3857 2227 3897 ea
2273 3859 2394 3915 qua:
2418 3846 2519 3917 ipsi
2563 3849 2803 3905 sentiunt
2842 3865 3288 3923 commemorant,
3337 3858 3523 3917 dicunt
3565 3880 3626 3919 se

2032 3936 2297 4028 conﬁteri,
2331 3955 2349 3991 ι
2385 3940 2610 4011 gratiam
2635 3957 2851 4016 quoque
2899 3945 3155 4017 adjuvare
3200 3952 3623 4028 uniuscujusque

2033 4025 2235 4083 bonum
2277 4032 2630 4101 propositum,
2676 4048 2785 4089 non
2826 4045 3003 4093 tamen
3054 4040 3337 4099 reluctanti
3389 4025 3623 4103 studium

2035 4118 2250 4175 virtutis
2266 4120 2576 4178 immittere?
2600 4142 2621 4177 ι
2640 4124 2753 4182 Hoc
2771 4128 2967 4198 quippe
2988 4130 3059 4185 ita
3075 4131 3277 4200 dicunt,
3304 4136 3448 4193 velut
3464 4138 3625 4196 homo

2033 4224 2063 4263 a
2084 4224 2146 4265 se
2172 4211 2287 4280 ipso
2316 4212 2434 4269 sine
2462 4214 2728 4285 adjutorio
2748 4218 2840 4274 Dei
2861 4219 3055 4277 habeat
3072 4227 3404 4296 propositum
3426 4229 3624 4287 bonum

2032 4303 2377 4377 studiumque
2401 4307 2632 4375 virtutis,
2681 4325 2788 4381 quo
2816 4314 3011 4370 merito
3052 4319 3390 4388 pta-cedente
3433 4324 3625 4397 dignus

2032 4395 2103 4451 sit
2124 4397 2368 4468 adjuvari
2397 4400 2490 4456 Dei
2519 4402 2689 4471 gratia
2718 4406 3097 4478 subsequente.
3121 4409 3318 4469 Putant
3346 4395 3622 4473 enim—for-

2034 4499 2177 4548 tasse
2202 4493 2274 4549 ita
2299 4495 2501 4552 dixisse
2540 4499 2878 4568 Apostolum,
2912 4500 3115 4559 Scimus
3152 4508 3271 4577 quia
3299 4508 3619 4584 diligentibus

2033 4580 2201 4638 Deum
2227 4587 2397 4640 omnia
2424 4600 2727 4658 cooperatur
2747 4592 2764 4623 ί
2792 4592 2847 4646 in
2868 4593 3073 4660 bonum,
3121 4597 3184 4653 iis
3222 4601 3313 4671 qui
3349 4580 3624 4661 secundum

2033 4675 2349 4744 propositum
2377 4680 2544 4732 vocati
2572 4690 2721 4745 sunt;
2751 4690 2811 4736 ut
2836 4686 3167 4757 propositum
3201 4689 3435 4750 hominis
3463 4697 3623 4755 vellet

2034 4765 2278 4839 intelligi,
2303 4770 2445 4840 quod
2475 4776 2810 4844 propositum
2841 4786 3091 4848 tanquam
3125 4782 3323 4839 bonum
3369 4790 3617 4846 meritum

2031 4869 2289 4927 sequatur
2307 4863 2674 4920 misericordia
2699 4868 2938 4924 vocantis
2970 4870 3062 4925 Dei
3094 4889 3109 4925 :
3148 4874 3456 4945 ignorantes
3502 4881 3624 4939 ideo
3708 4912 3719 4917 ι

2031 4951 2232 5007 dictum
2258 4967 2402 5019 esse,
2433 4954 2522 5023 qui
2549 4957 2828 5012 secundum
2854 4961 3173 5033 propositum
3199 4969 3363 5023 vocati
3397 4982 3534 5035 sunt.
3567 4988 3624 5031 ut

2032 5043 2149 5110 Dei,
2196 5060 2302 5099 non
2350 5044 2582 5103 hominis
2629 5051 2964 5121 propositum
3014 5054 3363 5130 intelligatur,
3394 5078 3500 5135 quo
3529 5084 3626 5121 eos

2028 5152 2152 5207 quos
2216 5138 2464 5207 prwsrioit
2512 5149 2558 5193 et
2590 5140 2987 5210 praedestinavit
3055 5152 3339 5222 conferam
3386 5140 3624 5231 imaginis

2033 5226 2157 5284 Filii
2175 5232 2256 5286 sui
2285 5229 2459 5301 (Rom.
2493 5248 2603 5297 vtn,
2630 5233 2722 5300 28.
2753 5235 2867 5307 29),
2899 5238 3059 5310 elegit
3079 5251 3204 5298 ante
3257 5246 3441 5304 mundi
3487 5226 3623 5307 con-

2028 5322 2361 5381 stitutionem
2388 5323 2603 5397 (Ephes.
2628 5344 2667 5392 ι.
2697 5329 2777 5401 4).
2795 5329 2910 5386 Non
2934 5334 3075 5389 enim
3094 5348 3284 5394 omnes
3308 5343 3506 5410 vocati,
3538 5361 3616 5403 se-

2028 5415 2258 5472 cundum
2290 5419 2621 5488 propositum
2653 5430 2780 5477 sunt
2808 5426 2981 5480 vocati
3015 5442 3028 5477 :
3058 5429 3311 5498 quoniam
3351 5435 3505 5493 multi
3533 5454 3618 5491 v0-

2027 5509 2151 5573 cati,
2183 5508 2333 5580 pauci
2358 5510 2510 5566 electi
2535 5510 2745 5580 (Matth.
2776 5529 2866 5578 xx,
2901 5514 3011 5589 ιδ).
3044 5516 3147 5589 Ipsi
3170 5538 3300 5594 ergo
3324 5527 3616 5583 secundum

285 5604 542 5656 omnium
566 5608 671 5652 Mss.
692 5601 1039 5653 Gallicanorum
1065 5610 1117 5652 et
1142 5601 1474 5654 \‘aticanorum
1489 5607 1822 5657 conﬁrmetur.

362 5665 388 5698 ³
411 5663 577 5733 aditi:
607 5663 856 5727 etaperiet
878 5677 947 5726 Os,
972 5664 1039 5715 ita
1048 5663 1264 5723 jubenth
1277 5666 1502 5728 ;omisso,
1521 5667 1656 5717 dicit.
1672 5669 1918 5733 Castigan-

286 5737 386 5822 ωε
506 5732 667 5836 i‘mic.
704 5794 755 5836 et
769 5788 915 5856 )‘atic.
942 5800 955 5856 _:
984 5795 1108 5836 uss:
1138 5800 1205 5839 λιι
1229 5790 1464 5856 numquid
1488 5790 1568 5840 ἱδιὶ
1617 5789 1738 5842 adeo
1771 5806 1919 5856 usque

282 5852 586 5914 άιιιὶίιέιλιιι.
613 5855 749 5898 Ferte
774 5847 1067 5911 legendum:
1102 5858 1189 5900 ,tttt
1212 5847 1463 5914 numquid,
1482 5862 1585 5917 etc.

658 5957 925 6016 ΡΑτιιοι..
961 5956 1014 6015 Χ
1030 5954 1096 6014 Ll
1112 5955 1183 6011 ν.

2030 5602 2361 5671 propositum
2417 5605 2611 5669 vocati,
2670 5606 2759 5677 qui
2806 5608 2961 5665 electi
3008 5623 3133 5669 ante
3181 5619 3614 5675 constitutionem

2254 5823 2329 5866 Er.
2358 5827 2408 5868 ει
2433 5820 2649 5872 nonnulli
2675 5822 2879 5874 ecallic.
2905 5832 3010 5877 Uss.
3054 5828 3133 5879 hic
3178 5839 3230 5881 et
3263 5830 3384 5880 infra
3402 5866 3416 5891 ,
3450 5843 3616 5895 coepe.

2025 5881 2213 5927 rttttlttr.

2927 5977 3332 6053 {Dt'1~neu[.,'
