4088 6534
487 375 594 431 587

492 488 692 543 mundi.
718 485 793 542 De
814 486 915 541 hoc
941 485 1212 556 proposito
1240 485 1331 538 Dei
1357 483 1556 537 dictum
1580 491 1662 535 est
1684 493 1736 535 et
1755 482 1903 546 illud,
1933 482 2072 552 quod

488 574 595 643 jam
619 569 1030 626 commemoravi
1056 568 1124 623 de
1168 568 1392 638 geminis
1416 568 1554 620 Esau
1598 575 1651 620 et
1677 565 1862 630 Jzicob,
1901 564 1964 619 Ut
1994 583 2072 619 se-

491 664 713 718 cundum
741 663 1028 717 electionem
1069 660 1383 727 propositum
1431 656 1522 710 Dei
1575 666 1815 714 moneret.
1868 672 1968 708 non
2014 672 2077 709 ea:

495 758 749 827 operibus,
781 757 869 809 sed
888 771 950 808 ex
971 764 1176 807 vocante
1198 752 1387 806 dictum
1408 750 1657 816 est,‘Quia
1700 752 1865 819 major
1902 752 2075 805 serviet

400 882 405 887 ε
495 848 681 901 minori
707 845 885 917 (llam.
914 862 986 907 ix,
1020 846 1201 914 11-15)
1245 844 1356 898 lloc
1392 846 1719 913 propositum
1755 842 1848 896 Dei
1892 853 1949 897 et
1985 843 2076 897 illo

499 949 950 994 commemoratur
982 938 1118 999 loco.
1137 938 1222 992 ubi
1240 937 1305 990 ad
1327 935 1666 991 Timotheum
1694 935 1935 988 scribens
1965 934 2071 988 ait:

463 1030 763 1090 -l30llabora
790 1030 1067 1101 Evangelia
1095 1030 1371 1084 secundum
1392 1029 1618 1082 virtutem
1650 1025 1762 1089 Dei.
1793 1028 1954 1081 salvos
1985 1043 2076 1080 nos

497 1123 747 1195 facientis,
779 1132 826 1176 et
853 1121 1074 1175 vocantis
1101 1118 1359 1175 vocatione
1385 1135 1478 1173 sua
1500 1128 1695 1184 sancta,
1749 1135 1850 1171 non
1893 1134 2076 1172 secun-

492 1216 611 1267 dum
640 1228 792 1285 opera
818 1224 1008 1278 nostra,
1037 1210 1124 1266 scd
1171 1213 1445 1265 secundum
1491 1227 1639 1264 suum
1688 1210 2007 1279 propositum
2031 1218 2078 1263 et

487 1306 731 1377 gratiam,
759 1320 872 1374 quia
895 1302 1015 1355 data
1036 1313 1108 1356 est
1131 1302 1273 1355 nobis
1298 1301 1350 1354 in
1380 1300 1579 1355 Christo
1603 1298 1635 1353 ¹Ι
1642 1317 1726 1353 esu
1753 1311 1869 1354 ante
1888 1299 2078 1354 swcula

472 1405 700 1461 veterna,
728 1395 1047 1467 manifestata
1071 1402 1240 1448 autem
1270 1410 1400 1447 nunc
1434 1410 1523 1465 per
1569 1393 1839 1447 adventum
1885 1392 2075 1450 Salva-

496 1486 618 1539 toris
639 1487 799 1539 nostri
825 1484 947 1539 Jcsu
970 1482 1156 1540 Christi
1182 1482 1250 1556 (11
1277 1482 1410 1537 Tim.
1441 1500 1478 1550 ι,
1512 1482 1685 1556 8—10).
1706 1484 1815 1539 lloc
1831 1493 1914 1540 est
1942 1499 2068 1555 ergo

474 1578 823 1649 ‘propositum
875 1578 965 1631 Dei
1019 1577 1158 1631 unde
1211 1575 1404 1630 dicitur
1435 1594 1448 1628 :
1485 1576 1667 1629 Omnia
1703 1586 2001 1647 coeperatur
2027 1578 2080 1632 in

493 1668 677 1722 bonum
701 1667 764 1722 iis
787 1667 873 1739 qui
896 1667 1172 1722 secundum
1198 1667 1510 1737 propositum
1542 1667 1702 1720 vocati
1729 1679 1863 1721 sunt.
1893 1667 2078 1722 Homi-

493 1763 577 1815 nis
602 1770 777 1815 autem
810 1760 1136 1830 prepositum
1166 1760 1359 1814 bonum
1380 1760 1596 1828 adjuvat
1640 1759 1856 1830 quidem
1879 1761 2073 1817 subse-

478 1868 664 1923 quens
691 1854 878 1923 gratia,
916 1851 1010 1907 sed
1055 1867 1156 1907 nec
1207 1852 1378 1921 ipsum
1423 1862 1566 1906 esset
1603 1851 1703 1905 nisi
1750 1851 2078 1920 praecederet

480 1946 682 2017 gratia.
718 1944 963 2002 Studiqu
1017 1960 1231 2016 quoque
1276 1943 1511 1999 hominis
1539 1942 1679 2015 quod
1734 1943 1929 1999 dicitur
1985 1943 2081 1998 bo-

490 2053 643 2106 num,
684 2039 927 2109 quamvis
955 2052 1076 2092 cum
1117 2051 1237 2092 esse
1265 2036 1509 2107 C(chrit,
1557 2035 1839 2105 adjuvetur
1884 2036 2076 2105 gratia,

494 2145 599 2184 non
627 2139 803 2185 tamen
831 2130 1012 2199 incipit
1038 2130 1154 2184 sine
1182 2130 1350 2200 gratia
1382 2147 1395 2182 :
1432 2128 1526 2183 sed
1552 2128 1621 2182 ab
1654 2128 1745 2182 illo
1766 2128 2072 2197 inspiratur,

493 2220 562 2277 de
589 2235 695 2291 quo
717 2219 848 2276 dicit
873 2220 1185 2291 Apostolus,
1219 2217 1422 2273 Gratias
1464 2226 1631 2271 autem
1657 2214 1786 2283 Deo,
1818 2218 1902 2287 qui
1943 2216 2081 2271 dedit

493 2311 627 2365 idem
655 2311 877 2365 studium
904 2327 996 2381 pro
1020 2311 1155 2365 vobis
1184 2310 1236 2363 in
1257 2309 1408 2365 corde
1431 2306 1536 2363 Titi
1576 2307 1641 2381 (ll
1666 2307 1787 2364 Cor.
1818 2325 1928 2374 \‘lll,
1963 2310 2074 2379 16).

494 2403 550 2458 Si
577 2401 811 2457 studium
838 2401 1063 2472 quisque
1089 2409 1149 2465 ut
1175 2415 1270 2469 pro
1305 2400 1423 2454 aliis
1443 2400 1656 2467 habeat,
1689 2399 1827 2454 Deus
1865 2399 1992 2467 dat;
2023 2412 2080 2456 ut

500 2510 596 2566 pro
620 2496 738 2567 ipso
766 2512 823 2551 se
842 2496 1034 2551 habeat
1062 2497 1101 2561 ¹,
1142 2495 1261 2567 quis
1281 2496 1415 2551 alius
1442 2504 1524 2552 est
1552 2495 1815 2552 daturus?

550 2648 584 2681 ’⁸
609 2650 684 2699 Sic
704 2606 974 2709 ωἰωιιι,
997 2653 1047 2699 ut
1068 2658 1226 2712 prose
1245 2645 1350 2712 ipso
1371 2645 1559 2699 habent.

1162 369 1434 427 CON'l’li.\
1477 368 1654 424 ουλε
1697 368 2065 425 EPlSTUL.\S
2103 370 2656 437 PELAGIANURUM,
2686 373 2753 429 ‘S.
2798 372 3163 431 AUGUSTINI

3657 385 3768 437 5&8

2257 484 2345 539 '25.
2378 485 2505 550 Quae
2532 502 2651 539 cum
2695 486 2761 539 ita
2814 486 2939 551 sint,
2969 488 3099 542 nihil
3139 490 3191 543 in
3226 487 3515 561 Scripturis
3565 498 3769 550 sanctis

2187 575 2439 631 lioniinia
2470 576 2693 631 Domino
2739 579 2896 633 video
2918 579 3113 647 iuberi,
3166 591 3385 650 propter
3434 585 3765 653 probandum

2184 670 2407 723 liberum
2435 670 2734 736 arbitrium,
2761 671 2905 742 quod
2932 687 3036 727 non
3088 673 3393 729 inveniatur
3430 676 3514 731 vel
3554 678 3667 732 dari
3697 678 3768 734 ab

2183 759 2300 827 ejus
2333 760 2590 825 bonitate,
2621 761 2702 814 vel
2743 762 2889 831 posci
2935 773 3153 832 promer
3204 763 3527 834 adjutorinm
3580 770 3767 837 gratia:

2126 894 2136 921 ,
2182 851 2656 907 demonstrandum
2688 870 2701 906 :
2733 867 2833 907 nec
2861 852 3080 909 omnino
3106 853 3292 924 incipit
3318 854 3479 910 homo
3516 874 3583 912 ex
3616 859 3761 911 nian

2184 944 2237 997 in
2265 944 2460 998 bonum
2500 960 2593 1013 per
2642 944 2850 999 initium
2899 945 3017 1000 lidei
3058 949 3397 1013 commutari,
3429 949 3528 1003 nisi
3569 949 3671 1004 hoc
3713 952 3767 1003 in

2183 1034 2272 1088 illo
2300 1046 2419 1105 agat
2445 1035 2675 1091 indebita
2703 1046 2755 1091 et
2772 1037 2999 1104 gratuita
3029 1036 3393 1093 misericordia
3417 1039 3530 1094 Dei.
3551 1041 3622 1093 De
3661 1055 3767 1110 qua

2181 1140 2332 1178 suam
2377 1126 2751 1195 cogitationem
2782 1125 3026 1182 recolens
3069 1126 3307 1197 quidam,
3364 1130 3502 1182 sicut
3540 1129 3768 1199 legimus

2183 1215 2236 1270 in
2286 1216 2515 1272 Psalmis
2550 1216 2856 1288 :Numquid
2917 1218 3257 1285 obliviscetur,
3305 1221 3494 1291 inquit,
3541 1221 3772 1275 misereri

2183 1304 2359 1359 Deus?
2382 1315 2471 1359 aut
2505 1307 2771 1361 continebit
2806 1308 2858 1362 in
2888 1308 2965 1363 ira
2990 1326 3083 1363 sua
3133 1311 3471 1367 miserationes
3517 1311 3673 1366 suas.’
3701 1310 3772 1365 Et

2181 1398 2309 1465 dixi,
2339 1396 2392 1452 Ν
2397 1414 2493 1453 unc
2520 1399 2665 1467 arpi,
2694 1398 2808 1455 lucc
2840 1402 3048 1455 mutatio
3076 1402 3293 1457 dexteris
3335 1401 3534 1457 Επειεὶ
3583 1402 3767 1476 (Psal.

2183 1503 2359 1551 uxvr,
2394 1489 2482 1556 10,
2515 1491 2622 1559 11).
2649 1489 2783 1544 Cum
2824 1506 2953 1561 ergo
2980 1492 3225 1558 dixisset,
3279 1493 3434 1547 Nunc
3454 1495 3582 1563 ccepi
3602 1511 3621 1560 ;
3656 1510 3771 1549 non

2181 1577 2275 1641 ait,
2308 1577 2414 1632 lucc
2443 1580 2649 1633 mutatio
2669 1579 2873 1634 arbitrii
2899 1582 3033 1646 inci;
3061 1581 3156 1636 sed
3182 1583 3401 1637 dexterae
3423 1581 3643 1638 Excelsi.
3678 1582 3771 1639 Sic

2183 1669 2359 1738 itaque
2381 1668 2473 1723 Dei
2498 1670 2666 1739 gratia
2692 1671 2976 1740 cogitetur,
3009 1680 3068 1727 ut
3095 1671 3162 1727 ab
3199 1672 3353 1727 initio
3404 1672 3557 1727 bona:
3589 1682 3769 1728 muta-

2184 1758 2343 1812 tionis
2363 1772 2475 1813 sute
2508 1774 2675 1830 usque
2701 1761 2753 1815 in
2781 1762 2940 1816 linem
2959 1763 3433 1818 consummationis
3455 1765 3542 1835 qui
3562 1765 3762 1836 gloria-

2185 1858 2269 1902 tur
2317 1849 2370 1904 in
2410 1849 2635 1905 Domino
2662 1851 2923 1922 glorietur
2968 1853 3034 1925 (ll
3065 1853 3182 1909 Cor.
3220 1854 3575 1930 x,17).Quia
3622 1857 3763 1911 sicut

2185 1955 2343 1995 nemo
2366 1952 2544 2012 potest
2562 1944 2758 1999 bonum
2783 1943 3041 2015 perlicere
3070 1946 3186 2001 sine
3219 1946 3464 2015 Domino,
3494 1947 3572 2002 sic
3598 1962 3762 2002 nemo

2185 2036 2424 2108 incipere
2441 2039 2558 2095 sine
2606 2040 2887 2096 Domino‘.
2919 2039 3026 2096 Sed
3070 2042 3158 2097 hic
3189 2041 3264 2098 sit
3288 2042 3448 2112 hujus
3487 2041 3775 2099 voluminis

2186 2133 2463 2200 terminus,
2493 2141 2551 2188 ut
2575 2134 2799 2205 legentis
2824 2133 3096 2191 reficietur
3120 2134 3348 2190 intentio
3367 2145 3423 2191 et
3445 2134 3510 2191 ad
3539 2149 3771 2206 sequen-

2186 2224 2256 2278 tia
2286 2233 2584 2294 reparetur.

2249 2376 2374 2446 [Sic
2417 2384 2527 2446 mss.
2577 2384 2633 2430 Αι
2678 2378 2827 2446 editl:
2877 2380 2996 2446 Quia
3040 2378 3166 2431 sicut
3212 2391 3351 2446 nemo
3405 2385 3554 2446 potest
3600 2379 3771 2446 beatust

2185 2436 2412 2549 {laocoonta
2455 2438 2560 2494 site
2606 2436 2955 2503 Mamili:
3000 2451 3137 2493 nunc
3181 2436 3416 2507 perﬁcere
3457 2442 3562 2494 sine
3607 2441 3770 2493 Denti-

1510 2923 1986 3033 LIBER
2072 2922 2547 3034 TERTI
2572 2928 2776 3038 US.

540 3114 725 3179 reret
764 3110 983 3162 refutare
1023 3116 1205 3179 ωιεξη
1246 3121 1358 3179 φφ
1399 3104 1696 3179 deum
1734 3118 1765 3179 ξ
1791 3106 2067 3179 releuetis
2096 3104 2146 3179 in.
2191 3105 2365 3179 eadem
2395 3108 2554 3179 ξρίειρ

2555 3106 2601 3176 le
2643 3108 3027 3176 Thessalonicsm
3062 3113 3209 3176 missa
3242 3110 3580 3176 obiectantur;
3619 3123 3773 3176 βινο-

480 3167 684 3242 ,ιιίιιιιιέ
714 3182 884 3242 eoth
1388 3170 1523 3242 quid
1552 3181 1688 3242 _yere
1711 3167 1953 3242 Δ(ςιιιιιιειιιιὶι
1992 3168 2161 3242 dienpt
2194 3167 2261 3218 de
2306 3167 2447 3242 tegis
2488 3171 2884 3242 ιιιιιιιιιῳηηιιίᾳ
2927 3174 2993 3223 (ιθ
3034 3174 3253 3236 “Nam
3293 3167 3474 3242 εσθςω
3504 3167 3770 3242 α’γίηξη,

500 3241 706 3290 doceant
717 3270 733 3297 ,

496 3308 558 3352 et
600 3299 902 3363 perfectione
919 3331 934 3356 ,

768 3234 887 3307 quid
919 3233 984 3284 de
1021 3234 1272 3306 utriusque
1292 3226 1621 3290 “testamenti,
1646 3230 1830 3302 veteris
1860 3241 1916 3278 ac
1947 3232 2057 3278 novi
2090 3226 2445 3293 discrepantia,
2618 3226 2722 3306 .de'
2743 3226 2984 3296 Pr'Ophetai

768 3306 934 3342 noue.
985 3294 1103 3342 quid
1144 3293 1210 3342 de
1269 3293 1454 3342 necati
1497 3292 1548 3342 in
1591 3292 1778 3341 Christo
1815 3287 2172 3342 appellatione.
2228 3302 2339 3340 cum
2384 3292 2437 3341 in
2596 3292 2802 3342 btudine
2855 3297 2984 3342 carni

985 3294 1103 3359 quid
1144 3287 1210 3344 de
1260 3293 1454 3359 peccati
1497 3292 1548 3342 in
1591 3287 1778 3359 chi-isto
1815 3287 2177 3359 appellatione,
2198 3287 2339 3359 _eim
2384 3287 2441 3341 ιιι
2485 3287 2802 3359 similitudine
2832 3287 3016 3346 'carnis
3075 3287 3279 3359 peccati'
3311 3296 3377 3347 de

2633 3234 2699 3282 de
2743 3234 3110 3296 Pfephetarum'
3135 3242 3189 3285 et
3227 3234 3555 3299 Apostolorum
3587 3236 3774 3297 justitia

2633 3293 2802 3344 tudine
2855 3297 3016 3346 carnis
3075 3298 3258 3346 peccati
3311 3296 3377 3346 de
3435 3300 3636 3346 peccato
3691 3297 3773 3345 da-

506 3352 700 3422 mniisse
743 3352 1235 3422 jieaxatmn'dixatur,
1269 3352 1364 3404 'vel
1410 3353 1563 3405 factus
1604 3354 1711 3416 ipse
1754 3359 2039 3415 peccatum;
2092 3352 2213 3416 Quid
2256 3360 2504 3416 postremo
2552 3354 2618 3406 de
2659 3363 3014 3419 υπεαειιιαηιω
3056 3352 3108 3407 ιιι
3141 3358 3302 3409 futura
3342 3352 3452 3411 vita'
3491 3356 3776 3421 implelione

485 3421 832 3487 .jrollteautts'.

1817 3513 2448 3571 W60-

573 3642 796 3701 CAPUI‘
823 3629 1751 3698 PRIMUM.—1.Esordium.Adhuc
1773 3642 1838 3685 ea
1857 3642 2091 3700 sequun-

2172 3630 2407 3700 —peceati,
2447 3632 2580 3686 etde
2605 3642 2808 3702 peccato
2837 3635 3094 3690 damnavit
3136 3650 3396 3707 peccatum
3440 3642 3495 3696 in
3525 3657 3696 3707 ante,
3720 3651 3777 3696 ut

504 3747 591 3793 tur
619 3750 737 3807 qua:
763 3729 1088 3788 calumniose
1128 3725 1285 3782 nobis
1309 3725 1603 3795 objiciunt:
1628 3722 1863 3778 nondum
1882 3735 1945 3777 ea
1968 3735 2091 3792 quae
2184 3724 2390 3795 justitia
2443 3724 2568 3797 legis
2605 3726 2901 3796 impleretur
2936 3729 2990 3782 in
3028 3730 3202 3797 nobis,
3243 3733 3331 3804 qui
3363 3748 3464 3788 non
3505 3735 3777 3789 secundum

506 3826 608 3898 ipsi
646 3825 882 3881 sentiunt
919 3827 1204 3892 pertexere
1233 3815 1513 3887 incipiunt.
1559 3813 1666 3871 Sed
1708 3829 1777 3869 ne
1816 3811 2091 3882 prolixius

509 3916 834 3975 voluminum
878 3911 1195 3978 offenderet,
1242 3909 1360 3964 bzec
1406 3908 1521 3978 ipsa
1570 3920 1692 3976 quae
1736 3903 1993 3974 objiciunt
2035 3904 2089 3958 in

505 4013 643 4068 duos
683 4010 847 4065 libros
875 4003 1055 4078 partiti
1082 4015 1301 4066 sumus;
1331 4012 1561 4070 quorum
1597 3995 1878 4066 superiore
1919 3993 2088 4061 ﬁnito,

487 4100 600 4173 qui
641 4099 803 4156 totius
838 4096 997 4167 hujus
1020 4092 1198 4164 operis
1231 4090 1367 4146 liber
1406 4085 1674 4147 secundus
1700 4095 1804 4151 est,
1837 4084 1964 4140 hinc
1998 4098 2090 4139 or-

496 4193 686 4247 dimur
731 4189 976 4253 alterum,
1018 4184 1075 4240 et
1101 4197 1227 4240 eum
1272 4179 1490 4236 tertium
1533 4177 1706 4248 primo
1749 4175 2092 4245 secundoque

510 4299 525 4331 ι
543 4279 884 4354 onjungimus
898 4313 914 4329 .

583 4371 807 4430 CAPUT
827 4366 1022 4426 lL—S.
1039 4363 1437 4437 Pelagianorum
1451 4359 1723 4424 calumnia,
1737 4358 1801 4413 de
1811 4374 1904 4413 usu
1920 4357 2095 4412 veteris

498 4440 660 4538 tegis.
694 4480 713 4515 ι
742 4460 935 4532 Legem
956 4455 1155 4513 veteris
1175 4450 1500 4510 Testamenti
1520 4465 1621 4505 nos
1649 4467 1668 4502 ι
1693 4449 1840 4505 aiunt
1865 4467 1884 4500 ι
1916 4448 2096 4504 dicere

498 4572 623 4614 -non
645 4554 713 4612 ob
731 4553 833 4609 hoc
852 4550 1031 4607 datam
1048 4538 1232 4612 fuisse,
1248 4554 1305 4601 ut
1320 4541 1637 4615 justiﬁearet
1655 4539 1986 4604 obedientes,
2000 4538 2097 4595 sed

501 4658 577 4703 ut
594 4644 853 4720 gravioris
872 4643 888 4674 ‘
908 4640 1062 4698 ﬁeret
1074 4651 1234 4692 causa
1256 4633 1481 4706 peccati.
1494 4651 1515 4685 ι
1533 4631 1757 4695 Prorsus
1780 4646 1887 4686 non
1909 4629 2098 4685 intelli-

503 4748 651 4810 .guttt
674 4735 802 4809 quid
827 4733 895 4789 de
915 4732 1032 4804 lege
1051 4730 1311 4793 dicamus,
1339 4723 1465 4796 quia
1490 4723 1544 4779 id
1564 4722 1702 4794 quod
1725 4722 1853 4778 dicit
1867 4723 2098 4792 Aposto-

520 4808 599 4886 lus
618 4872 634 4897 ,
657 4808 817 4900 quem
845 4839 950 4881 non
981 4820 1300 4891 intelligunt,
1325 4815 1572 4871 dicimus.
1595 4808 1725 4885 Quis
1758 4814 1898 4869 enim
1933 4812 2092 4877 dicat,
2118 4861 2129 4869 .

509 4938 629 4977 'uon
646 4916 924 4992 iustiﬁcari
944 4928 1037 4971 eos
1057 4911 1145 4982 qui
1168 4918 1293 4967 sunt
1309 4908 1409 4980 legi
1423 4906 1750 4972 obedientes;
1769 4905 1982 4976 quando
1999 4904 2097 4961 nisi

473 5016 477 5021 ’
522 5012 957 5081 jnstiliearentur,
976 5019 1080 5061 non
1103 5011 1319 5073 possent
1338 5012 1458 5054 esse
1477 4996 1812 5052 obedientes?
1836 4995 1942 5050 Sed
1963 4995 2099 5049 dici-

464 5088 478 5122 “
524 5102 780 5172 iurislege
801 5094 935 5165 ﬁeri,
957 5105 1013 5151 ut
1027 5095 1169 5150 Deus
1188 5090 1311 5161 quid
1336 5089 1447 5145 fieri
1465 5088 1610 5151 velit,
1629 5088 1906 5142 audiatur:
1927 5086 2098 5157 gratia

521 5208 647 5248 vero
668 5190 804 5256 fieri,
832 5197 889 5242 ut
906 5187 1010 5254 legi
1038 5183 1336 5241 obediatur.
1362 5179 1485 5234 Non
1508 5180 1642 5234 enim
1670 5179 1929 5234 auditores
1953 5178 2095 5249 legis,

518 5284 596 5338 ait
624 5279 929 5354 Apostolus,
943 5277 1073 5351 justi
1097 5283 1215 5330 sunt
1252 5273 1393 5344 apud
1416 5270 1603 5336 Deum,
1628 5271 1714 5325 sed
1738 5274 1953 5340 {actores
1977 5270 2099 5340 legis

522 5371 928 5442 iustiﬁcabuntur
944 5366 1118 5443 (Rom.
1141 5381 1199 5429 ιι,
1236 5364 1305 5420 13
1325 5370 1362 5435 ).
1386 5362 1496 5418 Lex
1518 5377 1645 5431 ergo
1666 5360 1935 5416 auditores
1950 5360 2101 5431 justi-

504 5468 609 5519 .tiae
644 5462 788 5528 facit,
810 5460 977 5533 gratia
1021 5456 1270 5514 factores.
1307 5454 1456 5520 Quod
1484 5454 1617 5507 enim
1649 5452 1957 5523 impossibile
1994 5462 2101 5505 erat

507 5556 705 5627 (legis',
734 5553 808 5606 ait
858 5550 998 5605 idem
1050 5547 1342 5618 apostolus,
1362 5547 1415 5598 in
1456 5560 1555 5616 quo
1612 5542 1965 5612 inﬁrmabatur
2013 5558 2103 5612 per

520 5660 744 5709 carnem,
768 5641 898 5695 misit
927 5639 1061 5693 Deus
1097 5636 1146 5692 F
1146 5637 1289 5691 ilium
1318 5651 1465 5688 suum
1492 5635 1547 5688 in
1574 5634 1904 5688 similitudine
1935 5634 2102 5687 carnis

587 5781 603 5809 ⁸
629 5776 750 5824 miti
782 5779 1088 5833 constanter,
1120 5768 1344 5833 gravior.
1363 5768 1692 5833 mstigantun
1712 5777 1740 5812 a
1780 5773 1882 5813 MSS.

586 5841 607 5871 ι
630 5838 768 5895 aliti,
793 5832 885 5897 legi
900 5847 916 5896 ;
946 5848 1000 5882 ac
1026 5826 1166 5896 paulo
1191 5840 1313 5895 post,
1355 5828 1402 5880 in
1443 5826 1821 5880 similitudinem.
1852 5834 1905 5875 Al.
1927 5836 2101 5875 omnes

2194 3832 2397 3871 carnem
2420 3818 2755 3884 ambulamus,
2781 3820 2873 3874 sed
2908 3822 3188 3877 secundum
3215 3826 3447 3894 spiritum
3472 3825 3645 3899 (Rom.
3665 3843 3775 3895 vni,

2195 3906 2384 3978 5,.4).
2413 3909 2552 3965 Ecce
2592 3910 2736 3979 quod
2764 3910 3027 3968 dicimus:
3052 3925 3204 3969 orent
3240 3925 3297 3970 ut
3319 3919 3602 3989 aliquando
3630 3921 3779 3975 intel-

2197 3995 2380 4067 ligant,
2411 4013 2518 4053 non
2549 3998 2781 4070 litigent,
2807 4010 2864 4055 ut
2882 4016 3152 4073 nunquam
3184 4004 3498 4078 intelligant.
3523 4009 3776 4080 impossi-

2196 4086 2303 4143 bile
2329 4096 2413 4143 est
2431 4089 2575 4144 enim
2598 4089 2771 4160 legem
2798 4090 2990 4163 impler
3041 4108 3140 4163 per
3166 4101 3404 4165 carnem,
3429 4099 3528 4155 hoc
3555 4109 3656 4165 est,
3684 4114 3779 4169 per

2196 4181 2468 4237 carnalem
2524 4184 3024 4252 praesumptionem,
3064 4202 3167 4256 qua
3220 4192 3433 4258 superbi
3475 4193 3777 4269 iguoryitcs

2199 4270 2293 4327 Dei
2336 4272 2617 4342 justitiam,
2646 4273 2699 4329 id
2724 4282 2825 4340 est,
2855 4289 2977 4353 quae
3021 4291 3088 4331 ex
3124 4277 3337 4335 Deoest
3370 4282 3570 4337 homini
3614 4294 3671 4337 ut
3709 4284 3779 4337 sit

2192 4361 2388 4432 justus,
2438 4372 2493 4418 et
2543 4377 2695 4418 suam
2734 4364 2976 4420 volentes
3016 4368 3364 4437 constituere,
3395 4380 3640 4443 tanquam
3686 4386 3781 4442 per

2197 4466 2381 4510 eorum
2424 4467 2535 4509 non
2573 4454 2813 4525 adiutum
2855 4456 3108 4515 divinitus
3157 4460 3435 4518 arbitrium
3482 4465 3568 4520 lex
3610 4464 3781 4536 possit

2199 4544 2428 4614 impleri,
2463 4544 2683 4615 iustitia
2724 4548 2817 4604 Dei
2862 4562 2971 4605 non
3011 4560 3136 4605 sunt
3171 4553 3397 4624 subjecti
3440 4555 3548 4628 (Id.
3581 4574 3647 4621 ι,
3672 4558 3705 4612 5
3729 4559 3776 4629 ).

2199 4634 2325 4691 Ideo
2350 4634 2554 4706 justitia
2579 4637 2712 4708 legis
2732 4639 2790 4693 in
2813 4640 2893 4695 eis
2929 4640 3197 4711 impletur,
3223 4646 3312 4715 qui
3352 4661 3457 4701 non
3486 4651 3775 4706 secundum

2199 4743 2416 4785 carnem
2460 4732 2756 4802 ambulant,
2783 4734 2838 4790 id
2872 4745 2975 4805 est,
3007 4739 3300 4795 secundum
3333 4740 3598 4799 hominem
3639 4745 3782 4817 igno-

2201 4831 2407 4878 rantem
2448 4822 2543 4878 Dei
2572 4824 2831 4895 justitiam
2860 4836 2916 4882 et
2934 4842 3084 4883 suam
3122 4831 3388 4888 volentem
3430 4836 3777 4904 constituere,

2200 4911 2293 4967 sed
2315 4913 2584 4969 ambulant
2601 4917 2891 4972 secundum
2912 4919 3178 4989 spiritum.
3198 4921 3327 4990 Quis
3346 4931 3528 4991 autem
3542 4929 3776 4983 ambulat

2201 5003 2490 5058 secundum
2519 5005 2783 5073 spiritum,
2808 5009 2908 5062 nisi
2932 5010 3170 5080 quisquis
3196 5014 3369 5084 agitur
3389 5015 3405 5047 ¹
3433 5015 3529 5071 Dei
3555 5019 3779 5087 spiritu?

2202 5092 2458 5165 Quotquot
2477 5094 2608 5148 enim
2629 5093 2725 5150 Dei
2743 5097 2923 5168 spiritu
2944 5111 3187 5170 aguntur,
3215 5103 3269 5157 lii
3295 5104 3393 5171 ﬁlii
3415 5117 3533 5161 sunt
3552 5106 3649 5163 Dei
3661 5107 3777 5179 (Id.

2202 5199 2314 5246 \un,
2358 5185 2422 5239 1.5
2451 5186 2491 5256 ).
2527 5185 2671 5257 Ergo
2708 5188 2873 5242 littera
2902 5191 3104 5257 occidit,
3138 5194 3344 5264 spiritus
3377 5208 3545 5252 autem
3566 5200 3782 5270 viviﬁcat

2202 5274 2273 5345 (ll
2291 5274 2409 5330 Cor.
2440 5292 2527 5341 ut,
2558 5275 2592 5331 6
2617 5276 2785 5349 ).Nee
2825 5279 2998 5339 littera
3044 5283 3240 5338 malum
3276 5297 3376 5352 est,
3395 5289 3515 5359 quia
3549 5292 3777 5347 occidit:

2202 5364 2297 5420 sed
2320 5366 2489 5421 malos
2517 5368 2953 5435 prmvaricatione
2973 5374 3263 5429 convincit.
3288 5375 3398 5431 Lex
3414 5380 3556 5433 enim
3584 5391 3775 5445 sancta,

2204 5467 2251 5511 et
2294 5457 2587 5511 niandatum
2625 5469 2853 5513 sanctum
2887 5472 2934 5513 et
2959 5463 3157 5530 justum
3182 5478 3228 5519 et
3249 5466 3453 5521 bonum.
3479 5470 3626 5536 Quod
3664 5488 3776 5542 ergo

2182 5552 2389 5604 bonum
2432 5562 2526 5615 est,
2580 5552 2766 5622 inquit,
2798 5553 2922 5606 milii
2955 5558 3142 5626 factum
3185 5569 3254 5612 est
3299 5562 3474 5616 mors?
3506 5564 3786 5617 Absitned

2207 5710 2332 5774 ωδε..
2363 5700 2512 5774 legis):
2535 5703 2678 5774 enin
2700 5702 3015 5758 similitudine
3039 5711 3211 5772 :juxta
3235 5724 3466 5774 gnecum,
3491 5720 3570 5765 ton
3591 5726 3778 5774 nomen,

2209 5773 2276 5821 et,
2293 5776 2353 5812 ett
2369 5763 2649 5813 ontoiomati.

2274 5830 2287 5857 ι
2316 5824 2533 5875 callieam
2558 5833 2683 5887 Mss,
2709 5826 2938 5878 ambulat.
