4088 6534
328 385 438 440 58-3
468 410 473 415 ·

329 504 587 567 peccatum
630 503 681 549 ut
707 500 950 563 appareat
985 498 1263 559 peccatum,
1294 502 1378 573 per
1427 486 1608 539 bonum
1641 484 1760 536 mihi
1781 498 1905 551 ope-

326 597 493 640 ratum
520 595 591 640 est
632 594 861 645 mortem,
911 590 963 634 ut
999 578 1086 649 fiat
1109 592 1265 649 supra
1309 577 1511 631 modum
1554 585 1785 646 peccator
1821 581 1910 626 aut

331 685 589 747 peccatum
626 675 644 705 ⁸
676 688 765 744 per
818 671 1112 725 mandatum
1161 666 1339 739 (Rom.
1379 682 1473 732 vu,
1500 666 1586 728 12,
1614 666 1680 720 15
1701 664 1743 736 ).
1774 663 1912 718 Ecce

328 765 455 836 quid
491 773 594 829 est,
624 762 812 817 Littera
837 761 1039 815 occidit.
1065 760 1278 813 Aculeus
1317 759 1460 813 enim
1490 757 1663 809 mortis
1692 764 1762 809 est
1791 769 1911 824 pec-

329 866 535 919 catum;
564 855 718 908 uirtus
748 862 915 906 autem
945 850 1157 920 peccati,
1187 854 1267 903 lea:
1292 847 1336 917 (ἰ
1357 846 1474 905 Cor.
1500 860 1586 911 xv,
1607 845 1720 918 56).
1743 846 1915 917 Auget

330 948 527 1019 quippe
563 931 902 1015 prohibendo
921 944 1122 1012 peccati
1149 941 1432 1006 desideria,
1461 949 1516 994 et
1539 939 1663 994 inde
1696 937 1911 1005 occidit,

333 1040 434 1096 nisi
465 1036 827 1093 subveniendo
854 1036 1082 1090 viviﬁcet
1107 1035 1295 1104 gratia.

405 1131 458 1186 5.
492 1131 628 1186 Ecce
657 1129 796 1199 quod
824 1128 1081 1183 dicimus:
1111 1140 1237 1181 ecce
1280 1123 1425 1180 unde
1451 1122 1606 1179 nobis
1633 1119 1910 1193 objiciunt,

333 1222 475 1295 quod
509 1222 616 1276 «sic
658 1221 823 1289 legem
860 1237 877 1270 ι
905 1218 1145 1274 dicamus
1183 1216 1413 1279 «datam,
1455 1226 1512 1269 ut
1552 1214 1810 1286 gravioris
1846 1214 1915 1268 sit

334 1330 492 1368 causa
529 1312 764 1381 peccati:
798 1330 816 1363 ι
840 1326 943 1363 non
972 1317 1248 1364 audientes
1274 1306 1587 1377 Apostolum
1626 1304 1914 1372 dicentem,

337 1401 444 1459 Lex
485 1404 617 1457 enim
663 1406 792 1455 iram
824 1408 1102 1471 operatur;
1140 1397 1224 1452 ubi
1261 1398 1393 1452 enim
1429 1412 1529 1451 non
1565 1404 1637 1450 est
1680 1397 1794 1460 lex,
1825 1409 1917 1449 nec

338 1493 685 1564 prwrariCatio
727 1490 918 1562 (Rom.
953 1505 1026 1556 tv,
1051 1489 1190 1560 15);
1239 1499 1313 1555 et,
1358 1486 1467 1542 Lac
1491 1486 1917 1558 prtevaricatiortis

336 1584 502 1657 gratia
541 1583 704 1654 posita
724 1592 795 1636 est
809 1583 852 1648 ',
883 1582 1041 1634 donec
1077 1579 1262 1633 vestiret
1286 1594 1452 1632 semen
1481 1577 1563 1631 cui
1610 1573 1915 1647 promissum

337 1686 434 1741 est;
460 1684 533 1739 et,
568 1674 630 1730 Si
662 1674 783 1727 data
810 1682 933 1727 esset
970 1672 1053 1726 lea:
1076 1686 1189 1743 quae
1217 1679 1382 1742 posset
1409 1669 1679 1733 uiui/icore,
1710 1667 1914 1722 omnino

335 1781 402 1819 es
428 1765 536 1835 lege
560 1774 684 1818 esset
694 1762 895 1833 justitia
921 1776 941 1816 :
960 1759 1049 1816 sed
1073 1759 1315 1815 conclusit
1340 1756 1608 1829 Scriptura
1641 1756 1809 1811 omnia
1827 1752 1919 1810 sub

340 1866 563 1928 peccato,
591 1866 645 1908 ut
678 1853 942 1925 promissio
982 1866 1044 1907 ea:
1076 1850 1178 1920 ﬁde
1199 1849 1324 1905 Jesu
1365 1847 1551 1903 Christi
1577 1846 1785 1901 daretur
1809 1862 1920 1902 crs-

340 1947 572 2002 deutibus
600 1943 792 2016 (Galal.
817 1959 895 2007 ιιι,
920 1942 1010 2006 19.
1035 1941 1127 2009 Si,
1147 1940 1272 2016 22).
1303 1941 1439 1996 Hinc
1477 1944 1559 1995 est
1599 1938 1741 2010 quod
1765 1946 1921 1995 vetus

341 2038 737 2093 'l’eSIamentum
762 2050 827 2090 ex
850 2045 1033 2091 monte
1057 2033 1206 2099 Sina,
1229 2031 1317 2087 ubi
1343 2032 1430 2108 lex
1449 2032 1572 2086 data
1592 2040 1693 2096 est,
1718 2028 1774 2085 in
1808 2041 1922 2086 ser-

340 2128 561 2183 vitutem
582 2124 839 2197 generat’
857 2165 873 2193 ,
902 2124 1044 2193 quod
1068 2133 1153 2181 est
1179 2124 1341 2194 Agar.
1374 2120 1486 2177 Nos
1510 2132 1700 2189 autem,
1728 2120 1918 2193 inquit,

342 2233 445 2272 non
470 2231 641 2272 sumus
668 2213 874 2270 ancilla:
890 2215 1007 2285 ﬁlii,
1025 2214 1114 2270 sed
1133 2212 1308 2277 liberti
1321 2210 1435 2284 (Id.
1456 2228 1535 2279 IV,
1551 2211 1644 2277 ει,
1661 2212 1723 2267 51
1741 2210 1784 2284 ).
1804 2210 1923 2268 Non

343 2316 466 2362 sunt
494 2308 670 2377 itaque
694 2306 875 2362 libera:
905 2304 1021 2369 ﬁlii,
1044 2304 1136 2375 qui
1164 2304 1335 2375 legem
1361 2311 1681 2376 acceperunt
1706 2302 1920 2370 litterae,

343 2413 448 2470 qua
473 2407 690 2467 possent
717 2413 824 2451 non
852 2396 1023 2451 solum
1049 2403 1375 2466 peccatores,
1399 2408 1583 2449 verum
1603 2394 1761 2448 etiam
1788 2404 1925 2463 pra-

344 2488 665 2543 varicatores
685 2487 903 2556 insuper
918 2484 1292 2549 demonstrari;
1313 2483 1409 2539 sed
1426 2482 1516 2554 qui
1538 2481 1781 2554 spiritum
1798 2478 1923 2552 gn.

345 2578 455 2644 tite,
470 2591 579 2649 quo
591 2577 673 2632 lex
703 2576 815 2646 ipsa
836 2584 1018 2631 saticta
1040 2583 1095 2630 et
1113 2574 1258 2645 justa
1271 2582 1327 2630 et
1345 2575 1483 2630 bona
1508 2571 1675 2644 possit
1690 2572 1920 2643 impleri.

345 2668 488 2724 Ecce
530 2665 692 2737 quod
717 2663 989 2722 dicimus':
1013 2664 1311 2729 intendant,
1339 2676 1395 2720 et
1428 2678 1538 2720 non
1576 2662 1921 2727 contendant;

345 2758 727 2823 illuminentur,
751 2763 807 2813 et
833 2771 940 2813 non
962 2755 1377 2812 calumnientur.

416 2846 643 2907 CAPUT
680 2847 770 2904 ill.
810 2875 887 2891 —-
924 2848 983 2903 4.
1023 2846 1294 2903 Calumnia
1331 2845 1396 2901 de
1438 2844 1617 2914 electa
1654 2844 1922 2919 Baptistni.

349 2943 661 3015 «Baptisms
705 2956 955 3013 quoque,
991 2958 1012 2994 ι
1058 2941 1339 3011 inquiunt,
1371 2955 1392 2992 ι
1427 2954 1534 2994 non
1578 2950 1706 2994 vere
1751 2937 1927 2993 homi-

347 3048 444 3091 nes
472 3046 640 3089 novos
668 3031 845 3088 facere
883 3040 1147 3097 asserunt,
1177 3030 1358 3095 id’est,
1403 3044 1510 3087 non
1550 3029 1759 3098 plenam
1797 3029 1926 3084 dare

345 3124 717 3183 remissionem
739 3130 1100 3194 peccatorum;
1121 3120 1216 3180 sed
1235 3136 1298 3179 es
1328 3130 1481 3192 parte
1506 3120 1644 3177 ﬁlios
1669 3120 1762 3176 Dei
1787 3120 1924 3189 ﬁeri,

345 3230 413 3272 es
432 3224 584 3288 parte
605 3222 782 3271 autem
806 3214 943 3270 ﬁlios
964 3214 1166 3281 saeculi,
1194 3213 1249 3269 id
1272 3221 1377 3283 est,
1398 3212 1616 3281 diaboli,
1646 3228 1927 3269 remanere

345 3306 691 3363 contendunt.
716 3323 737 3358 ι
757 3304 1100 3374 Mentiuntur,
1117 3304 1455 3373 insidiantur,
1478 3304 1924 3375 tergiversantur:

347 3412 455 3455 non
485 3398 587 3455 hoe
620 3396 866 3454 dicimus.
894 3397 1093 3454 Omnes
1126 3397 1268 3453 enim
1294 3397 1539 3452 homines
1562 3397 1653 3468 qui
1680 3388 1803 3452 sunt
1833 3394 1926 3452 ﬁlii

346 3490 564 3556 diaboli,
585 3491 747 3546 etiam
788 3490 927 3545 ﬁlios
954 3490 1157 3556 saeculi;
1187 3505 1294 3545 non
1332 3499 1509 3546 autem
1552 3504 1741 3547 omnes
1790 3489 1927 3547 ﬁlios

348 3583 528 3640 σπαιιί
549 3583 710 3639 etiam
734 3582 874 3638 ﬁlios
896 3582 1091 3639 diaboli
1114 3582 1359 3638 dicimus.
1382 3582 1534 3639 Absit
1556 3582 1698 3639 enim
1718 3591 1777 3639 ut
1790 3583 1929 3640 ﬁlios

312 3698 323 3701 -
352 3672 553 3730 diaboli
569 3673 809 3730 dicamus.
823 3672 986 3729 fuisse
1004 3684 1217 3729 sanctos
1231 3685 1431 3745 patres,
1448 3672 1740 3741 Abraham,
1756 3674 1926 3742 lsaac,

316 3808 319 3811 ρ
350 3762 608 3832 etJacob,
632 3774 689 3822 et
724 3766 859 3821 alios
895 3764 1448 3837 huiusmodi,quando
1480 3782 1575 3837 per
1603 3768 1813 3838 nuptias
1838 3782 1930 3840 ge-

350 3856 633 3923 nerabant,
659 3864 714 3912 et
749 3870 844 3913 eos
875 3856 1057 3912 ﬁdeles
1089 3856 1178 3927 qui
1219 3872 1388 3928 usque
1429 3871 1570 3914 nunc
1594 3866 1648 3914 et
1680 3857 1931 3931 deinceps

352 3944 528 4001 adhuc
568 3952 845 4016 generant.
875 3944 987 4002 Nec
1017 3955 1192 4001 tamen
1229 3961 1511 4016 possumus
1539 3947 1764 4005 Domino
1797 3964 1930 4005 con-

355 4037 613 4092 indicere
622 4036 843 4105 dicenti,
862 4036 985 4092 Filii
1000 4037 1170 4092 saeculi
1185 4039 1339 4108 hujus
1349 4037 1562 4103 nubunt,
1579 4047 1628 4094 et
1643 4039 1851 4094 tradunt
1864 4041 1932 4095 ad

354 4127 559 4200 nuptias
585 4123 740 4199 (Luc.
770 4141 862 4191 xx,
889 4126 1001 4199 δι).
1032 4126 1261 4194 Quidam
1289 4136 1419 4199 ergo
1444 4127 1540 4183 ﬁlii
1563 4129 1744 4185 saeculi
1772 4128 1931 4200 hujus

355 4226 501 4285 sunt,
514 4227 571 4274 et
584 4227 759 4274 tamen
779 4218 871 4273 ﬁlii
889 4216 1083 4274 diaboli
1110 4232 1217 4273 non
1234 4227 1380 4273 sunt.
1395 4218 1649 4287 Quamvis
1661 4218 1802 4275 enim
1819 4218 1933 4277 dia-

357 4306 511 4363 bolus
533 4307 604 4362 sit
620 4314 808 4362 auctor
831 4317 886 4362 et
909 4308 1158 4378 princeps
1179 4307 1415 4362 omnium
1443 4317 1801 4379 peccatorum;
1825 4324 1933 4366 non

357 4406 535 4453 tamen
562 4397 700 4453 ﬁlios
722 4397 917 4453 diaboli
943 4398 1141 4453 iaciunt
1166 4408 1515 4468 qumcumque
1540 4406 1774 4469 peccata.
1800 4394 1934 4456 Pec-

357 4497 482 4545 cant
497 4490 640 4545 enim
663 4498 723 4546 et
740 4490 830 4545 ﬁlii
850 4490 961 4554 Dei,
976 4489 1227 4560 quoniam
1242 4491 1286 4546 si
1298 4488 1533 4545 dixerint
1547 4506 1605 4547 se
1618 4506 1723 4546 non
1740 4488 1935 4548 habere

360 4588 652 4651 peccamm,
672 4595 732 4637 se
757 4581 901 4651 ipsos
924 4581 1205 4648 “duasut,
1230 4590 1284 4636 et
1311 4580 1507 4637 veritas
1531 4582 1585 4638 in
1614 4583 1692 4639 eis
1721 4597 1826 4639 non
1855 4594 1937 4639 cst

359 4673 405 4745 (l
426 4672 583 4729 Joan.
604 4690 641 4738 ι,
662 4674 739 4746 8).
767 4674 874 4731 Sed
898 4688 961 4731 ea
976 4674 1280 4731 conditione
1304 4684 1544 4744 peccant,
1570 4690 1672 4746 qua
1692 4687 1816 4731 sunt
1842 4675 1935 4732 ﬁlii

357 4764 535 4820 adhuc
550 4758 708 4835 hujus
727 4765 913 4820 smculi
934 4780 1066 4835 :qua
1084 4779 1213 4819 vero
1234 4765 1403 4835 gratia
1426 4773 1553 4821 sunt
1582 4765 1672 4820 lilii
1696 4766 1811 4834 Dei,
1831 4782 1935 4821 non

358 4857 542 4927 utique
571 4866 809 4927 peccant;
837 4858 960 4928 quia
989 4857 1167 4911 omnis
1184 4856 1276 4927 qui
1304 4864 1459 4911 natus
1477 4865 1561 4913 est
1585 4868 1651 4913 ex
1685 4858 1814 4922 Deo,
1833 4874 1937 4913 non

358 4958 547 5016 meat
586 4948 709 5021 (Id.
738 4965 820 5017 tu,
846 4950 918 5023 9)
951 4990 967 5003 .
993 4950 1159 5006 Filios
1204 4958 1383 5006 autem
1426 4950 1619 5006 diaboli
1663 4948 1941 5008 inﬁdelitas

381 5040 509 5108 acit,
537 5041 677 5111 quod
704 5050 978 5112 peccatum
1010 5042 1224 5112 proprie
1258 5039 1281 5065 λ
1307 5051 1558 5107 vocatur,
1593 5043 1741 5114 quasi
1769 5045 1937 5100 solum

390 5131 448 5195 it,
478 5130 648 5187 sinon
673 5133 1002 5203 exprimatur
1015 5133 1169 5203 quale
1188 5141 1470 5204 peccatum
1515 5133 1604 5190 sit.
1632 5133 1941 5206 SicutApo-

391 5221 535 5277 talus
558 5236 681 5281 eum
705 5223 918 5287 dicitur,
936 5222 982 5278 si
1013 5238 1117 5279 non
1148 5224 1480 5295 exprimatur
1513 5225 1633 5295 quis
1651 5227 1941 5296 apostolus,

385 5328 472 5368 που
517 5313 829 5386 intelligitur
872 5316 973 5371 nisi
998 5316 1189 5371 Paulus
1218 5333 1239 5372 :
1262 5316 1382 5387 quia
1408 5317 1648 5387 pluribus
1689 5327 1772 5375 est
1822 5319 1945 5392 Epi-

360 5487 535 5595 CJHI:
551 5494 828 5536 constanter
853 5495 955 5537 uss.
984 5494 1038 5538 Αῑ
1056 5489 1191 5550 editi,
1214 5501 1364 5552 supra
1393 5489 1588 5544 modmn
1603 5506 1808 5556 peccans
1831 5508 1943 5560 pec-

735 5614 879 5669 Mss.,
922 5617 1164 5680 proposita
1204 5616 1290 5662 est.
1316 5617 1479 5663 mea
1526 5623 1631 5680 est,
1657 5614 1938 5680 protelethtl.

430 5670 456 5699 ν
470 5666 611 5736 editi,
632 5666 881 5730 generous.
908 5666 1071 5733 a'pti'us
1091 5678 1222 5732 Mss,
1254 5680 1470 5736 generat,
1496 5666 1761 5728 referendo
1778 5666 1838 5727 ad
1865 5666 1944 5728 ve-

369 5730 449 5776 tua
468 5733 844 5778 Testamentum.

432 5788 455 5819 δ
478 5793 541 5838 Ita
560 5788 781 5840 Gallicani
807 5798 858 5842 et
881 5792 1087 5842 \‘atimui
1106 5797 1211 5843 Iss.
1238 5800 1291 5845 At
1315 5794 1448 5857 editi,
1476 5796 1744 5862 proprium.

1681 372 1881 428 usus
1919 369 2230 425 manus.
2328 354 2343 361 ’

2017 481 2167 535 stolis
2192 479 2385 542 notior,
2408 489 2462 533 et
2480 478 2594 549 plus
2614 476 2859 532 onmibus
2890 473 2990 530 illis
3018 473 3276 531 laboravit
3301 476 3342 550 (l
3365 476 3481 534 Cor.
3502 492 3592 541 xv.

2017 570 2128 642 10).
2155 569 2305 626 Unde
2342 566 2482 640 quod
2512 568 2587 622 ait
2616 566 2869 622 Dominus
2907 565 2975 621 de
3012 563 3209 635 Spiritu
3235 576 3444 632 sancto,
3481 566 3600 638 ipse

2015 669 2192 731 arguet
2230 659 2468 714 mundum
2503 658 2569 713 de
2608 667 2831 730 peccato;
2850 656 3216 713 inﬁdelitatem
3251 659 3472 729 intelligi
3506 675 3601 714 vo-

2018 753 2134 809 luit.
2152 753 2262 809 Hoc
2281 753 2422 809 enim
2458 767 2580 808 cum
2601 760 2911 821 caponeret.
2928 752 3025 817 ait,
3055 748 3134 805 De
3154 759 3357 822 peccato
3371 749 3597 822 quidem,

2017 846 2153 917 quod
2193 863 2293 901 non
2331 847 2644 901 crediderunt
2683 846 2737 900 in
2778 860 2855 900 me
2879 842 3059 919 (Joan.
3085 860 3193 910 xvu,
3213 844 3267 909 8,
3297 844 3375 918 9).
3409 845 3475 900 Et
3513 844 3601 899 ubi

2017 936 2112 1001 ait,
2144 934 2204 991 Si
2240 950 2340 991 non
2367 937 2624 1000 uenissem,
2657 946 2702 990 et
2731 935 2928 990 locutus
2967 935 3036 989 eis
3080 935 3310 1005 fuissem,
3342 944 3603 1007 peccatum

2018 1042 2118 1080 non
2140 1027 2376 1081 haberent
2396 1026 2509 1099 (Id.
2539 1025 2772 1097 ξν,22).
2797 1024 2913 1080 Νοη
2942 1025 3086 1081 enim
3130 1035 3405 1095 peccatum
3446 1035 3605 1080 antea

2020 1131 2125 1171 non
2161 1115 2427 1172 habebant
2450 1135 2463 1171 :
2486 1117 2581 1172 scd
2603 1118 2768 1187 ipsum
2801 1116 2966 1171 voluit
2990 1116 3207 1188 intelligi
3233 1116 3603 1184 diﬂideniiam,

2020 1222 2125 1278 qua
2164 1224 2264 1264 nec
2308 1209 2557 1279 prtescnti
2583 1218 2638 1265 et
2668 1210 2903 1285 loquenti
2932 1209 3295 1277 crediderunt,
3329 1212 3605 1281 pertinen-

2022 1307 2100 1354 tes
2129 1300 2194 1354 ad
2217 1316 2337 1355 eum
2364 1300 2430 1355 de
2458 1316 2564 1371 quo
2595 1300 2723 1356 dicit
2752 1302 3057 1373 Apostolus,
3091 1300 3381 1357 Secundum
3411 1302 3606 1373 princi-

2022 1404 2132 1461 pem
2163 1392 2422 1460 potestatis
2454 1391 2603 1457 aeris,
2631 1393 2716 1462 qui
2737 1406 2871 1446 nunc
2892 1402 3137 1462 operatur
3160 1393 3213 1446 in
3235 1394 3357 1464 ﬁliis
3377 1394 3608 1467 cnﬁden-

2021 1478 2106 1533 tiat
2131 1477 2350 1553 (Ephes.
2380 1495 2439 1545 ll,
2461 1481 2550 1551 2).
2579 1481 2719 1552 Ergo
2748 1476 3035 1554 in‘quibus
3070 1499 3174 1537 non
3215 1491 3300 1539 est
3332 1483 3485 1549 ﬁdes,
3511 1482 3606 1540 ﬁlii

2021 1580 2147 1626 sunt
2185 1572 2415 1636 diaboli;
2447 1572 2569 1643 quia
2613 1588 2718 1629 non
2765 1574 2962 1629 habent
3001 1574 3053 1629 in
3098 1576 3353 1631 interiore
3392 1576 3609 1631 homine

2021 1676 2119 1718 cur
2140 1663 2224 1719 eis
2253 1654 2559 1720 dimittatur
2596 1664 2849 1736 quidquid
2888 1664 3122 1722 hominis
3158 1668 3243 1723 vel
3279 1667 3607 1736 inﬁrmitate,

2023 1754 2106 1811 vel
2149 1756 2445 1827 ignorantia
2467 1757 2508 1824 ³,
2540 1756 2624 1813 vel
2669 1758 2893 1815 omnino
2932 1758 3107 1831 aliqua
3142 1760 3279 1815 mala
3335 1762 3610 1817 voluntate

2023 1849 2388 1906 committitur.
2417 1848 2496 1906 liii
2527 1859 2704 1907 autem
2734 1850 2959 1917 ﬁliiDei,
2986 1852 3075 1922 qui
3100 1853 3282 1924 utique
3306 1853 3351 1909 si
3377 1853 3610 1910 dixerint

2024 1951 2084 1993 sc
2112 1953 2217 1993 non
2251 1940 2448 1995 habere
2466 1950 2768 2011 peccatum,
2795 1955 2856 1998 se
2881 1941 3027 2013 ipsos
3050 1941 3344 2014 decipiunt,
3375 1952 3432 2001 et
3463 1945 3608 2001 veri-

2025 2036 2106 2085 tas
2134 2031 2186 2085 in
2222 2029 2302 2087 eis
2330 2040 2569 2101 nonest,
2599 2031 2858 2104 proiecto,
2883 2032 3026 2106 quod
3051 2034 3310 2106 sequitur,
3340 2049 3462 2091 eum
3481 2049 3612 2091 con-

2027 2122 2243 2178 ﬁtentur
2285 2133 2502 2194 peccata
2531 2136 2626 2179 sua
2659 2123 2827 2195 (quod
2870 2126 2961 2181 ﬁlii
2987 2125 3183 2181 diaboli
3231 2141 3339 2182 non
3380 2125 3607 2195 faciunt,

2026 2211 2110 2270 vel
2135 2224 2240 2267 non
2263 2210 2561 2269 secundum
2584 2212 2743 2269 ﬁdem
2766 2229 2886 2284 qum
2911 2213 3140 2271 ﬁliorum
3169 2213 3263 2271 Dei
3294 2219 3508 2288 propria
3528 2229 3610 2274 est

2027 2298 2226 2357 faciunt
2244 2303 2284 2373 ),
2316 2302 2485 2359 ﬁdelis
2509 2312 2595 2359 est
2619 2312 2672 2360 ct
2691 2303 2868 2374 justus
2893 2304 2984 2377 qui
3002 2304 3235 2361 dimittat
3259 2308 3337 2363 eis
3371 2317 3609 2379 peccata,

2026 2400 2082 2450 et
2118 2393 2337 2450 mundet
2375 2410 2470 2451 eos
2509 2396 2579 2451 ab
2615 2396 2761 2451 omni
2790 2396 3067 2468 iniquitate
3103 2396 3159 2469 (l
3185 2396 3343 2454 Joan.
3367 2415 3418 2465 ι,
3446 2399 3503 2468 8,
3528 2399 3612 2471 9).

2027 2483 2098 2542 Ut
2115 2492 2293 2540 autem
2330 2485 2539 2557 plenius
2579 2487 3072 2559 intelligaturquod
3097 2488 3347 2557 dicimus,
3366 2492 3615 2548 audiatur

2028 2575 2142 2645 ipse
2172 2575 2349 2643 Jesus,
2373 2578 2465 2649 qui
2508 2577 2630 2634 ﬁliis
2662 2577 2757 2635 Dei
2793 2578 2979 2650 utique
3016 2577 3357 2650 loquebatur,
3380 2580 3567 2638 dicens
3596 2598 3611 2636 :

2029 2665 2091 2722 Si
2118 2676 2287 2724 autem
2319 2684 2406 2723 uos
2429 2684 2544 2723 cum
2566 2669 2678 2724 sitis
2703 2671 2846 2738 mali,
2875 2674 3033 2727 nostis
3051 2670 3183 2727 bona
3206 2670 3328 2726 data
3353 2675 3477 2730 dare
3492 2675 3616 2746 [iliis

2027 2756 2221 2827 uestris,
2241 2770 2430 2831 quanto
2453 2762 2616 2833 magis
2640 2760 2796 2817 Pater
2814 2772 2993 2830 vester,
3018 2763 3104 2835 qui
3118 2763 3173 2817 in
3198 2763 3337 2820 aclis
3355 2774 3450 2832 est,
3475 2766 3615 2822 dabit

2027 2849 2159 2906 bona
2198 2851 2477 2924 petentibus
2510 2869 2564 2909 se
2593 2854 2616 2926 (
2630 2850 2818 2908 Matth.
2848 2869 2941 2921 vn,
2967 2850 3027 2910 ii
3050 2854 3106 2926 Π
3134 2854 3192 2912 Si
3217 2856 3360 2912 enim
3392 2856 3484 2914 ﬁlii
3512 2857 3609 2916 Dei

2029 2956 2135 2998 non
2166 2951 2366 3011 essent,
2398 2958 2505 3000 non
2529 2944 2608 3002 eis
2641 2945 2864 3013 diceret,
2895 2943 3055 3003 Pater
3086 2956 3247 3004 uester
3276 2949 3364 3018 qui
3389 2950 3443 3006 in
3475 2954 3615 3009 catis

2026 3039 2121 3088 est.
2145 3030 2214 3089 Et
2266 3043 2443 3091 tamen
2478 3050 2573 3092 eos
2614 3037 2788 3093 malos
2834 3052 2955 3095 esse
2987 3036 3141 3108 dicit,
3170 3046 3227 3095 et
3272 3055 3433 3097 nosse
3476 3042 3613 3100 bona

2028 3122 2158 3179 dare
2183 3122 2310 3182 ﬁliis
2346 3125 2477 3181 suis.
2533 3125 2798 3199 Numquid
2829 3127 2953 3185 inde
2997 3129 3146 3198 mali,
3174 3129 3319 3188 unde
3352 3131 3446 3188 ﬁlii
3476 3133 3610 3191 Dei?

2029 3212 2224 3270 Absit:
2259 3215 2354 3271 sed
2399 3215 2524 3273 inde
2557 3217 2707 3284 mali,
2727 3217 2871 3274 unde
2905 3216 3083 3277 adhuc
3121 3219 3213 3277 ﬁlii
3258 3223 3466 3292 saeculi,
3497 3224 3611 3298 jam
3640 3232 3649 3241 ‘

2031 3309 2208 3363 tamen
2236 3303 2333 3359 ﬁlii
2362 3304 2457 3361 Dei
2479 3306 2602 3362 iacti
2627 3306 2847 3378 pignore
2873 3306 3103 3379 Spiritus
3132 3311 3324 3366 sancti.

2101 3394 2156 3450 ὅ.
2195 3395 2498 3466 Baptismus
2525 3396 2684 3468 igitur
2704 3398 2875 3454 abluit
2901 3398 3116 3471 quidem
3156 3412 3373 3472 peccata
3410 3408 3611 3477 omnia,

2030 3496 2251 3557 prorsus
2300 3488 2508 3555 omnia,
2559 3486 2855 3559 factorum,
2895 3490 3190 3561 dictorum,
3237 3496 3611 3568 cogitatorum,

2030 3576 2148 3632 sive
2171 3575 2467 3648 originalia,
2494 3579 2608 3635 sive
2632 3580 2831 3651 addita,
2862 3582 2975 3639 sive
2998 3598 3121 3655 quae
3149 3584 3477 3658 ignoranter,
3497 3591 3615 3648 sive

2031 3682 2152 3741 quae
2175 3671 2407 3727 scienter
2447 3672 2679 3729 admissa
2706 3683 2830 3731 sunt
2859 3693 2876 3731 :
2905 3674 3001 3732 sed
3042 3688 3148 3732 non
3186 3677 3360 3736 aufert
3388 3679 3614 3739 inﬁrmi-

2034 3764 2216 3827 tatem,
2247 3761 2334 3815 cui
2376 3770 2721 3832 regeneratus
2760 3764 2985 3833 resistit,
3016 3766 3227 3838 quando
3264 3768 3460 3826 bonum
3489 3782 3617 3844 ago-

2035 3864 2155 3909 nem
2196 3853 2460 3921 luctatur;
2488 3855 2754 3911 consentit
2793 3863 2995 3922 autem,
3026 3858 3240 3933 quapdo
3279 3861 3417 3917 sicut
3456 3862 3618 3920 homo

2034 3943 2090 3999 in
2110 3944 2290 4015 aliquo
2312 3945 2515 4002 delicto
2528 3956 2929 4021 praeoccupetur
2957 3948 3151 4023 (Galat.
3182 3968 3255 4018 γι,
3290 3952 3374 4028 i);
3401 3963 3618 4027 propter

2035 4034 2165 4090 illud
2190 4035 2429 4107 gaudens
2471 4037 2526 4093 in
2568 4041 2778 4095 actione
2812 4041 3121 4110 gratiarum,
3150 4053 3368 4115 propter
3394 4044 3497 4104 hoc
3523 4063 3618 4105 au-

2037 4133 2143 4183 tem
2193 4138 2415 4198 gemens
2459 4127 2513 4184 in
2562 4130 2877 4201 allegatione
2925 4134 3246 4190 orationum.
3290 4135 3363 4193 ibi
3409 4138 3616 4207 dicens,

2040 4214 2179 4285 Quid
2220 4217 2497 4273 retribuam
2545 4220 2765 4275 Domitio
2813 4237 2907 4293 pro
2959 4224 3189 4279 omnibus
3238 4241 3351 4296 quae
3394 4228 3621 4285 retribuit

2036 4310 2161 4364 mihi
2187 4306 2359 4384 (Psal.
2391 4324 2513 4377 cxv,
2541 4311 2641 4385 3)?
2673 4312 2762 4370 hic
2799 4312 3003 4381 dicens,
3034 4312 3244 4372 Dimitte
3268 4318 3412 4374 nobis
3453 4319 3620 4377 debita

2038 4409 2211 4453 nostra
2237 4399 2455 4470 (Matth.
2480 4415 2556 4467 Vi,
2588 4401 2701 4473 12).
2735 4402 2961 4473 Propter
2986 4404 3117 4462 illud
3158 4406 3362 4476 dicens,
3396 4408 3621 4482 Diligam

2039 4498 2106 4557 te,
2147 4488 2384 4555 Domine,
2411 4492 2568 4547 uirtus
2609 4509 2721 4547 mea
2763 4492 2936 4567 (Psal.
2964 4510 3096 4562 xvu,
3133 4494 3191 4571 2)
3222 4492 3249 4554 τ’
3265 4510 3482 4570 propter
3520 4502 3622 4559 hoc

2038 4578 2240 4646 dicens,
2262 4578 2503 4637 Πῖσα-δη
2520 4584 2637 4649 mei,
2662 4582 2894 4651 Domine,
2912 4586 3032 4657 quia
3053 4586 3289 4656 inﬁrmus
3312 4606 3424 4645 sum
3445 4590 3618 4664 (Psal.

2040 4688 2111 4736 γι,
2132 4672 2213 4742 δ).
2238 4672 2465 4745 Propter
2489 4674 2616 4729 illud
2645 4675 2849 4741 dicens,
2881 4676 3031 4732 Oculi
3058 4679 3156 4733 mei
3188 4696 3386 4752 semper
3409 4682 3480 4736 ad
3506 4673 3619 4737 D‘o-
3698 4722 3708 4731 .

2040 4763 2260 4828 prim:
2291 4766 2532 4835 quoniam
2574 4767 2684 4837 ipse
2728 4766 2901 4823 evellet
2947 4768 3012 4823 de
3061 4770 3239 4842 laqueo
3289 4771 3438 4844 pedes
3485 4784 3620 4831 meos

2046 4853 2216 4926 (Psal.
2244 4868 2395 4923 xxiv,
2434 4856 2570 4927 15):
2615 4864 2837 4928 prepter
2874 4856 2978 4915 hoc
3006 4858 3212 4929 dicens,
3258 4858 3512 4918 Turbatus
3549 4876 3625 4919 est

2044 4960 2151 5015 pra:
2172 4945 2253 4999 ira
2272 4946 2452 5001 oculus
2468 4937 2607 5002 neiis
2622 4946 2792 5019 (Psal.
2815 4963 2948 5015 xxx,
2972 4948 3085 5020 10).
3103 4942 3175 5005 Et
3194 4948 3619 5021 innumerabilia,

2043 5035 2235 5105 quibus
2253 5034 2451 5091 divina:
2475 5035 2688 5093 Litterae
2715 5037 2887 5108 plena:
2916 5048 3059 5104 sunt,
3089 5054 3209 5111 qua
3240 5041 3460 5100 alternis
3489 5045 3624 5103 vici-

2044 5123 2196 5189 hns',
2223 5125 2307 5181 vel
2341 5126 2656 5182 exsultando
2679 5126 2749 5183 de
2790 5127 2884 5184 Dei
2923 5128 3098 5195 bonis,
3126 5130 3209 5187 vel
3252 5134 3530 5192 mmrendo
3557 5132 3625 5195 de

2046 5215 2242 5270 nostris
2284 5216 2457 5281 malis.
2481 5226 2513 5271 a
2542 5216 2665 5274 ﬁliis
2696 5218 2791 5275 Dei
2827 5218 3081 5277 dicuntur
3103 5236 3169 5277 ex
3211 5221 3338 5293 ﬁde,
3372 5227 3624 5297 quamdiu

2045 5303 2218 5360 adhuc
2244 5305 2339 5361 ﬁlii
2379 5316 2503 5362 sunt
2525 5308 2689 5365 etiam
2733 5310 2915 5367 saeculi
2961 5311 3153 5382 hujus'
3179 5328 3278 5387 pro
3314 5316 3438 5373 vita:
3465 5317 3625 5391 hujus

2109 5656 2500 5739 i“ii§§.‘,°&'uenss
2522 5681 2731 5735 vocibus.

2049 5742 2131 5854 es:
2148 5740 2401 5853 [itii
2430 5750 2539 5794 sunt
2559 5743 2703 5795 etiam
2725 5742 2909 5806 stectdi,
2932 5757 3021 5810 pro
3040 5757 3059 5807 ,'
3089 5746 3286 5807 animo.
3309 5742 3470 5807 Iudas,
3492 5743 3621 5806 quod
