  <div class='ocr_page' id='page_1' title='image "/cluster/home/n/w/nwhite01/storage/ocr_20150623/44-45/uc1.31175026792435/303.png"; bbox 0 0 4096 6518; ppageno 0'>
   <div class='ocr_carea' id='block_1_1' title="bbox 512 348 609 401">
    <p class='ocr_par' dir='ltr' id='par_1_1' title="bbox 512 348 609 401">
     <span class='ocr_line' id='line_1_1' title="bbox 512 348 609 401; baseline 0.021 -5"><span class='ocrx_word' id='word_1_1' title='bbox 512 348 609 401; x_wconf 70' lang='lat'><strong>59!</strong></span> 
     </span>
    </p>
   </div>
   <div class='ocr_carea' id='block_1_2' title="bbox 507 452 2088 525">
    <p class='ocr_par' dir='ltr' id='par_1_2' title="bbox 507 452 2088 525">
     <span class='ocr_line' id='line_1_2' title="bbox 507 452 2088 525; baseline -0.004 -15"><span class='ocrx_word' id='word_1_2' title='bbox 507 456 817 517; x_wconf 69' lang='lat' dir='ltr'><strong>inﬁrmitate</strong></span> <span class='ocrx_word' id='word_1_3' title='bbox 845 472 858 508; x_wconf 90' lang='lat'><strong>:</strong></span> <span class='ocrx_word' id='word_1_4' title='bbox 885 468 1021 525; x_wconf 87' lang='lat' dir='ltr'><strong>quos</strong></span> <span class='ocrx_word' id='word_1_5' title='bbox 1063 463 1238 509; x_wconf 89' lang='lat' dir='ltr'><strong>tamen</strong></span> <span class='ocrx_word' id='word_1_6' title='bbox 1279 454 1418 509; x_wconf 88' lang='lat' dir='ltr'><strong>Deus</strong></span> <span class='ocrx_word' id='word_1_7' title='bbox 1442 469 1470 507; x_wconf 90' lang='lat' dir='ltr'><strong>a</strong></span> <span class='ocrx_word' id='word_1_8' title='bbox 1499 453 1620 507; x_wconf 85' lang='lat' dir='ltr'><strong>ﬁliis</strong></span> <span class='ocrx_word' id='word_1_9' title='bbox 1644 452 1839 508; x_wconf 89' lang='lat' dir='ltr'><strong>diaboli</strong></span> <span class='ocrx_word' id='word_1_10' title='bbox 1868 466 1973 506; x_wconf 91' lang='lat' dir='ltr'><strong>non</strong></span> <span class='ocrx_word' id='word_1_11' title='bbox 2003 464 2088 504; x_wconf 89' lang='lat' dir='ltr'><strong>so-</strong></span> 
     </span>
    </p>
   </div>
   <div class='ocr_carea' id='block_1_3' title="bbox 510 536 2094 615">
    <p class='ocr_par' dir='ltr' id='par_1_3' title="bbox 510 536 2094 615">
     <span class='ocr_line' id='line_1_3' title="bbox 510 536 2094 615; baseline -0.006 -13"><span class='ocrx_word' id='word_1_12' title='bbox 510 551 617 603; x_wconf 90' lang='lat' dir='ltr'><strong>lum</strong></span> <span class='ocrx_word' id='word_1_13' title='bbox 646 549 856 603; x_wconf 82' lang='lat' dir='ltr'><strong>lavacro</strong></span> <span class='ocrx_word' id='word_1_14' title='bbox 882 545 1322 615; x_wconf 76' lang='lat' dir='ltr'><strong>regenerationis,</strong></span> <span class='ocrx_word' id='word_1_15' title='bbox 1351 543 1442 598; x_wconf 88' lang='lat' dir='ltr'><strong>sed</strong></span> <span class='ocrx_word' id='word_1_16' title='bbox 1475 544 1639 613; x_wconf 90' lang='lat' dir='ltr'><strong>ipsius</strong></span> <span class='ocrx_word' id='word_1_17' title='bbox 1666 536 1823 596; x_wconf 85' lang='lat' dir='ltr'><strong>etiam</strong></span> <span class='ocrx_word' id='word_1_18' title='bbox 1849 556 1968 611; x_wconf 77' lang='lat' dir='ltr'><strong>quae</strong></span> <span class='ocrx_word' id='word_1_19' title='bbox 1999 554 2094 609; x_wconf 87' lang='lat' dir='ltr'><strong>per</strong></span> 
     </span>
    </p>
   </div>
   <div class='ocr_carea' id='block_1_4' title="bbox 510 629 2091 704">
    <p class='ocr_par' dir='ltr' id='par_1_4' title="bbox 510 629 2091 704">
     <span class='ocr_line' id='line_1_4' title="bbox 510 629 2091 704; baseline -0.006 -12"><span class='ocrx_word' id='word_1_20' title='bbox 510 641 846 694; x_wconf 84' lang='lat' dir='ltr'><strong>dilectionem</strong></span> <span class='ocrx_word' id='word_1_21' title='bbox 894 643 1145 704; x_wconf 90' lang='lat' dir='ltr'><strong>operatur</strong></span> <span class='ocrx_word' id='word_1_22' title='bbox 1196 632 1388 703; x_wconf 86' lang='lat' dir='ltr'><strong>(Galat.</strong></span> <span class='ocrx_word' id='word_1_23' title='bbox 1434 648 1487 699; x_wconf 89' lang='lat' dir='ltr'><strong>v,</strong></span> <span class='ocrx_word' id='word_1_24' title='bbox 1529 631 1605 702; x_wconf 87' lang='grc'><strong>6),</strong></span> <span class='ocrx_word' id='word_1_25' title='bbox 1656 630 1778 686; x_wconf 90' lang='lat' dir='ltr'><strong>ﬁdei</strong></span> <span class='ocrx_word' id='word_1_26' title='bbox 1832 629 2091 699; x_wconf 88' lang='lat' dir='ltr'><strong>probitate</strong></span> 
     </span>
    </p>
   </div>
   <div class='ocr_carea' id='block_1_5' title="bbox 509 721 2091 798">
    <p class='ocr_par' dir='ltr' id='par_1_5' title="bbox 509 721 2091 798">
     <span class='ocr_line' id='line_1_5' title="bbox 509 721 2091 798; baseline -0.006 -15"><span class='ocrx_word' id='word_1_27' title='bbox 509 731 793 792; x_wconf 65' lang='lat' dir='ltr'><strong>tilSCt‘Fllil;</strong></span> <span class='ocrx_word' id='word_1_28' title='bbox 822 728 944 798; x_wconf 84' lang='lat' dir='ltr'><strong>quia</strong></span> <span class='ocrx_word' id='word_1_29' title='bbox 970 727 1142 796; x_wconf 85' lang='lat' dir='ltr'><strong>justus</strong></span> <span class='ocrx_word' id='word_1_30' title='bbox 1170 741 1233 780; x_wconf 78' lang='lat' dir='ltr'><strong>ex</strong></span> <span class='ocrx_word' id='word_1_31' title='bbox 1267 724 1368 779; x_wconf 87' lang='lat' dir='ltr'><strong>ﬁde</strong></span> <span class='ocrx_word' id='word_1_32' title='bbox 1394 724 1522 778; x_wconf 94' lang='lat' dir='ltr'><strong>vivit</strong></span> <span class='ocrx_word' id='word_1_33' title='bbox 1551 722 1725 795; x_wconf 82' lang='lat' dir='ltr'><strong>(Rom.</strong></span> <span class='ocrx_word' id='word_1_34' title='bbox 1756 738 1794 789; x_wconf 81' lang='grc' dir='ltr'>ι,</span> <span class='ocrx_word' id='word_1_35' title='bbox 1822 722 1933 792; x_wconf 79' lang='grc'><strong>17).</strong></span> <span class='ocrx_word' id='word_1_36' title='bbox 1968 721 2091 775; x_wconf 68' lang='grc' dir='ltr'><strong>Ηωο</strong></span> 
     </span>
    </p>
   </div>
   <div class='ocr_carea' id='block_1_6' title="bbox 511 813 2091 886">
    <p class='ocr_par' dir='ltr' id='par_1_6' title="bbox 511 813 2091 886">
     <span class='ocr_line' id='line_1_6' title="bbox 511 813 2091 886; baseline -0.006 -11"><span class='ocrx_word' id='word_1_37' title='bbox 511 834 688 875; x_wconf 74' lang='lat' dir='ltr'><strong>autem</strong></span> <span class='ocrx_word' id='word_1_38' title='bbox 715 819 1042 882; x_wconf 75' lang='lat' dir='ltr'><strong>inﬁrmitas&#39;,</strong></span> <span class='ocrx_word' id='word_1_39' title='bbox 1066 831 1185 870; x_wconf 92' lang='lat' dir='ltr'><strong>cum</strong></span> <span class='ocrx_word' id='word_1_40' title='bbox 1209 832 1309 886; x_wconf 88' lang='lat' dir='ltr'><strong>qua</strong></span> <span class='ocrx_word' id='word_1_41' title='bbox 1335 831 1499 884; x_wconf 88' lang='lat' dir='ltr'><strong>usque</strong></span> <span class='ocrx_word' id='word_1_42' title='bbox 1519 814 1585 869; x_wconf 82' lang='lat' dir='ltr'><strong>ad</strong></span> <span class='ocrx_word' id='word_1_43' title='bbox 1607 813 1845 882; x_wconf 87' lang='lat' dir='ltr'><strong>corporis</strong></span> <span class='ocrx_word' id='word_1_44' title='bbox 1864 818 2091 867; x_wconf 88' lang='lat' dir='ltr'><strong>mortem</strong></span> 
     </span>
    </p>
   </div>
   <div class='ocr_carea' id='block_1_7' title="bbox 510 903 2092 981">
    <p class='ocr_par' dir='ltr' id='par_1_7' title="bbox 510 903 2092 981">
     <span class='ocr_line' id='line_1_7' title="bbox 510 903 2092 981; baseline -0.007 -13"><span class='ocrx_word' id='word_1_45' title='bbox 510 918 715 970; x_wconf 80' lang='lat' dir='ltr'><strong>defectu</strong></span> <span class='ocrx_word' id='word_1_46' title='bbox 765 922 816 967; x_wconf 85' lang='lat' dir='ltr'><strong>et</strong></span> <span class='ocrx_word' id='word_1_47' title='bbox 862 914 1098 981; x_wconf 76' lang='lat' dir='ltr'><strong>proiectu</strong></span> <span class='ocrx_word' id='word_1_48' title='bbox 1141 909 1436 963; x_wconf 71' lang='lat' dir='ltr'><strong>alternante</strong></span> <span class='ocrx_word' id='word_1_49' title='bbox 1465 906 1852 971; x_wconf 89' lang='lat' dir='ltr'><strong>contendimus,</strong></span> <span class='ocrx_word' id='word_1_50' title='bbox 1884 903 2092 974; x_wconf 78' lang='lat' dir='ltr'><strong>magni-</strong></span> 
     </span>
    </p>
   </div>
   <div class='ocr_carea' id='block_1_8' title="bbox 508 997 2091 1077">
    <p class='ocr_par' dir='ltr' id='par_1_8' title="bbox 508 997 2091 1077">
     <span class='ocr_line' id='line_1_8' title="bbox 508 997 2091 1077; baseline -0.005 -16"><span class='ocrx_word' id='word_1_51' title='bbox 508 1025 612 1077; x_wconf 77' lang='lat' dir='ltr'><strong>qm:</strong></span> <span class='ocrx_word' id='word_1_52' title='bbox 653 1004 875 1062; x_wconf 81' lang='lat' dir='ltr'><strong>interest</strong></span> <span class='ocrx_word' id='word_1_53' title='bbox 910 1003 1034 1074; x_wconf 87' lang='lat' dir='ltr'><strong>quid</strong></span> <span class='ocrx_word' id='word_1_54' title='bbox 1064 1002 1237 1056; x_wconf 78' lang='lat' dir='ltr'><strong>vincat</strong></span> <span class='ocrx_word' id='word_1_55' title='bbox 1266 1001 1318 1055; x_wconf 88' lang='lat' dir='ltr'><strong>iu</strong></span> <span class='ocrx_word' id='word_1_56' title='bbox 1347 1001 1520 1065; x_wconf 85' lang='lat' dir='ltr'><strong>nobis,</strong></span> <span class='ocrx_word' id='word_1_57' title='bbox 1562 999 1963 1070; x_wconf 85' lang='lat' dir='ltr'><strong>regeneratione</strong></span> <span class='ocrx_word' id='word_1_58' title='bbox 1988 997 2091 1053; x_wconf 80' lang='lat' dir='ltr'><strong>alia</strong></span> 
     </span>
    </p>
   </div>
   <div class='ocr_carea' id='block_1_9' title="bbox 510 1086 2088 1167">
    <p class='ocr_par' dir='ltr' id='par_1_9' title="bbox 510 1086 2088 1167">
     <span class='ocr_line' id='line_1_9' title="bbox 510 1086 2088 1167; baseline -0.005 -12"><span class='ocrx_word' id='word_1_59' title='bbox 510 1113 888 1165; x_wconf 59' lang='lat' dir='ltr'><strong>consumatur;</strong></span> <span class='ocrx_word' id='word_1_60' title='bbox 930 1098 996 1152; x_wconf 92' lang='lat' dir='ltr'><strong>de</strong></span> <span class='ocrx_word' id='word_1_61' title='bbox 1020 1113 1121 1167; x_wconf 88' lang='lat' dir='ltr'><strong>qua</strong></span> <span class='ocrx_word' id='word_1_62' title='bbox 1153 1099 1403 1151; x_wconf 90' lang='lat' dir='ltr'><strong>Dominus</strong></span> <span class='ocrx_word' id='word_1_63' title='bbox 1428 1095 1575 1162; x_wconf 87' lang='lat' dir='ltr'><strong>dicit,</strong></span> <span class='ocrx_word' id='word_1_64' title='bbox 1605 1086 1674 1149; x_wconf 76' lang='lat' dir='ltr'><strong>In</strong></span> <span class='ocrx_word' id='word_1_65' title='bbox 1696 1092 2088 1165; x_wconf 86' lang='lat' dir='ltr'><strong>regeneratione,</strong></span> 
     </span>
    </p>
   </div>
   <div class='ocr_carea' id='block_1_10' title="bbox 508 1185 2088 1256">
    <p class='ocr_par' dir='ltr' id='par_1_10' title="bbox 508 1185 2088 1256">
     <span class='ocr_line' id='line_1_10' title="bbox 508 1185 2088 1256; baseline -0.007 -8"><span class='ocrx_word' id='word_1_66' title='bbox 508 1211 623 1248; x_wconf 80' lang='lat' dir='ltr'><strong>cum</strong></span> <span class='ocrx_word' id='word_1_67' title='bbox 667 1192 851 1246; x_wconf 85' lang='lat' dir='ltr'><strong>sederit</strong></span> <span class='ocrx_word' id='word_1_68' title='bbox 904 1189 948 1243; x_wconf 84' lang='lat' dir='ltr'><strong><em>F</em></strong></span> <span class='ocrx_word' id='word_1_69' title='bbox 951 1191 1068 1244; x_wconf 87' lang='lat' dir='ltr'><strong>ilius</strong></span> <span class='ocrx_word' id='word_1_70' title='bbox 1118 1190 1333 1242; x_wconf 75' lang='lat' dir='ltr'><strong>hominis</strong></span> <span class='ocrx_word' id='word_1_71' title='bbox 1380 1189 1431 1241; x_wconf 90' lang='lat' dir='ltr'><strong>in</strong></span> <span class='ocrx_word' id='word_1_72' title='bbox 1478 1190 1593 1240; x_wconf 84' lang='lat' dir='ltr'><strong>sede</strong></span> <span class='ocrx_word' id='word_1_73' title='bbox 1641 1185 1919 1256; x_wconf 80' lang='lat' dir='ltr'><strong>majestatis</strong></span> <span class='ocrx_word' id='word_1_74' title='bbox 1961 1199 2088 1249; x_wconf 69' lang='lat' dir='ltr'><strong>suat,</strong></span> 
     </span>
    </p>
   </div>
   <div class='ocr_carea' id='block_1_11' title="bbox 506 1275 2087 1349">
    <p class='ocr_par' dir='ltr' id='par_1_11' title="bbox 506 1275 2087 1349">
     <span class='ocr_line' id='line_1_11' title="bbox 506 1275 2087 1349; baseline -0.006 -12"><span class='ocrx_word' id='word_1_75' title='bbox 506 1284 737 1338; x_wconf 71' lang='lat' dir='ltr'><strong>sedi-bilis</strong></span> <span class='ocrx_word' id='word_1_76' title='bbox 788 1292 834 1334; x_wconf 87' lang='lat' dir='ltr'><strong>et</strong></span> <span class='ocrx_word' id='word_1_77' title='bbox 887 1298 971 1335; x_wconf 76' lang='lat' dir='ltr'><strong>vos</strong></span> <span class='ocrx_word' id='word_1_78' title='bbox 1018 1295 1170 1349; x_wconf 81' lang='lat' dir='ltr'><strong>super</strong></span> <span class='ocrx_word' id='word_1_79' title='bbox 1218 1278 1357 1333; x_wconf 84' lang='lat' dir='ltr'><strong>sedes</strong></span> <span class='ocrx_word' id='word_1_80' title='bbox 1410 1277 1670 1331; x_wconf 85' lang='lat' dir='ltr'><strong>duodecim</strong></span> <span class='ocrx_word' id='word_1_81' title='bbox 1714 1275 1926 1349; x_wconf 79' lang='lat' dir='ltr'><strong>(Matth.</strong></span> <span class='ocrx_word' id='word_1_82' title='bbox 1978 1286 2087 1339; x_wconf 72' lang='lat' dir='ltr'><strong>xxx,</strong></span> 
     </span>
    </p>
   </div>
   <div class='ocr_carea' id='block_1_12' title="bbox 506 1364 2089 1446">
    <p class='ocr_par' dir='ltr' id='par_1_12' title="bbox 506 1364 2089 1446">
     <span class='ocr_line' id='line_1_12' title="bbox 506 1364 2089 1446; baseline -0.007 -17"><span class='ocrx_word' id='word_1_83' title='bbox 506 1376 623 1446; x_wconf 60' lang='grc' dir='ltr'><strong>ιἐκ),</strong></span> <span class='ocrx_word' id='word_1_84' title='bbox 669 1383 770 1430; x_wconf 86' lang='lat' dir='ltr'><strong>etc.</strong></span> <span class='ocrx_word' id='word_1_85' title='bbox 820 1371 1296 1443; x_wconf 77' lang='lat' dir='ltr'><strong>Regenerationem</strong></span> <span class='ocrx_word' id='word_1_86' title='bbox 1344 1370 1538 1439; x_wconf 89' lang='lat' dir='ltr'><strong>quippe</strong></span> <span class='ocrx_word' id='word_1_87' title='bbox 1585 1367 1688 1422; x_wconf 88' lang='lat' dir='ltr'><strong>hoc</strong></span> <span class='ocrx_word' id='word_1_88' title='bbox 1740 1367 1879 1433; x_wconf 91' lang='lat' dir='ltr'><strong>loco,</strong></span> <span class='ocrx_word' id='word_1_89' title='bbox 1919 1364 2089 1419; x_wconf 90' lang='lat' dir='ltr'><strong>ambi-</strong></span> 
     </span>
    </p>
   </div>
   <div class='ocr_carea' id='block_1_13' title="bbox 506 1459 2089 1532">
    <p class='ocr_par' dir='ltr' id='par_1_13' title="bbox 506 1459 2089 1532">
     <span class='ocr_line' id='line_1_13' title="bbox 506 1459 2089 1532; baseline -0.007 -13"><span class='ocrx_word' id='word_1_90' title='bbox 506 1476 665 1532; x_wconf 66' lang='lat' dir='ltr'><strong>gente</strong></span> <span class='ocrx_word' id='word_1_91' title='bbox 692 1465 852 1529; x_wconf 87' lang='lat' dir='ltr'><strong>nullo,</strong></span> <span class='ocrx_word' id='word_1_92' title='bbox 880 1463 1219 1516; x_wconf 75' lang='lat' dir='ltr'><strong>novissimam</strong></span> <span class='ocrx_word' id='word_1_93' title='bbox 1246 1459 1688 1513; x_wconf 54' lang='lat' dir='ltr'><strong>resurrectionem</strong></span> <span class='ocrx_word' id='word_1_94' title='bbox 1713 1464 1897 1510; x_wconf 84' lang='lat' dir='ltr'><strong>vocat:</strong></span> <span class='ocrx_word' id='word_1_95' title='bbox 1930 1468 2089 1524; x_wconf 87' lang='lat' dir='ltr'><strong>quam</strong></span> 
     </span>
    </p>
   </div>
   <div class='ocr_carea' id='block_1_14' title="bbox 510 1544 2088 1625">
    <p class='ocr_par' dir='ltr' id='par_1_14' title="bbox 510 1544 2088 1625">
     <span class='ocr_line' id='line_1_14' title="bbox 510 1544 2088 1625; baseline -0.006 -16"><span class='ocrx_word' id='word_1_96' title='bbox 510 1557 705 1611; x_wconf 76' lang='lat' dir='ltr'><strong>Paulus</strong></span> <span class='ocrx_word' id='word_1_97' title='bbox 734 1570 945 1625; x_wconf 87' lang='lat' dir='ltr'><strong>quoque</strong></span> <span class='ocrx_word' id='word_1_98' title='bbox 979 1552 1249 1622; x_wconf 61' lang='lat' dir='ltr'><strong>apostolus</strong></span> <span class='ocrx_word' id='word_1_99' title='bbox 1292 1559 1345 1605; x_wconf 92' lang='lat' dir='ltr'><strong>et</strong></span> <span class='ocrx_word' id='word_1_100' title='bbox 1390 1549 1728 1618; x_wconf 79' lang='lat' dir='ltr'><strong>adoptionem</strong></span> <span class='ocrx_word' id='word_1_101' title='bbox 1776 1555 1832 1602; x_wconf 88' lang='lat' dir='ltr'><strong>et</strong></span> <span class='ocrx_word' id='word_1_102' title='bbox 1875 1544 2088 1602; x_wconf 86' lang='lat' dir='ltr'><strong>redem-</strong></span> 
     </span>
    </p>
   </div>
   <div class='ocr_carea' id='block_1_15' title="bbox 509 1639 2092 1717">
    <p class='ocr_par' dir='ltr' id='par_1_15' title="bbox 509 1639 2092 1717">
     <span class='ocr_line' id='line_1_15' title="bbox 509 1639 2092 1717; baseline -0.006 -14"><span class='ocrx_word' id='word_1_103' title='bbox 509 1649 744 1717; x_wconf 81' lang='lat' dir='ltr'><strong>ptionem</strong></span> <span class='ocrx_word' id='word_1_104' title='bbox 789 1656 1074 1714; x_wconf 80' lang='lat' dir='ltr'><strong>nuncUpat,</strong></span> <span class='ocrx_word' id='word_1_105' title='bbox 1104 1644 1306 1709; x_wconf 83' lang='lat' dir='ltr'><strong>dicens,</strong></span> <span class='ocrx_word' id='word_1_106' title='bbox 1333 1642 1436 1697; x_wconf 89' lang='lat' dir='ltr'><strong>Sed</strong></span> <span class='ocrx_word' id='word_1_107' title='bbox 1465 1643 1615 1696; x_wconf 89' lang='lat' dir='ltr'><strong>etiam</strong></span> <span class='ocrx_word' id='word_1_108' title='bbox 1644 1657 1734 1695; x_wconf 91' lang='lat' dir='ltr'><strong>nos</strong></span> <span class='ocrx_word' id='word_1_109' title='bbox 1777 1641 1877 1711; x_wconf 89' lang='lat' dir='ltr'><strong>ipsi</strong></span> <span class='ocrx_word' id='word_1_110' title='bbox 1915 1639 2092 1711; x_wconf 86' lang='lat' dir='ltr'><strong>primi-</strong></span> 
     </span>
    </p>
   </div>
   <div class='ocr_carea' id='block_1_16' title="bbox 505 1728 2091 1809">
    <p class='ocr_par' dir='ltr' id='par_1_16' title="bbox 505 1728 2091 1809">
     <span class='ocr_line' id='line_1_16' title="bbox 505 1728 2091 1809; baseline -0.006 -18"><span class='ocrx_word' id='word_1_111' title='bbox 505 1741 600 1792; x_wconf 83' lang='lat' dir='ltr'><strong>tius</strong></span> <span class='ocrx_word' id='word_1_112' title='bbox 629 1739 836 1809; x_wconf 76' lang='lat' dir='ltr'><strong>spiritus</strong></span> <span class='ocrx_word' id='word_1_113' title='bbox 866 1737 1124 1799; x_wconf 79' lang='lat' dir='ltr'><strong>habentes,</strong></span> <span class='ocrx_word' id='word_1_114' title='bbox 1149 1743 1194 1787; x_wconf 86' lang='lat' dir='ltr'><strong>et</strong></span> <span class='ocrx_word' id='word_1_115' title='bbox 1216 1734 1313 1804; x_wconf 88' lang='lat' dir='ltr'><strong>ipsi</strong></span> <span class='ocrx_word' id='word_1_116' title='bbox 1340 1735 1391 1786; x_wconf 90' lang='lat' dir='ltr'><strong>in</strong></span> <span class='ocrx_word' id='word_1_117' title='bbox 1412 1731 1779 1802; x_wconf 79' lang='lat' dir='ltr'><strong>nobismetipsis</strong></span> <span class='ocrx_word' id='word_1_118' title='bbox 1806 1728 2091 1801; x_wconf 85' lang='lat' dir='ltr'><strong>ingemisci-</strong></span> 
     </span>
    </p>
   </div>
   <div class='ocr_carea' id='block_1_17' title="bbox 504 1820 2091 1897">
    <p class='ocr_par' dir='ltr' id='par_1_17' title="bbox 504 1820 2091 1897">
     <span class='ocr_line' id='line_1_17' title="bbox 504 1820 2091 1897; baseline -0.005 -15"><span class='ocrx_word' id='word_1_119' title='bbox 504 1846 637 1893; x_wconf 86' lang='lat' dir='ltr'><strong>mus,</strong></span> <span class='ocrx_word' id='word_1_120' title='bbox 669 1828 988 1897; x_wconf 81' lang='lat' dir='ltr'><strong>adoptionem</strong></span> <span class='ocrx_word' id='word_1_121' title='bbox 1028 1833 1393 1891; x_wconf 71' lang='lat' dir='ltr'><strong>exspectantes,</strong></span> <span class='ocrx_word' id='word_1_122' title='bbox 1436 1821 1832 1892; x_wconf 84' lang='lat' dir='ltr'><strong>redemptionem</strong></span> <span class='ocrx_word' id='word_1_123' title='bbox 1868 1820 2091 1889; x_wconf 83' lang='lat' dir='ltr'><strong>corporis</strong></span> 
     </span>
    </p>
   </div>
   <div class='ocr_carea' id='block_1_18' title="bbox 504 1912 2089 1989">
    <p class='ocr_par' dir='ltr' id='par_1_18' title="bbox 504 1912 2089 1989">
     <span class='ocr_line' id='line_1_18' title="bbox 504 1912 2089 1989; baseline -0.005 -16"><span class='ocrx_word' id='word_1_124' title='bbox 504 1922 658 1975; x_wconf 79' lang='lat' dir='ltr'><strong>nostri</strong></span> <span class='ocrx_word' id='word_1_125' title='bbox 698 1920 873 1989; x_wconf 78' lang='lat' dir='ltr'><strong>(Rom.</strong></span> <span class='ocrx_word' id='word_1_126' title='bbox 905 1934 1013 1978; x_wconf 84' lang='lat' dir='ltr'><strong>vm,</strong></span> <span class='ocrx_word' id='word_1_127' title='bbox 1063 1916 1179 1989; x_wconf 71' lang='grc'><strong>23).</strong></span> <span class='ocrx_word' id='word_1_128' title='bbox 1225 1914 1490 1985; x_wconf 82' lang='lat' dir='ltr'><strong>Numquid</strong></span> <span class='ocrx_word' id='word_1_129' title='bbox 1534 1929 1638 1969; x_wconf 87' lang='lat' dir='ltr'><strong>non</strong></span> <span class='ocrx_word' id='word_1_130' title='bbox 1683 1929 1778 1984; x_wconf 87' lang='lat' dir='ltr'><strong>per</strong></span> <span class='ocrx_word' id='word_1_131' title='bbox 1819 1912 2089 1967; x_wconf 81' lang='lat' dir='ltr'><strong>lavacrum</strong></span> 
     </span>
    </p>
   </div>
   <div class='ocr_carea' id='block_1_19' title="bbox 503 2003 2092 2081">
    <p class='ocr_par' dir='ltr' id='par_1_19' title="bbox 503 2003 2092 2081">
     <span class='ocr_line' id='line_1_19' title="bbox 503 2003 2092 2081; baseline -0.008 -11"><span class='ocrx_word' id='word_1_132' title='bbox 503 2024 742 2070; x_wconf 69' lang='lat' dir='ltr'><strong>Sanctum</strong></span> <span class='ocrx_word' id='word_1_133' title='bbox 776 2011 1094 2081; x_wconf 85' lang='lat' dir='ltr'><strong>regenerati,</strong></span> <span class='ocrx_word' id='word_1_134' title='bbox 1123 2008 1359 2078; x_wconf 80' lang='lat' dir='ltr'><strong>ad0ptati</strong></span> <span class='ocrx_word' id='word_1_135' title='bbox 1389 2015 1442 2062; x_wconf 91' lang='lat' dir='ltr'><strong>et</strong></span> <span class='ocrx_word' id='word_1_136' title='bbox 1468 2006 1727 2076; x_wconf 85' lang='lat' dir='ltr'><strong>redempti</strong></span> <span class='ocrx_word' id='word_1_137' title='bbox 1753 2004 1982 2060; x_wconf 89' lang='lat' dir='ltr'><strong>sumus?</strong></span> <span class='ocrx_word' id='word_1_138' title='bbox 2026 2003 2092 2058; x_wconf 85' lang='lat' dir='ltr'><strong>Et</strong></span> 
     </span>
    </p>
   </div>
   <div class='ocr_carea' id='block_1_20' title="bbox 504 2095 2090 2170">
    <p class='ocr_par' dir='ltr' id='par_1_20' title="bbox 504 2095 2090 2170">
     <span class='ocr_line' id='line_1_20' title="bbox 504 2095 2090 2170; baseline -0.006 -12"><span class='ocrx_word' id='word_1_139' title='bbox 504 2115 679 2158; x_wconf 88' lang='lat' dir='ltr'><strong>tamen</strong></span> <span class='ocrx_word' id='word_1_140' title='bbox 718 2110 892 2157; x_wconf 79' lang='lat' dir='ltr'><strong>restat</strong></span> <span class='ocrx_word' id='word_1_141' title='bbox 934 2101 1288 2170; x_wconf 84' lang='lat' dir='ltr'><strong>rcgeneratio,</strong></span> <span class='ocrx_word' id='word_1_142' title='bbox 1316 2097 1555 2165; x_wconf 88' lang='lat' dir='ltr'><strong>ad0ptio,</strong></span> <span class='ocrx_word' id='word_1_143' title='bbox 1584 2095 1901 2166; x_wconf 86' lang='lat' dir='ltr'><strong>redemptio,</strong></span> <span class='ocrx_word' id='word_1_144' title='bbox 1932 2110 2090 2165; x_wconf 90' lang='lat' dir='ltr'><strong>quam</strong></span> 
     </span>
    </p>
   </div>
   <div class='ocr_carea' id='block_1_21' title="bbox 504 2188 2087 2262">
    <p class='ocr_par' dir='ltr' id='par_1_21' title="bbox 504 2188 2087 2262">
     <span class='ocr_line' id='line_1_21' title="bbox 504 2188 2087 2262; baseline -0.006 -12"><span class='ocrx_word' id='word_1_145' title='bbox 504 2199 554 2251; x_wconf 89' lang='lat' dir='ltr'><strong>in</strong></span> <span class='ocrx_word' id='word_1_146' title='bbox 582 2197 684 2251; x_wconf 88' lang='lat' dir='ltr'><strong>ﬁne</strong></span> <span class='ocrx_word' id='word_1_147' title='bbox 710 2204 985 2249; x_wconf 82' lang='lat' dir='ltr'><strong>venturam</strong></span> <span class='ocrx_word' id='word_1_148' title='bbox 1013 2208 1154 2247; x_wconf 90' lang='lat' dir='ltr'><strong>nunc</strong></span> <span class='ocrx_word' id='word_1_149' title='bbox 1188 2192 1449 2262; x_wconf 85' lang='lat' dir='ltr'><strong>patienter</strong></span> <span class='ocrx_word' id='word_1_150' title='bbox 1477 2198 1790 2259; x_wconf 78' lang='lat' dir='ltr'><strong>exspectare</strong></span> <span class='ocrx_word' id='word_1_151' title='bbox 1809 2188 2087 2255; x_wconf 85' lang='lat' dir='ltr'><strong>debemus,</strong></span> 
     </span>
    </p>
   </div>
   <div class='ocr_carea' id='block_1_22' title="bbox 500 2276 2086 2353">
    <p class='ocr_par' dir='ltr' id='par_1_22' title="bbox 500 2276 2086 2353">
     <span class='ocr_line' id='line_1_22' title="bbox 500 2276 2086 2353; baseline -0.006 -12"><span class='ocrx_word' id='word_1_152' title='bbox 500 2299 555 2341; x_wconf 90' lang='lat' dir='ltr'><strong>ut</strong></span> <span class='ocrx_word' id='word_1_153' title='bbox 590 2295 717 2343; x_wconf 81' lang='lat' dir='ltr'><strong>tunc</strong></span> <span class='ocrx_word' id='word_1_154' title='bbox 754 2284 846 2338; x_wconf 89' lang='lat' dir='ltr'><strong>ﬁlii</strong></span> <span class='ocrx_word' id='word_1_155' title='bbox 886 2283 1044 2353; x_wconf 84' lang='lat' dir='ltr'><strong>hujus</strong></span> <span class='ocrx_word' id='word_1_156' title='bbox 1078 2282 1258 2336; x_wconf 81' lang='lat' dir='ltr'><strong>saeculi</strong></span> <span class='ocrx_word' id='word_1_157' title='bbox 1295 2296 1361 2335; x_wconf 80' lang='lat' dir='ltr'><strong>ex</strong></span> <span class='ocrx_word' id='word_1_158' title='bbox 1390 2280 1532 2334; x_wconf 87' lang='lat' dir='ltr'><strong>nulla</strong></span> <span class='ocrx_word' id='word_1_159' title='bbox 1577 2288 1726 2350; x_wconf 88' lang='lat' dir='ltr'><strong>parte</strong></span> <span class='ocrx_word' id='word_1_160' title='bbox 1760 2278 1869 2349; x_wconf 86' lang='lat' dir='ltr'><strong>jam</strong></span> <span class='ocrx_word' id='word_1_161' title='bbox 1899 2276 2086 2334; x_wconf 88' lang='lat' dir='ltr'><strong>simus.</strong></span> 
     </span>
    </p>
   </div>
   <div class='ocr_carea' id='block_1_23' title="bbox 504 2368 2092 2445">
    <p class='ocr_par' dir='ltr' id='par_1_23' title="bbox 504 2368 2092 2445">
     <span class='ocr_line' id='line_1_23' title="bbox 504 2368 2092 2445; baseline -0.004 -16"><span class='ocrx_word' id='word_1_162' title='bbox 504 2376 753 2445; x_wconf 57' lang='lat' dir='ltr'><strong>Quisquis</strong></span> <span class='ocrx_word' id='word_1_163' title='bbox 791 2375 948 2444; x_wconf 79' lang='lat' dir='ltr'><strong>igitur</strong></span> <span class='ocrx_word' id='word_1_164' title='bbox 979 2372 1291 2442; x_wconf 82' lang='lat' dir='ltr'><strong>Baptismati</strong></span> <span class='ocrx_word' id='word_1_165' title='bbox 1338 2371 1578 2441; x_wconf 81' lang='lat' dir='ltr'><strong>derogat,</strong></span> <span class='ocrx_word' id='word_1_166' title='bbox 1606 2369 1747 2441; x_wconf 88' lang='lat' dir='ltr'><strong>quod</strong></span> <span class='ocrx_word' id='word_1_167' title='bbox 1791 2368 1951 2424; x_wconf 92' lang='lat' dir='ltr'><strong>modo</strong></span> <span class='ocrx_word' id='word_1_168' title='bbox 1999 2384 2092 2439; x_wconf 88' lang='lat' dir='ltr'><strong>per</strong></span> 
     </span>
    </p>
   </div>
   <div class='ocr_carea' id='block_1_24' title="bbox 505 2461 2090 2536">
    <p class='ocr_par' dir='ltr' id='par_1_24' title="bbox 505 2461 2090 2536">
     <span class='ocr_line' id='line_1_24' title="bbox 505 2461 2090 2536; baseline -0.004 -14"><span class='ocrx_word' id='word_1_169' title='bbox 505 2467 633 2522; x_wconf 90' lang='lat' dir='ltr'><strong>illud</strong></span> <span class='ocrx_word' id='word_1_170' title='bbox 685 2466 1024 2536; x_wconf 87' lang='lat' dir='ltr'><strong>percipimus,</strong></span> <span class='ocrx_word' id='word_1_171' title='bbox 1067 2462 1361 2532; x_wconf 85' lang='lat' dir='ltr'><strong>corrumpit</strong></span> <span class='ocrx_word' id='word_1_172' title='bbox 1402 2462 1556 2516; x_wconf 87' lang='lat' dir='ltr'><strong>ﬁdem</strong></span> <span class='ocrx_word' id='word_1_173' title='bbox 1586 2478 1601 2516; x_wconf 91' lang='lat'><strong>:</strong></span> <span class='ocrx_word' id='word_1_174' title='bbox 1629 2461 1868 2532; x_wconf 81' lang='lat' dir='ltr'><strong>quisquis</strong></span> <span class='ocrx_word' id='word_1_175' title='bbox 1914 2469 2090 2515; x_wconf 83' lang='lat' dir='ltr'><strong>autem</strong></span> 
     </span>
    </p>
   </div>
   <div class='ocr_carea' id='block_1_25' title="bbox 503 2549 2090 2626">
    <p class='ocr_par' dir='ltr' id='par_1_25' title="bbox 503 2549 2090 2626">
     <span class='ocr_line' id='line_1_25' title="bbox 503 2549 2090 2626; baseline -0.003 -18"><span class='ocrx_word' id='word_1_176' title='bbox 503 2559 611 2626; x_wconf 84' lang='lat' dir='ltr'><strong>jam</strong></span> <span class='ocrx_word' id='word_1_177' title='bbox 640 2571 780 2610; x_wconf 79' lang='lat' dir='ltr'><strong>nunc</strong></span> <span class='ocrx_word' id='word_1_178' title='bbox 810 2554 858 2609; x_wconf 90' lang='lat' dir='ltr'><strong>ei</strong></span> <span class='ocrx_word' id='word_1_179' title='bbox 888 2552 1086 2618; x_wconf 83' lang='lat' dir='ltr'><strong>tribuit,</strong></span> <span class='ocrx_word' id='word_1_180' title='bbox 1106 2552 1253 2622; x_wconf 84' lang='lat' dir='ltr'><strong>quod</strong></span> <span class='ocrx_word' id='word_1_181' title='bbox 1279 2549 1491 2622; x_wconf 85' lang='lat' dir='ltr'><strong>quidem</strong></span> <span class='ocrx_word' id='word_1_182' title='bbox 1530 2567 1624 2621; x_wconf 84' lang='lat' dir='ltr'><strong>per</strong></span> <span class='ocrx_word' id='word_1_183' title='bbox 1652 2552 1842 2620; x_wconf 90' lang='lat' dir='ltr'><strong>ipsum,</strong></span> <span class='ocrx_word' id='word_1_184' title='bbox 1873 2550 1967 2605; x_wconf 89' lang='lat' dir='ltr'><strong>sed</strong></span> <span class='ocrx_word' id='word_1_185' title='bbox 2009 2560 2090 2604; x_wconf 81' lang='lat' dir='ltr'><strong>ta-</strong></span> 
     </span>
    </p>
   </div>
   <div class='ocr_carea' id='block_1_26' title="bbox 508 2640 2091 2716">
    <p class='ocr_par' dir='ltr' id='par_1_26' title="bbox 508 2640 2091 2716">
     <span class='ocr_line' id='line_1_26' title="bbox 508 2640 2091 2716; baseline -0.003 -14"><span class='ocrx_word' id='word_1_186' title='bbox 508 2664 628 2702; x_wconf 85' lang='lat' dir='ltr'><strong>men</strong></span> <span class='ocrx_word' id='word_1_187' title='bbox 678 2657 858 2716; x_wconf 71' lang='lat' dir='ltr'><strong>postea</strong></span> <span class='ocrx_word' id='word_1_188' title='bbox 902 2643 1199 2714; x_wconf 83' lang='lat' dir='ltr'><strong>percepturi</strong></span> <span class='ocrx_word' id='word_1_189' title='bbox 1241 2656 1446 2708; x_wconf 88' lang='lat' dir='ltr'><strong>sumus,</strong></span> <span class='ocrx_word' id='word_1_190' title='bbox 1483 2650 1720 2712; x_wconf 83' lang='lat' dir='ltr'><strong>amputat</strong></span> <span class='ocrx_word' id='word_1_191' title='bbox 1755 2656 1927 2711; x_wconf 88' lang='lat' dir='ltr'><strong>spem.</strong></span> <span class='ocrx_word' id='word_1_192' title='bbox 1957 2640 2091 2697; x_wconf 88' lang='lat' dir='ltr'><strong>Nam</strong></span> 
     </span>
    </p>
   </div>
   <div class='ocr_carea' id='block_1_27' title="bbox 506 2735 2089 2807">
    <p class='ocr_par' dir='ltr' id='par_1_27' title="bbox 506 2735 2089 2807">
     <span class='ocr_line' id='line_1_27' title="bbox 506 2735 2089 2807; baseline -0.004 -13"><span class='ocrx_word' id='word_1_193' title='bbox 506 2742 549 2794; x_wconf 80' lang='lat' dir='ltr'><strong>si</strong></span> <span class='ocrx_word' id='word_1_194' title='bbox 590 2754 737 2805; x_wconf 77' lang='lat' dir='ltr'><strong>ante</strong></span> <span class='ocrx_word' id='word_1_195' title='bbox 778 2737 1054 2807; x_wconf 84' lang='lat' dir='ltr'><strong>quisquam</strong></span> <span class='ocrx_word' id='word_1_196' title='bbox 1096 2735 1387 2806; x_wconf 63' lang='lat' dir='ltr'><strong>quaesierit,</strong></span> <span class='ocrx_word' id='word_1_197' title='bbox 1420 2744 1594 2790; x_wconf 91' lang='lat' dir='ltr'><strong>utrum</strong></span> <span class='ocrx_word' id='word_1_198' title='bbox 1642 2750 1736 2805; x_wconf 90' lang='lat' dir='ltr'><strong>per</strong></span> <span class='ocrx_word' id='word_1_199' title='bbox 1763 2735 2089 2804; x_wconf 89' lang='lat' dir='ltr'><strong>Baptismum</strong></span> 
     </span>
    </p>
   </div>
   <div class='ocr_carea' id='block_1_28' title="bbox 504 2824 2093 2895">
    <p class='ocr_par' dir='ltr' id='par_1_28' title="bbox 504 2824 2093 2895">
     <span class='ocr_line' id='line_1_28' title="bbox 504 2824 2093 2895; baseline -0.002 -12"><span class='ocrx_word' id='word_1_200' title='bbox 504 2829 635 2884; x_wconf 63' lang='lat' dir='ltr'><strong>salvi</strong></span> <span class='ocrx_word' id='word_1_201' title='bbox 699 2827 817 2882; x_wconf 79' lang='lat' dir='ltr'><strong>facti</strong></span> <span class='ocrx_word' id='word_1_202' title='bbox 877 2827 1166 2891; x_wconf 75' lang='lat' dir='ltr'><strong>fuerimus;</strong></span> <span class='ocrx_word' id='word_1_203' title='bbox 1217 2840 1412 2895; x_wconf 85' lang='lat' dir='ltr'><strong>negare</strong></span> <span class='ocrx_word' id='word_1_204' title='bbox 1467 2840 1575 2880; x_wconf 90' lang='lat' dir='ltr'><strong>non</strong></span> <span class='ocrx_word' id='word_1_205' title='bbox 1620 2833 1836 2895; x_wconf 88' lang='lat' dir='ltr'><strong>potero,</strong></span> <span class='ocrx_word' id='word_1_206' title='bbox 1882 2824 2093 2880; x_wconf 90' lang='lat' dir='ltr'><strong>dicente</strong></span> 
     </span>
    </p>
   </div>
   <div class='ocr_carea' id='block_1_29' title="bbox 502 2916 2090 2989">
    <p class='ocr_par' dir='ltr' id='par_1_29' title="bbox 502 2916 2090 2989">
     <span class='ocr_line' id='line_1_29' title="bbox 502 2916 2090 2989; baseline -0.003 -14"><span class='ocrx_word' id='word_1_207' title='bbox 502 2921 781 2989; x_wconf 81' lang='lat' dir='ltr'><strong>Apostolo,</strong></span> <span class='ocrx_word' id='word_1_208' title='bbox 827 2918 1009 2974; x_wconf 79' lang='lat' dir='ltr'><strong>Salvos</strong></span> <span class='ocrx_word' id='word_1_209' title='bbox 1036 2933 1126 2971; x_wconf 87' lang='lat' dir='ltr'><strong>nos</strong></span> <span class='ocrx_word' id='word_1_210' title='bbox 1149 2916 1264 2988; x_wconf 80' lang='lat' dir='ltr'><strong>fecit</strong></span> <span class='ocrx_word' id='word_1_211' title='bbox 1296 2932 1385 2986; x_wconf 90' lang='lat' dir='ltr'><strong>per</strong></span> <span class='ocrx_word' id='word_1_212' title='bbox 1413 2916 1671 2972; x_wconf 84' lang='lat' dir='ltr'><strong>lavacrum</strong></span> <span class='ocrx_word' id='word_1_213' title='bbox 1699 2916 2090 2987; x_wconf 80' lang='lat' dir='ltr'><strong>regenerationis</strong></span> 
     </span>
    </p>
   </div>
   <div class='ocr_carea' id='block_1_30' title="bbox 502 3004 2091 3079">
    <p class='ocr_par' dir='ltr' id='par_1_30' title="bbox 502 3004 2091 3079">
     <span class='ocr_line' id='line_1_30' title="bbox 502 3004 2091 3079; baseline -0.003 -14"><span class='ocrx_word' id='word_1_214' title='bbox 502 3023 549 3064; x_wconf 90' lang='lat' dir='ltr'><strong>et</strong></span> <span class='ocrx_word' id='word_1_215' title='bbox 591 3008 924 3065; x_wconf 64' lang='lat' dir='ltr'><strong>reuoi&#39;atiouis</strong></span> <span class='ocrx_word' id='word_1_216' title='bbox 973 3006 1197 3076; x_wconf 85' lang='lat' dir='ltr'><strong>Spiritus</strong></span> <span class='ocrx_word' id='word_1_217' title='bbox 1243 3006 1407 3060; x_wconf 87' lang='lat' dir='ltr'><strong>sancti</strong></span> <span class='ocrx_word' id='word_1_218' title='bbox 1456 3006 1583 3078; x_wconf 86' lang='lat' dir='ltr'><strong>(Tit.</strong></span> <span class='ocrx_word' id='word_1_219' title='bbox 1639 3022 1720 3071; x_wconf 87' lang='grc' dir='ltr'>ιιι,</span> <span class='ocrx_word' id='word_1_220' title='bbox 1767 3004 1846 3079; x_wconf 95' lang='lat' dir='ltr'><strong>v).</strong></span> <span class='ocrx_word' id='word_1_221' title='bbox 1892 3005 1999 3061; x_wconf 87' lang='lat' dir='ltr'><strong>Sed</strong></span> <span class='ocrx_word' id='word_1_222' title='bbox 2044 3005 2091 3060; x_wconf 88' lang='lat' dir='ltr'><strong>si</strong></span> 
     </span>
    </p>
   </div>
   <div class='ocr_carea' id='block_1_31' title="bbox 502 3096 2089 3169">
    <p class='ocr_par' dir='ltr' id='par_1_31' title="bbox 502 3096 2089 3169">
     <span class='ocr_line' id='line_1_31' title="bbox 502 3096 2089 3169; baseline -0.002 -15"><span class='ocrx_word' id='word_1_223' title='bbox 502 3100 800 3169; x_wconf 68' lang='lat' dir='ltr'><strong>qumsierit,</strong></span> <span class='ocrx_word' id='word_1_224' title='bbox 847 3107 1021 3151; x_wconf 87' lang='lat' dir='ltr'><strong>utrum</strong></span> <span class='ocrx_word' id='word_1_225' title='bbox 1072 3112 1165 3165; x_wconf 81' lang='lat' dir='ltr'><strong>per</strong></span> <span class='ocrx_word' id='word_1_226' title='bbox 1210 3096 1349 3150; x_wconf 90' lang='lat' dir='ltr'><strong>idem</strong></span> <span class='ocrx_word' id='word_1_227' title='bbox 1383 3096 1647 3150; x_wconf 85' lang='lat' dir='ltr'><strong>lavacrum</strong></span> <span class='ocrx_word' id='word_1_228' title='bbox 1685 3097 1830 3152; x_wconf 91' lang='lat' dir='ltr'><strong>omni</strong></span> <span class='ocrx_word' id='word_1_229' title='bbox 1870 3110 2089 3165; x_wconf 84' lang='lat' dir='ltr'><strong>prorsus</strong></span> 
     </span>
    </p>
   </div>
   <div class='ocr_carea' id='block_1_32' title="bbox 505 3186 2087 3259">
    <p class='ocr_par' dir='ltr' id='par_1_32' title="bbox 505 3186 2087 3259">
     <span class='ocr_line' id='line_1_32' title="bbox 505 3186 2087 3259; baseline -0.003 -15"><span class='ocrx_word' id='word_1_230' title='bbox 505 3192 663 3245; x_wconf 81' lang='lat' dir='ltr'><strong>modo</strong></span> <span class='ocrx_word' id='word_1_231' title='bbox 681 3190 790 3259; x_wconf 79' lang='lat' dir='ltr'><strong>jam</strong></span> <span class='ocrx_word' id='word_1_232' title='bbox 820 3202 915 3242; x_wconf 88' lang='lat' dir='ltr'><strong>nos</strong></span> <span class='ocrx_word' id='word_1_233' title='bbox 940 3186 1126 3242; x_wconf 79' lang='lat' dir='ltr'><strong>fecerit</strong></span> <span class='ocrx_word' id='word_1_234' title='bbox 1148 3187 1353 3253; x_wconf 83' lang='lat' dir='ltr'><strong>salvos;</strong></span> <span class='ocrx_word' id='word_1_235' title='bbox 1387 3186 1741 3256; x_wconf 84' lang='lat' dir='ltr'><strong>respondebo,</strong></span> <span class='ocrx_word' id='word_1_236' title='bbox 1760 3186 1873 3242; x_wconf 89' lang='lat' dir='ltr'><strong>Non</strong></span> <span class='ocrx_word' id='word_1_237' title='bbox 1897 3186 1965 3240; x_wconf 90' lang='lat' dir='ltr'><strong>ita</strong></span> <span class='ocrx_word' id='word_1_238' title='bbox 1986 3194 2087 3240; x_wconf 83' lang='lat' dir='ltr'><strong>est.</strong></span> 
     </span>
    </p>
   </div>
   <div class='ocr_carea' id='block_1_33' title="bbox 503 3278 2093 3351">
    <p class='ocr_par' dir='ltr' id='par_1_33' title="bbox 503 3278 2093 3351">
     <span class='ocr_line' id='line_1_33' title="bbox 503 3278 2093 3351; baseline -0.002 -15"><span class='ocrx_word' id='word_1_239' title='bbox 503 3283 645 3337; x_wconf 84' lang='lat' dir='ltr'><strong>Idem</strong></span> <span class='ocrx_word' id='word_1_240' title='bbox 676 3281 869 3351; x_wconf 87' lang='lat' dir='ltr'><strong>quippe</strong></span> <span class='ocrx_word' id='word_1_241' title='bbox 894 3280 1019 3333; x_wconf 88' lang='lat' dir='ltr'><strong>item</strong></span> <span class='ocrx_word' id='word_1_242' title='bbox 1046 3279 1171 3334; x_wconf 89' lang='lat' dir='ltr'><strong>dicit</strong></span> <span class='ocrx_word' id='word_1_243' title='bbox 1189 3279 1464 3350; x_wconf 89' lang='lat' dir='ltr'><strong>apostolus</strong></span> <span class='ocrx_word' id='word_1_244' title='bbox 1490 3298 1503 3334; x_wconf 91' lang='lat'><strong>:</strong></span> <span class='ocrx_word' id='word_1_245' title='bbox 1526 3278 1632 3351; x_wconf 89' lang='lat' dir='ltr'><strong>Spe</strong></span> <span class='ocrx_word' id='word_1_246' title='bbox 1658 3281 1790 3333; x_wconf 86' lang='lat' dir='ltr'><strong>enim</strong></span> <span class='ocrx_word' id='word_1_247' title='bbox 1816 3279 1943 3333; x_wconf 81' lang='lat' dir='ltr'><strong>salui</strong></span> <span class='ocrx_word' id='word_1_248' title='bbox 1969 3279 2093 3348; x_wconf 81' lang='lat' dir='ltr'><strong>facti</strong></span> 
     </span>
    </p>
   </div>
   <div class='ocr_carea' id='block_1_34' title="bbox 499 3372 2091 3446">
    <p class='ocr_par' dir='ltr' id='par_1_34' title="bbox 499 3372 2091 3446">
     <span class='ocr_line' id='line_1_34' title="bbox 499 3372 2091 3446; baseline -0.003 -16"><span class='ocrx_word' id='word_1_249' title='bbox 499 3391 692 3430; x_wconf 88' lang='lat' dir='ltr'><strong>sumus.</strong></span> <span class='ocrx_word' id='word_1_250' title='bbox 738 3374 867 3444; x_wconf 82' lang='lat' dir='ltr'><strong>Spes</strong></span> <span class='ocrx_word' id='word_1_251' title='bbox 905 3383 1071 3426; x_wconf 89' lang='lat' dir='ltr'><strong>autem</strong></span> <span class='ocrx_word' id='word_1_252' title='bbox 1112 3388 1225 3443; x_wconf 75' lang='lat' dir='ltr'><strong>qua:</strong></span> <span class='ocrx_word' id='word_1_253' title='bbox 1266 3373 1480 3436; x_wconf 80' lang='lat' dir='ltr'><strong>videtur,</strong></span> <span class='ocrx_word' id='word_1_254' title='bbox 1512 3388 1613 3427; x_wconf 90' lang='lat' dir='ltr'><strong>non</strong></span> <span class='ocrx_word' id='word_1_255' title='bbox 1655 3381 1726 3428; x_wconf 89' lang='lat' dir='ltr'><strong>est</strong></span> <span class='ocrx_word' id='word_1_256' title='bbox 1753 3387 1905 3444; x_wconf 84' lang='lat' dir='ltr'><strong>spes;</strong></span> <span class='ocrx_word' id='word_1_257' title='bbox 1952 3372 2091 3446; x_wconf 88' lang='lat' dir='ltr'><strong>quod</strong></span> 
     </span>
    </p>
   </div>
   <div class='ocr_carea' id='block_1_35' title="bbox 499 3464 2091 3537">
    <p class='ocr_par' dir='ltr' id='par_1_35' title="bbox 499 3464 2091 3537">
     <span class='ocr_line' id='line_1_35' title="bbox 499 3464 2091 3537; baseline 0 -17"><span class='ocrx_word' id='word_1_258' title='bbox 499 3469 631 3521; x_wconf 88' lang='lat' dir='ltr'><strong>enim</strong></span> <span class='ocrx_word' id='word_1_259' title='bbox 657 3467 785 3520; x_wconf 81' lang='lat' dir='ltr'><strong>videt</strong></span> <span class='ocrx_word' id='word_1_260' title='bbox 817 3466 950 3537; x_wconf 86' lang='lat' dir='ltr'><strong>quis,</strong></span> <span class='ocrx_word' id='word_1_261' title='bbox 977 3464 1101 3537; x_wconf 88' lang='lat' dir='ltr'><strong>quid</strong></span> <span class='ocrx_word' id='word_1_262' title='bbox 1127 3464 1340 3535; x_wconf 82' lang='lat' dir='ltr'><strong>sperat?</strong></span> <span class='ocrx_word' id='word_1_263' title='bbox 1382 3464 1444 3520; x_wconf 91' lang='lat' dir='ltr'><strong>Si</strong></span> <span class='ocrx_word' id='word_1_264' title='bbox 1470 3474 1637 3519; x_wconf 88' lang='lat' dir='ltr'><strong>autem</strong></span> <span class='ocrx_word' id='word_1_265' title='bbox 1661 3465 1797 3536; x_wconf 89' lang='lat' dir='ltr'><strong>quod</strong></span> <span class='ocrx_word' id='word_1_266' title='bbox 1823 3481 1924 3519; x_wconf 89' lang='lat' dir='ltr'><strong>non</strong></span> <span class='ocrx_word' id='word_1_267' title='bbox 1953 3465 2091 3521; x_wconf 80' lang='lat' dir='ltr'><strong>vide-</strong></span> 
     </span>
    </p>
   </div>
   <div class='ocr_carea' id='block_1_36' title="bbox 498 3554 2085 3627">
    <p class='ocr_par' dir='ltr' id='par_1_36' title="bbox 498 3554 2085 3627">
     <span class='ocr_line' id='line_1_36' title="bbox 498 3554 2085 3627; baseline -0.001 -16"><span class='ocrx_word' id='word_1_268' title='bbox 498 3573 608 3621; x_wconf 77' lang='lat' dir='ltr'><strong>mus</strong></span> <span class='ocrx_word' id='word_1_269' title='bbox 632 3572 914 3627; x_wconf 87' lang='lat' dir='ltr'><strong>speramus,</strong></span> <span class='ocrx_word' id='word_1_270' title='bbox 943 3571 1035 3626; x_wconf 89' lang='lat' dir='ltr'><strong>per</strong></span> <span class='ocrx_word' id='word_1_271' title='bbox 1075 3556 1369 3624; x_wconf 85' lang='lat' dir='ltr'><strong>patientiam</strong></span> <span class='ocrx_word' id='word_1_272' title='bbox 1394 3564 1743 3625; x_wconf 76' lang='lat' dir='ltr'><strong>exspectamus</strong></span> <span class='ocrx_word' id='word_1_273' title='bbox 1767 3554 1942 3625; x_wconf 83' lang='lat' dir='ltr'><strong>(Rom.</strong></span> <span class='ocrx_word' id='word_1_274' title='bbox 1971 3571 2085 3621; x_wconf 81' lang='lat' dir='ltr'><strong>vui,</strong></span> 
     </span>
    </p>
   </div>
   <div class='ocr_carea' id='block_1_37' title="bbox 498 3646 2085 3720">
    <p class='ocr_par' dir='ltr' id='par_1_37' title="bbox 498 3646 2085 3720">
     <span class='ocr_line' id='line_1_37' title="bbox 498 3646 2085 3720; baseline 0.001 -18"><span class='ocrx_word' id='word_1_275' title='bbox 498 3650 569 3705; x_wconf 69' lang='grc'><strong>24</strong></span> <span class='ocrx_word' id='word_1_276' title='bbox 590 3662 638 3704; x_wconf 90' lang='lat' dir='ltr'><strong>et</strong></span> <span class='ocrx_word' id='word_1_277' title='bbox 656 3648 772 3720; x_wconf 66' lang='lat'><strong>9.5).</strong></span> <span class='ocrx_word' id='word_1_278' title='bbox 796 3648 955 3704; x_wconf 89' lang='lat' dir='ltr'><strong>Salus</strong></span> <span class='ocrx_word' id='word_1_279' title='bbox 978 3662 1107 3718; x_wconf 85' lang='lat' dir='ltr'><strong>ergo</strong></span> <span class='ocrx_word' id='word_1_280' title='bbox 1132 3647 1363 3703; x_wconf 83' lang='lat' dir='ltr'><strong>hominis</strong></span> <span class='ocrx_word' id='word_1_281' title='bbox 1389 3646 1443 3702; x_wconf 91' lang='lat' dir='ltr'><strong>in</strong></span> <span class='ocrx_word' id='word_1_282' title='bbox 1467 3647 1786 3718; x_wconf 85' lang='lat' dir='ltr'><strong>Baptismate</strong></span> <span class='ocrx_word' id='word_1_283' title='bbox 1825 3647 1960 3703; x_wconf 84' lang='lat' dir='ltr'><strong>facta</strong></span> <span class='ocrx_word' id='word_1_284' title='bbox 1981 3657 2085 3718; x_wconf 88' lang='lat' dir='ltr'><strong>est,</strong></span> 
     </span>
    </p>
   </div>
   <div class='ocr_carea' id='block_1_38' title="bbox 498 3738 2085 3809">
    <p class='ocr_par' dir='ltr' id='par_1_38' title="bbox 498 3738 2085 3809">
     <span class='ocr_line' id='line_1_38' title="bbox 498 3738 2085 3809; baseline 0.001 -15"><span class='ocrx_word' id='word_1_285' title='bbox 498 3740 621 3808; x_wconf 86' lang='lat' dir='ltr'><strong>quia</strong></span> <span class='ocrx_word' id='word_1_286' title='bbox 651 3739 928 3794; x_wconf 73' lang='lat' dir='ltr'><strong>dimissum</strong></span> <span class='ocrx_word' id='word_1_287' title='bbox 950 3746 1038 3793; x_wconf 87' lang='lat' dir='ltr'><strong>est</strong></span> <span class='ocrx_word' id='word_1_288' title='bbox 1066 3738 1207 3808; x_wconf 87' lang='lat' dir='ltr'><strong>quod</strong></span> <span class='ocrx_word' id='word_1_289' title='bbox 1233 3738 1476 3808; x_wconf 77' lang='lat' dir='ltr'><strong>peccati&#39;</strong></span> <span class='ocrx_word' id='word_1_290' title='bbox 1504 3753 1537 3793; x_wconf 89' lang='lat' dir='ltr'><strong>a</strong></span> <span class='ocrx_word' id='word_1_291' title='bbox 1557 3740 1880 3809; x_wconf 82' lang='lat' dir='ltr'><strong>parentibus</strong></span> <span class='ocrx_word' id='word_1_292' title='bbox 1906 3742 2085 3808; x_wconf 78' lang='lat' dir='ltr'><strong>traxit,</strong></span> 
     </span>
    </p>
   </div>
   <div class='ocr_carea' id='block_1_39' title="bbox 498 3828 2088 3902">
    <p class='ocr_par' dir='ltr' id='par_1_39' title="bbox 498 3828 2088 3902">
     <span class='ocr_line' id='line_1_39' title="bbox 498 3828 2088 3902; baseline 0.002 -18"><span class='ocrx_word' id='word_1_293' title='bbox 498 3830 586 3884; x_wconf 88' lang='lat' dir='ltr'><strong>vel</strong></span> <span class='ocrx_word' id='word_1_294' title='bbox 611 3828 866 3900; x_wconf 87' lang='lat' dir='ltr'><strong>quidquid</strong></span> <span class='ocrx_word' id='word_1_295' title='bbox 892 3828 1052 3902; x_wconf 82' lang='lat' dir='ltr'><strong>etiam</strong></span> <span class='ocrx_word' id='word_1_296' title='bbox 1079 3828 1294 3899; x_wconf 86' lang='lat' dir='ltr'><strong>pr0prie</strong></span> <span class='ocrx_word' id='word_1_297' title='bbox 1312 3837 1439 3885; x_wconf 90' lang='lat' dir='ltr'><strong>ante</strong></span> <span class='ocrx_word' id='word_1_298' title='bbox 1465 3828 1791 3899; x_wconf 70' lang='lat' dir='ltr'><strong>Baptismum</strong></span> <span class='ocrx_word' id='word_1_299' title='bbox 1815 3831 1929 3902; x_wconf 83' lang='lat' dir='ltr'><strong>ipse</strong></span> <span class='ocrx_word' id='word_1_300' title='bbox 1959 3846 2088 3902; x_wconf 86' lang='lat' dir='ltr'><strong>pec-</strong></span> 
     </span>
    </p>
   </div>
   <div class='ocr_carea' id='block_1_40' title="bbox 499 3900 2087 3995">
    <p class='ocr_par' dir='ltr' id='par_1_40' title="bbox 499 3900 2087 3995">
     <span class='ocr_line' id='line_1_40' title="bbox 499 3900 2087 3995; baseline 0.003 -18"><span class='ocrx_word' id='word_1_301' title='bbox 499 3922 679 3978; x_wconf 81' lang='lat' dir='ltr'><strong>cavit:</strong></span> <span class='ocrx_word' id='word_1_302' title='bbox 709 3925 855 3978; x_wconf 89' lang='lat' dir='ltr'><strong>satus</strong></span> <span class='ocrx_word' id='word_1_303' title='bbox 888 3900 1024 3977; x_wconf 73' lang='lat' dir='ltr'><strong>verd</strong></span> <span class='ocrx_word' id='word_1_304' title='bbox 1064 3920 1180 3991; x_wconf 88' lang='lat' dir='ltr'><strong>ejus</strong></span> <span class='ocrx_word' id='word_1_305' title='bbox 1219 3930 1365 3977; x_wconf 89' lang='lat' dir='ltr'><strong>tanta</strong></span> <span class='ocrx_word' id='word_1_306' title='bbox 1410 3930 1531 3992; x_wconf 90' lang='lat' dir='ltr'><strong>post</strong></span> <span class='ocrx_word' id='word_1_307' title='bbox 1573 3922 1729 3991; x_wconf 71' lang='lat' dir='ltr'><strong>erit‘,</strong></span> <span class='ocrx_word' id='word_1_308' title='bbox 1769 3900 2087 3995; x_wconf 32' lang='lat' dir='ltr'><strong>utnec—care</strong></span> 
     </span>
    </p>
   </div>
   <div class='ocr_carea' id='block_1_41' title="bbox 498 4010 1066 4083">
    <p class='ocr_par' dir='ltr' id='par_1_41' title="bbox 498 4010 1066 4083">
     <span class='ocr_line' id='line_1_41' title="bbox 498 4010 1066 4083; baseline -0.004 -16"><span class='ocrx_word' id='word_1_309' title='bbox 498 4013 718 4081; x_wconf 84' lang='lat' dir='ltr'><strong>omnino</strong></span> <span class='ocrx_word' id='word_1_310' title='bbox 746 4027 849 4066; x_wconf 90' lang='lat' dir='ltr'><strong>non</strong></span> <span class='ocrx_word' id='word_1_311' title='bbox 878 4010 1066 4083; x_wconf 90' lang='lat' dir='ltr'><strong>possit.</strong></span> 
     </span>
    </p>
   </div>
   <div class='ocr_carea' id='block_1_42' title="bbox 573 4101 2084 4162">
    <p class='ocr_par' dir='ltr' id='par_1_42' title="bbox 573 4101 2084 4162">
     <span class='ocr_line' id='line_1_42' title="bbox 573 4101 2084 4162; baseline 0.002 -3"><span class='ocrx_word' id='word_1_312' title='bbox 573 4102 803 4160; x_wconf 81' lang='lat' dir='ltr'><strong>CAPUT</strong></span> <span class='ocrx_word' id='word_1_313' title='bbox 842 4101 931 4157; x_wconf 81' lang='lat' dir='ltr'><strong>IV.</strong></span> <span class='ocrx_word' id='word_1_314' title='bbox 959 4132 1032 4144; x_wconf 90' lang='lat'><strong><em>—</em></strong></span> <span class='ocrx_word' id='word_1_315' title='bbox 1058 4101 1111 4158; x_wconf 89' lang='lat'><strong>6.</strong></span> <span class='ocrx_word' id='word_1_316' title='bbox 1144 4101 1412 4159; x_wconf 83' lang='lat' dir='ltr'><strong>Calumnia</strong></span> <span class='ocrx_word' id='word_1_317' title='bbox 1440 4104 1503 4159; x_wconf 90' lang='lat' dir='ltr'><strong>de</strong></span> <span class='ocrx_word' id='word_1_318' title='bbox 1520 4106 1671 4160; x_wconf 78' lang='lat' dir='ltr'><strong>veteri</strong></span> <span class='ocrx_word' id='word_1_319' title='bbox 1702 4105 2084 4162; x_wconf 86' lang='lat' dir='ltr'><strong>Testamentoet</strong></span> 
     </span>
    </p>
   </div>
   <div class='ocr_carea' id='block_1_43' title="bbox 498 4191 2084 4269">
    <p class='ocr_par' dir='ltr' id='par_1_43' title="bbox 498 4191 2084 4269">
     <span class='ocr_line' id='line_1_43' title="bbox 498 4191 2084 4269; baseline 0.005 -22"><span class='ocrx_word' id='word_1_320' title='bbox 498 4194 720 4264; x_wconf 88' lang='lat' dir='ltr'><strong>antiquis</strong></span> <span class='ocrx_word' id='word_1_321' title='bbox 732 4194 908 4262; x_wconf 88' lang='lat' dir='ltr'><strong>justis.</strong></span> <span class='ocrx_word' id='word_1_322' title='bbox 948 4191 1098 4248; x_wconf 81' lang='lat' dir='ltr'><strong>Vetus</strong></span> <span class='ocrx_word' id='word_1_323' title='bbox 1133 4193 1502 4250; x_wconf 86' lang='lat' dir='ltr'><strong>Testamentum</strong></span> <span class='ocrx_word' id='word_1_324' title='bbox 1539 4198 1707 4269; x_wconf 78' lang='lat' dir='ltr'><strong>figura</strong></span> <span class='ocrx_word' id='word_1_325' title='bbox 1733 4200 1868 4254; x_wconf 75' lang='lat' dir='ltr'><strong>novi.</strong></span> <span class='ocrx_word' id='word_1_326' title='bbox 1902 4200 2084 4256; x_wconf 82' lang='lat' dir='ltr'><strong>Sancti</strong></span> 
     </span>
    </p>
   </div>
   <div class='ocr_carea' id='block_1_44' title="bbox 497 4282 2082 4365">
    <p class='ocr_par' dir='ltr' id='par_1_44' title="bbox 497 4282 2082 4365">
     <span class='ocr_line' id='line_1_44' title="bbox 497 4282 2082 4365; baseline 0.004 -26"><span class='ocrx_word' id='word_1_327' title='bbox 497 4287 673 4339; x_wconf 70' lang='lat' dir='ltr'><strong>veteris</strong></span> <span class='ocrx_word' id='word_1_328' title='bbox 704 4282 1002 4338; x_wconf 81' lang='lat' dir='ltr'><strong>Testamenti</strong></span> <span class='ocrx_word' id='word_1_329' title='bbox 1158 4300 1341 4339; x_wconf 81' lang='lat' dir='ltr'><strong>nouum</strong></span> <span class='ocrx_word' id='word_1_330' title='bbox 1387 4288 1653 4356; x_wconf 86' lang='lat' dir='ltr'><strong>pertinent.</strong></span> <span class='ocrx_word' id='word_1_331' title='bbox 1684 4288 1886 4356; x_wconf 86' lang='lat' dir='ltr'><strong>Quibus</strong></span> <span class='ocrx_word' id='word_1_332' title='bbox 1915 4290 1985 4344; x_wconf 86' lang='lat' dir='ltr'><strong>ita</strong></span> <span class='ocrx_word' id='word_1_333' title='bbox 2021 4306 2082 4347; x_wconf 81' lang='lat' dir='ltr'><strong>se</strong></span> 
     </span>
    </p>
   </div>
   <div class='ocr_carea' id='block_1_45' title="bbox 501 4373 2084 4453">
    <p class='ocr_par' dir='ltr' id='par_1_45' title="bbox 501 4373 2084 4453">
     <span class='ocr_line' id='line_1_45' title="bbox 501 4373 2084 4453; baseline 0.006 -25"><span class='ocrx_word' id='word_1_334' title='bbox 501 4374 838 4442; x_wconf 85' lang='lat' dir='ltr'><strong>habentibus,</strong></span> <span class='ocrx_word' id='word_1_335' title='bbox 867 4390 932 4431; x_wconf 80' lang='lat' dir='ltr'><strong>ex</strong></span> <span class='ocrx_word' id='word_1_336' title='bbox 956 4373 1038 4429; x_wconf 90' lang='lat' dir='ltr'><strong>his</strong></span> <span class='ocrx_word' id='word_1_337' title='bbox 1058 4375 1216 4430; x_wconf 88' lang='lat' dir='ltr'><strong>etiam</strong></span> <span class='ocrx_word' id='word_1_338' title='bbox 1238 4377 1323 4430; x_wconf 86' lang='lat' dir='ltr'><strong>illa</strong></span> <span class='ocrx_word' id='word_1_339' title='bbox 1349 4392 1469 4448; x_wconf 79' lang='lat' dir='ltr'><strong>qua:</strong></span> <span class='ocrx_word' id='word_1_340' title='bbox 1497 4378 1750 4449; x_wconf 81' lang='lat' dir='ltr'><strong>deinceps</strong></span> <span class='ocrx_word' id='word_1_341' title='bbox 1771 4381 1923 4437; x_wconf 90' lang='lat' dir='ltr'><strong>nobis</strong></span> <span class='ocrx_word' id='word_1_342' title='bbox 1947 4381 2084 4453; x_wconf 86' lang='lat' dir='ltr'><strong>obji-</strong></span> 
     </span>
    </p>
   </div>
   <div class='ocr_carea' id='block_1_46' title="bbox 495 4466 2078 4543">
    <p class='ocr_par' dir='ltr' id='par_1_46' title="bbox 495 4466 2078 4543">
     <span class='ocr_line' id='line_1_46' title="bbox 495 4466 2078 4543; baseline 0.004 -22"><span class='ocrx_word' id='word_1_343' title='bbox 495 4468 644 4521; x_wconf 86' lang='lat' dir='ltr'><strong>ciunt</strong></span> <span class='ocrx_word' id='word_1_344' title='bbox 671 4466 1002 4523; x_wconf 80' lang='lat' dir='ltr'><strong>reielluntur.</strong></span> <span class='ocrx_word' id='word_1_345' title='bbox 1042 4468 1170 4534; x_wconf 84' lang='lat' dir='ltr'><strong>Quis</strong></span> <span class='ocrx_word' id='word_1_346' title='bbox 1213 4468 1353 4522; x_wconf 89' lang='lat' dir='ltr'><strong>enim</strong></span> <span class='ocrx_word' id='word_1_347' title='bbox 1383 4469 1679 4525; x_wconf 83' lang='lat' dir='ltr'><strong>catholicus</strong></span> <span class='ocrx_word' id='word_1_348' title='bbox 1714 4470 1894 4539; x_wconf 89' lang='lat' dir='ltr'><strong>dicat,</strong></span> <span class='ocrx_word' id='word_1_349' title='bbox 1937 4473 2078 4543; x_wconf 90' lang='lat' dir='ltr'><strong>quod</strong></span> 
     </span>
    </p>
   </div>
   <div class='ocr_carea' id='block_1_47' title="bbox 498 4556 2078 4634">
    <p class='ocr_par' dir='ltr' id='par_1_47' title="bbox 498 4556 2078 4634">
     <span class='ocr_line' id='line_1_47' title="bbox 498 4556 2078 4634; baseline 0.007 -23"><span class='ocrx_word' id='word_1_350' title='bbox 498 4572 596 4612; x_wconf 90' lang='lat' dir='ltr'><strong>nos</strong></span> <span class='ocrx_word' id='word_1_351' title='bbox 622 4556 801 4612; x_wconf 88' lang='lat' dir='ltr'><strong>dicere</strong></span> <span class='ocrx_word' id='word_1_352' title='bbox 823 4557 1068 4628; x_wconf 84' lang='lat' dir='ltr'><strong>jactitanl.</strong></span> <span class='ocrx_word' id='word_1_353' title='bbox 1091 4600 1106 4626; x_wconf 91' lang='lat'><strong>,</strong></span> <span class='ocrx_word' id='word_1_354' title='bbox 1152 4576 1172 4610; x_wconf 74' lang='grc' dir='ltr'><strong>ι</strong></span> <span class='ocrx_word' id='word_1_355' title='bbox 1204 4558 1732 4628; x_wconf 69' lang='grc' dir='ltr'><strong>ερὶτὶιιιιιιεαηοωηι</strong></span> <span class='ocrx_word' id='word_1_356' title='bbox 1776 4563 2078 4634; x_wconf 76' lang='lat' dir='ltr'><strong>adiutorem</strong></span> 
     </span>
    </p>
   </div>
   <div class='ocr_carea' id='block_1_48' title="bbox 444 4647 2075 4724">
    <p class='ocr_par' dir='ltr' id='par_1_48' title="bbox 444 4647 2075 4724">
     <span class='ocr_line' id='line_1_48' title="bbox 444 4647 2075 4724; baseline 0.008 -24"><span class='ocrx_word' id='word_1_357' title='bbox 444 4716 450 4724; x_wconf 30' lang='lat'><em>.</em></span> <span class='ocrx_word' id='word_1_358' title='bbox 497 4648 708 4703; x_wconf 85' lang='lat' dir='ltr'><strong>virtutis</strong></span> <span class='ocrx_word' id='word_1_359' title='bbox 749 4647 800 4700; x_wconf 90' lang='lat' dir='ltr'><strong>in</strong></span> <span class='ocrx_word' id='word_1_360' title='bbox 831 4647 996 4702; x_wconf 86' lang='lat' dir='ltr'><strong>veteri</strong></span> <span class='ocrx_word' id='word_1_361' title='bbox 1022 4647 1368 4705; x_wconf 78' lang='lat' dir='ltr'><strong>Testamento</strong></span> <span class='ocrx_word' id='word_1_362' title='bbox 1398 4665 1503 4706; x_wconf 91' lang='lat' dir='ltr'><strong>non</strong></span> <span class='ocrx_word' id='word_1_363' title='bbox 1531 4651 1726 4719; x_wconf 74' lang='lat' dir='ltr'><strong>fuisse;</strong></span> <span class='ocrx_word' id='word_1_364' title='bbox 1764 4674 1789 4708; x_wconf 59' lang='grc' dir='ltr'><strong>η»</strong></span> <span class='ocrx_word' id='word_1_365' title='bbox 1828 4656 1928 4712; x_wconf 91' lang='lat' dir='ltr'><strong>nisi</strong></span> <span class='ocrx_word' id='word_1_366' title='bbox 1956 4672 2075 4713; x_wconf 92' lang='lat' dir='ltr'><strong>cum</strong></span> 
     </span>
    </p>
   </div>
   <div class='ocr_carea' id='block_1_49' title="bbox 494 4739 2074 4815">
    <p class='ocr_par' dir='ltr' id='par_1_49' title="bbox 494 4739 2074 4815">
     <span class='ocr_line' id='line_1_49' title="bbox 494 4739 2074 4815; baseline 0.008 -23"><span class='ocrx_word' id='word_1_367' title='bbox 494 4749 645 4796; x_wconf 88' lang='lat' dir='ltr'><strong>vetus</strong></span> <span class='ocrx_word' id='word_1_368' title='bbox 670 4739 1068 4803; x_wconf 82' lang='lat' dir='ltr'><strong>Testamentum</strong></span> <span class='ocrx_word' id='word_1_369' title='bbox 1104 4741 1183 4795; x_wconf 89' lang='lat' dir='ltr'><strong>sic</strong></span> <span class='ocrx_word' id='word_1_370' title='bbox 1210 4741 1587 4813; x_wconf 80' lang='lat' dir='ltr'><strong>intelligimus,</strong></span> <span class='ocrx_word' id='word_1_371' title='bbox 1627 4747 2074 4815; x_wconf 76' lang='lat' dir='ltr'><strong>quemadmodum</strong></span> 
     </span>
    </p>
   </div>
   <div class='ocr_carea' id='block_1_50' title="bbox 494 4830 2075 4909">
    <p class='ocr_par' dir='ltr' id='par_1_50' title="bbox 494 4830 2075 4909">
     <span class='ocr_line' id='line_1_50' title="bbox 494 4830 2075 4909; baseline 0.006 -24"><span class='ocrx_word' id='word_1_372' title='bbox 494 4831 783 4901; x_wconf 79' lang='lat' dir='ltr'><strong>Apostolus</strong></span> <span class='ocrx_word' id='word_1_373' title='bbox 810 4830 978 4896; x_wconf 84' lang='lat' dir='ltr'><strong>dixit,</strong></span> <span class='ocrx_word' id='word_1_374' title='bbox 1018 4831 1062 4884; x_wconf 80' lang='grc' dir='ltr'><em>Α</em></span> <span class='ocrx_word' id='word_1_375' title='bbox 1095 4841 1265 4885; x_wconf 84' lang='lat' dir='ltr'><strong>monte</strong></span> <span class='ocrx_word' id='word_1_376' title='bbox 1289 4831 1418 4887; x_wconf 88' lang='lat' dir='ltr'><strong>Sina</strong></span> <span class='ocrx_word' id='word_1_377' title='bbox 1442 4833 1493 4887; x_wconf 89' lang='lat' dir='ltr'><strong>in</strong></span> <span class='ocrx_word' id='word_1_378' title='bbox 1522 4836 1802 4891; x_wconf 77' lang='lat' dir='ltr'><strong>servitutem</strong></span> <span class='ocrx_word' id='word_1_379' title='bbox 1819 4855 2075 4909; x_wconf 70' lang='lat' dir='ltr'><strong>generatis</strong></span> 
     </span>
    </p>
   </div>
   <div class='ocr_carea' id='block_1_51' title="bbox 492 4920 2075 4997">
    <p class='ocr_par' dir='ltr' id='par_1_51' title="bbox 492 4920 2075 4997">
     <span class='ocr_line' id='line_1_51' title="bbox 492 4920 2075 4997; baseline 0.006 -22"><span class='ocrx_word' id='word_1_380' title='bbox 492 4921 687 4992; x_wconf 78' lang='lat' dir='ltr'><strong>(Gaiat.</strong></span> <span class='ocrx_word' id='word_1_381' title='bbox 728 4937 784 4976; x_wconf 79' lang='lat' dir='ltr'><strong>IV</strong></span> <span class='ocrx_word' id='word_1_382' title='bbox 805 4964 819 4987; x_wconf 88' lang='lat'><strong>,</strong></span> <span class='ocrx_word' id='word_1_383' title='bbox 847 4920 979 4993; x_wconf 62' lang='lat'><strong>25)?</strong></span> <span class='ocrx_word' id='word_1_384' title='bbox 1007 4920 1114 4978; x_wconf 85' lang='lat' dir='ltr'><strong>Sed</strong></span> <span class='ocrx_word' id='word_1_385' title='bbox 1154 4922 1278 4992; x_wconf 86' lang='lat' dir='ltr'><strong>quia</strong></span> <span class='ocrx_word' id='word_1_386' title='bbox 1322 4923 1375 4978; x_wconf 89' lang='lat' dir='ltr'><strong>in</strong></span> <span class='ocrx_word' id='word_1_387' title='bbox 1404 4939 1470 4979; x_wconf 91' lang='lat' dir='ltr'><strong>eo</strong></span> <span class='ocrx_word' id='word_1_388' title='bbox 1514 4926 2075 4997; x_wconf 31' lang='lat' dir='ltr'><strong>prteﬁgurabaturtno-</strong></span> 
     </span>
    </p>
   </div>
   <div class='ocr_carea' id='block_1_52' title="bbox 493 5011 2070 5084">
    <p class='ocr_par' dir='ltr' id='par_1_52' title="bbox 493 5011 2070 5084">
     <span class='ocr_line' id='line_1_52' title="bbox 493 5011 2070 5084; baseline 0.007 -20"><span class='ocrx_word' id='word_1_389' title='bbox 493 5028 637 5078; x_wconf 85' lang='lat' dir='ltr'><strong>vum,</strong></span> <span class='ocrx_word' id='word_1_390' title='bbox 664 5012 752 5082; x_wconf 90' lang='lat' dir='ltr'><strong>qui</strong></span> <span class='ocrx_word' id='word_1_391' title='bbox 782 5012 881 5066; x_wconf 88' lang='lat' dir='ltr'><strong>hoc</strong></span> <span class='ocrx_word' id='word_1_392' title='bbox 912 5011 1277 5081; x_wconf 86' lang='lat' dir='ltr'><strong>iutelligebant</strong></span> <span class='ocrx_word' id='word_1_393' title='bbox 1306 5021 1432 5068; x_wconf 90' lang='lat' dir='ltr'><strong>tunc</strong></span> <span class='ocrx_word' id='word_1_394' title='bbox 1458 5013 1701 5072; x_wconf 81' lang='lat' dir='ltr'><strong>homines</strong></span> <span class='ocrx_word' id='word_1_395' title='bbox 1728 5018 1842 5084; x_wconf 88' lang='lat' dir='ltr'><strong>Dei,</strong></span> <span class='ocrx_word' id='word_1_396' title='bbox 1875 5034 2070 5076; x_wconf 85' lang='lat' dir='ltr'><strong>secun-</strong></span> 
     </span>
    </p>
   </div>
   <div class='ocr_carea' id='block_1_53' title="bbox 487 5102 2075 5176">
    <p class='ocr_par' dir='ltr' id='par_1_53' title="bbox 487 5102 2075 5176">
     <span class='ocr_line' id='line_1_53' title="bbox 487 5102 2075 5176; baseline 0.005 -20"><span class='ocrx_word' id='word_1_397' title='bbox 487 5103 615 5163; x_wconf 87' lang='lat' dir='ltr'><strong>dum</strong></span> <span class='ocrx_word' id='word_1_398' title='bbox 639 5102 1067 5157; x_wconf 83' lang='lat' dir='ltr'><strong>distributionem</strong></span> <span class='ocrx_word' id='word_1_399' title='bbox 1090 5112 1409 5172; x_wconf 85' lang='lat' dir='ltr'><strong>temporum,</strong></span> <span class='ocrx_word' id='word_1_400' title='bbox 1438 5105 1863 5176; x_wconf 84' lang='lat' dir='ltr'><strong>veterisquidem</strong></span> <span class='ocrx_word' id='word_1_401' title='bbox 1882 5108 2075 5164; x_wconf 81' lang='lat' dir='ltr'><strong>Testa-</strong></span> 
     </span>
    </p>
   </div>
   <div class='ocr_carea' id='block_1_54' title="bbox 493 5192 2067 5271">
    <p class='ocr_par' dir='ltr' id='par_1_54' title="bbox 493 5192 2067 5271">
     <span class='ocr_line' id='line_1_54' title="bbox 493 5192 2067 5271; baseline 0.006 -24"><span class='ocrx_word' id='word_1_402' title='bbox 493 5194 655 5271; x_wconf 80' lang='lat' dir='ltr'><strong>tuenti</strong></span> <span class='ocrx_word' id='word_1_403' title='bbox 696 5192 1093 5259; x_wconf 83' lang='lat' dir='ltr'><strong>dispensatores</strong></span> <span class='ocrx_word' id='word_1_404' title='bbox 1120 5201 1174 5248; x_wconf 89' lang='lat' dir='ltr'><strong>et</strong></span> <span class='ocrx_word' id='word_1_405' title='bbox 1198 5203 1525 5264; x_wconf 82' lang='lat' dir='ltr'><strong>gestatores,</strong></span> <span class='ocrx_word' id='word_1_406' title='bbox 1566 5197 1662 5253; x_wconf 88' lang='lat' dir='ltr'><strong>sed</strong></span> <span class='ocrx_word' id='word_1_407' title='bbox 1690 5199 1814 5254; x_wconf 87' lang='lat' dir='ltr'><strong>novi</strong></span> <span class='ocrx_word' id='word_1_408' title='bbox 1841 5200 2067 5257; x_wconf 84' lang='lat' dir='ltr'><strong>demon-</strong></span> 
     </span>
    </p>
   </div>
   <div class='ocr_carea' id='block_1_55' title="bbox 548 5366 2070 5440">
    <p class='ocr_par' dir='ltr' id='par_1_55' title="bbox 548 5366 2070 5440">
     <span class='ocr_line' id='line_1_55' title="bbox 548 5366 2070 5440; baseline 0.005 -23"><span class='ocrx_word' id='word_1_409' title='bbox 548 5373 568 5402; x_wconf 81' lang='grc'>¹</span> <span class='ocrx_word' id='word_1_410' title='bbox 597 5368 748 5417; x_wconf 62' lang='lat' dir='ltr'><strong>Ettiti:</strong></span> <span class='ocrx_word' id='word_1_411' title='bbox 803 5374 930 5440; x_wconf 37' lang='lat' dir='ltr'><strong>meo.</strong></span> <span class='ocrx_word' id='word_1_412' title='bbox 962 5370 1031 5440; x_wconf 80' lang='lat' dir='ltr'><strong>cst</strong></span> <span class='ocrx_word' id='word_1_413' title='bbox 1079 5372 1237 5440; x_wconf 67' lang='lat' dir='ltr'><strong>autem</strong></span> <span class='ocrx_word' id='word_1_414' title='bbox 1282 5366 1536 5440; x_wconf 69' lang='lat' dir='ltr'><strong>infirmitas</strong></span> <span class='ocrx_word' id='word_1_415' title='bbox 1586 5384 1604 5421; x_wconf 88' lang='lat'><strong><em>:</em></strong></span> <span class='ocrx_word' id='word_1_416' title='bbox 1642 5375 1884 5440; x_wconf 71' lang='lat' dir='ltr'><strong>pauloque</strong></span> <span class='ocrx_word' id='word_1_417' title='bbox 1931 5386 2070 5440; x_wconf 70' lang='lat' dir='ltr'><strong>post,</strong></span> 
     </span>
    </p>
   </div>
   <div class='ocr_carea' id='block_1_56' title="bbox 488 5428 2074 5491">
    <p class='ocr_par' dir='ltr' id='par_1_56' title="bbox 488 5428 2074 5491">
     <span class='ocr_line' id='line_1_56' title="bbox 488 5428 2074 5491; baseline 0.006 -11"><span class='ocrx_word' id='word_1_418' title='bbox 488 5434 638 5480; x_wconf 73' lang='lat' dir='ltr'><strong>dimec</strong></span> <span class='ocrx_word' id='word_1_419' title='bbox 663 5428 1019 5491; x_wconf 82' lang='lat' dir='ltr'><strong>regeneratione</strong></span> <span class='ocrx_word' id='word_1_420' title='bbox 1051 5428 1150 5476; x_wconf 84' lang='lat' dir='ltr'><strong>alia</strong></span> <span class='ocrx_word' id='word_1_421' title='bbox 1190 5428 1509 5491; x_wconf 62' lang='lat' dir='ltr'><strong>constituetur.</strong></span> <span class='ocrx_word' id='word_1_422' title='bbox 1546 5428 1657 5482; x_wconf 66' lang='lat' dir='ltr'><strong>Mss:</strong></span> <span class='ocrx_word' id='word_1_423' title='bbox 1684 5428 1970 5488; x_wconf 69' lang='lat' dir='ltr'><strong>auctoritate</strong></span> <span class='ocrx_word' id='word_1_424' title='bbox 1993 5428 2074 5491; x_wconf 59' lang='lat' dir='ltr'><strong>re;</strong></span> 
     </span>
    </p>
   </div>
   <div class='ocr_carea' id='block_1_57' title="bbox 491 5486 2067 5559">
    <p class='ocr_par' dir='ltr' id='par_1_57' title="bbox 491 5486 2067 5559">
     <span class='ocr_line' id='line_1_57' title="bbox 491 5486 2067 5559; baseline 0.006 -20"><span class='ocrx_word' id='word_1_425' title='bbox 491 5486 743 5559; x_wconf 61' lang='lat' dir='ltr'><strong>nummus&quot;,</strong></span> <span class='ocrx_word' id='word_1_426' title='bbox 767 5493 853 5559; x_wconf 74' lang='lat' dir='ltr'><strong>est,</strong></span> <span class='ocrx_word' id='word_1_427' title='bbox 874 5495 944 5547; x_wconf 88' lang='lat' dir='ltr'><strong>et,</strong></span> <span class='ocrx_word' id='word_1_428' title='bbox 968 5486 1137 5559; x_wconf 67' lang='lat' dir='ltr'><strong>donec.</strong></span> <span class='ocrx_word' id='word_1_429' title='bbox 1154 5494 1212 5558; x_wconf 44' lang='grc' dir='ltr'><strong>,ιη</strong></span> <span class='ocrx_word' id='word_1_430' title='bbox 1246 5489 1419 5559; x_wconf 73' lang='lat' dir='ltr'><strong>eadem</strong></span> <span class='ocrx_word' id='word_1_431' title='bbox 1438 5496 1683 5544; x_wconf 81' lang='lat' dir='ltr'><strong>sententia</strong></span> <span class='ocrx_word' id='word_1_432' title='bbox 1717 5486 1931 5548; x_wconf 70' lang='lat' dir='ltr'><strong>Vaticani</strong></span> <span class='ocrx_word' id='word_1_433' title='bbox 1951 5486 2067 5549; x_wconf 52' lang='lat' dir='ltr'><strong>sisi.</strong></span> 
     </span>
    </p>
   </div>
   <div class='ocr_carea' id='block_1_58' title="bbox 490 5549 1363 5618">
    <p class='ocr_par' dir='ltr' id='par_1_58' title="bbox 490 5549 1363 5618">
     <span class='ocr_line' id='line_1_58' title="bbox 490 5549 1363 5618; baseline -0.003 -17"><span class='ocrx_word' id='word_1_434' title='bbox 490 5552 673 5618; x_wconf 74' lang='lat' dir='ltr'><strong>terunt,</strong></span> <span class='ocrx_word' id='word_1_435' title='bbox 696 5549 812 5613; x_wconf 83' lang='lat' dir='ltr'><strong>quid</strong></span> <span class='ocrx_word' id='word_1_436' title='bbox 831 5549 1129 5618; x_wconf 61' lang='lat' dir='ltr'><strong>nunctfincat</strong></span> <span class='ocrx_word' id='word_1_437' title='bbox 1147 5549 1199 5598; x_wconf 83' lang='lat' dir='ltr'><strong>in</strong></span> <span class='ocrx_word' id='word_1_438' title='bbox 1211 5549 1363 5618; x_wconf 82' lang='lat' dir='ltr'><strong>nobis.</strong></span> 
     </span>
    </p>
   </div>
   <div class='ocr_carea' id='block_1_59' title="bbox 554 5610 1319 5667">
    <p class='ocr_par' dir='ltr' id='par_1_59' title="bbox 554 5610 1319 5667">
     <span class='ocr_line' id='line_1_59' title="bbox 554 5610 1319 5667; baseline -0.005 -7"><span class='ocrx_word' id='word_1_439' title='bbox 554 5615 574 5645; x_wconf 76' lang='grc'><strong>¹</strong></span> <span class='ocrx_word' id='word_1_440' title='bbox 591 5610 665 5661; x_wconf 86' lang='lat' dir='ltr'><strong>sic</strong></span> <span class='ocrx_word' id='word_1_441' title='bbox 688 5610 792 5660; x_wconf 69' lang='lat' dir='ltr'><strong>uss.</strong></span> <span class='ocrx_word' id='word_1_442' title='bbox 822 5618 877 5658; x_wconf 80' lang='grc' dir='ltr'>Αι</span> <span class='ocrx_word' id='word_1_443' title='bbox 900 5610 1038 5667; x_wconf 88' lang='lat' dir='ltr'><strong>editi,</strong></span> <span class='ocrx_word' id='word_1_444' title='bbox 1055 5616 1319 5667; x_wconf 80' lang='lat' dir='ltr'><strong>peccatum.</strong></span> 
     </span>
    </p>
   </div>
   <div class='ocr_carea' id='block_1_60' title="bbox 552 5667 2069 5737">
    <p class='ocr_par' dir='ltr' id='par_1_60' title="bbox 552 5667 2069 5737">
     <span class='ocr_line' id='line_1_60' title="bbox 552 5667 2069 5737; baseline 0.004 -15"><span class='ocrx_word' id='word_1_445' title='bbox 552 5678 573 5706; x_wconf 81' lang='grc'>³</span> <span class='ocrx_word' id='word_1_446' title='bbox 597 5667 886 5737; x_wconf 74' lang='lat' dir='ltr'><strong>Editi,_solus</strong></span> <span class='ocrx_word' id='word_1_447' title='bbox 909 5667 1247 5737; x_wconf 68' lang='lat' dir='ltr'><strong>verohominis</strong></span> <span class='ocrx_word' id='word_1_448' title='bbox 1265 5678 1395 5720; x_wconf 67' lang='lat' dir='ltr'><strong>truta</strong></span> <span class='ocrx_word' id='word_1_449' title='bbox 1418 5687 1519 5723; x_wconf 68' lang='lat' dir='ltr'><strong>esse</strong></span> <span class='ocrx_word' id='word_1_450' title='bbox 1537 5681 1721 5737; x_wconf 72' lang='lat' dir='ltr'><strong>poterit.</strong></span> <span class='ocrx_word' id='word_1_451' title='bbox 1749 5683 2069 5735; x_wconf 68' lang='lat' dir='ltr'><strong>Emenrlautur</strong></span> 
     </span>
    </p>
   </div>
   <div class='ocr_carea' id='block_1_61' title="bbox 496 5730 1238 5783">
    <p class='ocr_par' dir='ltr' id='par_1_61' title="bbox 496 5730 1238 5783">
     <span class='ocr_line' id='line_1_61' title="bbox 496 5730 1238 5783; baseline 0 -4"><span class='ocrx_word' id='word_1_452' title='bbox 496 5742 520 5774; x_wconf 68' lang='grc' dir='ltr'><strong><em>υ</em></strong></span> <span class='ocrx_word' id='word_1_453' title='bbox 544 5735 687 5783; x_wconf 74' lang='lat' dir='ltr'><strong>t&#39;atic.</strong></span> <span class='ocrx_word' id='word_1_454' title='bbox 704 5732 849 5782; x_wconf 83' lang='lat' dir='ltr'><strong>simul</strong></span> <span class='ocrx_word' id='word_1_455' title='bbox 874 5740 926 5783; x_wconf 90' lang='lat' dir='ltr'><strong>et</strong></span> <span class='ocrx_word' id='word_1_456' title='bbox 948 5730 1105 5781; x_wconf 79' lang='lat' dir='ltr'><strong>Gallic.</strong></span> <span class='ocrx_word' id='word_1_457' title='bbox 1133 5739 1238 5781; x_wconf 80' lang='lat' dir='ltr'><strong>Mss.</strong></span> 
     </span>
    </p>
   </div>
   <div class='ocr_carea' id='block_1_62' title="bbox 1139 308 3133 407">
    <p class='ocr_par' dir='ltr' id='par_1_62' title="bbox 1139 308 3133 407">
     <span class='ocr_line' id='line_1_62' title="bbox 1139 308 3133 407; baseline -0.002 -10"><span class='ocrx_word' id='word_1_458' title='bbox 1139 341 1409 397; x_wconf 57' lang='grc' dir='ltr'>δοκι-ιιι</span> <span class='ocrx_word' id='word_1_459' title='bbox 1452 340 1629 398; x_wconf 63' lang='lat' dir='ltr'><strong>uuas</strong></span> <span class='ocrx_word' id='word_1_460' title='bbox 1667 338 2041 398; x_wconf 76' lang='lat' dir='ltr'><strong>EPISTULAS</strong></span> <span class='ocrx_word' id='word_1_461' title='bbox 2080 308 2630 407; x_wconf 58' lang='lat' dir='ltr'><strong>remensumst,</strong></span> <span class='ocrx_word' id='word_1_462' title='bbox 2667 339 2727 395; x_wconf 92' lang='lat' dir='ltr'><strong>s.</strong></span> <span class='ocrx_word' id='word_1_463' title='bbox 2768 338 3133 398; x_wconf 74' lang='lat' dir='ltr'><strong>AUGUSTINI</strong></span> 
     </span>
    </p>
   </div>
   <div class='ocr_carea' id='block_1_63' title="bbox 3668 338 3775 393">
    <p class='ocr_par' dir='ltr' id='par_1_63' title="bbox 3668 338 3775 393">
     <span class='ocr_line' id='line_1_63' title="bbox 3668 338 3775 393; baseline 0 0"><span class='ocrx_word' id='word_1_464' title='bbox 3668 338 3775 393; x_wconf 54' lang='grc' dir='ltr'><strong>βεδε</strong></span> 
     </span>
    </p>
   </div>
   <div class='ocr_carea' id='block_1_64' title="bbox 2198 448 3774 507">
    <p class='ocr_par' dir='ltr' id='par_1_64' title="bbox 2198 448 3774 507">
     <span class='ocr_line' id='line_1_64' title="bbox 2198 448 3774 507; baseline 0.001 -4"><span class='ocrx_word' id='word_1_465' title='bbox 2198 458 2433 505; x_wconf 88' lang='lat' dir='ltr'><strong>strantur</strong></span> <span class='ocrx_word' id='word_1_466' title='bbox 2460 449 2717 507; x_wconf 60' lang='lat' dir='ltr'><strong>hatredes.</strong></span> <span class='ocrx_word' id='word_1_467' title='bbox 2742 451 2823 506; x_wconf 78' lang='lat' dir='ltr'><strong>An</strong></span> <span class='ocrx_word' id='word_1_468' title='bbox 2851 465 2979 507; x_wconf 85' lang='lat' dir='ltr'><strong>vero</strong></span> <span class='ocrx_word' id='word_1_469' title='bbox 3001 451 3145 505; x_wconf 92' lang='lat' dir='ltr'><strong>illum</strong></span> <span class='ocrx_word' id='word_1_470' title='bbox 3168 448 3235 505; x_wconf 89' lang='lat' dir='ltr'><strong>ad</strong></span> <span class='ocrx_word' id='word_1_471' title='bbox 3260 448 3658 505; x_wconf 72' lang='lat' dir='ltr'><strong>Testamentum</strong></span> <span class='ocrx_word' id='word_1_472' title='bbox 3682 464 3774 505; x_wconf 90' lang='lat' dir='ltr'><strong>no-</strong></span> 
     </span>
    </p>
   </div>
   <div class='ocr_carea' id='block_1_65' title="bbox 2198 540 3772 613">
    <p class='ocr_par' dir='ltr' id='par_1_65' title="bbox 2198 540 3772 613">
     <span class='ocr_line' id='line_1_65' title="bbox 2198 540 3772 613; baseline 0.002 -20"><span class='ocrx_word' id='word_1_473' title='bbox 2198 555 2318 594; x_wconf 90' lang='lat' dir='ltr'><strong>vum</strong></span> <span class='ocrx_word' id='word_1_474' title='bbox 2348 541 2653 611; x_wconf 87' lang='lat' dir='ltr'><strong>negabimus</strong></span> <span class='ocrx_word' id='word_1_475' title='bbox 2683 542 2967 612; x_wconf 83' lang='lat' dir='ltr'><strong>pertinere,</strong></span> <span class='ocrx_word' id='word_1_476' title='bbox 2994 542 3082 613; x_wconf 91' lang='lat' dir='ltr'><strong>qui</strong></span> <span class='ocrx_word' id='word_1_477' title='bbox 3111 540 3257 608; x_wconf 90' lang='lat' dir='ltr'><strong>dicit,</strong></span> <span class='ocrx_word' id='word_1_478' title='bbox 3281 540 3379 596; x_wconf 83' lang='lat' dir='ltr'><strong>Cor</strong></span> <span class='ocrx_word' id='word_1_479' title='bbox 3400 543 3641 596; x_wconf 85' lang='lat' dir='ltr'><strong>mundum</strong></span> <span class='ocrx_word' id='word_1_480' title='bbox 3660 557 3772 596; x_wconf 90' lang='lat' dir='ltr'><strong>crea</strong></span> 
     </span>
    </p>
   </div>
   <div class='ocr_carea' id='block_1_66' title="bbox 2196 632 3773 705">
    <p class='ocr_par' dir='ltr' id='par_1_66' title="bbox 2196 632 3773 705">
     <span class='ocr_line' id='line_1_66' title="bbox 2196 632 3773 705; baseline 0.002 -20"><span class='ocrx_word' id='word_1_481' title='bbox 2196 632 2251 685; x_wconf 90' lang='lat' dir='ltr'><strong>in</strong></span> <span class='ocrx_word' id='word_1_482' title='bbox 2279 649 2384 697; x_wconf 91' lang='lat' dir='ltr'><strong>me,</strong></span> <span class='ocrx_word' id='word_1_483' title='bbox 2416 632 2554 688; x_wconf 84' lang='lat' dir='ltr'><strong>Deus</strong></span> <span class='ocrx_word' id='word_1_484' title='bbox 2578 674 2593 700; x_wconf 91' lang='lat'><strong>,</strong></span> <span class='ocrx_word' id='word_1_485' title='bbox 2634 643 2681 688; x_wconf 91' lang='lat' dir='ltr'><strong>et</strong></span> <span class='ocrx_word' id='word_1_486' title='bbox 2708 635 2939 705; x_wconf 87' lang='lat' dir='ltr'><strong>spiritum</strong></span> <span class='ocrx_word' id='word_1_487' title='bbox 2962 646 3150 690; x_wconf 88' lang='lat' dir='ltr'><strong>rectum</strong></span> <span class='ocrx_word' id='word_1_488' title='bbox 3183 634 3368 689; x_wconf 86' lang='lat' dir='ltr'><strong>innova</strong></span> <span class='ocrx_word' id='word_1_489' title='bbox 3414 636 3466 689; x_wconf 90' lang='lat' dir='ltr'><strong>in</strong></span> <span class='ocrx_word' id='word_1_490' title='bbox 3507 634 3773 689; x_wconf 72' lang='lat' dir='ltr'><strong>uisceribus</strong></span> 
     </span>
    </p>
   </div>
   <div class='ocr_carea' id='block_1_67' title="bbox 2198 723 3773 800">
    <p class='ocr_par' dir='ltr' id='par_1_67' title="bbox 2198 723 3773 800">
     <span class='ocr_line' id='line_1_67' title="bbox 2198 723 3773 800; baseline 0.003 -23"><span class='ocrx_word' id='word_1_491' title='bbox 2198 726 2320 780; x_wconf 85' lang='lat' dir='ltr'><strong>meis</strong></span> <span class='ocrx_word' id='word_1_492' title='bbox 2345 723 2512 798; x_wconf 78' lang='lat' dir='ltr'><strong>(Psal.</strong></span> <span class='ocrx_word' id='word_1_493' title='bbox 2544 741 2608 794; x_wconf 81' lang='grc' dir='ltr'>ι,</span> <span class='ocrx_word' id='word_1_494' title='bbox 2647 726 2779 797; x_wconf 74' lang='lat' dir='ltr'><strong>l2)?</strong></span> <span class='ocrx_word' id='word_1_495' title='bbox 2802 736 2894 783; x_wconf 87' lang='lat' dir='ltr'><strong>aut</strong></span> <span class='ocrx_word' id='word_1_496' title='bbox 2926 727 3073 783; x_wconf 91' lang='lat' dir='ltr'><strong>illum</strong></span> <span class='ocrx_word' id='word_1_497' title='bbox 3102 728 3192 800; x_wconf 91' lang='lat' dir='ltr'><strong>qui</strong></span> <span class='ocrx_word' id='word_1_498' title='bbox 3218 728 3372 798; x_wconf 86' lang='lat' dir='ltr'><strong>dicit,</strong></span> <span class='ocrx_word' id='word_1_499' title='bbox 3417 728 3595 785; x_wconf 89' lang='lat' dir='ltr'><strong>Posuit</strong></span> <span class='ocrx_word' id='word_1_500' title='bbox 3621 745 3773 799; x_wconf 84' lang='lat' dir='ltr'><strong>super</strong></span> 
     </span>
    </p>
   </div>
   <div class='ocr_carea' id='block_1_68' title="bbox 2198 818 3772 891">
    <p class='ocr_par' dir='ltr' id='par_1_68' title="bbox 2198 818 3772 891">
     <span class='ocr_line' id='line_1_68' title="bbox 2198 818 3772 891; baseline 0.003 -21"><span class='ocrx_word' id='word_1_501' title='bbox 2198 826 2391 887; x_wconf 85' lang='lat' dir='ltr'><strong>petram</strong></span> <span class='ocrx_word' id='word_1_502' title='bbox 2417 822 2565 889; x_wconf 90' lang='lat' dir='ltr'><strong>pedes</strong></span> <span class='ocrx_word' id='word_1_503' title='bbox 2591 834 2727 873; x_wconf 89' lang='lat' dir='ltr'><strong>meos</strong></span> <span class='ocrx_word' id='word_1_504' title='bbox 2748 858 2765 885; x_wconf 92' lang='lat'><strong>,</strong></span> <span class='ocrx_word' id='word_1_505' title='bbox 2795 827 2841 873; x_wconf 87' lang='lat' dir='ltr'><strong>et</strong></span> <span class='ocrx_word' id='word_1_506' title='bbox 2862 818 3043 874; x_wconf 67' lang='lat' dir='ltr'><strong>direxit</strong></span> <span class='ocrx_word' id='word_1_507' title='bbox 3069 836 3270 891; x_wconf 85' lang='lat' dir='ltr'><strong>gressus</strong></span> <span class='ocrx_word' id='word_1_508' title='bbox 3294 837 3430 875; x_wconf 89' lang='lat' dir='ltr'><strong>meos</strong></span> <span class='ocrx_word' id='word_1_509' title='bbox 3452 862 3467 887; x_wconf 97' lang='lat'><strong>,</strong></span> <span class='ocrx_word' id='word_1_510' title='bbox 3501 831 3546 874; x_wconf 93' lang='lat' dir='ltr'><strong>et</strong></span> <span class='ocrx_word' id='word_1_511' title='bbox 3568 821 3772 875; x_wconf 78' lang='lat' dir='ltr'><strong>immisit</strong></span> 
     </span>
    </p>
   </div>
   <div class='ocr_carea' id='block_1_69' title="bbox 2196 910 3770 984">
    <p class='ocr_par' dir='ltr' id='par_1_69' title="bbox 2196 910 3770 984">
     <span class='ocr_line' id='line_1_69' title="bbox 2196 910 3770 984; baseline 0.001 -20"><span class='ocrx_word' id='word_1_512' title='bbox 2196 910 2250 964; x_wconf 88' lang='lat' dir='ltr'><strong>in</strong></span> <span class='ocrx_word' id='word_1_513' title='bbox 2296 926 2352 964; x_wconf 89' lang='lat' dir='ltr'><strong>os</strong></span> <span class='ocrx_word' id='word_1_514' title='bbox 2392 927 2557 964; x_wconf 87' lang='lat' dir='ltr'><strong>meum</strong></span> <span class='ocrx_word' id='word_1_515' title='bbox 2601 914 2847 965; x_wconf 87' lang='lat' dir='ltr'><strong>canticum</strong></span> <span class='ocrx_word' id='word_1_516' title='bbox 2896 927 3099 977; x_wconf 83' lang='lat' dir='ltr'><strong>novum,</strong></span> <span class='ocrx_word' id='word_1_517' title='bbox 3151 912 3394 984; x_wconf 79' lang='lat' dir='ltr'><strong>hymnum</strong></span> <span class='ocrx_word' id='word_1_518' title='bbox 3438 912 3546 967; x_wconf 90' lang='lat' dir='ltr'><strong>Deo</strong></span> <span class='ocrx_word' id='word_1_519' title='bbox 3597 923 3770 967; x_wconf 88' lang='lat' dir='ltr'><strong>nostra</strong></span> 
     </span>
    </p>
   </div>
   <div class='ocr_carea' id='block_1_70' title="bbox 2202 997 3769 1071">
    <p class='ocr_par' dir='ltr' id='par_1_70' title="bbox 2202 997 3769 1071">
     <span class='ocr_line' id='line_1_70' title="bbox 2202 997 3769 1071; baseline 0.002 -18"><span class='ocrx_word' id='word_1_520' title='bbox 2202 997 2371 1069; x_wconf 85' lang='lat' dir='ltr'><strong>(Psal.</strong></span> <span class='ocrx_word' id='word_1_521' title='bbox 2403 1016 2577 1055; x_wconf 70' lang='lat' dir='ltr'><strong>usus</strong></span> <span class='ocrx_word' id='word_1_522' title='bbox 2597 1040 2612 1066; x_wconf 97' lang='lat'><strong>,</strong></span> <span class='ocrx_word' id='word_1_523' title='bbox 2644 1003 2679 1057; x_wconf 79' lang='grc'><strong>5</strong></span> <span class='ocrx_word' id='word_1_524' title='bbox 2701 1042 2715 1065; x_wconf 86' lang='grc'>,</span> <span class='ocrx_word' id='word_1_525' title='bbox 2746 1001 2848 1071; x_wconf 68' lang='grc' dir='ltr'><strong>4)ἳ</strong></span> <span class='ocrx_word' id='word_1_526' title='bbox 2885 1002 2970 1057; x_wconf 86' lang='lat' dir='ltr'><strong>vel</strong></span> <span class='ocrx_word' id='word_1_527' title='bbox 3010 1003 3159 1057; x_wconf 89' lang='lat' dir='ltr'><strong>illum</strong></span> <span class='ocrx_word' id='word_1_528' title='bbox 3204 1013 3329 1058; x_wconf 91' lang='lat' dir='ltr'><strong>ante</strong></span> <span class='ocrx_word' id='word_1_529' title='bbox 3372 1003 3414 1056; x_wconf 84' lang='grc' dir='ltr'><strong>Τ</strong></span> <span class='ocrx_word' id='word_1_530' title='bbox 3417 1011 3769 1058; x_wconf 86' lang='lat' dir='ltr'><strong>estamcntum</strong></span> 
     </span>
    </p>
   </div>
   <div class='ocr_carea' id='block_1_71' title="bbox 2153 1093 3773 1166">
    <p class='ocr_par' dir='ltr' id='par_1_71' title="bbox 2153 1093 3773 1166">
     <span class='ocr_line' id='line_1_71' title="bbox 2153 1093 3773 1166; baseline 0.002 -20"><span class='ocrx_word' id='word_1_531' title='bbox 2153 1149 2160 1155; x_wconf 59' lang='grc'><em>,</em></span> <span class='ocrx_word' id='word_1_532' title='bbox 2196 1104 2350 1148; x_wconf 84' lang='lat' dir='ltr'><strong>vetus</strong></span> <span class='ocrx_word' id='word_1_533' title='bbox 2368 1136 2383 1159; x_wconf 92' lang='lat'><strong>,</strong></span> <span class='ocrx_word' id='word_1_534' title='bbox 2410 1093 2551 1164; x_wconf 88' lang='lat' dir='ltr'><strong>quod</strong></span> <span class='ocrx_word' id='word_1_535' title='bbox 2576 1103 2655 1149; x_wconf 89' lang='lat' dir='ltr'><strong>est</strong></span> <span class='ocrx_word' id='word_1_536' title='bbox 2682 1110 2712 1149; x_wconf 91' lang='lat' dir='ltr'><strong>a</strong></span> <span class='ocrx_word' id='word_1_537' title='bbox 2740 1104 2921 1149; x_wconf 90' lang='lat' dir='ltr'><strong>monte</strong></span> <span class='ocrx_word' id='word_1_538' title='bbox 2945 1095 3071 1150; x_wconf 88' lang='lat' dir='ltr'><strong>Sina</strong></span> <span class='ocrx_word' id='word_1_539' title='bbox 3095 1137 3109 1162; x_wconf 89' lang='lat'><strong>,</strong></span> <span class='ocrx_word' id='word_1_540' title='bbox 3152 1106 3356 1166; x_wconf 90' lang='lat' dir='ltr'><strong>patrem</strong></span> <span class='ocrx_word' id='word_1_541' title='bbox 3391 1095 3623 1151; x_wconf 88' lang='lat' dir='ltr'><strong>ﬁdelium</strong></span> <span class='ocrx_word' id='word_1_542' title='bbox 3648 1138 3663 1160; x_wconf 96' lang='lat'><strong>,</strong></span> <span class='ocrx_word' id='word_1_543' title='bbox 3706 1097 3773 1151; x_wconf 82' lang='lat' dir='ltr'><strong>de</strong></span> 
     </span>
    </p>
   </div>
   <div class='ocr_carea' id='block_1_72' title="bbox 2196 1183 3772 1253">
    <p class='ocr_par' dir='ltr' id='par_1_72' title="bbox 2196 1183 3772 1253">
     <span class='ocr_line' id='line_1_72' title="bbox 2196 1183 3772 1253; baseline 0.001 -16"><span class='ocrx_word' id='word_1_544' title='bbox 2196 1199 2301 1253; x_wconf 91' lang='lat' dir='ltr'><strong>quo</strong></span> <span class='ocrx_word' id='word_1_545' title='bbox 2325 1183 2451 1238; x_wconf 91' lang='lat' dir='ltr'><strong>dicit</strong></span> <span class='ocrx_word' id='word_1_546' title='bbox 2471 1185 2780 1253; x_wconf 80' lang='lat' dir='ltr'><strong>Apostolus,</strong></span> <span class='ocrx_word' id='word_1_547' title='bbox 2809 1184 3039 1251; x_wconf 84' lang='lat' dir='ltr'><strong>Fratres,</strong></span> <span class='ocrx_word' id='word_1_548' title='bbox 3065 1187 3343 1241; x_wconf 84' lang='lat' dir='ltr'><strong>secundum</strong></span> <span class='ocrx_word' id='word_1_549' title='bbox 3367 1188 3616 1243; x_wconf 90' lang='lat' dir='ltr'><strong>hominem</strong></span> <span class='ocrx_word' id='word_1_550' title='bbox 3638 1188 3772 1253; x_wconf 87' lang='lat' dir='ltr'><strong>dico,</strong></span> 
     </span>
    </p>
   </div>
   <div class='ocr_carea' id='block_1_73' title="bbox 2198 1274 3774 1343">
    <p class='ocr_par' dir='ltr' id='par_1_73' title="bbox 2198 1274 3774 1343">
     <span class='ocr_line' id='line_1_73' title="bbox 2198 1274 3774 1343; baseline 0.004 -19"><span class='ocrx_word' id='word_1_551' title='bbox 2198 1282 2363 1327; x_wconf 87' lang='lat' dir='ltr'><strong>tamen</strong></span> <span class='ocrx_word' id='word_1_552' title='bbox 2391 1274 2606 1327; x_wconf 85' lang='lat' dir='ltr'><strong>hominis</strong></span> <span class='ocrx_word' id='word_1_553' title='bbox 2631 1276 2980 1343; x_wconf 78' lang='lat' dir='ltr'><strong>conﬁrmatum</strong></span> <span class='ocrx_word' id='word_1_554' title='bbox 3020 1286 3365 1330; x_wconf 81' lang='lat' dir='ltr'><strong>testamentum</strong></span> <span class='ocrx_word' id='word_1_555' title='bbox 3399 1294 3543 1332; x_wconf 87' lang='lat' dir='ltr'><strong>nemo</strong></span> <span class='ocrx_word' id='word_1_556' title='bbox 3577 1278 3774 1332; x_wconf 86' lang='lat' dir='ltr'><strong>irritum</strong></span> 
     </span>
    </p>
   </div>
   <div class='ocr_carea' id='block_1_74' title="bbox 2197 1364 3773 1440">
    <p class='ocr_par' dir='ltr' id='par_1_74' title="bbox 2197 1364 3773 1440">
     <span class='ocr_line' id='line_1_74' title="bbox 2197 1364 3773 1440; baseline 0.004 -22"><span class='ocrx_word' id='word_1_557' title='bbox 2197 1364 2318 1434; x_wconf 79' lang='lat' dir='ltr'><strong>facit</strong></span> <span class='ocrx_word' id='word_1_558' title='bbox 2342 1375 2429 1418; x_wconf 89' lang='lat' dir='ltr'><strong>aut</strong></span> <span class='ocrx_word' id='word_1_559' title='bbox 2456 1368 2827 1437; x_wconf 85' lang='lat' dir='ltr'><strong>superordinat.</strong></span> <span class='ocrx_word' id='word_1_560' title='bbox 2854 1368 3073 1422; x_wconf 68' lang='lat' dir='ltr'><strong>Abrahae</strong></span> <span class='ocrx_word' id='word_1_561' title='bbox 3097 1369 3245 1423; x_wconf 80' lang='lat' dir='ltr'><strong>dicta:</strong></span> <span class='ocrx_word' id='word_1_562' title='bbox 3267 1380 3382 1424; x_wconf 89' lang='lat' dir='ltr'><strong>sunt</strong></span> <span class='ocrx_word' id='word_1_563' title='bbox 3416 1371 3773 1440; x_wconf 86' lang='lat' dir='ltr'><strong>promissiones</strong></span> 
     </span>
    </p>
   </div>
   <div class='ocr_carea' id='block_1_75' title="bbox 2196 1455 3772 1532">
    <p class='ocr_par' dir='ltr' id='par_1_75' title="bbox 2196 1455 3772 1532">
     <span class='ocr_line' id='line_1_75' title="bbox 2196 1455 3772 1532; baseline 0.005 -25"><span class='ocrx_word' id='word_1_564' title='bbox 2196 1463 2242 1507; x_wconf 87' lang='lat' dir='ltr'><strong>et</strong></span> <span class='ocrx_word' id='word_1_565' title='bbox 2268 1455 2446 1510; x_wconf 83' lang='lat' dir='ltr'><strong>semini</strong></span> <span class='ocrx_word' id='word_1_566' title='bbox 2475 1458 2602 1527; x_wconf 85' lang='lat' dir='ltr'><strong>ejus.</strong></span> <span class='ocrx_word' id='word_1_567' title='bbox 2635 1456 2756 1512; x_wconf 88' lang='lat' dir='ltr'><strong>Non</strong></span> <span class='ocrx_word' id='word_1_568' title='bbox 2780 1458 2935 1523; x_wconf 89' lang='lat' dir='ltr'><strong>dicit,</strong></span> <span class='ocrx_word' id='word_1_569' title='bbox 2984 1458 3052 1512; x_wconf 81' lang='lat' dir='ltr'><strong>Et</strong></span> <span class='ocrx_word' id='word_1_570' title='bbox 3080 1460 3360 1514; x_wconf 79' lang='lat' dir='ltr'><strong>seminibus</strong></span> <span class='ocrx_word' id='word_1_571' title='bbox 3382 1503 3397 1527; x_wconf 94' lang='lat'><strong>,</strong></span> <span class='ocrx_word' id='word_1_572' title='bbox 3436 1471 3678 1532; x_wconf 87' lang='lat' dir='ltr'><strong>tanquam</strong></span> <span class='ocrx_word' id='word_1_573' title='bbox 3720 1461 3772 1515; x_wconf 85' lang='lat' dir='ltr'><strong>in</strong></span> 
     </span>
    </p>
   </div>
   <div class='ocr_carea' id='block_1_76' title="bbox 2196 1547 3776 1623">
    <p class='ocr_par' dir='ltr' id='par_1_76' title="bbox 2196 1547 3776 1623">
     <span class='ocr_line' id='line_1_76' title="bbox 2196 1547 3776 1623; baseline 0.004 -22"><span class='ocrx_word' id='word_1_574' title='bbox 2196 1547 2401 1614; x_wconf 88' lang='lat' dir='ltr'><strong>multis;</strong></span> <span class='ocrx_word' id='word_1_575' title='bbox 2444 1550 2532 1603; x_wconf 90' lang='lat' dir='ltr'><strong>sed</strong></span> <span class='ocrx_word' id='word_1_576' title='bbox 2559 1560 2799 1620; x_wconf 82' lang='lat' dir='ltr'><strong>tanquam</strong></span> <span class='ocrx_word' id='word_1_577' title='bbox 2828 1551 2877 1604; x_wconf 86' lang='lat' dir='ltr'><strong>in</strong></span> <span class='ocrx_word' id='word_1_578' title='bbox 2908 1567 3008 1605; x_wconf 89' lang='lat' dir='ltr'><strong>uno</strong></span> <span class='ocrx_word' id='word_1_579' title='bbox 3031 1591 3046 1616; x_wconf 91' lang='lat'><strong>,</strong></span> <span class='ocrx_word' id='word_1_580' title='bbox 3077 1551 3143 1605; x_wconf 83' lang='lat' dir='ltr'><strong>Et</strong></span> <span class='ocrx_word' id='word_1_581' title='bbox 3171 1553 3349 1606; x_wconf 87' lang='lat' dir='ltr'><strong>semini</strong></span> <span class='ocrx_word' id='word_1_582' title='bbox 3375 1561 3460 1606; x_wconf 89' lang='lat' dir='ltr'><strong>tuo</strong></span> <span class='ocrx_word' id='word_1_583' title='bbox 3485 1595 3501 1620; x_wconf 93' lang='lat'><strong>,</strong></span> <span class='ocrx_word' id='word_1_584' title='bbox 3532 1553 3669 1623; x_wconf 87' lang='lat' dir='ltr'><strong>quod</strong></span> <span class='ocrx_word' id='word_1_585' title='bbox 3705 1565 3776 1607; x_wconf 88' lang='lat' dir='ltr'><strong>est</strong></span> 
     </span>
    </p>
   </div>
   <div class='ocr_carea' id='block_1_77' title="bbox 2196 1636 3775 1715">
    <p class='ocr_par' dir='ltr' id='par_1_77' title="bbox 2196 1636 3775 1715">
     <span class='ocr_line' id='line_1_77' title="bbox 2196 1636 3775 1715; baseline 0.003 -21"><span class='ocrx_word' id='word_1_586' title='bbox 2196 1636 2445 1694; x_wconf 84' lang='lat' dir='ltr'><strong>Christus.</strong></span> <span class='ocrx_word' id='word_1_587' title='bbox 2475 1637 2588 1693; x_wconf 90' lang='lat' dir='ltr'><strong>Hoc</strong></span> <span class='ocrx_word' id='word_1_588' title='bbox 2614 1651 2780 1694; x_wconf 87' lang='lat' dir='ltr'><strong>autem</strong></span> <span class='ocrx_word' id='word_1_589' title='bbox 2804 1640 2937 1706; x_wconf 86' lang='lat' dir='ltr'><strong>dico,</strong></span> <span class='ocrx_word' id='word_1_590' title='bbox 2968 1642 3156 1712; x_wconf 81' lang='lat' dir='ltr'><strong>inquit,</strong></span> <span class='ocrx_word' id='word_1_591' title='bbox 3189 1641 3558 1697; x_wconf 79' lang='lat' dir='ltr'><strong>Testamentum</strong></span> <span class='ocrx_word' id='word_1_592' title='bbox 3589 1645 3775 1715; x_wconf 66' lang='lat' dir='ltr'><strong>conﬁr-</strong></span> 
     </span>
    </p>
   </div>
   <div class='ocr_carea' id='block_1_78' title="bbox 2197 1729 3779 1804">
    <p class='ocr_par' dir='ltr' id='par_1_78' title="bbox 2197 1729 3779 1804">
     <span class='ocr_line' id='line_1_78' title="bbox 2197 1729 3779 1804; baseline 0.004 -23"><span class='ocrx_word' id='word_1_593' title='bbox 2197 1738 2387 1782; x_wconf 87' lang='lat' dir='ltr'><strong>matum</strong></span> <span class='ocrx_word' id='word_1_594' title='bbox 2414 1746 2446 1782; x_wconf 91' lang='lat' dir='ltr'><strong>a</strong></span> <span class='ocrx_word' id='word_1_595' title='bbox 2473 1729 2583 1783; x_wconf 87' lang='lat' dir='ltr'><strong>Deo</strong></span> <span class='ocrx_word' id='word_1_596' title='bbox 2602 1771 2618 1796; x_wconf 94' lang='lat'><strong>,</strong></span> <span class='ocrx_word' id='word_1_597' title='bbox 2651 1747 2764 1801; x_wconf 82' lang='lat' dir='ltr'><strong>qua:</strong></span> <span class='ocrx_word' id='word_1_598' title='bbox 2794 1741 2906 1801; x_wconf 86' lang='lat' dir='ltr'><strong>post</strong></span> <span class='ocrx_word' id='word_1_599' title='bbox 2944 1732 3338 1803; x_wconf 83' lang='lat' dir='ltr'><strong>quadringentos</strong></span> <span class='ocrx_word' id='word_1_600' title='bbox 3367 1743 3413 1787; x_wconf 91' lang='lat' dir='ltr'><strong>et</strong></span> <span class='ocrx_word' id='word_1_601' title='bbox 3441 1734 3648 1804; x_wconf 88' lang='lat' dir='ltr'><strong>triginta</strong></span> <span class='ocrx_word' id='word_1_602' title='bbox 3683 1751 3779 1788; x_wconf 85' lang='lat' dir='ltr'><strong>an-</strong></span> 
     </span>
    </p>
   </div>
   <div class='ocr_carea' id='block_1_79' title="bbox 2195 1818 3777 1891">
    <p class='ocr_par' dir='ltr' id='par_1_79' title="bbox 2195 1818 3777 1891">
     <span class='ocr_line' id='line_1_79' title="bbox 2195 1818 3777 1891; baseline 0.004 -20"><span class='ocrx_word' id='word_1_603' title='bbox 2195 1834 2288 1872; x_wconf 90' lang='lat' dir='ltr'><strong>nos</strong></span> <span class='ocrx_word' id='word_1_604' title='bbox 2324 1821 2461 1890; x_wconf 77' lang='lat' dir='ltr'><strong>facta</strong></span> <span class='ocrx_word' id='word_1_605' title='bbox 2493 1829 2567 1873; x_wconf 90' lang='lat' dir='ltr'><strong>est</strong></span> <span class='ocrx_word' id='word_1_606' title='bbox 2594 1818 2799 1889; x_wconf 47' lang='lat' dir='ltr'><strong>(canon</strong></span> <span class='ocrx_word' id='word_1_607' title='bbox 2826 1820 3051 1889; x_wconf 82' lang='lat' dir='ltr'><strong>inﬁrmat</strong></span> <span class='ocrx_word' id='word_1_608' title='bbox 3086 1820 3154 1873; x_wconf 86' lang='lat' dir='ltr'><strong>ad</strong></span> <span class='ocrx_word' id='word_1_609' title='bbox 3183 1822 3523 1876; x_wconf 87' lang='lat' dir='ltr'><strong>evacuandam</strong></span> <span class='ocrx_word' id='word_1_610' title='bbox 3549 1825 3777 1891; x_wconf 60' lang='lat' dir='ltr'><strong>promis-</strong></span> 
     </span>
    </p>
   </div>
   <div class='ocr_carea' id='block_1_80' title="bbox 2194 1907 3777 1985">
    <p class='ocr_par' dir='ltr' id='par_1_80' title="bbox 2194 1907 3777 1985">
     <span class='ocr_line' id='line_1_80' title="bbox 2194 1907 3777 1985; baseline 0.006 -24"><span class='ocrx_word' id='word_1_611' title='bbox 2194 1907 2406 1962; x_wconf 88' lang='lat' dir='ltr'><strong>sionem.</strong></span> <span class='ocrx_word' id='word_1_612' title='bbox 2436 1908 2499 1964; x_wconf 89' lang='lat' dir='ltr'><strong>Si</strong></span> <span class='ocrx_word' id='word_1_613' title='bbox 2526 1908 2659 1963; x_wconf 85' lang='lat' dir='ltr'><strong>euim</strong></span> <span class='ocrx_word' id='word_1_614' title='bbox 2701 1926 2763 1963; x_wconf 72' lang='lat' dir='ltr'><strong>ex</strong></span> <span class='ocrx_word' id='word_1_615' title='bbox 2788 1910 2896 1981; x_wconf 85' lang='lat' dir='ltr'><strong>lege</strong></span> <span class='ocrx_word' id='word_1_616' title='bbox 2934 1912 3231 1980; x_wconf 76' lang='lat' dir='ltr'><strong>hwreditas,</strong></span> <span class='ocrx_word' id='word_1_617' title='bbox 3262 1914 3379 1983; x_wconf 85' lang='lat' dir='ltr'><strong>jam</strong></span> <span class='ocrx_word' id='word_1_618' title='bbox 3420 1929 3519 1967; x_wconf 90' lang='lat' dir='ltr'><strong>non</strong></span> <span class='ocrx_word' id='word_1_619' title='bbox 3558 1932 3621 1969; x_wconf 81' lang='lat' dir='ltr'><strong>ex</strong></span> <span class='ocrx_word' id='word_1_620' title='bbox 3658 1932 3777 1985; x_wconf 82' lang='lat' dir='ltr'><strong>pro-</strong></span> 
     </span>
    </p>
   </div>
   <div class='ocr_carea' id='block_1_81' title="bbox 2196 1997 3773 2073">
    <p class='ocr_par' dir='ltr' id='par_1_81' title="bbox 2196 1997 3773 2073">
     <span class='ocr_line' id='line_1_81' title="bbox 2196 1997 3773 2073; baseline 0.006 -23"><span class='ocrx_word' id='word_1_621' title='bbox 2196 1998 2430 2053; x_wconf 85' lang='lat' dir='ltr'><strong>missione</strong></span> <span class='ocrx_word' id='word_1_622' title='bbox 2473 2013 2493 2054; x_wconf 89' lang='lat'><strong><em>:</em></strong></span> <span class='ocrx_word' id='word_1_623' title='bbox 2531 1997 2750 2053; x_wconf 82' lang='lat' dir='ltr'><strong>Abrahtc</strong></span> <span class='ocrx_word' id='word_1_624' title='bbox 2792 2010 2961 2055; x_wconf 85' lang='lat' dir='ltr'><strong>autem</strong></span> <span class='ocrx_word' id='word_1_625' title='bbox 3006 2016 3097 2072; x_wconf 86' lang='lat' dir='ltr'><strong>per</strong></span> <span class='ocrx_word' id='word_1_626' title='bbox 3138 2004 3523 2073; x_wconf 83' lang='lat' dir='ltr'><strong>promissionem</strong></span> <span class='ocrx_word' id='word_1_627' title='bbox 3567 2006 3773 2059; x_wconf 82' lang='lat' dir='ltr'><strong>donavit</strong></span> 
     </span>
    </p>
   </div>
   <div class='ocr_carea' id='block_1_82' title="bbox 2196 2086 2353 2142">
    <p class='ocr_par' dir='ltr' id='par_1_82' title="bbox 2196 2086 2353 2142">
     <span class='ocr_line' id='line_1_82' title="bbox 2196 2086 2353 2142; baseline 0.006 -1"><span class='ocrx_word' id='word_1_628' title='bbox 2196 2086 2353 2142; x_wconf 87' lang='lat' dir='ltr'><strong>Deus.</strong></span> 
     </span>
    </p>
   </div>
   <div class='ocr_carea' id='block_1_83' title="bbox 2267 2182 3777 2256">
    <p class='ocr_par' dir='ltr' id='par_1_83' title="bbox 2267 2182 3777 2256">
     <span class='ocr_line' id='line_1_83' title="bbox 2267 2182 3777 2256; baseline 0.006 -21"><span class='ocrx_word' id='word_1_629' title='bbox 2267 2182 2320 2236; x_wconf 87' lang='lat'><strong>7.</strong></span> <span class='ocrx_word' id='word_1_630' title='bbox 2354 2183 2450 2238; x_wconf 91' lang='lat' dir='ltr'><strong>llic</strong></span> <span class='ocrx_word' id='word_1_631' title='bbox 2476 2194 2621 2239; x_wconf 91' lang='lat' dir='ltr'><strong>certe</strong></span> <span class='ocrx_word' id='word_1_632' title='bbox 2650 2185 2693 2240; x_wconf 91' lang='lat' dir='ltr'><strong>si</strong></span> <span class='ocrx_word' id='word_1_633' title='bbox 2722 2200 3053 2256; x_wconf 72' lang='lat' dir='ltr'><strong>quzeramus,</strong></span> <span class='ocrx_word' id='word_1_634' title='bbox 3098 2195 3276 2242; x_wconf 91' lang='lat' dir='ltr'><strong>utrum</strong></span> <span class='ocrx_word' id='word_1_635' title='bbox 3317 2187 3421 2243; x_wconf 89' lang='lat' dir='ltr'><strong>hoc</strong></span> <span class='ocrx_word' id='word_1_636' title='bbox 3458 2188 3777 2244; x_wconf 84' lang='lat' dir='ltr'><strong>Testamen-</strong></span> 
     </span>
    </p>
   </div>
   <div class='ocr_carea' id='block_1_84' title="bbox 2198 2274 3775 2344">
    <p class='ocr_par' dir='ltr' id='par_1_84' title="bbox 2198 2274 3775 2344">
     <span class='ocr_line' id='line_1_84' title="bbox 2198 2274 3775 2344; baseline 0.004 -17"><span class='ocrx_word' id='word_1_637' title='bbox 2198 2283 2306 2327; x_wconf 92' lang='lat' dir='ltr'><strong>tum</strong></span> <span class='ocrx_word' id='word_1_638' title='bbox 2328 2315 2343 2342; x_wconf 96' lang='lat'><strong>,</strong></span> <span class='ocrx_word' id='word_1_639' title='bbox 2373 2274 2516 2344; x_wconf 89' lang='lat' dir='ltr'><strong>quod</strong></span> <span class='ocrx_word' id='word_1_640' title='bbox 2541 2275 2670 2330; x_wconf 90' lang='lat' dir='ltr'><strong>dicit</strong></span> <span class='ocrx_word' id='word_1_641' title='bbox 2694 2276 3064 2332; x_wconf 89' lang='lat' dir='ltr'><strong>conﬁrmatum</strong></span> <span class='ocrx_word' id='word_1_642' title='bbox 3095 2293 3126 2333; x_wconf 85' lang='lat' dir='ltr'><strong>a</strong></span> <span class='ocrx_word' id='word_1_643' title='bbox 3156 2279 3266 2334; x_wconf 88' lang='lat' dir='ltr'><strong>Deo</strong></span> <span class='ocrx_word' id='word_1_644' title='bbox 3296 2294 3402 2334; x_wconf 91' lang='lat' dir='ltr'><strong>non</strong></span> <span class='ocrx_word' id='word_1_645' title='bbox 3447 2278 3703 2334; x_wconf 90' lang='lat' dir='ltr'><strong>inﬁrmari</strong></span> <span class='ocrx_word' id='word_1_646' title='bbox 3745 2294 3775 2334; x_wconf 85' lang='lat' dir='ltr'><strong>a</strong></span> 
     </span>
    </p>
   </div>
   <div class='ocr_carea' id='block_1_85' title="bbox 2197 2365 3778 2441">
    <p class='ocr_par' dir='ltr' id='par_1_85' title="bbox 2197 2365 3778 2441">
     <span class='ocr_line' id='line_1_85' title="bbox 2197 2365 3778 2441; baseline 0.004 -21"><span class='ocrx_word' id='word_1_647' title='bbox 2197 2365 2315 2436; x_wconf 84' lang='lat' dir='ltr'><strong>lege</strong></span> <span class='ocrx_word' id='word_1_648' title='bbox 2340 2382 2458 2435; x_wconf 72' lang='lat' dir='ltr'><strong>qua:</strong></span> <span class='ocrx_word' id='word_1_649' title='bbox 2483 2376 2603 2436; x_wconf 90' lang='lat' dir='ltr'><strong>post</strong></span> <span class='ocrx_word' id='word_1_650' title='bbox 2634 2368 3050 2438; x_wconf 84' lang='lat' dir='ltr'><strong>quadringentos</strong></span> <span class='ocrx_word' id='word_1_651' title='bbox 3084 2378 3141 2425; x_wconf 90' lang='lat' dir='ltr'><strong>et</strong></span> <span class='ocrx_word' id='word_1_652' title='bbox 3179 2371 3391 2441; x_wconf 89' lang='lat' dir='ltr'><strong>triginta</strong></span> <span class='ocrx_word' id='word_1_653' title='bbox 3433 2386 3603 2427; x_wconf 89' lang='lat' dir='ltr'><strong>annos</strong></span> <span class='ocrx_word' id='word_1_654' title='bbox 3639 2371 3778 2427; x_wconf 79' lang='lat' dir='ltr'><strong>facta</strong></span> 
     </span>
    </p>
   </div>
   <div class='ocr_carea' id='block_1_86' title="bbox 2195 2462 3779 2535">
    <p class='ocr_par' dir='ltr' id='par_1_86' title="bbox 2195 2462 3779 2535">
     <span class='ocr_line' id='line_1_86' title="bbox 2195 2462 3779 2535; baseline 0.005 -23"><span class='ocrx_word' id='word_1_655' title='bbox 2195 2466 2300 2524; x_wconf 87' lang='lat' dir='ltr'><strong>est,</strong></span> <span class='ocrx_word' id='word_1_656' title='bbox 2331 2467 2509 2513; x_wconf 90' lang='lat' dir='ltr'><strong>utrum</strong></span> <span class='ocrx_word' id='word_1_657' title='bbox 2534 2474 2733 2513; x_wconf 90' lang='lat' dir='ltr'><strong>novum</strong></span> <span class='ocrx_word' id='word_1_658' title='bbox 2758 2500 2772 2525; x_wconf 95' lang='lat'><strong>,</strong></span> <span class='ocrx_word' id='word_1_659' title='bbox 2806 2476 2874 2514; x_wconf 90' lang='lat' dir='ltr'><strong>an</strong></span> <span class='ocrx_word' id='word_1_660' title='bbox 2905 2470 3057 2516; x_wconf 90' lang='lat' dir='ltr'><strong>vetus</strong></span> <span class='ocrx_word' id='word_1_661' title='bbox 3087 2462 3486 2532; x_wconf 83' lang='lat' dir='ltr'><strong>intelligendum</strong></span> <span class='ocrx_word' id='word_1_662' title='bbox 3515 2464 3586 2519; x_wconf 87' lang='lat' dir='ltr'><strong>sit</strong></span> <span class='ocrx_word' id='word_1_663' title='bbox 3617 2481 3631 2518; x_wconf 94' lang='lat'><strong>:</strong></span> <span class='ocrx_word' id='word_1_664' title='bbox 3660 2465 3779 2535; x_wconf 84' lang='lat' dir='ltr'><strong>quis</strong></span> 
     </span>
    </p>
   </div>
   <div class='ocr_carea' id='block_1_87' title="bbox 2195 2547 3776 2623">
    <p class='ocr_par' dir='ltr' id='par_1_87' title="bbox 2195 2547 3776 2623">
     <span class='ocr_line' id='line_1_87' title="bbox 2195 2547 3776 2623; baseline 0.006 -22"><span class='ocrx_word' id='word_1_665' title='bbox 2195 2547 2519 2617; x_wconf 83' lang='lat' dir='ltr'><strong>respondere</strong></span> <span class='ocrx_word' id='word_1_666' title='bbox 2543 2548 2780 2617; x_wconf 89' lang='lat' dir='ltr'><strong>dubitet,</strong></span> <span class='ocrx_word' id='word_1_667' title='bbox 2808 2550 3012 2606; x_wconf 85' lang='lat' dir='ltr'><strong>Novum</strong></span> <span class='ocrx_word' id='word_1_668' title='bbox 3032 2593 3046 2617; x_wconf 97' lang='lat'><strong>,</strong></span> <span class='ocrx_word' id='word_1_669' title='bbox 3077 2552 3171 2607; x_wconf 89' lang='lat' dir='ltr'><strong>sed</strong></span> <span class='ocrx_word' id='word_1_670' title='bbox 3199 2553 3250 2607; x_wconf 93' lang='lat' dir='ltr'><strong>in</strong></span> <span class='ocrx_word' id='word_1_671' title='bbox 3279 2553 3605 2623; x_wconf 86' lang='lat' dir='ltr'><strong>propheticis</strong></span> <span class='ocrx_word' id='word_1_672' title='bbox 3640 2556 3776 2610; x_wconf 88' lang='lat' dir='ltr'><strong>late-</strong></span> 
     </span>
    </p>
   </div>
   <div class='ocr_carea' id='block_1_88' title="bbox 2196 2638 3777 2715">
    <p class='ocr_par' dir='ltr' id='par_1_88' title="bbox 2196 2638 3777 2715">
     <span class='ocr_line' id='line_1_88' title="bbox 2196 2638 3777 2715; baseline 0.005 -22"><span class='ocrx_word' id='word_1_673' title='bbox 2196 2638 2309 2694; x_wconf 87' lang='lat' dir='ltr'><strong>bris</strong></span> <span class='ocrx_word' id='word_1_674' title='bbox 2332 2640 2676 2707; x_wconf 87' lang='lat' dir='ltr'><strong>occultatum,</strong></span> <span class='ocrx_word' id='word_1_675' title='bbox 2709 2640 2880 2697; x_wconf 89' lang='lat' dir='ltr'><strong>donec</strong></span> <span class='ocrx_word' id='word_1_676' title='bbox 2910 2643 3113 2698; x_wconf 78' lang='lat' dir='ltr'><strong>veniret</strong></span> <span class='ocrx_word' id='word_1_677' title='bbox 3140 2653 3349 2714; x_wconf 88' lang='lat' dir='ltr'><strong>tempus</strong></span> <span class='ocrx_word' id='word_1_678' title='bbox 3373 2659 3482 2715; x_wconf 92' lang='lat' dir='ltr'><strong>quo</strong></span> <span class='ocrx_word' id='word_1_679' title='bbox 3506 2645 3777 2701; x_wconf 79' lang='lat' dir='ltr'><strong>revelare-</strong></span> 
     </span>
    </p>
   </div>
   <div class='ocr_carea' id='block_1_89' title="bbox 2197 2730 3778 2807">
    <p class='ocr_par' dir='ltr' id='par_1_89' title="bbox 2197 2730 3778 2807">
     <span class='ocr_line' id='line_1_89' title="bbox 2197 2730 3778 2807; baseline 0.004 -22"><span class='ocrx_word' id='word_1_680' title='bbox 2197 2738 2285 2785; x_wconf 92' lang='lat' dir='ltr'><strong>tur</strong></span> <span class='ocrx_word' id='word_1_681' title='bbox 2308 2731 2364 2785; x_wconf 93' lang='lat' dir='ltr'><strong>in</strong></span> <span class='ocrx_word' id='word_1_682' title='bbox 2387 2730 2642 2786; x_wconf 84' lang='lat' dir='ltr'><strong>Christo?</strong></span> <span class='ocrx_word' id='word_1_683' title='bbox 2669 2731 2801 2787; x_wconf 84' lang='lat' dir='ltr'><strong>Nam</strong></span> <span class='ocrx_word' id='word_1_684' title='bbox 2828 2734 2872 2787; x_wconf 89' lang='lat' dir='ltr'><strong>si</strong></span> <span class='ocrx_word' id='word_1_685' title='bbox 2901 2733 3194 2789; x_wconf 81' lang='lat' dir='ltr'><strong>dixerimus</strong></span> <span class='ocrx_word' id='word_1_686' title='bbox 3216 2775 3231 2800; x_wconf 92' lang='lat'><strong>,</strong></span> <span class='ocrx_word' id='word_1_687' title='bbox 3264 2736 3465 2803; x_wconf 87' lang='lat' dir='ltr'><strong>Vetus;</strong></span> <span class='ocrx_word' id='word_1_688' title='bbox 3507 2736 3634 2807; x_wconf 89' lang='lat' dir='ltr'><strong>quid</strong></span> <span class='ocrx_word' id='word_1_689' title='bbox 3676 2738 3778 2794; x_wconf 85' lang='lat' dir='ltr'><strong>erit</strong></span> 
     </span>
    </p>
   </div>
   <div class='ocr_carea' id='block_1_90' title="bbox 2197 2819 3774 2895">
    <p class='ocr_par' dir='ltr' id='par_1_90' title="bbox 2197 2819 3774 2895">
     <span class='ocr_line' id='line_1_90' title="bbox 2197 2819 3774 2895; baseline 0.006 -21"><span class='ocrx_word' id='word_1_690' title='bbox 2197 2819 2327 2875; x_wconf 91' lang='lat' dir='ltr'><strong>illud</strong></span> <span class='ocrx_word' id='word_1_691' title='bbox 2353 2835 2385 2873; x_wconf 87' lang='lat' dir='ltr'><strong>a</strong></span> <span class='ocrx_word' id='word_1_692' title='bbox 2410 2829 2591 2877; x_wconf 88' lang='lat' dir='ltr'><strong>monte</strong></span> <span class='ocrx_word' id='word_1_693' title='bbox 2618 2819 2746 2877; x_wconf 89' lang='lat' dir='ltr'><strong>Sina</strong></span> <span class='ocrx_word' id='word_1_694' title='bbox 2777 2822 2827 2877; x_wconf 90' lang='lat' dir='ltr'><strong>in</strong></span> <span class='ocrx_word' id='word_1_695' title='bbox 2858 2825 3167 2879; x_wconf 85' lang='lat' dir='ltr'><strong>servitutem</strong></span> <span class='ocrx_word' id='word_1_696' title='bbox 3196 2826 3505 2895; x_wconf 77' lang='lat' dir='ltr'><strong>generatis?</strong></span> <span class='ocrx_word' id='word_1_697' title='bbox 3529 2827 3604 2883; x_wconf 91' lang='lat' dir='ltr'><strong>lbi</strong></span> <span class='ocrx_word' id='word_1_698' title='bbox 3631 2828 3774 2884; x_wconf 89' lang='lat' dir='ltr'><strong>enim</strong></span> 
     </span>
    </p>
   </div>
   <div class='ocr_carea' id='block_1_91' title="bbox 2196 2909 3777 2992">
    <p class='ocr_par' dir='ltr' id='par_1_91' title="bbox 2196 2909 3777 2992">
     <span class='ocr_line' id='line_1_91' title="bbox 2196 2909 3777 2992; baseline 0.008 -27"><span class='ocrx_word' id='word_1_699' title='bbox 2196 2909 2333 2966; x_wconf 78' lang='lat' dir='ltr'><strong>facta</strong></span> <span class='ocrx_word' id='word_1_700' title='bbox 2350 2921 2430 2966; x_wconf 89' lang='lat' dir='ltr'><strong>est</strong></span> <span class='ocrx_word' id='word_1_701' title='bbox 2450 2912 2537 2968; x_wconf 81' lang='lat' dir='ltr'><strong>lex</strong></span> <span class='ocrx_word' id='word_1_702' title='bbox 2563 2924 2681 2983; x_wconf 90' lang='lat' dir='ltr'><strong>post</strong></span> <span class='ocrx_word' id='word_1_703' title='bbox 2700 2915 3177 2985; x_wconf 80' lang='lat' dir='ltr'><strong>quadringentoset</strong></span> <span class='ocrx_word' id='word_1_704' title='bbox 3198 2918 3411 2989; x_wconf 87' lang='lat' dir='ltr'><strong>triginta</strong></span> <span class='ocrx_word' id='word_1_705' title='bbox 3435 2936 3604 2976; x_wconf 80' lang='lat' dir='ltr'><strong>annos</strong></span> <span class='ocrx_word' id='word_1_706' title='bbox 3632 2940 3646 2976; x_wconf 90' lang='lat'><strong>:</strong></span> <span class='ocrx_word' id='word_1_707' title='bbox 3675 2938 3777 2992; x_wconf 79' lang='lat' dir='ltr'><strong>qua</strong></span> 
     </span>
    </p>
   </div>
   <div class='ocr_carea' id='block_1_92' title="bbox 2196 3001 3779 3075">
    <p class='ocr_par' dir='ltr' id='par_1_92' title="bbox 2196 3001 3779 3075">
     <span class='ocr_line' id='line_1_92' title="bbox 2196 3001 3779 3075; baseline 0.009 -19"><span class='ocrx_word' id='word_1_708' title='bbox 2196 3001 2313 3073; x_wconf 88' lang='lat' dir='ltr'><strong>lege</strong></span> <span class='ocrx_word' id='word_1_709' title='bbox 2340 3001 2441 3057; x_wconf 91' lang='lat' dir='ltr'><strong>hoc</strong></span> <span class='ocrx_word' id='word_1_710' title='bbox 2460 3003 2858 3059; x_wconf 90' lang='lat' dir='ltr'><strong>Testamentum</strong></span> <span class='ocrx_word' id='word_1_711' title='bbox 2885 3008 3251 3075; x_wconf 90' lang='lat' dir='ltr'><strong>promissionis</strong></span> <span class='ocrx_word' id='word_1_712' title='bbox 3273 3010 3500 3065; x_wconf 71' lang='lat' dir='ltr'><strong>Abrahae</strong></span> <span class='ocrx_word' id='word_1_713' title='bbox 3518 3012 3779 3070; x_wconf 77' lang='lat' dir='ltr'><strong>inﬁrmari</strong></span> 
     </span>
    </p>
   </div>
   <div class='ocr_carea' id='block_1_93' title="bbox 2197 3093 3778 3168">
    <p class='ocr_par' dir='ltr' id='par_1_93' title="bbox 2197 3093 3778 3168">
     <span class='ocr_line' id='line_1_93' title="bbox 2197 3093 3778 3168; baseline 0.007 -21"><span class='ocrx_word' id='word_1_714' title='bbox 2197 3107 2306 3147; x_wconf 89' lang='lat' dir='ltr'><strong>non</strong></span> <span class='ocrx_word' id='word_1_715' title='bbox 2352 3107 2508 3162; x_wconf 89' lang='lat' dir='ltr'><strong>posse</strong></span> <span class='ocrx_word' id='word_1_716' title='bbox 2551 3093 2872 3161; x_wconf 88' lang='lat' dir='ltr'><strong>conﬁrmat;</strong></span> <span class='ocrx_word' id='word_1_717' title='bbox 2922 3105 2979 3153; x_wconf 82' lang='lat' dir='ltr'><strong>et</strong></span> <span class='ocrx_word' id='word_1_718' title='bbox 3025 3097 3126 3151; x_wconf 90' lang='lat' dir='ltr'><strong>hoc</strong></span> <span class='ocrx_word' id='word_1_719' title='bbox 3165 3099 3309 3168; x_wconf 87' lang='lat' dir='ltr'><strong>quod</strong></span> <span class='ocrx_word' id='word_1_720' title='bbox 3355 3101 3548 3155; x_wconf 80' lang='lat' dir='ltr'><strong>factum</strong></span> <span class='ocrx_word' id='word_1_721' title='bbox 3588 3110 3674 3157; x_wconf 86' lang='lat' dir='ltr'><strong>est</strong></span> <span class='ocrx_word' id='word_1_722' title='bbox 3708 3103 3778 3158; x_wconf 79' lang='lat' dir='ltr'><strong>ab</strong></span> 
     </span>
    </p>
   </div>
   <div class='ocr_carea' id='block_1_94' title="bbox 2196 3182 3799 3261">
    <p class='ocr_par' dir='ltr' id='par_1_94' title="bbox 2196 3182 3799 3261">
     <span class='ocr_line' id='line_1_94' title="bbox 2196 3182 3799 3261; baseline 0.007 -24"><span class='ocrx_word' id='word_1_723' title='bbox 2196 3182 2487 3251; x_wconf 81' lang='lat' dir='ltr'><strong>Abraham,</strong></span> <span class='ocrx_word' id='word_1_724' title='bbox 2508 3184 2622 3238; x_wconf 83' lang='lat' dir='ltr'><strong>vult</strong></span> <span class='ocrx_word' id='word_1_725' title='bbox 2646 3185 2821 3255; x_wconf 85' lang='lat' dir='ltr'><strong>potius</strong></span> <span class='ocrx_word' id='word_1_726' title='bbox 2839 3185 2909 3240; x_wconf 87' lang='lat' dir='ltr'><strong>ad</strong></span> <span class='ocrx_word' id='word_1_727' title='bbox 2932 3202 3029 3241; x_wconf 90' lang='lat' dir='ltr'><strong>nos</strong></span> <span class='ocrx_word' id='word_1_728' title='bbox 3054 3189 3342 3258; x_wconf 87' lang='lat' dir='ltr'><strong>pertinere,</strong></span> <span class='ocrx_word' id='word_1_729' title='bbox 3370 3206 3503 3261; x_wconf 85' lang='lat' dir='ltr'><strong>quos</strong></span> <span class='ocrx_word' id='word_1_730' title='bbox 3525 3192 3635 3247; x_wconf 81' lang='lat' dir='ltr'><strong>vult</strong></span> <span class='ocrx_word' id='word_1_731' title='bbox 3657 3206 3799 3249; x_wconf 79' lang='lat' dir='ltr'><strong>esse.</strong></span> 
     </span>
    </p>
   </div>
   <div class='ocr_carea' id='block_1_95' title="bbox 2190 3271 3773 3351">
    <p class='ocr_par' dir='ltr' id='par_1_95' title="bbox 2190 3271 3773 3351">
     <span class='ocr_line' id='line_1_95' title="bbox 2190 3271 3773 3351; baseline 0.009 -25"><span class='ocrx_word' id='word_1_732' title='bbox 2190 3271 2336 3328; x_wconf 81' lang='lat' dir='ltr'><strong>ﬁlios</strong></span> <span class='ocrx_word' id='word_1_733' title='bbox 2363 3274 2566 3341; x_wconf 68' lang='lat' dir='ltr'><strong>liberte,</strong></span> <span class='ocrx_word' id='word_1_734' title='bbox 2606 3290 2711 3330; x_wconf 90' lang='lat' dir='ltr'><strong>non</strong></span> <span class='ocrx_word' id='word_1_735' title='bbox 2737 3277 2978 3343; x_wconf 64' lang='lat' dir='ltr'><strong>ancillas;</strong></span> <span class='ocrx_word' id='word_1_736' title='bbox 3013 3278 3252 3335; x_wconf 67' lang='lat' dir='ltr'><strong>hazredes</strong></span> <span class='ocrx_word' id='word_1_737' title='bbox 3293 3296 3360 3336; x_wconf 81' lang='lat' dir='ltr'><strong>es</strong></span> <span class='ocrx_word' id='word_1_738' title='bbox 3389 3282 3773 3351; x_wconf 79' lang='lat' dir='ltr'><strong>promissione,</strong></span> 
     </span>
    </p>
   </div>
   <div class='ocr_carea' id='block_1_96' title="bbox 2196 3365 3775 3445">
    <p class='ocr_par' dir='ltr' id='par_1_96' title="bbox 2196 3365 3775 3445">
     <span class='ocr_line' id='line_1_96' title="bbox 2196 3365 3775 3445; baseline 0.006 -27"><span class='ocrx_word' id='word_1_739' title='bbox 2196 3379 2305 3420; x_wconf 90' lang='lat' dir='ltr'><strong>non</strong></span> <span class='ocrx_word' id='word_1_740' title='bbox 2334 3365 2478 3437; x_wconf 85' lang='lat' dir='ltr'><strong>lege;</strong></span> <span class='ocrx_word' id='word_1_741' title='bbox 2514 3381 2636 3423; x_wconf 90' lang='lat' dir='ltr'><strong>cum</strong></span> <span class='ocrx_word' id='word_1_742' title='bbox 2672 3367 2839 3437; x_wconf 90' lang='lat' dir='ltr'><strong>dicit,</strong></span> <span class='ocrx_word' id='word_1_743' title='bbox 2872 3368 2934 3425; x_wconf 93' lang='lat' dir='ltr'><strong>Si</strong></span> <span class='ocrx_word' id='word_1_744' title='bbox 2955 3370 3087 3424; x_wconf 89' lang='lat' dir='ltr'><strong>enim</strong></span> <span class='ocrx_word' id='word_1_745' title='bbox 3111 3388 3174 3425; x_wconf 81' lang='lat' dir='ltr'><strong>ea:</strong></span> <span class='ocrx_word' id='word_1_746' title='bbox 3198 3372 3305 3443; x_wconf 84' lang='lat' dir='ltr'><strong>tege</strong></span> <span class='ocrx_word' id='word_1_747' title='bbox 3326 3374 3625 3440; x_wconf 67' lang='lat' dir='ltr'><strong>[heredi/as,</strong></span> <span class='ocrx_word' id='word_1_748' title='bbox 3656 3375 3775 3445; x_wconf 73' lang='lat' dir='ltr'><strong>jam</strong></span> 
     </span>
    </p>
   </div>
   <div class='ocr_carea' id='block_1_97' title="bbox 2197 3457 3776 3533">
    <p class='ocr_par' dir='ltr' id='par_1_97' title="bbox 2197 3457 3776 3533">
     <span class='ocr_line' id='line_1_97' title="bbox 2197 3457 3776 3533; baseline 0.006 -25"><span class='ocrx_word' id='word_1_749' title='bbox 2197 3471 2299 3508; x_wconf 88' lang='lat' dir='ltr'><strong>non</strong></span> <span class='ocrx_word' id='word_1_750' title='bbox 2334 3472 2396 3510; x_wconf 79' lang='lat' dir='ltr'><strong>ea:</strong></span> <span class='ocrx_word' id='word_1_751' title='bbox 2420 3457 2751 3529; x_wconf 85' lang='lat' dir='ltr'><strong>promissione</strong></span> <span class='ocrx_word' id='word_1_752' title='bbox 2775 3474 2797 3512; x_wconf 88' lang='lat'><strong><em>:</em></strong></span> <span class='ocrx_word' id='word_1_753' title='bbox 2825 3458 3041 3514; x_wconf 82' lang='lat' dir='ltr'><strong>Abralue</strong></span> <span class='ocrx_word' id='word_1_754' title='bbox 3071 3471 3237 3515; x_wconf 87' lang='lat' dir='ltr'><strong>autem</strong></span> <span class='ocrx_word' id='word_1_755' title='bbox 3277 3478 3367 3531; x_wconf 88' lang='lat' dir='ltr'><strong>per</strong></span> <span class='ocrx_word' id='word_1_756' title='bbox 3396 3463 3776 3533; x_wconf 72' lang='lat' dir='ltr'><strong>promissionem</strong></span> 
     </span>
    </p>
   </div>
   <div class='ocr_carea' id='block_1_98' title="bbox 2193 3543 3773 3624">
    <p class='ocr_par' dir='ltr' id='par_1_98' title="bbox 2193 3543 3773 3624">
     <span class='ocr_line' id='line_1_98' title="bbox 2193 3543 3773 3624; baseline 0.006 -25"><span class='ocrx_word' id='word_1_757' title='bbox 2193 3543 2396 3600; x_wconf 80' lang='lat' dir='ltr'><strong>donavit</strong></span> <span class='ocrx_word' id='word_1_758' title='bbox 2416 3546 2552 3602; x_wconf 86' lang='lat' dir='ltr'><strong>Deus</strong></span> <span class='ocrx_word' id='word_1_759' title='bbox 2576 3545 2716 3603; x_wconf 73' lang='lat' dir='ltr'><strong>‘..Ut</strong></span> <span class='ocrx_word' id='word_1_760' title='bbox 2736 3547 2876 3618; x_wconf 91' lang='lat' dir='ltr'><strong>quod</strong></span> <span class='ocrx_word' id='word_1_761' title='bbox 2899 3548 3034 3604; x_wconf 78' lang='lat' dir='ltr'><strong>facta</strong></span> <span class='ocrx_word' id='word_1_762' title='bbox 3060 3550 3146 3605; x_wconf 81' lang='lat' dir='ltr'><strong>lex</strong></span> <span class='ocrx_word' id='word_1_763' title='bbox 3165 3560 3249 3606; x_wconf 91' lang='lat' dir='ltr'><strong>est</strong></span> <span class='ocrx_word' id='word_1_764' title='bbox 3272 3561 3392 3622; x_wconf 91' lang='lat' dir='ltr'><strong>post</strong></span> <span class='ocrx_word' id='word_1_765' title='bbox 3412 3552 3773 3624; x_wconf 83' lang='lat' dir='ltr'><strong>quadringen—</strong></span> 
     </span>
    </p>
   </div>
   <div class='ocr_carea' id='block_1_99' title="bbox 2193 3637 3776 3710">
    <p class='ocr_par' dir='ltr' id='par_1_99' title="bbox 2193 3637 3776 3710">
     <span class='ocr_line' id='line_1_99' title="bbox 2193 3637 3776 3710; baseline 0.004 -20"><span class='ocrx_word' id='word_1_766' title='bbox 2193 3644 2278 3691; x_wconf 88' lang='lat' dir='ltr'><strong>tos</strong></span> <span class='ocrx_word' id='word_1_767' title='bbox 2303 3644 2358 3692; x_wconf 90' lang='lat' dir='ltr'><strong>et</strong></span> <span class='ocrx_word' id='word_1_768' title='bbox 2380 3637 2597 3708; x_wconf 87' lang='lat' dir='ltr'><strong>triginta</strong></span> <span class='ocrx_word' id='word_1_769' title='bbox 2620 3653 2828 3707; x_wconf 78' lang='lat' dir='ltr'><strong>annos,</strong></span> <span class='ocrx_word' id='word_1_770' title='bbox 2855 3639 2920 3694; x_wconf 92' lang='lat' dir='ltr'><strong>ad</strong></span> <span class='ocrx_word' id='word_1_771' title='bbox 2952 3639 3054 3696; x_wconf 88' lang='lat' dir='ltr'><strong>hoc</strong></span> <span class='ocrx_word' id='word_1_772' title='bbox 3082 3640 3493 3710; x_wconf 87' lang='lat' dir='ltr'><strong>subintraverit,</strong></span> <span class='ocrx_word' id='word_1_773' title='bbox 3525 3653 3585 3698; x_wconf 93' lang='lat' dir='ltr'><strong>ut</strong></span> <span class='ocrx_word' id='word_1_774' title='bbox 3602 3645 3776 3699; x_wconf 83' lang='lat' dir='ltr'><strong>abun-</strong></span> 
     </span>
    </p>
   </div>
   <div class='ocr_carea' id='block_1_100' title="bbox 2191 3726 3777 3805">
    <p class='ocr_par' dir='ltr' id='par_1_100' title="bbox 2191 3726 3777 3805">
     <span class='ocr_line' id='line_1_100' title="bbox 2191 3726 3777 3805; baseline 0.006 -22"><span class='ocrx_word' id='word_1_775' title='bbox 2191 3726 2346 3784; x_wconf 89' lang='lat' dir='ltr'><strong>daret</strong></span> <span class='ocrx_word' id='word_1_776' title='bbox 2382 3729 2671 3798; x_wconf 91' lang='lat' dir='ltr'><strong>delictum;</strong></span> <span class='ocrx_word' id='word_1_777' title='bbox 2711 3746 2833 3787; x_wconf 91' lang='lat' dir='ltr'><strong>cum</strong></span> <span class='ocrx_word' id='word_1_778' title='bbox 2858 3748 2973 3802; x_wconf 87' lang='lat' dir='ltr'><strong>.per</strong></span> <span class='ocrx_word' id='word_1_779' title='bbox 3019 3743 3292 3804; x_wconf 89' lang='lat' dir='ltr'><strong>peccatum</strong></span> <span class='ocrx_word' id='word_1_780' title='bbox 3324 3736 3777 3805; x_wconf 73' lang='lat' dir='ltr'><strong>prmvaricalionis</strong></span> 
     </span>
    </p>
   </div>
   <div class='ocr_carea' id='block_1_101' title="bbox 2192 3819 3778 3895">
    <p class='ocr_par' dir='ltr' id='par_1_101' title="bbox 2192 3819 3778 3895">
     <span class='ocr_line' id='line_1_101' title="bbox 2192 3819 3778 3895; baseline 0.004 -22"><span class='ocrx_word' id='word_1_781' title='bbox 2192 3819 2526 3875; x_wconf 86' lang='lat' dir='ltr'><strong>convincitur</strong></span> <span class='ocrx_word' id='word_1_782' title='bbox 2558 3821 2788 3876; x_wconf 89' lang='lat' dir='ltr'><strong>hominis</strong></span> <span class='ocrx_word' id='word_1_783' title='bbox 2823 3822 3071 3891; x_wconf 78' lang='lat' dir='ltr'><strong>superbia</strong></span> <span class='ocrx_word' id='word_1_784' title='bbox 3099 3822 3165 3878; x_wconf 91' lang='lat' dir='ltr'><strong>de</strong></span> <span class='ocrx_word' id='word_1_785' title='bbox 3194 3838 3289 3878; x_wconf 88' lang='lat' dir='ltr'><strong>sua</strong></span> <span class='ocrx_word' id='word_1_786' title='bbox 3323 3824 3527 3894; x_wconf 88' lang='lat' dir='ltr'><strong>justitia</strong></span> <span class='ocrx_word' id='word_1_787' title='bbox 3572 3840 3778 3895; x_wconf 70' lang='lat' dir='ltr'><strong>praesu-</strong></span> 
     </span>
    </p>
   </div>
   <div class='ocr_carea' id='block_1_102' title="bbox 2191 3898 3777 3985">
    <p class='ocr_par' dir='ltr' id='par_1_102' title="bbox 2191 3898 3777 3985">
     <span class='ocr_line' id='line_1_102' title="bbox 2191 3898 3777 3985; baseline 0.006 -23"><span class='ocrx_word' id='word_1_788' title='bbox 2191 3898 2387 3966; x_wconf 81' lang='lat' dir='ltr'><strong>mentis</strong></span> <span class='ocrx_word' id='word_1_789' title='bbox 2419 3926 2434 3965; x_wconf 90' lang='lat'><strong>:</strong></span> <span class='ocrx_word' id='word_1_790' title='bbox 2467 3919 2521 3966; x_wconf 91' lang='lat' dir='ltr'><strong>et</strong></span> <span class='ocrx_word' id='word_1_791' title='bbox 2548 3910 2636 3966; x_wconf 88' lang='lat' dir='ltr'><strong>ubi</strong></span> <span class='ocrx_word' id='word_1_792' title='bbox 2663 3912 2954 3967; x_wconf 85' lang='lat' dir='ltr'><strong>abundavit</strong></span> <span class='ocrx_word' id='word_1_793' title='bbox 2993 3912 3246 3968; x_wconf 86' lang='lat' dir='ltr'><strong>delictum</strong></span> <span class='ocrx_word' id='word_1_794' title='bbox 3268 3956 3284 3981; x_wconf 93' lang='lat'><strong>,</strong></span> <span class='ocrx_word' id='word_1_795' title='bbox 3322 3916 3777 3985; x_wconf 85' lang='lat' dir='ltr'><strong>superabundavit</strong></span> 
     </span>
    </p>
   </div>
   <div class='ocr_carea' id='block_1_103' title="bbox 2189 3999 3774 4074">
    <p class='ocr_par' dir='ltr' id='par_1_103' title="bbox 2189 3999 3774 4074">
     <span class='ocr_line' id='line_1_103' title="bbox 2189 3999 3774 4074; baseline 0.006 -21"><span class='ocrx_word' id='word_1_796' title='bbox 2189 3999 2356 4068; x_wconf 80' lang='lat' dir='ltr'><strong>gratia</strong></span> <span class='ocrx_word' id='word_1_797' title='bbox 2387 3999 2564 4072; x_wconf 80' lang='lat' dir='ltr'><strong>(Rom.</strong></span> <span class='ocrx_word' id='word_1_798' title='bbox 2592 4016 2627 4056; x_wconf 87' lang='lat' dir='ltr'><strong>v</strong></span> <span class='ocrx_word' id='word_1_799' title='bbox 2646 4041 2661 4067; x_wconf 92' lang='lat'><strong>,</strong></span> <span class='ocrx_word' id='word_1_800' title='bbox 2690 4001 2817 4074; x_wconf 70' lang='lat'><strong>20);</strong></span> <span class='ocrx_word' id='word_1_801' title='bbox 2849 4018 2944 4073; x_wconf 88' lang='lat' dir='ltr'><strong>per</strong></span> <span class='ocrx_word' id='word_1_802' title='bbox 2972 4002 3129 4058; x_wconf 87' lang='lat' dir='ltr'><strong>ﬁdem</strong></span> <span class='ocrx_word' id='word_1_803' title='bbox 3153 4003 3263 4074; x_wconf 85' lang='lat' dir='ltr'><strong>jam</strong></span> <span class='ocrx_word' id='word_1_804' title='bbox 3294 4004 3508 4061; x_wconf 89' lang='lat' dir='ltr'><strong>humilis</strong></span> <span class='ocrx_word' id='word_1_805' title='bbox 3537 4006 3774 4062; x_wconf 89' lang='lat' dir='ltr'><strong>hominis</strong></span> 
     </span>
    </p>
   </div>
   <div class='ocr_carea' id='block_1_104' title="bbox 2190 4091 3773 4169">
    <p class='ocr_par' dir='ltr' id='par_1_104' title="bbox 2190 4091 3773 4169">
     <span class='ocr_line' id='line_1_104' title="bbox 2190 4091 3773 4169; baseline 0.005 -23"><span class='ocrx_word' id='word_1_806' title='bbox 2190 4091 2246 4147; x_wconf 91' lang='lat' dir='ltr'><strong>in</strong></span> <span class='ocrx_word' id='word_1_807' title='bbox 2272 4093 2387 4164; x_wconf 85' lang='lat' dir='ltr'><strong>lege</strong></span> <span class='ocrx_word' id='word_1_808' title='bbox 2411 4092 2704 4149; x_wconf 88' lang='lat' dir='ltr'><strong>deﬁcientis</strong></span> <span class='ocrx_word' id='word_1_809' title='bbox 2723 4097 2744 4127; x_wconf 84' lang='grc'><strong><em>²</em></strong></span> <span class='ocrx_word' id='word_1_810' title='bbox 2769 4102 2825 4150; x_wconf 91' lang='lat' dir='ltr'><strong>et</strong></span> <span class='ocrx_word' id='word_1_811' title='bbox 2846 4094 2914 4149; x_wconf 88' lang='lat' dir='ltr'><strong>ad</strong></span> <span class='ocrx_word' id='word_1_812' title='bbox 2939 4095 3032 4151; x_wconf 89' lang='lat' dir='ltr'><strong>Dei</strong></span> <span class='ocrx_word' id='word_1_813' title='bbox 3052 4097 3472 4153; x_wconf 86' lang='lat' dir='ltr'><strong>misericordiam</strong></span> <span class='ocrx_word' id='word_1_814' title='bbox 3501 4098 3773 4169; x_wconf 82' lang='lat' dir='ltr'><strong>fugientis.</strong></span> 
     </span>
    </p>
   </div>
   <div class='ocr_carea' id='block_1_105' title="bbox 2176 4183 3772 4260">
    <p class='ocr_par' dir='ltr' id='par_1_105' title="bbox 2176 4183 3772 4260">
     <span class='ocr_line' id='line_1_105' title="bbox 2176 4183 3772 4260; baseline 0.003 -21"><span class='ocrx_word' id='word_1_815' title='bbox 2176 4183 2313 4240; x_wconf 76' lang='lat' dir='ltr'><strong>&#39;ldeo</strong></span> <span class='ocrx_word' id='word_1_816' title='bbox 2341 4199 2463 4240; x_wconf 90' lang='lat' dir='ltr'><strong>cum</strong></span> <span class='ocrx_word' id='word_1_817' title='bbox 2486 4185 2733 4250; x_wconf 85' lang='lat' dir='ltr'><strong>dixisset,</strong></span> <span class='ocrx_word' id='word_1_818' title='bbox 2763 4186 2825 4241; x_wconf 90' lang='lat' dir='ltr'><strong>Si</strong></span> <span class='ocrx_word' id='word_1_819' title='bbox 2851 4188 2984 4242; x_wconf 90' lang='lat' dir='ltr'><strong>enim</strong></span> <span class='ocrx_word' id='word_1_820' title='bbox 3008 4204 3072 4243; x_wconf 80' lang='lat' dir='ltr'><strong>ea:</strong></span> <span class='ocrx_word' id='word_1_821' title='bbox 3092 4189 3202 4260; x_wconf 80' lang='lat' dir='ltr'><strong>lege</strong></span> <span class='ocrx_word' id='word_1_822' title='bbox 3225 4189 3513 4256; x_wconf 77' lang='lat' dir='ltr'><strong>htereditas,</strong></span> <span class='ocrx_word' id='word_1_823' title='bbox 3528 4191 3645 4260; x_wconf 85' lang='lat' dir='ltr'><strong>jam</strong></span> <span class='ocrx_word' id='word_1_824' title='bbox 3669 4207 3772 4244; x_wconf 81' lang='lat' dir='ltr'><strong>non</strong></span> 
     </span>
    </p>
   </div>
   <div class='ocr_carea' id='block_1_106' title="bbox 2190 4277 3774 4351">
    <p class='ocr_par' dir='ltr' id='par_1_106' title="bbox 2190 4277 3774 4351">
     <span class='ocr_line' id='line_1_106' title="bbox 2190 4277 3774 4351; baseline 0.002 -19"><span class='ocrx_word' id='word_1_825' title='bbox 2190 4292 2254 4332; x_wconf 79' lang='lat' dir='ltr'><strong>ea:</strong></span> <span class='ocrx_word' id='word_1_826' title='bbox 2274 4277 2642 4347; x_wconf 83' lang='lat' dir='ltr'><strong>promissione;</strong></span> <span class='ocrx_word' id='word_1_827' title='bbox 2668 4278 2883 4334; x_wconf 78' lang='lat' dir='ltr'><strong>Abrahte</strong></span> <span class='ocrx_word' id='word_1_828' title='bbox 2905 4288 3072 4335; x_wconf 87' lang='lat' dir='ltr'><strong>autem</strong></span> <span class='ocrx_word' id='word_1_829' title='bbox 3096 4297 3188 4351; x_wconf 87' lang='lat' dir='ltr'><strong>per</strong></span> <span class='ocrx_word' id='word_1_830' title='bbox 3211 4282 3592 4351; x_wconf 81' lang='lat' dir='ltr'><strong>promissionem</strong></span> <span class='ocrx_word' id='word_1_831' title='bbox 3601 4282 3774 4335; x_wconf 69' lang='lat' dir='ltr'><strong>dona-</strong></span> 
     </span>
    </p>
   </div>
   <div class='ocr_carea' id='block_1_107' title="bbox 2190 4365 3772 4442">
    <p class='ocr_par' dir='ltr' id='par_1_107' title="bbox 2190 4365 3772 4442">
     <span class='ocr_line' id='line_1_107' title="bbox 2190 4365 3772 4442; baseline 0.003 -19"><span class='ocrx_word' id='word_1_832' title='bbox 2190 4369 2259 4423; x_wconf 78' lang='lat' dir='ltr'><strong>uit</strong></span> <span class='ocrx_word' id='word_1_833' title='bbox 2298 4365 2441 4421; x_wconf 80' lang='lat' dir='ltr'><strong>Deus</strong></span> <span class='ocrx_word' id='word_1_834' title='bbox 2493 4384 2512 4422; x_wconf 94' lang='lat'><em>:</em></span> <span class='ocrx_word' id='word_1_835' title='bbox 2559 4377 2807 4438; x_wconf 88' lang='lat' dir='ltr'><strong>tanquam</strong></span> <span class='ocrx_word' id='word_1_836' title='bbox 2851 4369 2903 4425; x_wconf 90' lang='lat' dir='ltr'><strong>ei</strong></span> <span class='ocrx_word' id='word_1_837' title='bbox 2941 4369 3227 4435; x_wconf 89' lang='lat' dir='ltr'><strong>diceretur,</strong></span> <span class='ocrx_word' id='word_1_838' title='bbox 3259 4371 3453 4442; x_wconf 87' lang='lat' dir='ltr'><strong>thuid</strong></span> <span class='ocrx_word' id='word_1_839' title='bbox 3484 4387 3629 4442; x_wconf 75' lang='lat' dir='ltr'><strong>ergo</strong></span> <span class='ocrx_word' id='word_1_840' title='bbox 3684 4372 3772 4428; x_wconf 80' lang='lat' dir='ltr'><strong>les</strong></span> 
     </span>
    </p>
   </div>
   <div class='ocr_carea' id='block_1_108' title="bbox 2187 4459 3774 4533">
    <p class='ocr_par' dir='ltr' id='par_1_108' title="bbox 2187 4459 3774 4533">
     <span class='ocr_line' id='line_1_108' title="bbox 2187 4459 3774 4533; baseline 0.003 -20"><span class='ocrx_word' id='word_1_841' title='bbox 2187 4469 2373 4529; x_wconf 88' lang='lat' dir='ltr'><strong>postea</strong></span> <span class='ocrx_word' id='word_1_842' title='bbox 2401 4459 2537 4514; x_wconf 79' lang='lat' dir='ltr'><strong>facta</strong></span> <span class='ocrx_word' id='word_1_843' title='bbox 2566 4461 2690 4514; x_wconf 72' lang='lat' dir='ltr'><strong>est?</strong></span> <span class='ocrx_word' id='word_1_844' title='bbox 2713 4460 2987 4531; x_wconf 83' lang='lat' dir='ltr'><strong>subjunxit</strong></span> <span class='ocrx_word' id='word_1_845' title='bbox 3003 4472 3166 4533; x_wconf 83' lang='lat' dir='ltr'><strong>atque</strong></span> <span class='ocrx_word' id='word_1_846' title='bbox 3188 4462 3292 4531; x_wconf 86' lang='lat' dir='ltr'><strong>ait,</strong></span> <span class='ocrx_word' id='word_1_847' title='bbox 3318 4463 3454 4530; x_wconf 83' lang='lat' dir='ltr'><strong>Quid</strong></span> <span class='ocrx_word' id='word_1_848' title='bbox 3470 4479 3607 4533; x_wconf 80' lang='lat' dir='ltr'><strong>ergo</strong></span> <span class='ocrx_word' id='word_1_849' title='bbox 3644 4464 3774 4518; x_wconf 66' lang='lat' dir='ltr'><strong>lea!</strong></span> 
     </span>
    </p>
   </div>
   <div class='ocr_carea' id='block_1_109' title="bbox 2185 4549 3771 4629">
    <p class='ocr_par' dir='ltr' id='par_1_109' title="bbox 2185 4549 3771 4629">
     <span class='ocr_line' id='line_1_109' title="bbox 2185 4549 3771 4629; baseline 0.004 -24"><span class='ocrx_word' id='word_1_850' title='bbox 2185 4549 2281 4605; x_wconf 89' lang='lat' dir='ltr'><strong>Cui</strong></span> <span class='ocrx_word' id='word_1_851' title='bbox 2306 4566 2428 4606; x_wconf 79' lang='lat' dir='ltr'><strong>mox</strong></span> <span class='ocrx_word' id='word_1_852' title='bbox 2456 4551 2855 4622; x_wconf 79' lang='lat' dir='ltr'><strong>interrogationi</strong></span> <span class='ocrx_word' id='word_1_853' title='bbox 2882 4555 3132 4621; x_wconf 88' lang='lat' dir='ltr'><strong>reddidit,</strong></span> <span class='ocrx_word' id='word_1_854' title='bbox 3173 4554 3619 4612; x_wconf 70' lang='lat' dir='ltr'><strong>Prcaaricationis</strong></span> <span class='ocrx_word' id='word_1_855' title='bbox 3642 4574 3771 4629; x_wconf 87' lang='lat' dir='ltr'><strong>gra-</strong></span> 
     </span>
    </p>
   </div>
   <div class='ocr_carea' id='block_1_110' title="bbox 2185 4641 3769 4718">
    <p class='ocr_par' dir='ltr' id='par_1_110' title="bbox 2185 4641 3769 4718">
     <span class='ocr_line' id='line_1_110' title="bbox 2185 4641 3769 4718; baseline 0.006 -25"><span class='ocrx_word' id='word_1_856' title='bbox 2185 4641 2255 4694; x_wconf 90' lang='lat' dir='ltr'><strong>tia</strong></span> <span class='ocrx_word' id='word_1_857' title='bbox 2284 4643 2543 4712; x_wconf 85' lang='lat' dir='ltr'><strong>proposita</strong></span> <span class='ocrx_word' id='word_1_858' title='bbox 2566 4653 2639 4697; x_wconf 89' lang='lat' dir='ltr'><strong>est</strong></span> <span class='ocrx_word' id='word_1_859' title='bbox 2659 4643 2680 4675; x_wconf 87' lang='grc'><strong><em>⁸</em></strong></span> <span class='ocrx_word' id='word_1_860' title='bbox 2699 4684 2714 4707; x_wconf 88' lang='grc'>,</span> <span class='ocrx_word' id='word_1_861' title='bbox 2740 4644 2903 4698; x_wconf 86' lang='lat' dir='ltr'><strong>donec</strong></span> <span class='ocrx_word' id='word_1_862' title='bbox 2931 4646 3119 4699; x_wconf 79' lang='lat' dir='ltr'><strong>ueniret</strong></span> <span class='ocrx_word' id='word_1_863' title='bbox 3144 4662 3311 4700; x_wconf 87' lang='lat' dir='ltr'><strong>semen</strong></span> <span class='ocrx_word' id='word_1_864' title='bbox 3341 4646 3425 4701; x_wconf 87' lang='lat' dir='ltr'><strong>cui</strong></span> <span class='ocrx_word' id='word_1_865' title='bbox 3460 4650 3694 4718; x_wconf 72' lang='lat' dir='ltr'><strong>promissi</strong></span> <span class='ocrx_word' id='word_1_866' title='bbox 3716 4666 3769 4702; x_wconf 89' lang='lat' dir='ltr'><strong>m</strong></span> 
     </span>
    </p>
   </div>
   <div class='ocr_carea' id='block_1_111' title="bbox 2184 4731 3770 4806">
    <p class='ocr_par' dir='ltr' id='par_1_111' title="bbox 2184 4731 3770 4806">
     <span class='ocr_line' id='line_1_111' title="bbox 2184 4731 3770 4806; baseline 0.004 -19"><span class='ocrx_word' id='word_1_867' title='bbox 2184 4740 2255 4787; x_wconf 89' lang='lat' dir='ltr'><strong>est</strong></span> <span class='ocrx_word' id='word_1_868' title='bbox 2302 4731 2500 4802; x_wconf 79' lang='lat' dir='ltr'><strong>(Gatat.</strong></span> <span class='ocrx_word' id='word_1_869' title='bbox 2530 4750 2585 4789; x_wconf 81' lang='grc' dir='ltr'><strong>ιιι</strong></span> <span class='ocrx_word' id='word_1_870' title='bbox 2606 4776 2622 4802; x_wconf 87' lang='grc'><em>,</em></span> <span class='ocrx_word' id='word_1_871' title='bbox 2662 4736 2880 4806; x_wconf 72' lang='grc'><strong>15-19).</strong></span> <span class='ocrx_word' id='word_1_872' title='bbox 2923 4736 3035 4792; x_wconf 83' lang='lat' dir='ltr'><strong>Hoc</strong></span> <span class='ocrx_word' id='word_1_873' title='bbox 3066 4737 3354 4794; x_wconf 88' lang='lat' dir='ltr'><strong>identidem</strong></span> <span class='ocrx_word' id='word_1_874' title='bbox 3394 4739 3467 4793; x_wconf 92' lang='lat' dir='ltr'><strong>ita</strong></span> <span class='ocrx_word' id='word_1_875' title='bbox 3501 4738 3629 4794; x_wconf 91' lang='lat' dir='ltr'><strong>dicit</strong></span> <span class='ocrx_word' id='word_1_876' title='bbox 3659 4756 3673 4792; x_wconf 89' lang='lat'><strong>:</strong></span> <span class='ocrx_word' id='word_1_877' title='bbox 3705 4739 3770 4794; x_wconf 87' lang='lat' dir='ltr'><strong>Si</strong></span> 
     </span>
    </p>
   </div>
   <div class='ocr_carea' id='block_1_112' title="bbox 2182 4823 3767 4900">
    <p class='ocr_par' dir='ltr' id='par_1_112' title="bbox 2182 4823 3767 4900">
     <span class='ocr_line' id='line_1_112' title="bbox 2182 4823 3767 4900; baseline 0.008 -24"><span class='ocrx_word' id='word_1_878' title='bbox 2182 4823 2317 4877; x_wconf 87' lang='lat' dir='ltr'><strong>enim</strong></span> <span class='ocrx_word' id='word_1_879' title='bbox 2344 4826 2430 4897; x_wconf 88' lang='lat' dir='ltr'><strong>qui</strong></span> <span class='ocrx_word' id='word_1_880' title='bbox 2458 4827 2672 4898; x_wconf 55' lang='lat' dir='ltr'><strong>easiege,</strong></span> <span class='ocrx_word' id='word_1_881' title='bbox 2701 4828 2927 4884; x_wconf 75' lang='lat' dir='ltr'><strong>lmedes</strong></span> <span class='ocrx_word' id='word_1_882' title='bbox 2953 4839 3070 4884; x_wconf 84' lang='lat' dir='ltr'><strong>sunt</strong></span> <span class='ocrx_word' id='word_1_883' title='bbox 3091 4830 3401 4897; x_wconf 64' lang='lat' dir='ltr'><strong>;.ezinanita</strong></span> <span class='ocrx_word' id='word_1_884' title='bbox 3427 4844 3501 4886; x_wconf 88' lang='lat' dir='ltr'><strong>est</strong></span> <span class='ocrx_word' id='word_1_885' title='bbox 3523 4834 3672 4900; x_wconf 82' lang='lat' dir='ltr'><strong>ﬁdes,</strong></span> <span class='ocrx_word' id='word_1_886' title='bbox 3716 4844 3767 4888; x_wconf 86' lang='lat' dir='ltr'><strong>et</strong></span> 
     </span>
    </p>
   </div>
   <div class='ocr_carea' id='block_1_113' title="bbox 2181 4913 3769 4992">
    <p class='ocr_par' dir='ltr' id='par_1_113' title="bbox 2181 4913 3769 4992">
     <span class='ocr_line' id='line_1_113' title="bbox 2181 4913 3769 4992; baseline 0.008 -25"><span class='ocrx_word' id='word_1_887' title='bbox 2181 4923 2422 4968; x_wconf 77' lang='lat' dir='ltr'><strong>eaacuata</strong></span> <span class='ocrx_word' id='word_1_888' title='bbox 2445 4925 2520 4970; x_wconf 88' lang='lat' dir='ltr'><strong>est</strong></span> <span class='ocrx_word' id='word_1_889' title='bbox 2556 4913 2842 4986; x_wconf 86' lang='lat' dir='ltr'><strong>promissio.</strong></span> <span class='ocrx_word' id='word_1_890' title='bbox 2882 4918 2993 4974; x_wconf 70' lang='lat' dir='ltr'><strong>Lex</strong></span> <span class='ocrx_word' id='word_1_891' title='bbox 3027 4921 3162 4975; x_wconf 84' lang='lat' dir='ltr'><strong>enim</strong></span> <span class='ocrx_word' id='word_1_892' title='bbox 3197 4922 3326 4975; x_wconf 89' lang='lat' dir='ltr'><strong>iram</strong></span> <span class='ocrx_word' id='word_1_893' title='bbox 3366 4932 3606 4992; x_wconf 84' lang='lat' dir='ltr'><strong>operatur</strong></span> <span class='ocrx_word' id='word_1_894' title='bbox 3630 4940 3651 4979; x_wconf 90' lang='lat'><strong><em>:</em></strong></span> <span class='ocrx_word' id='word_1_895' title='bbox 3678 4926 3769 4980; x_wconf 76' lang='lat' dir='ltr'><strong>ubi</strong></span> 
     </span>
    </p>
   </div>
   <div class='ocr_carea' id='block_1_114' title="bbox 2180 5005 3766 5086">
    <p class='ocr_par' dir='ltr' id='par_1_114' title="bbox 2180 5005 3766 5086">
     <span class='ocr_line' id='line_1_114' title="bbox 2180 5005 3766 5086; baseline 0.009 -28"><span class='ocrx_word' id='word_1_896' title='bbox 2180 5005 2312 5059; x_wconf 87' lang='lat' dir='ltr'><strong>enim</strong></span> <span class='ocrx_word' id='word_1_897' title='bbox 2342 5022 2443 5059; x_wconf 87' lang='lat' dir='ltr'><strong>non</strong></span> <span class='ocrx_word' id='word_1_898' title='bbox 2472 5016 2544 5061; x_wconf 88' lang='lat' dir='ltr'><strong>est</strong></span> <span class='ocrx_word' id='word_1_899' title='bbox 2573 5007 2676 5074; x_wconf 72' lang='lat' dir='ltr'><strong>lex,</strong></span> <span class='ocrx_word' id='word_1_900' title='bbox 2708 5025 2798 5062; x_wconf 80' lang='lat' dir='ltr'><strong>nec</strong></span> <span class='ocrx_word' id='word_1_901' title='bbox 2828 5012 3175 5079; x_wconf 62' lang='lat' dir='ltr'><strong>prwvaﬁcatio</strong></span> <span class='ocrx_word' id='word_1_902' title='bbox 3202 5012 3376 5082; x_wconf 86' lang='lat' dir='ltr'><strong>(Rom.</strong></span> <span class='ocrx_word' id='word_1_903' title='bbox 3407 5030 3485 5080; x_wconf 85' lang='lat' dir='ltr'><strong>tv,</strong></span> <span class='ocrx_word' id='word_1_904' title='bbox 3518 5017 3618 5081; x_wconf 74' lang='lat' dir='ltr'><strong>ﬂ,</strong></span> <span class='ocrx_word' id='word_1_905' title='bbox 3647 5018 3766 5086; x_wconf 80' lang='grc'><strong>15).</strong></span> 
     </span>
    </p>
   </div>
   <div class='ocr_carea' id='block_1_115' title="bbox 2179 5095 3763 5178">
    <p class='ocr_par' dir='ltr' id='par_1_115' title="bbox 2179 5095 3763 5178">
     <span class='ocr_line' id='line_1_115' title="bbox 2179 5095 3763 5178; baseline 0.009 -28"><span class='ocrx_word' id='word_1_906' title='bbox 2179 5095 2332 5162; x_wconf 86' lang='lat' dir='ltr'><strong>Quod</strong></span> <span class='ocrx_word' id='word_1_907' title='bbox 2357 5098 2432 5153; x_wconf 89' lang='lat' dir='ltr'><strong>ait</strong></span> <span class='ocrx_word' id='word_1_908' title='bbox 2456 5098 2508 5152; x_wconf 87' lang='lat' dir='ltr'><strong>in</strong></span> <span class='ocrx_word' id='word_1_909' title='bbox 2534 5099 2623 5153; x_wconf 91' lang='lat' dir='ltr'><strong>illo</strong></span> <span class='ocrx_word' id='word_1_910' title='bbox 2649 5102 2972 5167; x_wconf 85' lang='lat' dir='ltr'><strong>testimonio,</strong></span> <span class='ocrx_word' id='word_1_911' title='bbox 3004 5102 3073 5158; x_wconf 75' lang='lat' dir='ltr'><strong>Si</strong></span> <span class='ocrx_word' id='word_1_912' title='bbox 3093 5105 3226 5158; x_wconf 86' lang='lat' dir='ltr'><strong>enim</strong></span> <span class='ocrx_word' id='word_1_913' title='bbox 3248 5123 3314 5160; x_wconf 82' lang='lat' dir='ltr'><strong>ea:</strong></span> <span class='ocrx_word' id='word_1_914' title='bbox 3334 5107 3442 5178; x_wconf 86' lang='lat' dir='ltr'><strong>lege</strong></span> <span class='ocrx_word' id='word_1_915' title='bbox 3469 5107 3763 5176; x_wconf 65' lang='lat' dir='ltr'><strong>hereditas,</strong></span> 
     </span>
    </p>
   </div>
   <div class='ocr_carea' id='block_1_116' title="bbox 2169 5191 3765 5271">
    <p class='ocr_par' dir='ltr' id='par_1_116' title="bbox 2169 5191 3765 5271">
     <span class='ocr_line' id='line_1_116' title="bbox 2169 5191 3765 5271; baseline 0.009 -28"><span class='ocrx_word' id='word_1_916' title='bbox 2169 5191 2284 5260; x_wconf 87' lang='lat' dir='ltr'><strong>jam</strong></span> <span class='ocrx_word' id='word_1_917' title='bbox 2306 5207 2405 5244; x_wconf 88' lang='lat' dir='ltr'><strong>non</strong></span> <span class='ocrx_word' id='word_1_918' title='bbox 2427 5206 2489 5246; x_wconf 81' lang='lat' dir='ltr'><strong>ea:</strong></span> <span class='ocrx_word' id='word_1_919' title='bbox 2511 5192 2879 5260; x_wconf 84' lang='lat' dir='ltr'><strong>promissione;</strong></span> <span class='ocrx_word' id='word_1_920' title='bbox 2919 5195 3137 5250; x_wconf 68' lang='lat' dir='ltr'><strong>Abrahae</strong></span> <span class='ocrx_word' id='word_1_921' title='bbox 3160 5207 3329 5251; x_wconf 83' lang='lat' dir='ltr'><strong>autem</strong></span> <span class='ocrx_word' id='word_1_922' title='bbox 3353 5215 3444 5267; x_wconf 85' lang='lat' dir='ltr'><strong>per</strong></span> <span class='ocrx_word' id='word_1_923' title='bbox 3468 5201 3765 5271; x_wconf 83' lang='lat' dir='ltr'><strong>promissio-</strong></span> 
     </span>
    </p>
   </div>
   <div class='ocr_carea' id='block_1_117' title="bbox 2180 5281 3763 5361">
    <p class='ocr_par' dir='ltr' id='par_1_117' title="bbox 2180 5281 3763 5361">
     <span class='ocr_line' id='line_1_117' title="bbox 2180 5281 3763 5361; baseline 0.008 -26"><span class='ocrx_word' id='word_1_924' title='bbox 2180 5297 2292 5337; x_wconf 84' lang='lat' dir='ltr'><strong>nem</strong></span> <span class='ocrx_word' id='word_1_925' title='bbox 2314 5282 2521 5336; x_wconf 79' lang='lat' dir='ltr'><strong>donavit</strong></span> <span class='ocrx_word' id='word_1_926' title='bbox 2539 5281 2689 5337; x_wconf 88' lang='lat' dir='ltr'><strong>.Deus</strong></span> <span class='ocrx_word' id='word_1_927' title='bbox 2706 5300 2728 5348; x_wconf 91' lang='lat'><strong>;</strong></span> <span class='ocrx_word' id='word_1_928' title='bbox 2758 5282 2858 5338; x_wconf 88' lang='lat' dir='ltr'><strong>hoc</strong></span> <span class='ocrx_word' id='word_1_929' title='bbox 2888 5284 2940 5337; x_wconf 80' lang='lat' dir='ltr'><strong>in</strong></span> <span class='ocrx_word' id='word_1_930' title='bbox 2969 5285 3071 5340; x_wconf 85' lang='lat' dir='ltr'><strong>isto</strong></span> <span class='ocrx_word' id='word_1_931' title='bbox 3096 5287 3190 5351; x_wconf 86' lang='lat' dir='ltr'><strong>ait,</strong></span> <span class='ocrx_word' id='word_1_932' title='bbox 3219 5286 3280 5342; x_wconf 92' lang='lat' dir='ltr'><strong>Si</strong></span> <span class='ocrx_word' id='word_1_933' title='bbox 3299 5289 3432 5342; x_wconf 86' lang='lat' dir='ltr'><strong>enim</strong></span> <span class='ocrx_word' id='word_1_934' title='bbox 3460 5291 3547 5361; x_wconf 84' lang='lat' dir='ltr'><strong>qui</strong></span> <span class='ocrx_word' id='word_1_935' title='bbox 3573 5307 3664 5361; x_wconf 85' lang='lat' dir='ltr'><strong>per</strong></span> <span class='ocrx_word' id='word_1_936' title='bbox 3684 5294 3763 5346; x_wconf 84' lang='lat' dir='ltr'><strong>le-</strong></span> 
     </span>
    </p>
   </div>
   <div class='ocr_carea' id='block_1_118' title="bbox 2174 5374 3767 5456">
    <p class='ocr_par' dir='ltr' id='par_1_118' title="bbox 2174 5374 3767 5456">
     <span class='ocr_line' id='line_1_118' title="bbox 2174 5374 3767 5456; baseline 0.008 -28"><span class='ocrx_word' id='word_1_937' title='bbox 2174 5390 2310 5443; x_wconf 88' lang='lat' dir='ltr'><strong>gem,</strong></span> <span class='ocrx_word' id='word_1_938' title='bbox 2336 5374 2557 5428; x_wconf 72' lang='lat' dir='ltr'><strong>hteredes</strong></span> <span class='ocrx_word' id='word_1_939' title='bbox 2574 5384 2729 5440; x_wconf 86' lang='lat' dir='ltr'><strong>sunt;</strong></span> <span class='ocrx_word' id='word_1_940' title='bbox 2757 5376 3013 5431; x_wconf 69' lang='lat' dir='ltr'><strong>exinanita</strong></span> <span class='ocrx_word' id='word_1_941' title='bbox 3036 5389 3107 5433; x_wconf 91' lang='lat' dir='ltr'><strong>est</strong></span> <span class='ocrx_word' id='word_1_942' title='bbox 3133 5380 3281 5447; x_wconf 78' lang='lat' dir='ltr'><strong>ﬁdes,</strong></span> <span class='ocrx_word' id='word_1_943' title='bbox 3307 5391 3355 5436; x_wconf 89' lang='lat' dir='ltr'><strong>et</strong></span> <span class='ocrx_word' id='word_1_944' title='bbox 3380 5393 3620 5438; x_wconf 72' lang='lat' dir='ltr'><strong>evacuate</strong></span> <span class='ocrx_word' id='word_1_945' title='bbox 3644 5402 3767 5456; x_wconf 85' lang='lat' dir='ltr'><strong>pro—</strong></span> 
     </span>
    </p>
   </div>
   <div class='ocr_carea' id='block_1_119' title="bbox 2244 5506 3763 5574">
    <p class='ocr_par' dir='ltr' id='par_1_119' title="bbox 2244 5506 3763 5574">
     <span class='ocr_line' id='line_1_119' title="bbox 2244 5506 3763 5574; baseline 0.011 -27"><span class='ocrx_word' id='word_1_946' title='bbox 2244 5510 2257 5535; x_wconf 82' lang='grc' dir='ltr'><strong>ι</strong></span> <span class='ocrx_word' id='word_1_947' title='bbox 2287 5506 2493 5574; x_wconf 77' lang='lat' dir='ltr'><strong>vatieaui</strong></span> <span class='ocrx_word' id='word_1_948' title='bbox 2519 5512 2622 5554; x_wconf 82' lang='lat' dir='ltr'><strong>Mss.</strong></span> <span class='ocrx_word' id='word_1_949' title='bbox 2650 5514 2928 5555; x_wconf 76' lang='lat' dir='ltr'><strong>constanter</strong></span> <span class='ocrx_word' id='word_1_950' title='bbox 2965 5508 3175 5569; x_wconf 83' lang='lat' dir='ltr'><strong>habent,</strong></span> <span class='ocrx_word' id='word_1_951' title='bbox 3217 5525 3305 5574; x_wconf 61' lang='lat' dir='ltr'><strong>per</strong></span> <span class='ocrx_word' id='word_1_952' title='bbox 3344 5528 3427 5573; x_wconf 75' lang='lat' dir='ltr'><strong>rep</strong></span> <span class='ocrx_word' id='word_1_953' title='bbox 3457 5518 3554 5564; x_wconf 81' lang='lat' dir='ltr'><strong>omi</strong></span> <span class='ocrx_word' id='word_1_954' title='bbox 3606 5531 3763 5565; x_wconf 54' lang='grc' dir='ltr'>ωπρεγι</span> 
     </span>
    </p>
   </div>
   <div class='ocr_carea' id='block_1_120' title="bbox 2179 5564 2538 5615">
    <p class='ocr_par' dir='ltr' id='par_1_120' title="bbox 2179 5564 2538 5615">
     <span class='ocr_line' id='line_1_120' title="bbox 2179 5564 2538 5615; baseline 0.003 -1"><span class='ocrx_word' id='word_1_955' title='bbox 2179 5564 2369 5614; x_wconf 75' lang='lat' dir='ltr'><strong>donarit</strong></span> <span class='ocrx_word' id='word_1_956' title='bbox 2399 5574 2538 5615; x_wconf 78' lang='lat' dir='ltr'><strong>Deus.</strong></span> 
     </span>
    </p>
   </div>
   <div class='ocr_carea' id='block_1_121' title="bbox 2241 5627 3763 5696">
    <p class='ocr_par' dir='ltr' id='par_1_121' title="bbox 2241 5627 3763 5696">
     <span class='ocr_line' id='line_1_121' title="bbox 2241 5627 3763 5696; baseline 0.012 -24"><span class='ocrx_word' id='word_1_957' title='bbox 2241 5628 2261 5657; x_wconf 74' lang='grc' dir='ltr'><strong>ι</strong></span> <span class='ocrx_word' id='word_1_958' title='bbox 2282 5627 2503 5696; x_wconf 57' lang='lat' dir='ltr'><strong>(alligant</strong></span> <span class='ocrx_word' id='word_1_959' title='bbox 2526 5636 2753 5696; x_wconf 32' lang='lat' dir='ltr'><strong>manner</strong></span> <span class='ocrx_word' id='word_1_960' title='bbox 2774 5627 2922 5696; x_wconf 73' lang='lat' dir='ltr'><strong>fidem</strong></span> <span class='ocrx_word' id='word_1_961' title='bbox 2947 5643 2963 5678; x_wconf 91' lang='lat'><em>:</em></span> <span class='ocrx_word' id='word_1_962' title='bbox 2976 5630 3085 5693; x_wconf 81' lang='lat' dir='ltr'><strong>jam</strong></span> <span class='ocrx_word' id='word_1_963' title='bbox 3108 5632 3187 5683; x_wconf 76' lang='lat' dir='ltr'><strong>hic</strong></span> <span class='ocrx_word' id='word_1_964' title='bbox 3210 5642 3502 5686; x_wconf 66' lang='lat' dir='ltr'><strong>monstratur</strong></span> <span class='ocrx_word' id='word_1_965' title='bbox 3517 5638 3763 5692; x_wconf 74' lang='lat' dir='ltr'><strong>hiantth</strong></span> 
     </span>
    </p>
   </div>
   <div class='ocr_carea' id='block_1_122' title="bbox 2176 5686 2975 5752">
    <p class='ocr_par' dir='ltr' id='par_1_122' title="bbox 2176 5686 2975 5752">
     <span class='ocr_line' id='line_1_122' title="bbox 2176 5686 2975 5752; baseline 0.008 -17"><span class='ocrx_word' id='word_1_966' title='bbox 2455 5688 2556 5752; x_wconf 74' lang='lat' dir='ltr'><strong>lege</strong></span> <span class='ocrx_word' id='word_1_967' title='bbox 2571 5686 2850 5752; x_wconf 67' lang='lat' dir='ltr'><strong>deﬁdentia,</strong></span> <span class='ocrx_word' id='word_1_968' title='bbox 2884 5700 2975 5741; x_wconf 79' lang='lat' dir='ltr'><strong>etc.</strong></span> 
     </span>
    </p>
   </div>
   <div class='ocr_carea' id='block_1_123' title="bbox 2243 5750 3244 5817">
    <p class='ocr_par' dir='ltr' id='par_1_123' title="bbox 2243 5750 3244 5817">
     <span class='ocr_line' id='line_1_123' title="bbox 2243 5750 3244 5817; baseline 0.009 -21"><span class='ocrx_word' id='word_1_969' title='bbox 2243 5751 2265 5781; x_wconf 82' lang='grc'>³</span> <span class='ocrx_word' id='word_1_970' title='bbox 2289 5750 2725 5800; x_wconf 57' lang='grc' dir='ltr'><strong>γειὶεειιιῑὶίεεζιιὶο</strong></span> <span class='ocrx_word' id='word_1_971' title='bbox 2746 5762 2795 5804; x_wconf 88' lang='lat' dir='ltr'><strong>et</strong></span> <span class='ocrx_word' id='word_1_972' title='bbox 2823 5754 2960 5811; x_wconf 72' lang='lat' dir='ltr'><strong>intra.</strong></span> <span class='ocrx_word' id='word_1_973' title='bbox 2987 5755 3135 5817; x_wconf 78' lang='lat' dir='ltr'><strong>posita</strong></span> <span class='ocrx_word' id='word_1_974' title='bbox 3159 5764 3244 5806; x_wconf 82' lang='lat' dir='ltr'><strong>est.</strong></span> 
     </span>
    </p>
   </div>
  </div>
