4096 6504
277 438 376 497 επ

274 556 438 613 intuta
462 568 483 610 :
509 551 641 609 satis
666 550 954 621 ostendens
992 550 1057 605 ad
1099 548 1257 605 ﬁdem
1300 556 1534 602 nostram
1582 545 1854 616 pertinere

275 638 424 724 (qua
459 645 583 702 novi
614 654 794 714 utique
821 653 905 698 est
932 641 1301 711 Testamenti)
1331 638 1471 708 quod
1508 652 1603 708 per
1634 636 1858 707 promis-

273 736 719 796 sionem-donavit
748 734 889 789 Deus
917 732 1163 789 Abrahae.
1197 732 1266 786 Et
1305 729 1443 801 quod
1470 730 1546 784 ait
1573 729 1623 782 in
1652 729 1743 781 illo
1776 735 1857 781 te-

275 829 541 890 stimonio,
572 826 709 896 Quid
729 841 848 897 ergo
873 825 956 880 lea:
973 824 1000 879 ?
1024 831 1183 895 atque
1212 820 1509 891 respondit,
1544 817 1859 872 Pra'varica-

276 921 419 976 tionis
440 919 610 990 gratia
630 917 893 988 proposita
917 924 992 971 est
1019 930 1040 969 .°
1066 917 1167 969 hoc
1197 912 1249 966 in
1276 913 1381 969 isto
1406 910 1641 967 subdidit
1664 908 1855 963 simili-

277 1019 369 1075 ter,
403 1009 513 1063 Lex
531 1008 664 1062 enim
690 1007 820 1061 iram
845 1014 1083 1077 operatur
1112 1020 1131 1060 :
1157 1005 1244 1060 ubi
1268 1004 1400 1058 enim
1427 1019 1526 1057 non
1554 1010 1625 1056 est
1649 1000 1749 1068 lex,
1771 1016 1859 1054 nec

190 1122 200 1130 ο
275 1100 636 1174 prwoaricatio.

338 1192 389 1247 8.
419 1191 544 1247 Sive
567 1190 730 1261 igitur
760 1188 1023 1244 A'braham
1043 1230 1059 1254 ,
1087 1187 1203 1244 sive
1235 1195 1359 1259 ante
1385 1186 1532 1241 illum
1555 1184 1709 1255 justi,
1741 1181 1855 1238 sive

272 1295 384 1359 post
409 1300 535 1340 eum
561 1299 730 1355 usque
754 1284 822 1339 ad
850 1285 1023 1351 ipsum
1047 1281 1265 1353 Meysen
1291 1321 1309 1348 ,
1353 1295 1447 1351 per
1483 1291 1642 1350 quem
1672 1276 1857 1332 datum

271 1386 347 1434 est
373 1377 773 1432 Testamentum
804 1389 835 1430 a
864 1382 1048 1429 monte
1083 1372 1212 1429 Sina
1251 1370 1306 1427 in
1335 1370 1651 1426 servitutem
1692 1381 1860 1438 gene-

269 1483 405 1529 rans.
429 1467 545 1522 sive
572 1466 753 1522 caateri
785 1450 1068 1534 Prophetté
1096 1473 1216 1531 post
1243 1476 1368 1518 eum
1397 1468 1451 1516 et
1480 1458 1648 1515 sancti
1678 1457 1855 1512 homi-

275 1573 366 1614 nes
394 1558 487 1612 Dei
521 1572 688 1627 usque
712 1555 778 1611 ad
804 1555 1065 1611 Joannem
1093 1554 1384 1623 Baptistam
1402 1593 1418 1618 ,
1463 1550 1556 1605 filii
1584 1558 1708 1604 sunt
1734 1563 1859 1620 pro-

264 1650 539 1706 missionis
556 1658 615 1705 et
637 1648 820 1718 gratia:
842 1644 1137 1703 secundum
1158 1644 1305 1700 Isaac
1327 1642 1495 1712 ﬁlium
1518 1641 1725 1704 liberm,
1749 1654 1854 1694 non

267 1760 330 1800 ex
359 1743 492 1814 lege,
524 1741 620 1798 sed
645 1756 710 1797 ex
741 1739 1096 1811 promissione
1123 1736 1365 1794 heredes
1392 1734 1513 1802 Dei,
1545 1732 1856 1791 cohazredes

265 1843 436 1888 autem
463 1832 684 1888 Christi.
731 1831 887 1887 Absit
911 1832 1055 1887 enim
1088 1839 1144 1885 ut
1168 1828 1282 1885 Noe
1305 1829 1510 1898 justum
1531 1868 1548 1894 ,
1575 1835 1628 1882 et
1660 1825 1854 1896 prioris

270 1923 521 1994 temporis
543 1923 739 1994 justos,
771 1933 826 1979 et
850 1924 1172 1993 quicumque
1194 1920 1263 1976 ab
1290 1920 1383 1975 illo
1400 1934 1569 1990 usque
1590 1917 1657 1973 ad
1683 1916 1852 1973 Abra-

265 2016 382 2071 ham
407 2016 541 2085 justi
566 2030 688 2071 esse
717 2022 1005 2086 potuerunt
1025 2014 1107 2069 vel
1129 2013 1403 2083 conspicui
1423 2012 1507 2067 vel
1529 2011 1746 2079 occulti,
1766 2026 1855 2067 ne-

263 2120 443 2176 gemus
469 2104 546 2159 ad
558 2119 845 2175 supernam
867 2103 1185 2170 Jerusalem,
1209 2117 1327 2174 quae
1346 2111 1520 2158 mater
1542 2111 1725 2158 nostra
1746 2111 1847 2169 est,

274 2199 574 2268 pertinere;
601 2197 845 2268 quamvis
870 2196 1169 2252 anteriores
1199 2205 1437 2267 tempore
1469 2195 1486 2228 ⁸
1515 2196 1854 2251 inveniantur

261 2305 373 2346 esse
415 2306 577 2361 quam
620 2290 786 2356 Sara,
825 2304 945 2359 qua;
972 2288 1139 2359 ipsius
1167 2287 1352 2343 libera:
1393 2288 1580 2342 matris
1621 2285 1853 2359 prephe-

263 2384 381 2435 tiam
422 2382 757 2452 ﬁguramque
796 2380 1036 2452 gestabat
1075 2382 1119 2433 ².
1150 2380 1361 2449 Quanto
1386 2378 1688 2435 evidentius
1722 2393 1851 2450 ergo

263 2480 378 2540 post
402 2472 699 2536 Abraham,
726 2473 809 2526 cui
833 2471 909 2526 sic
934 2471 1200 2526 declarata
1223 2480 1305 2526 est
1325 2470 1439 2540 ipsa
1464 2470 1768 2540 promissio,
1794 2478 1852 2523 ut

261 2573 407 2633 pater
432 2563 724 2617 multarum
751 2563 987 2634 gentium
1017 2561 1286 2616 diceretur
1315 2558 1468 2634 (Gen.
1502 2575 1615 2615 xvu
1640 2601 1655 2626 ,
1686 2561 1738 2626 ι,
1765 2560 1847 2630 5),

261 2655 583 2724 quicumque
628 2655 737 2708 Deo
792 2654 1145 2724 placuerunt,
1195 2650 1287 2706 lilii
1344 2650 1713 2720 promissionis
1757 2650 1849 2704 ba.

260 2748 410 2802 bendi
454 2747 622 2801 sunt?
665 2746 781 2802 Non
812 2747 954 2802 enim
995 2760 1062 2801 ex
1102 2743 1370 2801 Abraham
1409 2754 1463 2800 et
1488 2745 1741 2814 deinceps
1766 2743 1851 2815 ju‘

256 2851 451 2893 storum
483 2841 768 2911 generatio
798 2840 1008 2905 verior,
1049 2838 1144 2896 sed
1187 2839 1467 2910 prophetia
1510 2837 1850 2896 manifesﬁor

254 2932 537 2999 reperitur.

320 3022 371 3077 9.
399 3022 480 3076 Ad
501 3022 913 3077 Testamentum
940 3029 1117 3077 autem
1139 3029 1315 3087 vetus,
1338 3021 1481 3093 quod
1507 3031 1590 3077 est
1612 3038 1641 3077 a
1667 3031 1849 3078 monte

253 3114 371 3168 Sina
402 3115 453 3169 in
483 3115 804 3171 servitutem
830 3129 1117 3185 generatis,
1149 3114 1291 3185 quod
1318 3124 1403 3191 est
1426 3116 1590 3186 Agar,
1622 3116 1693 3169 illi
1728 3129 1849 3185 per-

252 3207 414 3262 tinent
441 3249 457 3274 ,
484 3208 582 3277 qui
614 3223 736 3263 cum
767 3209 1075 3277 acceperint
1101 3208 1272 3279 legem
1299 3216 1538 3263 sanetam
1564 3217 1619 3263 et
1644 3207 1847 3278 justam

253 3305 303 3351 et
327 3296 553 3363 bonam,
585 3306 775 3367 putant
799 3298 898 3352 sibi
923 3297 988 3352 ad
1018 3298 1203 3363 vitam,
1233 3296 1464 3352 litteram
1507 3312 1665 3369 posse
1692 3297 1844 3351 sufﬁ-

249 3402 368 3441 cere
396 3406 410 3442 :
439 3398 494 3443 et
523 3388 656 3443 ideo
682 3402 785 3459 qua
813 3387 941 3443 ﬁant
970 3388 1198 3444 factores
1226 3388 1380 3458 legis,
1420 3387 1653 3442 divinam
1679 3387 1845 3444 mise-

252 3481 531 3538 ricordiam
564 3498 674 3537 non
720 3484 1034 3551 requirunt;
1081 3482 1178 3538 sed
1215 3483 1525 3552 ignorantes
1563 3481 1659 3537 Dei
1685 3480 1846 3553 justi-

252 3573 396 3638 tiam,
426 3582 481 3629 et
503 3588 661 3630 suam
680 3572 948 3642 justitiam
975 3572 1219 3629 volentes
1244 3573 1596 3639 constituere,
1622 3572 1846 3642 justitiae

253 3662 342 3717 Bci
380 3681 485 3719 non
528 3675 658 3719 sunt
694 3664 917 3734 subjecti
952 3663 1131 3735 (Rom.
1160 3680 1229 3729 ι,
1256 3661 1335 3737 '5).
1379 3663 1458 3718 Ex
1503 3662 1607 3719 hoc
1648 3679 1847 3735 genere

251 3752 344 3807 fuit
386 3755 474 3809 illa
517 3754 850 3820 multitudo,
894 3771 1019 3824 qum
1049 3755 1306 3812 adversus
1353 3755 1518 3810 Deum
1561 3756 1614 3810 in
1660 3771 1846 3811 eremo

249 3845 621 3910 murmuravit,
656 3854 714 3900 et
742 3846 938 3900 idolum
966 3845 1094 3901 fecit
1117 3888 1131 3911 ,
1160 3855 1215 3902 et
1244 3846 1334 3900 illa
1363 3862 1481 3917 qua:
1507 3848 1616 3915 jam
1648 3846 1701 3901 in
1733 3846 1845 3916 ipsa

248 3943 384 3990 terra
408 3937 787 4006 promissionis
812 3937 1070 3992 fornicata
1093 3946 1175 3993 est
1193 3946 1317 4010 post
1336 3938 1467 3993 deos
1487 3940 1711 3995 alienos.
1737 3938 1845 3994 Sed

251 4021 361 4080 lucc
390 4029 443 4081 in
488 4030 610 4098 ipso
646 4043 857 4099 quoque
885 4038 1068 4084 vetere
1098 4029 1445 4085 Testamento
1471 4030 1624 4085 valde
1662 4047 1849 4101 repro-

249 4115 365 4172 bata
394 4129 480 4174 est
507 4120 815 4174 multitudo.
860 4119 939 4174 Illi
968 4120 1129 4175 etiam
1151 4162 1165 4187 ,
1197 4121 1521 4192 quicumque
1551 4122 1619 4177 ibi
1660 4132 1844 4191 erant,

246 4209 353 4262 sola
380 4227 501 4280 quae
530 4213 604 4266 ibi
636 4211 776 4266 Dens
804 4211 1087 4282 pollicetur
1110 4223 1321 4267 terrena
1346 4213 1612 4283 promissa
1635 4224 1847 4270 sectan—

246 4305 323 4352 tes
343 4340 357 4361 ,
388 4310 442 4355 ct
471 4301 601 4371 quid
636 4317 734 4372 pro
766 4317 905 4357 novo
933 4302 1285 4358 Testamento
1310 4318 1373 4358 ea
1401 4305 1513 4376 ipsa
1542 4306 1847 4376 signiﬁcent

246 4388 568 4461 ignorantes,
596 4411 783 4450 eorum
811 4396 1279 4466 adipiscendorum
1301 4414 1487 4454 amore
1513 4409 1567 4455 ct
1591 4402 1846 4459 amitten-

243 4480 425 4536 dornm
461 4487 679 4549 timore,
710 4487 799 4540 Dei
830 4485 1095 4557 praecepta
1118 4490 1441 4557 servabant;
1470 4492 1577 4546 imo
1604 4510 1711 4550 non
1731 4511 1847 4549 ser-

244 4572 457 4641 vabant,
487 4576 586 4631 sed
610 4576 713 4631 sibi
738 4592 955 4633 servare
982 4580 1315 4635 videbantur.
1340 4580 1524 4651 Neque
1546 4584 1688 4639 enim
1710 4584 1843 4639 ﬁdes

244 4662 292 4716 in
319 4666 396 4721 eis
429 4683 524 4736 per
553 4669 899 4724 dilectionem
943 4672 1266 4739 onerabatur
1294 4671 1486 4746 (Galat.
1523 4690 1585 4740 v,
1617 4675 1710 4747 6),
1738 4678 1834 4732 sed

245 4762 450 4811 terrena
478 4760 751 4826 cupiditas
782 4771 1062 4831 metusque
1091 4765 1341 4818 carnalis.
1370 4764 1460 4819 Sic
1488 4762 1666 4831 autem
1699 4783 1841 4836 pra:-

242 4858 389 4913 cepta
420 4853 511 4921 qui
545 4854 695 4918 facit,
722 4856 911 4924 procul
943 4855 1105 4912 dubio
1132 4858 1330 4912 invitus
1357 4856 1509 4916 facit:
1533 4875 1604 4929 ac.
1619 4875 1714 4929 per
1736 4861 1838 4917 hoc

245 4941 295 4993 in
325 4944 507 4997 animo
551 4962 661 5000 non
692 4945 820 5002 facit
849 4967 861 5003 :
898 4950 1066 5019 magis
1105 4950 1217 5005 vult
1243 4949 1263 4981 ⁸
1293 4949 1435 5005 enim
1472 4953 1692 5007 omnino
1731 4968 1839 5007 non

241 5027 433 5098 facere,
482 5036 526 5090 si
557 5038 855 5093 secundum
887 5056 950 5094 ea
975 5056 1094 5109 quae
1119 5042 1264 5112 eupit
1294 5051 1348 5097 et
1377 5043 1586 5106 metuit,
1624 5046 1841 5112 permit-

244 5132 379 5178 tatur
410 5128 658 5196 impune.
702 5135 777 5186 Ac
812 5147 910 5201 pcr
936 5134 1038 5188 hoc
1068 5135 1119 5187 in
1148 5134 1259 5204 ipsa
1287 5135 1559 5191 voluntate
1591 5136 1732 5190 intus
1759 5147 1842 5192 est

240 5228 379 5279 reus,
413 5219 504 5273 ubi
534 5220 653 5289 ipse
676 5222 765 5290 qui
796 5223 1034 5294 praecipit
1064 5227 1271 5294 inspicit
1308 5226 1466 5283 Deus.
1507 5229 1664 5283 Tales
1689 5242 1841 5286 erant

243 5304 330 5358 lilii
362 5315 598 5364 terrente
628 5310 960 5381 Jerusalem,
991 5314 1058 5370 de
1084 5330 1183 5386 qua
1213 5316 1341 5371 dicit
1367 5319 1654 5387 Apostolus
1674 5363 1689 5385 ,
1718 5321 1841 5377 Ser-

241 5395 301 5447 rit
327 5399 462 5453 enim
489 5417 610 5455 cum
639 5404 759 5469 ﬁliis
787 5407 907 5469 suis,
940 5407 1210 5475 pertinens
1232 5410 1299 5464 ad
1320 5410 1720 5469 Testamentum
1752 5431 1842 5471 ve-

243 5493 322 5541 tus
346 5505 375 5541 α
403 5502 580 5546 monte
606 5493 737 5548 Sina
764 5496 813 5549 iu
840 5497 1126 5552 servitutem
1145 5516 1411 5570 generatis,
1442 5504 1578 5572 quod
1602 5514 1672 5558 est
1702 5505 1840 5567 Aqar

302 5663 477 5746 ξιξέιμῐ..
500 5670 725 5746 qtttztrtois
769 5672 1011 5726 anteriore
1057 5683 1285 5740 tempore.
1329 5687 1454 5742 Mss,
1502 5684 1717 5746 qmanrt’s
1757 5700 1841 5736 tm-

240 5728 433 5777 ttrt'ores
448 5737 477 5778 14
488 5744 689 5788 'mmre.

301 5788 563 5857 {Gallicani
587 5801 684 5842 Mss
706 5831 719 5853 ,
739 5804 908 5857 gestat.

303 5848 323 5880 ³
344 5855 413 5901 δὶς
431 5862 448 5897 \
462 5858 578 5905 atic.
609 5848 718 5905 323s:
740 5848 876 5918 inditi,
898 5860 1093 5911 ηψπ-ιλιι.

1621 426 1823 485 ιωυὶ
1862 427 2183 484 TEHTlUS.

3453 402 3563 491 51$;

1969 541 2162 613 (Galat.
2188 558 2264 609 ιν,
2290 541 2381 606 9.5,
2406 543 2515 614 24).
2549 544 2622 599 Es
2652 545 2765 615 ipso
2791 561 2986 616 genere
3008 546 3242 614 fuerunt,
3264 550 3355 622 qui
3380 552 3555 605 Domi-

1968 647 2094 686 num
2122 632 2546 700 crnciﬁxerunt,
2580 643 2635 690 ct
2677 636 2729 691 in
2768 637 2956 694 eadem
2990 638 3303 696 inﬁdelitate
3345 658 3558 696 manse-

1967 732 2110 776 runt.
2162 722 2288 779 Inde
2329 734 2455 779 sunt
2493 726 2669 781 adhuc
2698 728 2858 782 etiam
2905 730 2998 785 lilii
3028 745 3216 786 eorum
3263 732 3315 786 in
3357 734 3558 802 ingenti

1968 814 2312 872 multitudine
2359 817 2690 884 Judzeorum,
2742 821 2985 889 quamvis
3025 822 3134 890 jam
3183 839 3323 880 novo
3370 826 3559 880 Tesm-

1965 912 2170 971 mento,
2202 906 2337 961 sicut
2365 910 2738 978 prapbetatum
2764 920 2864 974 est,
2895 927 2989 980 per
3015 913 3213 967 Christi
3244 917 3557 984 sanguinem

1963 999 2230 1066 patefacto
2268 1010 2428 1071 atque
2456 1002 2701 1069 ﬁrmato,
2743 1011 2799 1059 et
2823 1019 2855 1059 a
2886 1003 3105 1060 nomine
3136 1006 3221 1061 ubi
3264 1009 3560 1077 baptizatus

1963 1091 2439 1161 magisteriumque
2477 1092 2750 1163 professus
2783 1106 2862 1150 est
2907 1095 3121 1167 (Matth.
3160 1114 3254 1157 ιιι.
3298 1099 3386 1163 16,
3429 1103 3515 1169 t7)
3542 1145 3555 1165 ,

1962 1194 2136 1250 usque
2170 1181 2238 1236 ad
2279 1183 2536 1239 terminos
2576 1192 2734 1240 terra:
2778 1186 3070 1258 Evangelio
3113 1178 3406 1265 diﬁ’aniato.
3457 1194 3556 1258 Qui

1961 1268 2134 1326 Judmi
2165 1314 2181 1339 ,
2250 1273 2545 1328 secundum
2606 1275 2915 1345 prophetias
2972 1293 3105 1348 quas
3170 1281 3390 1351 legunt,
3465 1299 3559 1352 per

1963 1378 2153 1419 omnes
2196 1374 2322 1420 sunt
2370 1376 2543 1421 terras
2585 1367 2786 1438 ubique
2832 1368 3105 1440 dispersi,
3156 1382 3213 1427 ut
3259 1389 3326 1428 ex
3370 1389 3556 1428 eorum

1961 1473 2177 1530 quoque
2203 1458 2476 1518 codicibus
2514 1458 2831 1518 Christiana:
2869 1477 2979 1519 non
3020 1464 3161 1519 desit
3192 1466 3554 1522 testimonium

1960 1550 2199 1606 veritati.
2962 1539 2970 1547 ’
3576 1568 3581 1631 ρ

2033 1641 2122 1698 10.
2153 1643 2223 1698 Et
2260 1653 2413 1700 vetus
2448 1643 2608 1717 igitur
2647 1644 3047 1704 Testamentum
3094 1650 3235 1704 Deus
3276 1648 3555 1705 condidit:

1959 1733 2085 1805 quia
2117 1734 2226 1791 Deo
2265 1736 2493 1806 placuit,
2544 1752 2711 1808 usque
2754 1737 2822 1793 ad
2870 1739 3252 1810 plenitudinem
3300 1739 3556 1809 temporis

1960 1824 2241 1894 promissis
2268 1828 2494 1882 terrenis
2519 1836 2769 1899 tanquam
2796 1829 2849 1885 in
2876 1830 3093 1900 praemio
3117 1830 3416 1886 constitutis
3438 1847 3552 1901 pro-

1959 1915 2122 1971 missa
2164 1917 2342 1973 velare
2384 1918 2660 1985 ccclestia;
2705 1929 2760 1975 ct
2801 1922 2998 1991 populo
3034 1923 3259 1977 terrenis
3286 1921 3440 1978 bonis
3469 1924 3553 1977 in-

1959 2005 2156 2076 hianti,
2199 2019 2254 2065 et
2302 2019 2584 2081 propterea
2631 2012 2823 2067 durum
2867 2030 2964 2069 cor
3016 2014 3263 2082 habenti,
3314 2017 3554 2088 quamvis

1958 2101 2318 2170 spiritualem,
2371 2111 2548 2158 tamen
2598 2104 2651 2159 in
2700 2105 2894 2160 tabulis
2932 2106 3154 2175 lapideis
3194 2108 3363 2178 legem
3401 2107 3549 2164 dare.

1957 2190 2209 2261 Exceptis
2238 2194 2433 2263 quippe
2459 2193 2740 2249 Librorum
2770 2205 3008 2251 veterum
3039 2198 3553 2270 sacratnentis,.qu;n

1955 2283 2070 2339 sola
2099 2284 2434 2355 signiﬁcandi
2464 2286 2669 2341 ratione
2701 2298 2963 2358 praecepta
2993 2300 3116 2345 sunt
3148 2289 3469 2362 (quanquam
3498 2303 3552 2347 et

1956 2374 2010 2429 in
2036 2375 2147 2439 eis,
2181 2377 2433 2446 quoniam
2463 2377 2812 2447 spiritualiler
2841 2380 3180 2451 intelligenda
3216 2392 3375 2448 sunt,
3408 2395 3552 2440 recte

1957 2465 2044 2521 lex
2071 2465 2266 2522 dicitur
2291 2466 2638 2539 Spiritualis);
2666 2479 2859 2525 castora
2888 2482 3036 2528 certe
3064 2488 3181 2543 quae
3207 2472 3276 2528 ad
3302 2474 3551 2545 pietatem

1953 2555 2231 2628 bonosque
2261 2573 2440 2615 mores
2470 2561 2815 2630 pertinentia,
2854 2578 2961 2617 non
2993 2563 3058 2617 ad
3089 2564 3319 2634 aliquam
3350 2567 3552 2636 signiti-

1953 2648 2217 2703 cationem
2260 2650 2363 2704 ulla
2404 2650 2843 2720 interpretatione
2870 2652 3178 2719 referenda,
3212 2655 3307 2709 sed
3333 2672 3553 2726 prorsus

1955 2747 2014 2794 ut
2033 2747 2159 2794 sunt
2177 2740 2338 2808 dicta,
2362 2738 2604 2797 facienda
2626 2750 2785 2797 sunt:
2814 2742 3051 2813 profecto
3073 2745 3213 2800 illam
3239 2747 3326 2803 Dei
3356 2747 3548 2818 legem,

1953 2846 2062 2889 non
2091 2833 2263 2887 solum
2295 2833 2370 2888 illi
2400 2844 2525 2901 tunc
2552 2835 2783 2905 populo,
2810 2850 2996 2891 verum
3028 2837 3186 2893 etiam
3225 2854 3368 2895 nunc
3399 2841 3554 2905 nobis

1952 2924 2021 2979 ad
2050 2924 2425 2980 instituendam
2458 2935 2604 2982 recte
2632 2928 2792 2983 vitam
2822 2932 3180 2986 necessariam
3212 2947 3371 2987 nemo
3399 2931 3554 2987 dubi—

1954 3015 2165 3071 taverit.
2197 3015 2252 3070 Si
2281 3018 2424 3071 enim
2447 3015 2691 3075 Christus
2718 3019 2871 3074 nobis
2895 3020 3114 3076 abstulit
3138 3022 3267 3077 illud
3292 3025 3550 3094 gravissi.

1952 3119 2100 3159 mum
2128 3106 2413 3161 multarum
2451 3108 2883 3165 Observationum
2919 3112 3105 3183 jugum
3125 3155 3142 3181 ,
3171 3129 3239 3170 ne
3266 3117 3551 3173 carnaliter

1952 3193 2423 3265 circumcidamur,
2453 3214 2521 3253 ne
2547 3212 2798 3269 pecorum
2827 3202 3070 3257 victimas
3099 3204 3455 3271 immolemus,
3484 3224 3550 3265 ne

1954 3286 2177 3341 sabbato
2204 3299 2425 3359 septeno
2450 3289 2658 3345 dierum
2690 3292 2959 3349 volumine
2988 3294 3246 3352 redeunte
3275 3297 3342 3352 ab
3367 3300 3548 3369 Operi-

1952 3373 2054 3430 bus
2081 3377 2240 3431 etiam
2272 3380 2589 3434 necessariis
2625 3381 2998 3450 quiescamus,
3041 3395 3095 3441 et
3136 3396 3328 3442 ca‘tera
3369 3389 3551 3459 hujus-

1953 3468 2129 3536 modi,
2156 3468 2250 3524 sed
2278 3485 2340 3524 ea
2371 3471 2716 3541 spiritualiter
2744 3474 3010 3531 intellecta
3042 3464 3343 3543 teneamus,
3374 3496 3545 3535 reum-

1952 3558 2123 3630 tisque
2152 3559 2354 3615 umbris
2390 3561 2814 3632 signiﬁcantibus
2850 3566 2905 3620 in
2944 3582 3121 3623 rerum
3161 3565 3395 3635 ipsarum
3429 3588 3551 3641 qua:

1952 3650 2317 3721 signiﬁcantur
2354 3652 2473 3709 luce
2502 3652 2783 3724 vigiicmus
2812 3673 2827 3711 :
2858 3657 3114 3728 numquid
3148 3670 3427 3736 propterea
3465 3665 3549 3717 tli-

1951 3743 2089 3799 cturi
2116 3759 2321 3810 sumus,
2352 3762 2456 3801 non
2486 3746 2552 3802 ad
2580 3762 2677 3803 nos
2703 3750 2969 3819 pertinere
2995 3752 3135 3822 quod
3161 3754 3418 3824 scriptum
3443 3768 3546 3819 est,

1953 3843 2011 3890 ut
2037 3834 2269 3890 alienum
2298 3838 2671 3910 quodcumque
2702 3841 2966 3910 perditum
2997 3845 3237 3915 quisquis
3267 3846 3550 3912 invenerit,

1952 3927 2141 3985 reddat
2167 3929 2215 3985 ei
2255 3932 2344 4001 qui
2375 3931 2607 4003 perdidit
2635 3932 2817 4004 (Leuit.
2845 3951 2898 3990 vr
2918 3978 2934 4001 ,
2963 3937 3019 4003 5,
3045 3938 3100 4009 4)
3123 3954 3147 4004 ;ν
3170 3946 3225 3995 et
3252 3939 3356 3995 alia
3385 3945 3552 4000 multa

1952 4020 2166 4089 similia,
2196 4025 2388 4093 quibus
2415 4026 2500 4095 pie
2528 4036 2778 4097 recteque
2809 4029 2988 4086 vivere
3017 4031 3260 4099 discitur,
3292 4036 3551 4090 maxime-

1951 4128 2055 4184 que
2083 4115 2252 4184 ipsum
2278 4117 2617 4188 Decalogum,
2641 4122 2732 4189 qui
2758 4120 2965 4178 duabus
2988 4123 3095 4181 illis
3114 4125 3336 4195 lapideis
3358 4129 3552 4185 tabulis

1950 4210 2274 4276 continetur,
2304 4222 2531 4283 excepta
2550 4216 2754 4270 sabbati
2781 4216 3158 4276 observatione
3183 4223 3404 4289 carnali,
3431 4239 3551 4293 qua:

1952 4303 2281 4370 spiritualem
2330 4305 2807 4365 sanctiﬁcationem
2860 4312 3201 4384 quietemque
3251 4316 3549 4386 signiﬁcat?

1952 4394 2082 4463 Quis
2105 4396 2246 4450 enim
2273 4395 2416 4452 dicat
2442 4413 2547 4453 non
2575 4400 2774 4457 debere
2798 4403 3085 4461 observare
3108 4406 3462 4476 Christianos,
3494 4422 3551 4464 ut

1952 4487 2042 4540 uni
2073 4488 2183 4542 Deo
2214 4489 2485 4560 religionis
2511 4491 2768 4561 obsequio
2796 4496 3091 4564 serviatur,
3125 4509 3179 4553 ut
3211 4500 3409 4555 idolum
3443 4519 3548 4557 non

1951 4578 2190 4644 colatur,
2221 4589 2276 4634 ut
2314 4596 2510 4638 nomen
2544 4584 2750 4640 Domini
2782 4601 2888 4642 non
2918 4590 3210 4659 accipiatur
3249 4594 3299 4645 in
3331 4609 3544 4652 vanum.

1952 4677 2007 4722 ut
2034 4681 2282 4738 parentes
2310 4671 2662 4743 bonorentur,
2692 4692 2761 4732 ne
2787 4678 3069 4742 adulteria,
3103 4684 3407 4744 homicidia,
3438 4686 3548 4739 t‘ur-

1951 4771 2023 4825 ta,
2050 4761 2178 4814 falsa
2207 4762 2510 4818 testimonia
2538 4779 2931 4836 perpetrentur,
2958 4786 3027 4826 ne
3052 4787 3208 4835 uxor,
3240 4789 3305 4827 uc
3329 4778 3547 4829 munitio

1950 4867 2036 4905 res
2079 4852 2183 4905 ulla
2222 4855 2631 4924 concupiscatur
2674 4859 2848 4912 aliena
2892 4858 3089 4928 (Exod.
3119 4864 3253 4933 XI)?
3294 4864 3422 4932 Quis
3464 4879 3547 4922 est

1952 4950 2054 4995 tam
2086 4942 2300 5009 impius,
2331 4945 2418 5013 qui
2447 4946 2587 5000 dicat
2613 4947 2736 5004 idco
2765 4964 2824 5003 se
2853 4950 2951 5005 ista
2982 4951 3114 5022 legis
3142 4968 3247 5007 non
3279 4957 3548 5011 custodire

1951 5046 2236 5104 pra-cepta,
2265 5038 2387 5107 quia
2418 5049 2498 5093 est
2526 5040 2639 5109 ipse
2665 5040 3010 5109 Christianus,
3040 5062 3139 5101 nec
3162 5048 3261 5102 sub
3288 5049 3422 5120 lege,
3451 5053 3544 5106 sed

1948 5128 2047 5182 sub
2076 5130 2241 5196 gratia
2270 5132 2626 5187 constitutus?

2021 5223 2108 5277 Η.
2144 5221 2336 5277 Verum
2384 5224 2499 5279 haec
2544 5226 2697 5296 plane
2740 5243 2927 5300 magna
2968 5230 3218 5288 distantia
3256 5245 3372 5303 est,
3405 5242 3545 5308 quod

1950 5309 2149 5369 faciunt
2177 5314 2275 5368 ista
2301 5315 2402 5369 sub
2429 5315 2546 5387 lege
2572 5319 2750 5387 positi,
2775 5336 2910 5392 quos
2937 5323 3112 5381 littera
3133 5328 3349 5392 occidit,
3379 5339 3549 5386 terre-

1952 5422 2072 5459 nam
2113 5406 2415 5463 felicitatem
2453 5411 2537 5465 vel
2567 5412 2857 5482 cupiditate
2883 5416 3211 5487 adipiscendi
3239 5422 3324 5477 vel
3354 5426 3548 5477 timore

1948 5496 2221 5551 amittendi
2254 5513 2268 5552 :
2299 5507 2353 5551 et
2393 5499 2511 5553 ideo
2559 5518 2662 5556 non
2701 5519 2827 5560 vere
2867 5507 3097 5576 iaciunt;
3139 5515 3389 5579 quottiam
3428 5529 3545 5567 ear-

1952 5589 2085 5643 nnlis
2104 5589 2386 5658 cupiditas,
2410 5609 2509 5662 qua
2533 5607 2809 5666 peccatum
2831 5610 3193 5657 commutatur
3220 5606 3395 5673 potius
3420 5605 3500 5658 κει
3525 5606 3542 5637 ι

1950 5692 2190 5748 augetur.
2221 5684 2509 5751 cupiditate
2534 5688 2635 5741 alia
2666 5707 2768 5745 noti
2795 5703 3031 5747 Satiatur.
3070 5695 3127 5747 lli
3157 5697 3219 5747 ad
3251 5707 3399 5749 vrtus
3424 5711 3545 5764 pet-

1952 5815 2028 5924 τίς
2073 5814 2153 5863 llic
2215 5822 2317 5865 Mss.
2374 5823 2660 5875 auctoritate
2719 5826 2967 5887 addimus,
3016 5838 3331 5880 contundatur
3386 5845 3409 5862 ι·
3464 5831 3538 5883 ius

2007 5903 2041 5924 ι.
