4088 6524
561 415 661 471 595

563 542 732 590 tinent
744 532 1164 597 Testamentum,
1188 532 1328 602 quod
1354 533 1405 586 in
1426 532 1731 586 Servitutent
1754 538 1998 597 genentt;
2021 526 2142 593 quia

564 624 689 680 facit
714 640 808 681 eos
832 626 1063 681 carnalis
1086 626 1248 681 timor
1271 633 1325 678 et
1346 621 1607 693 cupiditas
1630 634 1833 676 servus.
1860 634 1961 670 ttntt
1985 632 2148 671 evan-

563 717 730 788 gelica
754 717 886 773 lides
910 728 965 774 et
986 732 1109 787 epes
1132 726 1187 773 et
1208 715 1438 770 charitas
1458 714 1676 768 liberos.
1703 710 1810 765 Sub
1830 708 1995 778 gratia
2020 721 2147 760 Vt-t'o

566 810 760 879 positi,
794 825 931 881 quos
959 804 1193 865 vivillcat
1220 808 1483 879 Spiritus,
1513 820 1577 859 es
1609 803 1712 858 ﬁde
1734 802 1751 833 ⁸
1784 802 1881 855 ista
1925 799 2145 865 iaciunt,

567 916 689 972 quas
718 917 814 972 per
840 902 1179 959 dilectionem
1207 910 1485 970 operatur,
1517 896 1570 953 in
1598 911 1693 965 spe
1719 895 2006 955 bonorum,
2041 904 2148 947 non

568 991 883 1055 carnalium,
905 990 1001 1047 sed
1020 991 1393 1061 spiritualium,
1420 1002 1526 1042 non
1548 995 1898 1046 terrenarum,
1918 979 2013 1038 sed
2035 994 2149 1035 cte-

570 1062 939 1146 lestiumpnon
967 1081 1360 1151 temporalium,
1386 1076 1479 1133 sed
1504 1085 1858 1136 :eternorum;
1887 1071 2151 1142 praecipue

572 1172 855 1228 credentes
876 1173 931 1226 in
952 1170 1317 1233 Mediatorem,
1341 1184 1435 1239 per
1453 1182 1610 1237 quem
1630 1164 1731 1221 sibi
1755 1178 1861 1219 non
1888 1162 2149 1228 dubitant,

576 1269 628 1317 et
651 1262 896 1331 spiritum
920 1261 1105 1333 gratia:
1132 1258 1543 1321 subministrari,
1571 1265 1629 1311 ut
1652 1256 1788 1310 bene
1814 1255 1910 1309 ista
1936 1251 2150 1320 iaciant,

574 1361 630 1408 et
658 1353 857 1423 ignosci
885 1367 1042 1423 posse
1068 1367 1189 1408 eum
1220 1358 1458 1421 peccant.
1489 1348 1553 1403 Hi
1584 1346 1847 1418 pertinent
1874 1343 1941 1398 ad
1964 1343 2155 1398 Testa-

576 1453 813 1499 mentum
842 1458 1070 1512 novum,
1100 1443 1193 1499 lilii
1235 1440 1601 1512 promissionis
1620 1479 1635 1503 ,
1678 1436 1976 1507 regenerati
1997 1436 2020 1466 ²
2048 1435 2155 1489 Deo

579 1542 728 1601 patre
755 1543 807 1586 et
836 1532 1000 1587 libera
1028 1540 1214 1586 matre.
1245 1530 1411 1600 Ilujus
1447 1528 1658 1598 generis
1698 1527 1911 1581 luerunt
1952 1523 2155 1592 antiqui

577 1635 765 1677 omnes
788 1621 918 1691 justi
937 1662 953 1686 ,
984 1629 1038 1676 et
1061 1621 1176 1692 ipse
1199 1620 1405 1694 Moyses
1431 1619 1757 1675 Testamenti
1794 1617 2035 1672 minister
2063 1630 2156 1669 ve-

581 1712 726 1777 teris,
755 1712 928 1767 turres
955 1712 1113 1778 novi;
1143 1712 1267 1783 quia
1290 1727 1358 1769 ex
1387 1710 1492 1766 (ide
1514 1726 1617 1781 qua
1646 1725 1745 1766 nos
1765 1709 2023 1774 vivimus,
2053 1722 2156 1762 una

578 1802 874 1872 eademque
904 1802 1183 1871 vixerunt,
1221 1801 1637 1857 incarnationem
1657 1839 1675 1865 ,
1706 1799 2005 1870 passionem
2024 1837 2042 1864 ,
2071 1812 2160 1851 re-

578 1892 1071 1963 surrectionemque
1088 1891 1287 1948 Christi
1307 1889 1587 1947 credentes
1604 1888 1858 1954 futuram,
1880 1903 2036 1958 quam
2063 1902 2161 1943 nos

579 1983 847 2039 credimus
873 1983 1063 2039 factam
1087 2002 1103 2040 :
1126 1994 1291 2054 usque
1310 1981 1377 2038 ad
1400 1984 1569 2052 ipsum
1590 1981 1847 2037 Joannem
1870 1979 2160 2049 Baptistam

581 2076 734 2147 quasi
758 2076 1041 2146 praeterita
1064 2073 1477 2147 dispensationis
1501 2072 1724 2145 limitem
1748 2070 2051 2141 quemdam,
2073 2069 2165 2138 qui

581 2164 929 2222 Hediatorem
957 2163 1131 2235 ipsum
1160 2179 1265 2219 non
1292 2163 1467 2233 aliqua
1491 2161 1677 2216 umbra
1702 2158 1862 2215 futuri
1883 2200 1899 2223 ,
1928 2156 2009 2212 vel
2035 2157 2164 2212 alle-

581 2255 763 2326 gorica
800 2253 1216 2326 signiﬁcatione,
1254 2252 1340 2307 vel
1376 2252 1480 2306 ulla
1510 2249 1814 2322 prophetica
1846 2246 2166 2318 praenuntia-

584 2343 733 2399 tione
769 2352 1052 2398 venturum
1088 2357 1211 2398 esse
1245 2340 1582 2412 signiﬁcans;
1620 2338 1714 2395 sed
1751 2338 1914 2408 digito
1940 2337 2164 2394 demon-

586 2445 763 2490 strans
801 2433 907 2499 ait,
947 2431 1079 2487 Ecce
1110 2433 1283 2503 Agnus
1324 2430 1449 2498 Dei,
1479 2446 1591 2485 ecce
1616 2430 1703 2500 qui
1740 2428 1868 2483 tollit
1910 2436 2167 2499 peccatum

589 2521 767 2576 rutundi
808 2519 989 2594 (Joan.
1016 2537 1069 2588 ι,
1096 2520 1234 2591 29):
1275 2529 1522 2591 tanquam
1559 2518 1775 2581 dicens,
1807 2516 1974 2587 Quem
2016 2516 2167 2573 multi

584 2614 715 2686 justi
738 2613 918 2668 videre
935 2614 1341 2683 concupierunt,
1364 2612 1415 2665 in
1436 2626 1593 2681 quem
1614 2617 1891 2665 venturum
1916 2607 1985 2661 ab
2004 2608 2169 2677 ipsius

582 2705 807 2764 humani
845 2705 1059 2778 generis
1096 2705 1247 2759 initio
1285 2703 1661 2793 crediderunt,
1700 2700 1773 2793 de
1805 2714 1913 2793 quo
1940 2698 2169 2793 Abrahae

587 2798 746 2855 dictae
773 2806 896 2853 sunt
924 2796 1301 2868 promissiones
1319 2837 1335 2863 ,
1364 2794 1432 2851 de
1459 2809 1565 2866 quo
1593 2789 1804 2862 scripsit
1832 2791 2040 2863 Moyses
2057 2832 2071 2854 ,
2101 2789 2170 2848 de

587 2902 695 2960 quo
730 2886 838 2942 Lex
876 2895 931 2941 et
968 2883 1247 2954 Propheta:
1288 2892 1413 2939 sunt
1449 2890 1645 2948 testes;
1673 2879 1809 2937 Ecce
1842 2881 2015 2952 Agnus
2052 2879 2168 2948 Dei,

586 2993 703 3035 ecce
723 2979 813 3048 qui
834 2977 963 3032 tollit
986 2985 1247 3048 peccatum
1272 2975 1466 3030 mundi.
1494 2975 1577 3031 Ab
1601 2973 1702 3030 hoc
1719 2974 1923 3029 Joanne
1944 2982 1999 3029 et
2021 2972 2173 3028 dein-

587 3080 718 3139 αρε
745 3077 1021 3139 ceperunt
1059 3068 1127 3123 de
1152 3066 1366 3122 Christo
1394 3065 1508 3121 lieri
1534 3065 1796 3136 praeterita
1822 3064 1905 3118 vel
1933 3078 2170 3134 praesen-

589 3159 697 3223 tia,
722 3174 843 3229 qum
879 3158 948 3214 ab
984 3157 1093 3214 illis
1128 3157 1378 3212 omnibus
1408 3155 1692 3212 anterioris
1729 3154 1983 3224 temporis
2014 3152 2173 3223 justis

590 3248 971 3317 credebantur,
990 3249 1363 3320 sperabantur,
1387 3247 1830 3305 desiderabantur
1852 3244 2044 3301 futura.
2070 3242 2176 3301 Ea-

592 3339 716 3396 dem
756 3341 915 3412 igitur
949 3340 1081 3396 lldes
1117 3349 1227 3405 est,
1257 3348 1315 3395 et
1342 3339 1394 3394 in
1423 3338 1528 3393 illis
1553 3337 1642 3408 qui
1673 3335 1904 3391 nondum
1934 3334 2171 3403 nomine,

590 3431 687 3488 sed
713 3432 885 3505 reipsa
916 3431 1129 3488 luerunt
1152 3440 1307 3486 antea
1330 3429 1627 3496 christiani,
1652 3436 1705 3485 et
1734 3428 1785 3484 in
1813 3428 1927 3484 istis
1952 3427 2039 3498 qui
2065 3442 2171 3499 non

592 3522 769 3579 solum
807 3532 969 3591 sunt,
1008 3537 1192 3578 verum
1230 3522 1393 3577 etiam
1430 3529 1713 3584 vocantur,
1755 3527 1812 3575 et
1849 3519 1901 3573 in
1938 3520 2175 3588 utrisque

592 3613 782 3671 eadem
812 3612 977 3684 gratia
1005 3627 1102 3683 per
1124 3611 1380 3683 Spiritum
1411 3620 1675 3668 sanctum.
1703 3608 1856 3667 Unde
1879 3609 2007 3665 dicit
2028 3613 2171 3680 Apo-

592 3704 764 3759 stolus
792 3722 806 3758 :
844 3702 1094 3758 Habentes
1122 3713 1289 3756 autem
1317 3702 1544 3756 eumdem
1569 3688 1803 3771 spiritum
1828 3698 1967 3769 ﬁdei,
1993 3716 2173 3754 secun-

592 3794 718 3849 dum
755 3794 890 3864 quod
921 3794 1165 3864 scriptum
1201 3802 1310 3859 est,
1350 3791 1585 3856 Credidi,
1626 3801 1831 3862 prapter
1862 3792 1997 3861 quod
2033 3790 2176 3844 locu-

594 3895 676 3940 tus
702 3902 853 3951 sum;
890 3894 936 3940 et
973 3901 1066 3938 nos
1100 3883 1379 3950 credimus,
1409 3892 1617 3955 propter
1657 3881 1794 3955 quod
1836 3891 1883 3935 et
1924 3880 2176 3951 loquimur

593 3976 665 4048 (II
692 3973 810 4031 Cor.
837 3991 912 4043 tv,
945 3976 1056 4046 15).
1459 4015 1477 4035 ,

668 4067 757 4121 ιιι.
790 4065 955 4121 Aliter
1004 4066 1179 4134 itaque
1224 4063 1418 4120 dicitur
1455 4062 1563 4134 jam
1612 4062 1884 4118 obtinente
1928 4063 2175 4133 loquendi

594 4157 977 4211 consuetudine
1018 4164 1169 4210 vetus
1204 4153 1635 4219 Testamentum,
1665 4153 1771 4208 Lex
1813 4162 1865 4207 et
1896 4153 2176 4221 Prophetas

594 4260 805 4312 annos,
837 4247 925 4315 qui
957 4261 1124 4316 usque
1148 4245 1214 4299 ad
1240 4246 1494 4301 Joannem
1527 4244 2004 4315 prophetaverunt;
2035 4244 2174 4313 quod

562 4337 898 4392 ,distinctius
945 4348 1097 4392 vetus
1143 4337 1585 4401 instrumentum,
1623 4350 1779 4405 quam
1808 4346 1959 4389 vetus
1989 4334 2174 4388 Tena-

597 4437 835 4484 tnentum
873 4436 1094 4481 vocatur
1124 4443 1137 4481 :
1171 4427 1325 4480 aliter
1359 4436 1537 4479 autem
1578 4425 1713 4480 sicut
1749 4424 2038 4493 apostolica
2079 4441 2174 4493 ap-

598 4520 762 4591 pellat
802 4519 1123 4584 auctoritas,
1164 4519 1275 4573 sive
1318 4518 1418 4573 hoc
1460 4532 1653 4571 nomen
1697 4517 2035 4587 exprimens,
2066 4518 2177 4572 sive

597 4609 922 4681 signiﬁcans.
953 4609 1213 4680 Exprimit
1237 4608 1399 4671 enim,
1423 4607 1510 4661 ubi
1537 4606 1681 4673 dicit,
1714 4605 1881 4677 Usque
1903 4607 1956 4661 in
1977 4607 2179 4661 hodier-

600 4719 721 4757 num
743 4703 894 4767 diem,
920 4701 1161 4771 quamdiu
1185 4701 1366 4772 legitur
1388 4698 1609 4770 Moyses,
1636 4699 1855 4768 idipsum
1877 4699 2099 4754 velamen
2124 4700 2177 4753 in

597 4793 806 4847 lectione
842 4793 1019 4847 veteris
1047 4790 1353 4847 Testamcnti
1379 4798 1547 4843 manet
1574 4805 1594 4844 :
1619 4789 1753 4860 quod
1783 4806 1881 4842 non
1911 4790 2173 4855 reveletur,

588 4886 721 4957 quia
737 4886 790 4940 in
807 4884 1007 4941 Christo
1025 4894 1293 4939 evacuatur
1319 4882 1427 4956 (Id.
1455 4897 1534 4947 In,
1557 4883 1644 4947 Ii,
1667 4881 1775 4951 IS).
1802 4881 1889 4937 Sic
1913 4880 2051 4935 enim
2079 4881 2178 4935 uti-

599 4990 704 5044 que
723 4982 878 5030 vetus
898 4975 1293 5029 Testamentum
1322 4973 1388 5027 ad
1412 4972 1573 5041 Moysi
1599 4972 1779 5027 retulit
1802 4972 2175 5027 ministerium.

603 5066 738 5121 Item
756 5066 917 5130 dicit,
947 5063 1013 5121 Ut
1041 5066 1323 5120 serviamus
1341 5064 1393 5117 in
1418 5064 1634 5117 nouitate
1658 5063 1896 5132 spiritus,
1921 5071 1968 5116 et
1997 5078 2096 5116 non
2125 5062 2179 5115 in

599 5167 840 5214 vetustate
862 5158 1041 5213 litteris
1072 5157 1244 5229 (Rom.
1268 5172 1357 5218 vn,
1383 5158 1436 5225 6)
1462 5174 1477 5211 :
1503 5155 1728 5224 idipsum
1756 5154 2057 5223 signiﬁcans
2075 5153 2176 5208 Te-

600 5260 920 5305 stamentum
949 5249 1163 5303 nomine
1184 5242 1379 5302 littcrti.
1408 5248 1536 5301 Item
1563 5247 1668 5301 alio
1694 5244 1847 5299 loco:
1880 5244 1979 5308 Qui
2002 5254 2047 5296 et
2069 5244 2179 5298 ido-

603 5358 721 5395 neos
760 5356 852 5397 nos
891 5339 1011 5412 fecit
1045 5339 1297 5392 ministros
1337 5338 1446 5392 novi
1475 5334 1779 5393 Teslanwmi
1797 5377 1815 5402 ,
1845 5352 1944 5389 non
1976 5336 2176 5400 littere,

601 5448 639 5485 s.
655 5431 689 5484 tl
712 5431 921 5502 spiritus
939 5430 998 5484 ἐ
1027 5430 1191 5485 littera
1215 5431 1355 5484 enim
1373 5430 1575 5496 occidit,
1601 5429 1808 5499 spiritus
1830 5439 1994 5483 autem
2018 5427 2179 5498 riui/i-

666 5611 682 5639 '
706 5608 777 5671 sic
798 5615 905 5671 διεδ.
935 5614 989 5657 At
1008 5606 1143 5666 editi,
1162 5614 1206 5671 ct
1219 5604 1337 5671 ﬁde.

664 5671 683 5703 θ
708 5670 842 5720 ιῖιέἱιὶ.
865 5675 913 5719 et
939 5667 1228 5732 regeneratii
1244 5676 1491 5719 Haeremus
1510 5676 1616 5719 Mss.

647 5732 686 5839 ιι
812 5738 918 5782 uss.
949 5728 1090 5792 juxta
1121 5743 1351 5793 grrrmtm.
1390 5739 1445 5779 Al.
1476 5732 1610 5789 editi,
1645 5743 1733 5779 non
1770 5728 1941 5789 littera,
1978 5730 2062 5781 sed
2086 5731 2178 5793 53i-

601 5805 641 5839 r:
668 5804 716 5840 lt.
1718 5802 1733 5809 ’

1196 411 1466 467 CONTRA
1511 410 1690 466 ουλε,
1728 408 2097 465 Εριετυωε
2131 407 2166 463 I‘

2272 405 2691 473 AGIANORUM,
2729 416 2787 463 δ.
2828 407 3191 465 ΑυαυδτιΝι

3708 418 3803 476 595

2244 534 2323 577 cut
2354 522 2418 592 (ll
2445 523 2564 579 Cor.
2586 539 2673 590 tu,
2699 523 2776 595 6).
2809 524 2876 581 Et
2905 524 2989 579 hic
3016 540 3112 593 per
3136 527 3694 585 commemorationem
3719 546 3806 586 no-

2250 615 2338 679 vi,
2376 614 2505 669 illud
2543 617 2723 685 utique
2757 624 2909 671 vetus
2950 616 3165 687 intelligi
3210 617 3393 673 voluit.
3437 617 3602 675 Multo
3642 632 3776 676 auter

2248 703 2577 769 evidentius,
2604 704 2849 773 quamvis
2878 719 2983 759 non
3007 704 3233 772 dixerit,
3264 716 3357 762 aut
3382 719 3567 774 vetus,
3599 724 3687 765 aut
3718 725 3779 765 nc

2251 808 2401 855 vum,
2427 792 2535 847 duo
2562 794 2672 865 ipsa
2698 792 3035 849 Testamenta
3072 794 3343 863 distinxit,
3384 813 3481 867 per
3514 799 3648 854 duas
3686 801 3765 855 ﬁlia

2249 883 2497 950 Abralme,
2524 900 2686 940 unum
2710 884 2778 941 de
2803 886 3016 952 ancilla,
3039 887 3200 943 alium
3225 888 3292 944 de
3318 890 3481 946 libera
3508 908 3522 944 :
3548 892 3686 960 quod
3709 891 3769 959 ja.

2248 976 2495 1045 superius
2537 978 3089 1033 commemoravimus.
3138 978 3276 1045 Quid
3319 980 3460 1036 enim
3500 982 3786 1050 expressius

2253 1078 2410 1133 quam
2442 1073 2499 1119 ut
2523 1065 2755 1131 diceret,
2803 1064 2965 1120 Dicite
3000 1066 3155 1132 mihi,
3183 1068 3276 1122 sub
3304 1069 3412 1139 lege
3446 1070 3661 1125 uolentes
3696 1086 3783 1124 esst

2255 1153 2413 1225 legem
2441 1172 2540 1210 non
2567 1155 2820 1211 audistis?
2853 1154 3112 1229 Scriptum
3139 1168 3211 1213 est
3237 1160 3369 1214 enim
3396 1162 3632 1230 quottiam
3663 1160 3785 1215 Abra

2256 1249 2375 1302 liam
2411 1248 2538 1303 duos
2576 1248 2711 1318 ﬁlios
2748 1249 2954 1316 habuit,
2981 1267 3137 1304 tutum
3162 1251 3227 1305 de
3252 1253 3472 1317 ancilla,
3501 1262 3548 1307 et
3575 1269 3730 1306 unum
3762 1252 3805 1304 de

2257 1338 2412 1394 libera
2436 1354 2457 1393 :
2479 1339 2566 1394 sed
2588 1339 2674 1394 ille
2695 1340 2897 1411 quidem
2913 1342 2999 1413 qui
3024 1341 3086 1395 de
3104 1341 3313 1405 ancilla,
3336 1342 3611 1397 secundum
3628 1358 3801 1398 carnei-

2257 1440 2407 1486 natus
2425 1440 2532 1497 est;
2551 1431 2636 1502 qui
2654 1443 2818 1486 autem
2837 1431 2900 1487 de
2920 1432 3099 1500 libera,
3120 1450 3208 1505 per
3225 1434 3661 1503 repromissionem
3681 1448 3700 1487 :
3719 1451 3803 1505 qut-

2258 1533 2373 1578 sunt
2396 1523 2449 1577 in
2473 1524 2735 1595 allegoria.
2763 1522 2891 1579 Illac
2908 1525 3039 1579 enim
3061 1534 3177 1579 sunt
3194 1524 3297 1580 duo
3321 1523 3657 1592 Testamenta,
3680 1541 3807 1579 unua

2258 1617 2461 1687 quidem
2485 1618 2539 1671 in
2565 1627 2732 1672 mute
2755 1618 2886 1674 Sina
2911 1620 2965 1673 in
2993 1620 3276 1675 minuent
3301 1634 3575 1690 generatis,
3604 1618 3737 1688 quod
3761 1633 3808 1673 es

2261 1705 2419 1778 Agar.
2449 1706 2579 1763 Sina
2603 1709 2737 1762 enim
2761 1725 2907 1764 mons
2929 1719 3001 1765 est
3028 1710 3082 1764 in
3102 1708 3312 1774 Arabia,
3341 1725 3453 1780 quia
3474 1711 3740 1781 conjuncta
3762 1725 3821 1763 αι

2262 1796 2378 1851 huic
2394 1812 2508 1869 qua
2528 1813 2663 1853 nunc
2685 1808 2758 1854 est
2772 1797 3061 1855 Jerusalem
3083 1816 3104 1854 :
3120 1801 3269 1855 sapit
3289 1801 3420 1854 enim
3439 1816 3554 1854 cum
3572 1800 3695 1868 ﬁliis
3713 1800 3827 1854 suis.

2267 1887 2394 1959 Qua
2420 1898 2590 1945 om
2615 1906 2816 1946 sursum
2841 1900 2914 1947 est
2938 1889 3256 1957 Jerusalem,
3288 1890 3445 1946 libera
3476 1900 3576 1955 est,
3618 1906 3734 1959 qua
3765 1906 3819 1944 es

2263 1988 2422 2033 mater
2444 1990 2636 2036 nostra.
2661 1980 2797 2049 Quid
2820 1982 3039 2047 clarius,
3063 1981 3193 2052 quid
3219 1984 3437 2047 certius,
3461 1982 3587 2052 quid
3607 1980 3677 2034 ab
3698 1996 3827 2034 omn;

2265 2068 2586 2126 obscuritate
2611 2080 2772 2142 atque
2796 2072 3140 2143 ambiguitate
3178 2074 3435 2129 remotius
3475 2072 3836 2143 promissionis

2266 2158 2425 2214 ﬁliis?
2448 2158 2518 2215 Et
2550 2160 2708 2230 paulo
2734 2170 2893 2233 post:
2924 2161 3036 2219 Nos
3066 2172 3238 2217 autem
3274 2166 3493 2234 fratres,
3533 2161 3742 2232 inquit,
3766 2179 3835 2218 sc-

2265 2250 2487 2304 cundum
2498 2248 2651 2306 Isaac
2670 2252 3015 2322 promissionis
3033 2252 3132 2324 [illi
3150 2270 3340 2308 sumus.
3363 2254 3493 2309 Item
3517 2253 3674 2323 paulo
3697 2262 3833 2323 post:

2269 2337 2383 2394 Nos
2406 2348 2572 2395 autem
2599 2345 2803 2412 fratres,
2825 2359 2927 2397 non
2951 2359 3122 2399 sumus
3145 2344 3346 2399 ancilla
3379 2344 3469 2398 t‘ilii
3486 2385 3505 2412 ,
3530 2343 3618 2399 sed
3642 2345 3837 2407 libera;

2267 2445 2367 2500 qua
2401 2430 2626 2485 libertate
2654 2429 2884 2488 Christus
2921 2449 3013 2487 nos
3051 2431 3276 2489 liberavit
3303 2433 3498 2507 (Gatat.
3527 2450 3599 2498 tv,
3625 2432 3836 2504 2I-3I).

2271 2521 2539 2592 Eligamus
2569 2522 2726 2594 igitur
2762 2535 2938 2579 utrum
2974 2526 3219 2595 antiquos
3253 2525 3429 2596 justos
3467 2526 3674 2581 ancilla:
3714 2525 3841 2582 ﬁlios

2270 2610 2540 2678 dicamus,
2566 2628 2634 2667 an
2662 2613 2865 2670 liberte.
2893 2615 3046 2670 Absit
3078 2625 3256 2671 autem
3291 2625 3353 2673 ut
3375 2616 3579 2671 ancilla
3607 2633 3623 2670 :
3648 2630 3777 2686 ergo
3798 2616 3841 2670 si

2271 2705 2451 2761 liberte
2473 2705 2512 2771 ί,
2541 2705 2607 2760 ad
2634 2721 2827 2761 novum
2857 2705 3127 2779 pertinent
3150 2707 3546 2764 Testamentum
3572 2708 3624 2763 in
3649 2707 3843 2777 Spiritu

2271 2804 2486 2860 sancto,
2526 2810 2682 2866 quem
2716 2797 3068 2852 vivilicantem
3106 2798 3295 2854 littera:
3330 2798 3593 2854 occidenti
3632 2796 3846 2867 opponit

2271 2883 2578 2954 Apostolus.
2617 2883 2751 2940 Nam
2787 2901 2896 2955 quo
2934 2896 3088 2954 pacto
3127 2886 3196 2941 ad
3234 2888 3459 2957 gratiam
3503 2887 3623 2942 novi
3662 2887 3843 2941 Testa-

2273 2974 2436 3027 menti
2477 2989 2582 3028 non
2622 2976 2890 3045 pertinent
2927 2975 2980 3030 hi
3002 3014 3020 3041 ,
3053 2975 3123 3031 de
3156 2991 3381 3046 quorum
3415 2976 3574 3032 dictis
3597 2985 3653 3032 et
3680 2976 3845 3031 Libris

2274 3062 2405 3118 istos
2428 3064 2665 3134 ejusdem
2693 3064 2878 3135 gratia:
2915 3065 3347 3123 dementissimos
3386 3076 3443 3123 et
3466 3067 3848 3139 ingratissimos

2274 3153 2517 3212 inimicos
2557 3155 2847 3212 refellendo
2867 3159 2888 3190 '
2916 3160 3316 3214 convincimus?

2349 3246 2436 3301 l3.
2467 3245 2572 3301 Sed
2602 3247 2744 3303 dicet
2772 3248 2964 3319 aliquis
2995 3266 3008 3302 :
3037 3248 3316 3319 Quomodo
3352 3260 3503 3308 vetus
3536 3254 3848 3323 appellatur,

2275 3336 2417 3406 quod
2446 3346 2569 3408 post
2594 3339 3007 3411 quadringentos
3034 3353 3087 3397 et
3116 3342 3326 3412 triginta
3354 3359 3523 3399 annos
3552 3342 3751 3399 factum
3775 3352 3851 3399 est

2278 3444 2373 3499 per
2392 3428 2610 3502 Moysen
2638 3428 2746 3501 (Id.
2771 3447 2847 3497 Ill,
2876 3430 3005 3503 I7);
3031 3440 3085 3487 et
3112 3448 3305 3489 novum
3331 3432 3543 3494 dicitur.
3570 3433 3714 3505 quod
3736 3442 3852 3488 ante

2279 3529 2357 3576 tot
2395 3537 2563 3577 annos
2601 3521 2796 3577 factum
2836 3533 2919 3578 est
2955 3521 3022 3579 atl
3061 3523 3366 3579 Abraham?
3402 3523 3501 3592 Qui
3529 3538 3592 3579 ex
3622 3523 3726 3578 hoc
3753 3538 3849 3578 non

2281 3612 2540 3684 litigioso,
2587 3613 2680 3670 sed
2725 3614 2961 3675 studiose
3006 3626 3277 3681 movetur,
3319 3616 3573 3685 intelligat
3607 3617 3850 3685 primum,

2276 3703 2398 3773 quia
2422 3719 2544 3758 cum
2564 3703 2586 3736 ³
2610 3720 2677 3759 ex
2702 3706 2968 3762 anteriore
2996 3715 3240 3777 tempore
3265 3708 3457 3762 dicitur
3482 3719 3653 3770 vetus,
3675 3723 3739 3762 ex
3762 3722 3850 3774 po-

2278 3794 2505 3848 steriore
2541 3803 2716 3849 autem
2755 3811 2984 3862 novum;
3017 3798 3368 3852 revelationes
3402 3812 3582 3851 eorum
3609 3794 3852 3851 conside-

2279 3890 2465 3937 rantur
2492 3884 2543 3937 in
2574 3882 2656 3939 his
2683 3885 3005 3952 nominibus,
3039 3903 3142 3940 non
3172 3888 3548 3941 institutiones.
3577 3886 3682 3941 Per
3709 3886 3851 3955 Moy-

2279 3988 2375 4027 sen
2420 3974 2617 4045 quippe
2661 3976 2953 4030 revelatum
2998 3988 3080 4032 est
3120 3978 3515 4033 Testamentum
3555 3988 3736 4042 vetus,
3768 3990 3854 4046 per

2279 4079 2437 4132 quem
2464 4064 2584 4118 data
2612 4076 2692 4119 est
2719 4066 2800 4119 lex
2828 4076 3032 4134 sancta,
3061 4078 3115 4123 et
3136 4067 3299 4138 justo,
3328 4079 3382 4122 ct
3408 4069 3540 4123 bona
3570 4067 3743 4138 (Rom.
3768 4083 3852 4129 vn,

2281 4154 2373 4225 ιι)
2395 4197 2411 4219 ,
2441 4171 2538 4225 per
2564 4172 2721 4225 quam
2754 4158 2904 4212 licret
2931 4172 3035 4213 non
3065 4158 3313 4222 abolitio,
3346 4158 3439 4213 sed
3475 4158 3708 4227 cognitio
3736 4173 3852 4227 pec—

2280 4246 2419 4311 cati;
2449 4262 2550 4317 qua
2576 4248 3021 4303 convincerentur
3051 4249 3266 4318 superbi
3298 4264 3446 4303 suam
3472 4250 3730 4318 justitiam
3766 4265 3853 4300 vo-

2282 4337 2453 4392 lentes
2472 4338 2816 4405 constituere,
2840 4339 2992 4408 quasi
3015 4338 3195 4395 divino
3217 4340 3478 4409 adjutorio
3500 4355 3603 4393 non
3624 4350 3853 4410 egentes.

2282 4437 2334 4482 et
2355 4427 2430 4481 rei
2454 4426 2578 4481 facti
2603 4418 2789 4483 littera:
2809 4428 3150 4499 confugerent
3173 4430 3239 4483 ad
3262 4430 3441 4500 gratize
3465 4430 3730 4499 spiritum,
3758 4443 3855 4481 non

2282 4536 2374 4575 sua
2408 4521 2608 4591 justitia
2645 4521 3001 4589 justilicnndi,
3033 4523 3124 4576 sed
3159 4523 3283 4588 Dei,
3319 4523 3419 4576 hoc
3458 4532 3570 4586 est,
3610 4538 3729 4590 qua:
3761 4520 3855 4573 illis

2282 4622 2422 4666 esset
2448 4628 2513 4667 cx
2541 4613 2668 4667 Deo.
2698 4612 2827 4667 Nam
2854 4613 2990 4667 sicut
3018 4612 3155 4667 idem
3183 4613 3453 4681 apostolus
3481 4612 3729 4680 loquitur.
3764 4607 3857 4661 Per

2285 4702 2438 4772 legem
2459 4703 2675 4769 cognitio
2698 4704 2887 4771 peccati
2907 4719 2926 4756 .'
2946 4718 3078 4755 nunc
3103 4712 3266 4754 autent
3290 4702 3398 4755 sine
3420 4701 3527 4771 lege
3540 4700 3745 4771 justitia
3770 4696 3859 4768 Dei

2283 4790 2603 4859 manifestata
2629 4800 2699 4844 est
2718 4833 2733 4856 ,
2762 4791 3025 4859 testificata
3054 4808 3141 4860 per
3175 4789 3352 4860 Legem
3380 4800 3425 4842 et
3456 4790 3721 4859 prop/tetas
3751 4783 3854 4854 (Id.

2285 4897 2337 4935 ttt
2360 4922 2376 4945 ,
2402 4882 2492 4946 ‘20,
2518 4880 2631 4953 2i).
2661 4880 2768 4935 Lex
2797 4882 3019 4950 quippe,
3047 4897 3111 4933 eo
3139 4880 3253 4948 ipso
3282 4896 3388 4949 quo
3419 4880 3469 4932 in
3501 4895 3560 4931 ea
3591 4891 3747 4930 nemo
3772 4875 3854 4942 ju-

2284 4974 2574 5040 stilicntur,
2617 4973 2979 5028 testimonium
3025 4970 3267 5040 perhibet
3304 4970 3524 5038 justitia:
3568 4970 3675 5023 Dei.
3713 4962 3865 5033 Quod

2283 5065 2424 5120 enim
2449 5066 2502 5118 in
2529 5066 2637 5136 lege
2658 5080 2805 5118 nemo
2824 5064 3134 5134 iustiﬁcetur
3158 5060 3296 5132 apud
3324 5060 3514 5124 Deum,
3543 5059 3861 5129 manifestum

2283 5166 2359 5211 est
2420 5158 2539 5226 quia
2560 5158 2732 5227 justus
2760 5171 2822 5209 ea:
2849 5154 2950 5223 [ide
2972 5153 3088 5207 sivit
3115 5151 3307 5223 (Galat.
3337 5168 3391 5206 ut
3413 5194 3427 5217 ,
3460 5151 3566 5219 II).
3600 5149 3686 5203 Sic
3712 5160 3856 5217 ergo,

2284 5262 2403 5301 cum
2430 5248 2511 5301 lex
2542 5246 2922 5314 non'justilicat
2948 5244 3166 5313 impium
3190 5242 3256 5298 de
3278 5241 3711 5315 prmvarir‘atione
3732 5252 3857 5292 con-

2272 5339 2501 5403 'victntn,
2530 5338 2691 5392 mittit
2714 5336 2780 5393 ad
2806 5336 3184 5406 justilicantem
3216 5335 3399 5398 Deum,
3428 5344 3584 5403 atque
3615 5332 3679 5385 ita
3703 5327 3857 5400 jusﬁ-

2287 5434 2372 5486 tite
2395 5433 2483 5486 Dei
2508 5429 2750 5501 perhibet
2775 5427 3155 5483 testimonium.
3180 5426 3459 5497 PrOpheta:
3486 5441 3611 5479 vero
3633 5423 3859 5476 testimo-

2351 5610 2456 5655 ‘lt‘t
2503 5608 2707 5655 \‘aﬁmni
2752 5613 2858 5655 Mss.
2905 5613 2957 5656 At
2999 5606 3149 5664 editi,
3195 5617 3310 5666 crqo
3352 5602 3444 5667 ﬁlii
3478 5602 3669 5661 liberm,
3711 5599 3856 5649 entis-

2353 5707 2366 5723 ,
2417 5686 2448 5716 I.

2286 5684 2368 5763 50'
2392 5684 2438 5778 fu
2462 5739 2587 5785 “se,
2613 5726 2911 5787 refellcn'los.

2356 5797 2373 5823 ³
2403 5794 2607 5840 \at'b‘aui
2624 5799 2721 5839 \lss.
2734 5826 2753 5846 ν
2772 5804 2829 5838 st.
