4088 6530
324 375 428 431 597

323 492 469 549 nium
496 490 777 562 perhibent
797 488 1012 561 iustitia:
1040 487 1153 555 Dei,
1182 483 1585 558 prmnuntiando
1611 480 1907 550 Christum,

324 600 408 653 qua
447 587 614 656 [uetus
654 591 730 637 est
774 582 919 638 nobis
948 580 1196 653 sapientia
1223 595 1256 632 α
1288 578 1391 632 Deo
1417 587 1468 632 et
1494 577 1689 647 iustitia
1714 588 1761 633 et
1787 594 1910 635 san-

322 675 560 745 ctiﬁcatio
586 682 636 730 et
665 674 943 743 redemptio
972 688 990 727 :
1015 681 1069 728 ut
1096 669 1519 742 quartadmodum
1541 671 1787 742 sa-iptum
1813 679 1909 737 est,

326 768 426 839 Qui
463 769 747 840 gloriatur,
785 768 838 822 in
866 764 1087 822 Domino
1113 764 1357 837 glorietur
1384 762 1429 834 (I
1453 760 1579 819 Cor.
1600 778 1649 829 ι,
1676 761 1766 828 50,
1794 762 1910 834 51).

325 857 455 914 Erat
494 868 672 916 autem
709 852 925 913 occulta
956 856 1054 911 ista
1085 855 1170 910 lex
1199 854 1267 909 ab
1297 853 1448 908 initio
1467 893 1484 919 ,
1522 866 1642 908 cum
1671 851 1914 906 homines

321 950 532 1019 iniquos
558 958 746 1004 natura
786 947 898 1017 ipsa
932 947 1307 1014 convinceret,
1347 945 1468 1001 aliis
1494 943 1748 1001 facientes
1771 943 1919 1015 quod

322 1042 423 1097 sibi
453 1041 573 1096 ﬁeri
597 1040 912 1096 noluissent.
937 1028 1213 1095 Revelatio
1237 1046 1414 1094 autem
1440 1038 1564 1093 novi
1584 1034 1914 1093 Testamenti

324 1134 374 1187 in
409 1131 624 1187 Christo
660 1130 797 1187 facta
828 1139 941 1197 est,
972 1144 1095 1186 cum
1123 1138 1210 1186 est
1241 1126 1613 1184 manifestatus
1637 1126 1693 1183 in
1714 1140 1912 1193 carne;

322 1222 377 1278 in
407 1236 512 1293 quo
553 1220 800 1291 apparuit
834 1219 1039 1290 justitia
1081 1219 1209 1284 Dei,
1237 1217 1289 1274 id
1319 1226 1402 1273 est
1421 1259 1436 1285 ,
1464 1232 1583 1288 quae
1609 1216 1916 1275 hominibus

323 1328 387 1368 ex
417 1312 526 1367 Deo
554 1318 657 1365 est.
686 1310 821 1364 ilinc
843 1310 860 1342 ⁸
888 1309 1032 1364 enim
1059 1309 1132 1363 ait
1163 1325 1178 1363 :
1210 1305 1364 1363 Nam:
1381 1316 1549 1362 autem
1569 1307 1679 1362 sine
1701 1308 1810 1379 lege
1830 1309 1916 1376 iu-

323 1405 460 1460 stitia
490 1403 585 1460 Dei
612 1401 936 1473 manifestata
957 1409 1050 1457 est.
1082 1401 1220 1457 Ecce
1257 1414 1360 1471 qua
1391 1413 1551 1455 causa
1575 1398 1704 1455 illud
1724 1398 1917 1455 dicitur

324 1505 477 1552 vetus
504 1496 903 1553 Testamentum
923 1535 940 1559 ,
967 1494 1092 1565 quia
1117 1492 1328 1564 priore;
1359 1492 1459 1548 hoc
1487 1500 1667 1547 autem
1694 1505 1913 1560 novum,

325 1588 446 1657 quia
464 1586 775 1656 posteriore
814 1583 1375 1655 temporercveiatum
1402 1592 1502 1639 est.
1530 1582 1734 1639 Deinde
1751 1624 1764 1649 ,
1791 1582 1915 1654 quia

324 1677 727 1734 Testamentum
766 1684 919 1733 vetus
960 1675 1193 1746 pertinet
1233 1673 1300 1730 ad
1346 1673 1617 1731 hominem
1652 1683 1912 1744 veterem,

321 1783 353 1823 a
376 1783 483 1838 quo
502 1782 725 1825 necesse
742 1776 824 1825 est
846 1766 1118 1823 hominem
1140 1765 1408 1838 incipere;
1435 1781 1629 1821 novum
1650 1774 1828 1821 autem
1846 1766 1915 1822 ad

325 1860 594 1921 hominem
619 1873 838 1926 novum.
865 1873 972 1929 quo
996 1857 1157 1914 debet
1178 1856 1343 1914 homo
1366 1872 1434 1913 ex
1456 1865 1721 1914 vetustate
1744 1866 1916 1914 trans-

324 1951 423 2007 ire.
443 1949 569 2007 ldeo
589 1949 643 2007 in
664 1950 757 2008 illo
774 1956 905 2006 sunt
918 1949 1176 2019 promissa
1198 1956 1429 2015 terrena,
1455 1949 1506 2004 in
1528 1949 1633 2004 isto
1653 1948 1915 2019 promissa

321 2041 562 2097 cmlestia
586 2058 603 2096 :
630 2040 754 2110 quia
777 2048 833 2096 et
856 2039 959 2096 hoc
980 2039 1049 2095 ad
1071 2039 1167 2096 Dei
1193 2038 1611 2100 misericordiam
1640 2040 1911 2111 pertinuit,

324 2149 391 2188 ne
414 2133 695 2203 quisquam
719 2132 805 2187 vel
832 2131 1003 2203 ipsam
1034 2140 1300 2188 terrenam
1326 2130 1768 2202 qualemcumque
1792 2129 1915 2186 feli-

321 2224 575 2289 citatem,
614 2223 719 2278 nisi
755 2236 786 2277 a
819 2222 1048 2278 Domino
1082 2229 1333 2277 creatore
1365 2220 1728 2277 universitatis
1767 2229 1917 2291 putet

321 2312 571 2383 cuiquam
602 2326 759 2382 posse
782 2311 1035 2387 conferri.
1064 2309 1174 2368 Sed
1205 2310 1252 2368 si
1288 2321 1504 2382 prepter
1537 2311 1682 2366 illam
1706 2312 1916 2368 colatur

324 2403 464 2459 Deus
483 2443 501 2470 ,
525 2403 738 2459 servilis
765 2411 849 2460 est
875 2403 1051 2458 cultus
1067 2442 1085 2470 ,
1112 2402 1390 2473 pertinens
1416 2400 1485 2458 ad
1511 2401 1649 2461 ﬁlios
1669 2401 1910 2459 ancillae:

321 2495 367 2549 si
397 2501 573 2551 autem
604 2502 819 2564 propter
847 2493 1025 2563 ipsum
1049 2492 1217 2547 Deum
1236 2531 1253 2557 ,
1282 2499 1342 2547 ut
1376 2491 1431 2546 in
1468 2504 1669 2547 aeterna
1699 2492 1804 2547 vita
1838 2491 1916 2549 sit

326 2585 467 2642 Deus
494 2585 673 2640 omnia
703 2584 758 2639 in
793 2583 1074 2649 omnibus,
1102 2582 1341 2638 liberalis
1378 2590 1462 2637 est
1496 2580 1758 2648 servitus,
1784 2596 1913 2653 per-

324 2679 498 2733 tinens
525 2677 592 2733 ad
624 2677 761 2732 ﬁlios
797 2676 1015 2743 liberte,
1053 2690 1172 2747 quae
1201 2682 1284 2731 est
1309 2682 1480 2732 mater
1507 2684 1687 2731 nostra
1715 2683 1914 2733 acterna

322 2771 377 2829 in
396 2769 584 2835 caelis;
611 2784 730 2840 quze
754 2768 904 2840 prius
926 2776 1176 2838 tanquam
1198 2765 1396 2822 sterilis
1416 2765 1729 2837 apparebat,
1745 2780 1915 2837 quam

322 2861 394 2916 do
423 2861 734 2931 perspicuos
768 2859 907 2914 ﬁlios
936 2874 1040 2914 non
1076 2857 1337 2925 habebat;
1369 2872 1512 2913 nunc
1543 2868 1722 2915 autem
1762 2857 1914 2915 vide-

323 2966 443 3007 mus
462 2952 602 3023 quod
623 2951 691 3007 de
711 2951 799 3007 illa
821 2949 1191 3021 protthetatum
1213 2957 1319 3016 est,
1339 2949 1555 3016 Laetare,
1576 2950 1781 3020 sterilis,
1801 2966 1916 3023 qua

322 3059 424 3097 non
451 3042 626 3113 paris;
650 3058 853 3112 eruntpe
876 3049 921 3095 et
945 3039 1172 3096 exclama
1190 3081 1207 3108 ,
1235 3056 1349 3112 qua
1375 3056 1476 3095 non
1503 3040 1724 3110 parturis
1751 3056 1771 3096 :
1794 3042 1915 3112 quia

323 3133 470 3189 mulli
497 3134 595 3205 ﬁlii
621 3132 863 3200 deserure,
895 3132 1057 3204 magis
1082 3147 1235 3204 quam
1262 3131 1375 3203 ejus
1411 3147 1525 3203 qute
1565 3131 1709 3186 habet
1751 3131 1915 3197 virum

323 3220 475 3294 (hei.
504 3238 610 3290 uv,
644 3224 702 3295 1)
733 3238 749 3278 :
780 3222 833 3279 id
862 3232 978 3288 cst,
1020 3224 1187 3293 magis
1223 3236 1380 3293 quam
1427 3220 1562 3276 illius
1589 3220 1913 3292 Jerusalem,

322 3332 444 3388 qua:
469 3315 600 3386 legis
627 3313 1019 3387 quodammodo
1044 3313 1258 3368 vinculo
1283 3311 1524 3366 maritata
1547 3321 1649 3379 est,
1671 3322 1723 3367 et
1749 3312 1915 3369 servit

322 3425 445 3466 cum
492 3407 614 3465 ﬁliis
655 3408 785 3463 suis.
834 3404 1098 3478 Tempore
1145 3405 1307 3478 igitur
1350 3405 1547 3461 veteris
1586 3403 1914 3462 Testamenti

323 3502 578 3572 Spiritum
606 3509 850 3556 sanctum
879 3499 930 3554 in
959 3498 1073 3565 eis,
1114 3498 1206 3569 qui
1247 3498 1407 3554 etiam
1455 3507 1580 3553 tunc
1621 3497 1914 3557 secundum

324 3595 470 3652 Isaac
505 3593 874 3667 promissionis
903 3591 994 3647 ﬁlii
1025 3600 1208 3658 erant,
1242 3606 1347 3648 non
1376 3591 1552 3646 solum
1592 3591 1912 3663 adiutorem,

321 3685 463 3757 quod
507 3686 591 3741 isti
635 3700 734 3740 suo
772 3681 1006 3756 dogmati
1048 3682 1298 3739 sufﬁcere
1342 3684 1682 3752 existimant;
1727 3700 1915 3743 verum

321 3778 486 3836 etiam
512 3778 816 3850 largitorem
842 3776 1071 3834 dicimus
1097 3776 1260 3833 fuisse
1283 3777 1514 3844 virtutis,
1540 3777 1681 3849 quod
1708 3778 1792 3835 isti
1821 3794 1911 3836 ne-

322 3879 486 3942 gant,
515 3870 685 3926 libero
713 3884 830 3924 eam
861 3869 1037 3941 potius
1068 3867 1289 3923 arbitrio
1330 3868 1622 3925 tribuentes
1641 3911 1655 3934 ,
1697 3881 1914 3926 contra-

321 3959 625 4020 dicentibus
656 3959 760 4015 illis
800 3958 1036 4034 patribus
1070 3957 1160 4031 qui
1197 3958 1435 4016 sciebant
1471 3959 1537 4015 ad
1572 3960 1736 4015 Dcttm
1762 3976 1914 4016 vera-

322 4052 417 4109 ci'
449 4054 644 4123 pietate
671 4053 903 4108 clamare
922 4093 939 4121 ,
973 4047 1195 4123 Diligam
1224 4057 1300 4116 te,
1334 4049 1580 4118 Domine,
1612 4051 1766 4106 uirtus
1803 4069 1915 4107 mea

329 4143 498 4219 (Psat.
524 4160 665 4210 ινιι,
697 4144 779 4216 2).

398 4234 623 4293 CAPUT
658 4235 723 4293 ν.
768 4264 840 4277 -
883 4234 970 4292 li.
1016 4231 1286 4289 Calumnia
1332 4231 1396 4288 de
1442 4231 1817 4303 PrOphetarum
1863 4246 1915 4290 et

323 4328 684 4399 Apostolorum
728 4324 956 4397 justitia.
1002 4324 1169 4378 Aiunt
1214 4323 1419 4389 etiam,
1475 4342 1495 4377 ι
1529 4324 1672 4395 quod
1722 4340 1913 4382 omnes

326 4420 569 4490 Apostoli
597 4419 681 4473 vel
710 4417 992 4487 Propheta:
1021 4430 1125 4470 non
1152 4415 1311 4486 plene
1334 4416 1505 4471 sancti
1530 4416 1856 4473 deﬁniantur
1881 4434 1913 4474 a

326 4513 486 4568 nobis
503 4550 520 4577 ,
550 4509 645 4565 sed
670 4508 724 4565 in
745 4508 1146 4578 comparatione
1165 4507 1406 4577 peiorum
1434 4507 1609 4562 minus
1630 4508 1801 4564 malos
1820 4523 1914 4565 eos

325 4602 492 4658 fuisse
510 4602 790 4668 dicamus;
822 4607 878 4656 et
906 4602 1046 4655 hanc
1067 4613 1186 4655 esse
1207 4598 1464 4667 justitiam
1491 4599 1574 4653 cui
1597 4598 1741 4657 Deus
1766 4602 1915 4656 testi-

327 4693 565 4749 monium
593 4691 874 4761 perhibet,
903 4698 961 4744 ut
982 4688 1250 4761 quomodo
1278 4688 1408 4743 dicit
1433 4689 1689 4760 propheta
1714 4732 1729 4757 ,
1753 4691 1913 4759 justi-

328 4776 537 4839 ficatatn
577 4782 866 4838 Sodomam
907 4780 1306 4851 comparatione
1335 4779 1642 4835 Judteorum
1675 4780 1694 4854 (
1723 4780 1911 4837 Ezech.

328 4891 452 4939 xvi,
482 4873 646 4931 46-57
667 4873 712 4946 ),
739 4874 818 4929 sic
842 4873 1002 4928 etiam
1046 4885 1146 4927 nos
1180 4871 1591 4926 criminosorum
1633 4887 1914 4942 compara-

328 4967 473 5022 tione
491 4964 729 5020 dicamus
749 4971 963 5019 sanctos
982 4962 1212 5031 aliquam
1234 4961 1256 4994 ³
1280 4963 1582 5018 exercuisse
1603 4962 1873 5018 virtutem.
1887 4982 1908 5016 ›

329 5057 484 5113 Absit
503 5065 562 5111 ut
588 5055 686 5110 ista
708 5055 950 5110 dicamus
977 5071 990 5109 :
1019 5053 1114 5109 sed
1142 5062 1233 5108 aut
1253 5068 1358 5108 non
1382 5052 1559 5108 valent
1579 5053 1910 5125 intelligere,

329 5154 421 5201 aut
447 5146 631 5201 nolunt
654 5146 970 5208 advertere.
1002 5154 1094 5199 aut
1135 5143 1491 5199 calumniandi
1534 5144 1712 5200 studio
1753 5145 1915 5201 dissi—

330 5237 536 5292 mulant
583 5251 646 5293 se
684 5237 825 5293 scire
867 5236 1009 5308 quod
1042 5236 1289 5293 dicimus.
1336 5237 1569 5291 Audiant
1615 5252 1777 5310 ergo,
1830 5239 1912 5295 vel

330 5328 429 5396 ipsi
455 5368 470 5392 ,
496 5327 581 5383 vel
612 5328 790 5397 potius
818 5328 851 5382 ii
878 5342 1014 5398 quos
1041 5328 1232 5383 idiotas
1261 5338 1316 5383 et
1347 5328 1641 5384 ineruditos
1669 5329 1915 5401 decipere

328 5419 637 5475 moliuntur.
670 5419 858 5474 Nostra
890 5419 1020 5475 ﬁdes
1043 5461 1059 5487 ,
1091 5419 1193 5475 hoc
1218 5431 1300 5476 cst
1321 5420 1580 5478 catholica
1604 5421 1737 5479 ﬁdes
1765 5464 1779 5489 ,
1814 5423 1909 5494 ju-

394 5676 411 5709 ⁸
437 5676 574 5735 Mill,
598 5678 687 5728 sic.
708 5684 763 5728 At
783 5684 912 5735 Ilss.,
930 5677 1060 5727 hinc.

392 5740 412 5799 ξ
439 5739 641 5787 Vaticani
666 5744 795 5799 Mss,
816 5752 947 5789 vero.

392 5797 410 5826 ³
439 5806 502 5849 tu
529 5809 629 5850 uss.
660 5808 711 5849 At
731 5797 868 5861 editi,
886 5800 952 5851 ali
969 5814 1070 5863 {uos
1086 5808 1289 5851 sanctos.

1684 367 1886 426 LIBER
1927 367 2243 425 TERTIUS.

3468 379 3596 440 7.598

2019 493 2132 539 stos
2158 483 2226 538 ab
2256 483 2462 553 iniustis
2484 523 2500 552 ,
2529 499 2636 540 non
2661 499 2903 555 operum,
2926 486 3020 543 scd
3048 487 3159 556 ipsa
3191 486 3314 544 ﬁdei
3346 487 3461 560 lege
3489 488 3603 546 dis-
3636 446 3643 459 θ

1964 608 1971 621 ι
2020 577 2190 631 cernit
2219 594 2231 631 :
2263 576 2384 649 quia
2410 575 2583 647 justus
2610 591 2674 633 es
2706 577 2810 634 ﬁde
2840 579 2986 634 vivit.
3016 579 3117 636 Per
3136 594 3295 652 quam
3322 580 3596 638 discretio-

2020 681 2142 722 nem
2172 666 2264 733 ﬁt,
2294 677 2349 722 ut
2378 667 2540 723 homo
2567 668 2770 724 ducens
2798 669 2959 725 vitam
2987 670 3104 726 sine
3132 669 3420 728 homicidio
3439 714 3455 740 ,
3486 673 3605 730 sine

2022 756 2161 811 furto
2186 799 2201 824 ,
2229 759 2345 813 sine
2371 757 2507 812 falso
2535 759 2838 815 testimonio
2861 802 2877 827 ,
2903 760 3029 832 sine
3057 761 3293 832 appetitu
3333 762 3409 818 rei
3448 763 3607 818 ullius

2020 847 2207 903 alienae
2230 888 2247 915 ,
2270 850 2576 920 parentibus
2598 851 2854 906 honorem
2870 830 3107 908 debitum
3132 830 3367 909 reddens
3388 895 3405 921 ,
3427 864 3607 910 castus

2020 954 2189 1011 usque
2217 941 2283 995 ad
2306 942 2686 997 continentiam
2731 943 2799 997 ab
2833 944 2977 999 omni
3018 944 3238 1000 omnino
3279 946 3563 1001 concubitu
3590 986 3605 1009 ,

2021 1032 2181 1086 etiam
2210 1034 2512 1104 coniugali,
2548 1034 3011 1108 eleemosynarum
3051 1037 3380 1108 largissimus
3403 1080 3418 1106 ,
3464 1038 3606 1109 inju-

2021 1123 2222 1178 riarum
2268 1124 2718 1195 patientissimus,
2760 1126 2849 1197 qui
2891 1140 2999 1181 non
3044 1127 3221 1182 solum
3257 1141 3363 1182 non
3403 1128 3608 1183 auferat

2018 1213 2192 1270 alicna
2218 1255 2233 1279 ,
2261 1214 2352 1268 scd
2385 1230 2483 1270 nec
2509 1229 2604 1270 sua
2642 1224 2888 1286 reposcat
2924 1215 3096 1272 ablata
3121 1260 3136 1283 ,
3170 1218 3252 1273 vel
3282 1217 3444 1273 etiam
3472 1233 3606 1273 ven-

2020 1303 2148 1359 ditis
2185 1304 2432 1360 omnibus
2476 1304 2587 1360 suis
2632 1304 2970 1377 erogatisque
3013 1304 3068 1362 in
3117 1321 3377 1377 pauperes
3402 1349 3418 1375 ,
3472 1306 3605 1363 nihil

2020 1408 2175 1450 suum
2207 1396 2584 1467 propriumque
2617 1394 2887 1467 possideat
2911 1397 2961 1464 ¹;
2991 1412 3113 1454 cum
3142 1399 3257 1454 suis
3286 1407 3461 1455 tamen
3492 1400 3607 1457 istis

2020 1485 2169 1541 velut
2209 1486 2561 1543 laudabilibus
2602 1488 2879 1553 moribus.
2921 1489 2966 1545 si
2998 1503 3105 1544 non
3146 1488 3200 1544 in
3241 1489 3406 1546 Deum
3446 1490 3606 1547 ﬁdem

2020 1586 2219 1631 rectam
2247 1586 2300 1631 et
2327 1575 2644 1633 catholicam
2672 1586 2886 1647 teneat,
2919 1576 2987 1636 de
3013 1577 3114 1634 bac
3144 1579 3251 1635 vita
3275 1579 3607 1637 damnandus

2018 1667 2289 1723 abscedat.
2322 1668 2472 1723 Alius
2510 1677 2689 1725 autem
2718 1710 2735 1738 ,
2777 1668 2980 1726 habens
3015 1669 3229 1740 quidem
3266 1683 3427 1743 opera
3468 1670 3606 1729 bona

2019 1774 2084 1814 ex
2131 1759 2235 1817 ﬁde
2277 1769 2425 1817 recta
2474 1776 2594 1832 quae
2643 1776 2740 1833 per
2782 1761 3125 1820 dilectionem
3169 1772 3454 1834 operattu',
3501 1781 3605 1823 non
3706 1828 3709 1829 ν

2021 1858 2198 1906 tamen
2255 1852 2325 1906 ita
2376 1861 2436 1907 ut
2484 1851 2573 1908 ille
2627 1853 2763 1909 bene
2816 1862 3055 1910 moratus
3073 1856 3118 1923 ',
3171 1854 3606 1913 incontinentiam

2017 1959 2168 1999 suam
2194 1953 2457 2001 sustentat
2484 1944 2763 2003 honestate
2791 1947 3091 2018 nuptiarum
3114 1990 3129 2015 ,
3160 1949 3391 2022 coniugii
3418 1964 3603 2006 carna-

2018 2036 2087 2091 iis
2110 2035 2159 2093 da
2178 2035 2345 2093 bitum
2375 2037 2395 2070 ³
2424 2046 2478 2093 et
2503 2036 2677 2093 reddit
2699 2048 2755 2095 et
2780 2039 2974 2111 repetit
2996 2081 3011 2105 ,
3048 2054 3149 2096 nec
3190 2041 3302 2097 sola
3344 2057 3607 2114 prepaga-

2020 2128 2179 2184 tionis
2206 2144 2366 2185 causa
2388 2172 2402 2196 ,
2431 2144 2615 2185 verum
2660 2129 2822 2187 etiam
2866 2130 3149 2201 voluptatis
3171 2173 3187 2200 ,
3217 2133 3461 2204 quamvis
3482 2149 3606 2190 cum

2016 2221 2129 2276 sola
2158 2235 2324 2275 uxore
2347 2262 2364 2288 ,
2409 2219 2750 2287 concumbit,
2794 2219 2939 2293 quod
2974 2220 3275 2294 conjugatis
3314 2223 3605 2279 secundum

2017 2311 2224 2367 veniam
2253 2310 2497 2366 concedit
2522 2311 2813 2381 Apostolus
2850 2309 3062 2386 (lCor.
3102 2325 3217 2381 vn,
3245 2312 3278 2369 6
3305 2314 3346 2383 );
3389 2313 3609 2386 injurias

2018 2417 2124 2463 non
2151 2411 2257 2457 tam
2288 2404 2551 2473 patienter
2574 2403 2768 2474 accipit
2789 2401 2833 2472 ⁸,
2878 2403 2972 2460 sed
3005 2403 3294 2461 ulciscendi
3321 2406 3610 2476 cupiditate

2017 2493 2186 2552 fertur
2213 2494 2418 2559 iratus;
2449 2494 2691 2565 quamvis
2708 2534 2726 2564 ,
2753 2502 2812 2551 ut
2837 2494 3007 2566 possit
3029 2494 3211 2551 dicere
3231 2536 3247 2563 ,
3274 2494 3418 2552 Sicut
3441 2504 3491 2552 et
3517 2514 3610 2553 nos

2018 2585 2316 2641 dimittimus
2343 2584 2651 2642 debitoribus
2671 2570 2878 2642 nostris
2919 2586 2938 2660 (
2962 2585 3214 2643 Matth.“
3240 2629 3258 2657 ,
3287 2587 3357 2645 19
3382 2587 3424 2660 ),
3450 2603 3609 2660 roga-

2019 2686 2104 2735 tus
2130 2676 2409 2748 ignoscat:
2439 2676 2679 2748 possidet
2705 2692 2821 2737 rem
2848 2675 3164 2733 familiarem
3187 2718 3204 2746 ,
3244 2676 3449 2736 faciens
3484 2678 3610 2735 inde

2016 2766 2230 2838 quidem
2257 2767 2627 2841 oleemosynas
2653 2808 2670 2835 ,
2701 2783 2809 2824 non
2847 2775 3025 2825 tamen
3065 2783 3223 2839 quam
3255 2769 3344 2825 ille
3374 2779 3481 2826 tam
3506 2770 3612 2826 lare

2017 2872 2110 2930 gas
2135 2859 2157 2892 ⁵
2188 2877 2202 2914 :
2233 2875 2341 2916 non
2367 2859 2540 2916 aufert
2564 2859 2779 2927 aliena;
2822 2859 2918 2918 sed
2964 2861 3210 2932 quamvis
3248 2862 3611 2919 ecclesiastico

2010 2951 2249 3026 judicio,
2281 2969 2386 3009 non
2415 2952 2649 3021 forensi,
2679 2962 2855 3010 tamen
2878 2953 3075 3025 repetit
3101 2967 3195 3010 sua
3225 2972 3239 3010 :
3277 2968 3471 3026 nempe
3507 2954 3610 3011 iste

2016 3046 2109 3116 qui
2149 3046 2388 3111 moribm
2437 3044 2530 3101 illo
2576 3028 2789 3101 videtur
2835 3044 3093 3113 inferior,
3147 3053 3366 3117 propter
3405 3056 3608 3103 rectam

2017 3135 2176 3193 ﬁdem
2206 3151 2327 3208 quae
2355 3135 2429 3192 illi
2459 3144 2545 3193 est
2570 3136 2624 3192 in
2654 3136 2821 3193 Deum
2843 3176 2864 3204 ,
2893 3150 2962 3193 ex
2992 3150 3097 3209 qua
3139 3137 3301 3205 vivit,
3331 3146 3386 3194 et
3413 3152 3608 3195 secun-

2016 3228 2146 3288 dum
2172 3245 2332 3299 quam
2362 3230 2415 3285 in
2456 3229 2705 3286 omnibus
2744 3228 2957 3286 delictis
3004 3229 3116 3286 suis
3160 3244 3221 3287 se
3265 3238 3481 3287 accusat
3506 3273 3521 3297 ,
3554 3232 3608 3288 in

2017 3322 2265 3379 omnibus
2294 3321 2448 3377 bouis
2472 3320 2723 3392 cperibus
2750 3320 2919 3378 Deum
2960 3320 3182 3388 laudat,
3218 3321 3321 3378 sibi
3371 3323 3608 3380 tribuens

2018 3412 2361 3483 ignominiam
2385 3452 2401 3476 ,
2447 3411 2524 3467 illi
2561 3410 2821 3483 gloriam,
2858 3418 3018 3482 atque
3062 3410 3132 3467 ab
3168 3410 3286 3482 ipso
3308 3425 3527 3467 sumens
3554 3422 3606 3466 et

2018 3501 2398 3573 indulgentiam
2427 3512 2765 3572 peccatorum
2818 3508 2874 3558 et
2903 3499 3243 3557 dilectionem
3287 3510 3434 3557 recte
3454 3500 3478 3533 ⁸
3517 3501 3599 3557 fa-

2017 3602 2248 3661 olorum,
2268 3592 2340 3650 de
2369 3591 2470 3648 hac
2498 3592 2604 3646 vita
2632 3589 2942 3649 liberandus
2970 3599 3025 3648 et
3050 3590 3104 3646 in
3131 3590 3459 3648 consortium
3485 3605 3606 3647 cum

2017 3684 2230 3745 Christo
2280 3693 2686 3756 regnaturorum
2721 3682 3059 3754 recipiendus
3104 3683 3351 3755 emigrat.
3388 3683 3566 3754 Quare
3590 3725 3605 3746 .

2017 3777 2122 3833 nisi
2150 3785 2367 3849 propter
2395 3775 2553 3832 ﬁdem
2572 3776 2596 3831 l
2614 3775 2744 3844 Quae
2769 3775 2896 3831 licet
2922 3775 3039 3831 sine
3064 3774 3317 3845 operibus
3340 3774 3607 3831 neminem

2017 3868 2191 3933 salvat
2228 3867 2380 3939 (ipsa
2407 3866 2549 3923 enim
2583 3875 2667 3923 est
2709 3881 2813 3923 non
2856 3865 3084 3936 reproba
3132 3865 3296 3931 ﬁdes,
3340 3881 3460 3937 qua:
3514 3882 3609 3938 per

2017 3959 2361 4017 dilectionem
2390 3955 2705 4031 operatur);
2748 3970 2926 4015 tamen
2964 3974 3060 4028 per
3093 3959 3261 4030 ipsam
3299 3958 3460 4013 etiam
3487 3974 3611 4029 pec-

2018 4061 2134 4108 cata
2164 4052 2475 4119 solvuntur,
2503 4051 2624 4123 quia
2650 4051 2825 4123 justus
2848 4066 2915 4106 ex
2959 4050 3065 4107 ﬁde
3108 4051 3280 4106 vivit:
3334 4050 3452 4127 sine
3495 4050 3609 4121 ipsa

2017 4161 2148 4204 vero
2175 4148 2335 4202 etiam
2364 4162 2485 4218 qua:
2507 4145 2756 4203 videntur
2781 4145 2918 4201 bona
2943 4160 3107 4216 opera
3132 4188 3149 4214 ,
3177 4145 3230 4199 in
3252 4153 3466 4217 peccata
3494 4160 3614 4202 ver-

2018 4247 2233 4303 tantur;
2265 4252 2426 4294 omne
2454 4237 2596 4292 enim
2623 4236 2766 4306 quod
2794 4251 2899 4291 non
2940 4246 3023 4291 est
3061 4252 3127 4291 ex
3166 4235 3302 4303 ﬁde,
3335 4244 3609 4307 peccatum

2017 4344 2099 4391 est
2130 4331 2327 4408 (Rom.
2351 4346 2446 4389 11v
2469 4374 2486 4400 ,
2523 4330 2594 4387 23
2619 4329 2657 4402 ).
2686 4329 2758 4386 Et
2799 4328 2858 4384 ﬁt
2894 4338 3111 4400 pr0pter
3150 4328 3290 4385 hanc
3322 4329 3608 4385 maximam

2018 4427 2371 4484 diﬁ‘erentiam
2395 4466 2412 4489 .
2442 4435 2500 4480 ut
2522 4440 2646 4480 cum
2667 4465 2681 4488 ,
2711 4420 2993 4479 dubitante
3025 4419 3171 4476 nullo
3194 4461 3210 4487 ,
3260 4436 3611 4491 perseverans

2021 4519 2291 4591 virginalis
2343 4517 2623 4588 integritas
2672 4513 2937 4586 coujngali
2982 4513 3229 4571 castitate
3276 4514 3348 4568 sit
3394 4514 3604 4584 potior;

2020 4619 2200 4667 tamen
2227 4610 2418 4666 mulier
2445 4608 2605 4665 etiam
2634 4608 2716 4664 bis
2746 4618 2907 4679 nupta
2937 4607 3194 4663 catholica
3224 4605 3480 4677 professa:
3505 4605 3611 4661 viro

2019 4702 2127 4773 gini
2156 4701 2417 4757 heretica)
2444 4699 2759 4772 praeferatur
2783 4717 2797 4755 :
2832 4715 2930 4755 nec
2956 4700 3026 4754 ita
3054 4698 3395 4770 prmferatur,
3428 4708 3486 4755 ut
3509 4699 3607 4755 ista

2019 4794 2211 4850 melior
2234 4794 2306 4850 sit
2331 4794 2383 4848 in
2413 4792 2507 4848 Dei
2537 4807 2702 4862 regno
2725 4832 2741 4857 ,
2769 4790 2862 4846 sed
2909 4799 2966 4845 ut
3012 4792 3100 4846 illa
3145 4791 3217 4845 ibi
3262 4804 3367 4846 non
3397 4790 3465 4846 sit
3491 4805 3600 4848 om-

2020 4887 2167 4941 nino.
2192 4884 2324 4943 Nam
2351 4893 2408 4940 et
2432 4884 2521 4939 ille
2545 4898 2703 4953 quem
2732 4883 2876 4939 velut
2898 4882 3208 4939 melioribus
3227 4880 3615 4955 descripsimus

2019 4975 2259 5030 moribus
2281 5014 2297 5039 ,
2325 4973 2370 5028 si
2395 4972 2534 5029 adsit
2562 4973 2608 5028 ci
2638 4971 2768 5028 ﬁdes
2794 4982 2943 5029 recta
2968 5014 2985 5040 ,
3028 4981 3244 5045 superat
3291 4972 3440 5031 illum
3476 4974 3615 5032 alte-

2019 5082 2136 5122 rum
2161 5107 2176 5133 ,
2206 5066 2300 5120 sed
2325 5065 2485 5121 ambo
2508 5065 2529 5097 "
2557 5064 2666 5121 illic
2684 5072 2841 5120 erunt
2869 5082 2884 5120 :
2914 5064 2960 5121 si
2985 5074 3167 5122 autem
3194 5065 3326 5123 ﬁdes
3344 5065 3401 5123 ei
3428 5065 3596 5132 desit,

2083 5300 2348 5366 {siesse
2391 5299 2509 5350 Editi
2528 5334 2544 5360 ,
2585 5297 2707 5366 nihil
2751 5312 2891 5366 suum
2938 5299 3186 5366 proprium
3226 5302 3484 5365 possideat.

2082 5363 2103 5432 ξ
2129 5362 2334 5432 Vaticani
2356 5368 2485 5423 ttss.,
2511 5358 2565 5432 ut
2579 5358 2664 5432 ille
2678 5362 3014 5432 ’κατέρρει-(ξιιμ.

2085 5425 2105 5487 _'
2130 5426 2277 5474 vatio.
2301 5433 2439 5487 Mss,
2457 5423 2651 5487 conjugi
2672 5423 2869 5474 caritate
2891 5425 3121 5487 debitmu.

2050 5485 2269 5595 dihtxliti,
2290 5485 2497 5548 injurias
2521 5485 2678 5536 taruen
2700 5498 2794 5536 non
2816 5485 3052 5551 patienter
3074 5486 3265 5550 «tetulit.
3286 5491 3605 5536 retundantur

2022 5555 2080 5596 ad
2106 5555 2212 5596 MSS.

2084 5610 2104 5641 ³
2129 5611 2200 5657 sic
2233 5616 2336 5674 Mss.
2380 5607 2527 5665 mliti.
2569 5606 2752 5674 [αρξεηε
2788 5606 2904 5661 inde
2943 5610 3136 5674 quatient
3160 5609 3495 5672 electrum/mss,
3517 5608 3602 5655 sed

2022 5682 2113 5720 nou
2136 5676 2233 5719 tum
2257 5668 2419 5732 largus
2442 5668 2584 5732 quani
2606 5669 2689 5732 ille
2715 5683 2732 5720 :
2754 5684 2849 5721 non
2862 5668 3037 5732 aufert.

2085 5732 2106 5762 ⁸
2133 5730 2342 5780 Vaticani
2364 5730 2491 5789 Μδςζ,
2518 5730 2570 5781 di
2590 5730 2828 5783 ortionem
2850 5730 2995 5783 recte.

2086 5793 2104 5823 ⁷
2126 5802 2196 5841 διο
2222 5802 2324 5841 λῑδδ.
2352 5801 2404 5843 At
2430 5796 2561 5854 editi,
2589 5794 2630 5845 si
2652 5798 2788 5845 umbo
2815 5807 2831 5842 :
2856 5796 3013 5844 minus
3036 5792 3183 5842 imae.
