4096 6544
481 357 589 417 593

477 476 559 532 sic
585 473 655 530 ab
684 472 776 529 illo
803 482 1088 545 superatur
1108 514 1124 541 ,
1154 483 1212 528 ut
1238 476 1351 544 ipse
1378 474 1448 529 ibi
1477 488 1582 529 non
1609 468 1725 529 sit.‘

549 566 639 623 15.
679 564 812 622 Cum
843 566 1020 636 itaque
1040 565 1168 635 justi
1196 579 1385 620 omnes
1408 573 1463 620 et
1487 564 1818 635 antiquiores
1844 572 1896 619 et
1921 561 2067 630 Apo-

477 658 601 713 stoli
626 673 694 713 ex
724 657 827 713 title
856 657 1084 713 vixerint
1108 665 1252 713 recta
1275 699 1292 724 ,
1320 671 1439 727 quin
1478 664 1562 712 est
1595 656 1648 711 in
1688 654 1905 711 Christo
1942 653 2071 709 Jesu

482 749 709 804 Domino
738 757 921 803 nostro
945 765 961 813 ;
1002 764 1287 819 moresque
1315 757 1421 802 tam
1452 758 1668 804 sanctos
1693 762 1814 802 eum
1842 745 1943 801 ﬁde
1971 745 2068 799 ha-

482 841 695 896 buerint
720 881 739 909 ,
769 850 830 895 ut
867 840 992 895 licet
1034 856 1140 895 non
1192 850 1298 894 tam
1347 840 1598 909 perfectae
1646 836 1856 893 virtutis
1883 836 1936 891 in
1967 835 2069 891 bac

480 933 586 987 vita
608 948 730 990 esse
750 933 1055 1004 potuerint,
1084 948 1242 1001 quam
1264 947 1384 1003 quae
1407 941 1526 1001 post
1552 932 1691 985 hanc
1710 930 1872 985 vitam
1894 928 2068 983 l'utura

476 1035 596 1091 cst,
636 1035 814 1081 tamen
854 1024 1109 1097 quidquid
1150 1025 1350 1095 peccati
1382 1040 1447 1079 ex
1491 1024 1719 1079 humana
1759 1020 2069 1077 inﬁrmitate

477 1116 795 1187 subreperet
818 1118 856 1180 ί,
899 1117 1097 1187 pietate
1121 1116 1291 1187 ipsius
1316 1114 1441 1171 ﬁdei
1465 1116 1719 1171 centinuo
1745 1113 2018 1169 deleretur
2048 1128 2064 1167 :

480 1209 621 1266 unde
670 1210 783 1265 lieri
841 1220 1016 1281 potest
1063 1217 1123 1264 ut
1173 1211 1227 1264 in
1272 1209 1671 1277 comparatione
1724 1205 2066 1276 iniquorum,

482 1318 616 1373 quos
640 1301 987 1357 damnaturus
1010 1310 1092 1358 est
1119 1302 1259 1357 Deus
1281 1339 1296 1365 ,
1322 1300 1498 1372 iustos
1540 1314 1635 1355 eos
1681 1297 1845 1353 fuisse
1881 1297 2066 1352 diecu-

484 1393 608 1447 dum
637 1393 749 1458 sit;
777 1407 895 1448 cum
922 1407 1019 1463 per
1043 1392 1182 1462 piam
1214 1390 1372 1446 [idem
1414 1399 1521 1445 tam
1563 1390 1617 1445 in
1646 1386 1975 1445 contrarium
2000 1384 2069 1441 ab

480 1484 586 1540 illis
611 1484 787 1554 impiis
828 1483 937 1540 sint
973 1483 1204 1550 remoti,
1261 1490 1317 1537 ut
1359 1483 1553 1538 clamet
1596 1480 1912 1551 Apostolus,
1943 1476 2071 1542 Qua

481 1593 602 1648 pars
630 1576 770 1645 ﬁdeli
796 1592 911 1629 cum
940 1573 1137 1643 inﬁdeli
1184 1573 1260 1647 (ll
1283 1572 1400 1628 Cor.
1427 1588 1478 1627 νι
1500 1614 1515 1636 ,
1549 1572 1619 1627 15
1644 1572 1661 1643 )
1694 1571 1718 1625 ?
1743 1571 1847 1626 Sed
1878 1569 2071 1626 videli-

479 1673 570 1721 cet
604 1664 878 1735 Pelagiani
919 1664 1041 1719 novi
1081 1663 1318 1718 haeretici
1342 1704 1358 1730 ,
1392 1662 1673 1733 religiosi‘
1707 1672 1976 1717 amatores
2017 1669 2072 1716 et

482 1757 787 1812 laudatores
813 1755 1060 1811 videntur
1084 1755 1184 1810 sibi
1213 1768 1335 1812 esse
1361 1762 1669 1809 sanctorum
1693 1794 1707 1816 ,
1741 1753 1784 1807 si
1822 1767 1928 1808 non
1972 1766 2075 1806 an-

478 1848 639 1902 deant
683 1846 862 1902 dicere
908 1844 1235 1915 imperfecta:
1278 1845 1399 1900 illos
1447 1844 1612 1899 fuisse
1656 1842 1904 1910 virtutis,
1948 1857 2071 1898 cum

480 1941 580 1995 hoc
609 1940 928 1995 conﬁteatur
958 1939 1061 1995 Vas
1098 1937 1376 1997 electionis
1401 1979 1417 2002 ,
1460 1938 1551 2008 qui
1592 1935 1942 1991 considerans
1980 1933 2069 1989 ubi

477 2029 652 2087 adhuc
672 2041 842 2096 esset,
866 2041 919 2085 et
938 2030 1060 2102 quia
1087 2045 1284 2100 corpus
1308 2028 1450 2101 quod
1471 2028 1830 2098 corrumpitur
1846 2068 1861 2091 ,
1883 2040 2072 2097 aggra-

477 2132 568 2177 vat
591 2122 823 2178 animum
852 2124 872 2194 (
895 2123 1024 2195 Sap.
1057 2139 1108 2179 ιι
1131 2164 1148 2187 ,
1181 2123 1250 2179 15
1272 2124 1313 2194 ),
1339 2120 1460 2177 Non
1487 2122 1606 2192 quia
1625 2121 1741 2194 jam
1759 2120 2068 2193 acceperint,

476 2214 553 2268 sit
574 2255 590 2282 ,
619 2226 706 2268 aut
727 2215 842 2287 jam
868 2219 1117 2287 ptrfectus
1141 2214 1236 2270 sim
1259 2230 1279 2269 :
1310 2216 1491 2285 fratres
1512 2253 1528 2279 ,
1557 2229 1648 2285 ego
1667 2229 1747 2267 me
1773 2214 1941 2285 ipsum
1968 2227 2074 2266 non

476 2306 697 2361 arbitror
719 2296 1135 2376 apprehendisse.
1169 2307 1235 2362 Et
1261 2307 1418 2376 paulo
1456 2313 1577 2376 post
1616 2315 1833 2370 tamen,
1879 2303 1972 2375 qui
2012 2317 2073 2360 se

481 2406 771 2469 negaverat
807 2413 929 2454 esse
972 2399 1265 2469 perlectum
1291 2440 1305 2461 ,
1355 2398 1610 2469 Quotquot
1651 2414 1769 2468 ergo
1816 2395 2068 2469 perfecti,

480 2488 691 2558 inquit,
722 2491 818 2543 hoc
844 2490 1103 2561 sapiamus
1133 2489 1151 2561 (
1176 2489 1407 2562 Philipp.
1437 2506 1529 2556 ιιι,
1559 2488 1629 2545 li
1651 2532 1666 2557 ,
1699 2490 1770 2545 l3
1792 2531 1811 2558 ,
1839 2486 1950 2562 15)
1976 2507 1989 2544 :
2015 2496 2075 2545 ut

479 2582 790 2637 ostenderet
812 2582 1104 2639 secundum
1136 2582 1288 2637 istius
1327 2582 1457 2637 vitae
1492 2582 1710 2637 modum
1736 2595 1863 2637 esse
1881 2596 2073 2652 quam-

479 2673 603 2728 dam
637 2675 1016 2744 perfectionem
1034 2716 1051 2742 ,
1083 2674 1239 2744 eique
1269 2673 1578 2745 perfectioni
1606 2673 1710 2730 hoc
1734 2689 1946 2745 quoque
1971 2672 2073 2729 de-

480 2766 653 2836 putari
678 2809 692 2829 .
721 2766 765 2821 si
794 2780 855 2822 sc
879 2767 1104 2836 quiSque
1124 2766 1333 2822 noverit
1352 2766 1587 2820 nondum
1608 2780 1731 2821 esse
1749 2764 2068 2836 perfectum.

479 2859 617 2929 Quid
646 2861 789 2914 enim
821 2858 1140 2928 perfectius,
1172 2857 1367 2929 quidve
1391 2856 1412 2890 ⁸
1440 2857 1789 2913 excellentius
1818 2856 1871 2911 in
1900 2856 2070 2913 veteri

482 2951 677 3021 populo
701 2949 1069 3008 sacerdotibus
1095 2949 1332 3004 sanctis?
1362 2949 1426 3004 Et
1468 2958 1645 3004 tamen
1689 2948 1768 3003 eis
1816 2945 2074 3018 pmcepit

483 3045 626 3101 Deus
649 3044 970 3099 sacriﬁcium
1023 3044 1269 3114 primi-tus
1300 3057 1395 3112 pro
1439 3042 1554 3097 suis
1592 3040 1787 3097 oﬂ‘erre
1836 3042 2076 3112 peccatis

483 3136 689 3206 (Leuit.
718 3151 771 3191 ις
792 3178 808 3203 ,
842 3137 894 3203 7,
924 3144 972 3190 et
997 3150 1120 3203 xw,
1143 3132 1239 3205 6).
1295 3134 1360 3188 Et
1402 3132 1530 3204 quid
1566 3134 1803 3188 sanctius
1840 3132 1893 3188 in
1931 3146 2073 3187 novo

480 3229 678 3300 populo
707 3227 978 3298 Apustolis
999 3228 1022 3280 ’ἶ
1051 3228 1116 3282 Ει
1146 3237 1321 3282 tamen
1347 3226 1602 3298 prmeepit
1627 3225 1706 3282 eis
1730 3225 1987 3281 Dominus
2017 3224 2072 3280 in

479 3322 722 3376 oratione
750 3321 928 3376 dicere
951 3362 964 3385 ,
994 3320 1204 3375 Dimitte
1230 3320 1373 3375 nobis
1400 3320 1567 3374 debita
1597 3328 1788 3374 nostra.
1820 3317 2069 3374 Omnium

480 3411 640 3482 igitur
667 3414 873 3482 piorum
901 3411 1000 3466 sub
1026 3411 1128 3467 hoc
1151 3426 1317 3467 onere
1343 3409 1704 3481 corruptibilis
1732 3410 1912 3465 carnis
1937 3417 1988 3463 et
2015 3408 2072 3463 in

481 3504 632 3558 istius
662 3504 782 3558 vine
813 3504 1120 3559 inﬁrmitate
1147 3503 1472 3575 gementium
1502 3516 1626 3572 spes
1654 3516 1760 3557 uua
1787 3510 1899 3565 est,
1928 3500 2073 3571 quod

478 3596 794 3651 advocatum
849 3595 1107 3651 habemus
1157 3595 1222 3649 ad
1268 3594 1477 3649 Patrem
1504 3592 1526 3624 δ
1572 3593 1755 3649 Jesum
1796 3592 2073 3649 Christum

476 3689 679 3758 justum
704 3731 719 3755 ,
752 3700 802 3743 cl
842 3690 956 3759 ipse
989 3696 1072 3743 cst
1099 3688 1344 3743 exoratio
1386 3696 1727 3758 peccatorum
1768 3696 2072 3742 nostrorum

482 3780 835 3853 (lloan.n,
873 3781 1057 3851 με).

552 3870 778 3941 CAPUT
813 3871 896 3925 Vl.
917 3901 991 3912 —
1015 3871 1103 3925 16.
1127 3870 1396 3925 Calunmia
1424 3870 1488 3925 de
1517 3880 1720 3941 peccato
1754 3870 1807 3925 in
1848 3869 2070 3926 Christo.

479 3938 742 4017 .lnstum"
770 3961 1084 4017 advocatum
1107 3977 1213 4016 nun
1240 3962 1435 4015 habent
1461 3938 1565 4026 illi,
1592 3962 1681 4033 qui
1711 3971 1834 4016 sunt
1859 3977 1887 4014 a
1914 3961 2075 4032 justis

485 4052 735 4121 (etiamsi
766 4052 880 4105 sola
924 4054 1022 4106 ista
1070 4062 1215 4106 esset
1255 4053 1599 4123 dim-rentia)
1648 4054 1700 4108 in
1746 4055 2073 4109 contrarium

485 4145 749 4215 longeque
773 4145 1012 4200 discreti.
1043 4144 1212 4211 Quem
1239 4145 1440 4216 justum
1481 4145 1795 4201 advocatum
1845 4147 1983 4201 absit
2018 4154 2076 4202 ut

482 4235 724 4289 dicamus
748 4276 763 4300 ,
793 4236 932 4291 sicut
959 4235 1060 4305 ipsi
1101 4236 1527 4303 calumniantur,
1576 4256 1597 4289 ι
1623 4238 1802 4293 carnis
1842 4238 2076 4293 necessiv

484 4334 593 4380 tate
620 4326 899 4380 mentitum
933 4343 949 4382 :
985 4347 1003 4379 ι
1049 4327 1144 4383 sed
1201 4327 1432 4382 dicimus
1465 4344 1586 4383 cum
1634 4329 1689 4383 in
1728 4329 2079 4386 similitudine

484 4417 662 4472 carnis
692 4416 893 4488 peccati
923 4416 990 4473 de
1016 4426 1234 4489 peccato
1256 4418 1542 4475 damnasse
1565 4431 1838 4490 peccatum
1877 4421 1895 4493 (
1920 4422 2072 4481 Rom.

485 4525 575 4564 vnt
602 4552 617 4575 ,
644 4510 741 4581 5).
769 4510 922 4576 Quod
947 4510 1170 4567 fortasse
1211 4512 1297 4566 isti
1334 4526 1440 4566 non
1485 4513 1843 4583 intelligentes
1866 4524 1919 4568 et
1939 4515 2077 4570 calu-

488 4604 723 4658 mniandi
745 4604 1033 4671 cupiditate
1046 4605 1248 4664 cruenti.
1264 4620 1421 4676 quam
1445 4605 1669 4661 diversis
1685 4606 1855 4661 modis
1876 4608 2076 4678 peccati

488 4712 681 4753 nomen
708 4700 760 4753 itt
790 4698 1081 4767 Scripttu-is
1109 4700 1308 4753 sanctis
1356 4701 1479 4768 puni
1519 4699 1689 4753 soleat
1728 4701 2033 4771 ignorantes
2056 4742 2072 4768 ,

484 4800 761 4862 peccatum
786 4788 983 4845 Christi
1009 4789 1282 4845 affirmare
1324 4805 1421 4845 nos
1455 4790 1677 4859 jactaut.
1710 4791 1942 4846 Dicimus
1971 4790 2075 4845 ita-

483 4900 589 4952 que
616 4883 887 4938 Christum
913 4922 928 4947 ,
956 4891 1009 4938 et
1039 4883 1242 4937 nullum
1278 4883 1525 4937 habuisse
1559 4893 1831 4952 peccatum
1857 4925 1872 4948 ,
1903 4898 2003 4938 nec
2027 4883 2079 4938 in

486 4976 661 5029 anima
687 5017 704 5039 ,
727 4990 827 5031 nec
854 4976 903 5028 in
926 4991 1087 5030 carne
1112 4991 1125 5039 ;
1159 4984 1213 5029 et
1241 4975 1580 5044 suscipiendo
1601 4991 1816 5030 carnem
1851 4976 1901 5029 in
1931 4974 2079 5029 simi-

490 5065 711 5121 litudine
738 5068 917 5120 carnis
946 5067 1148 5135 peccati
1193 5066 1262 5121 de
1291 5077 1525 5135 'peccato
1562 5067 1844 5122 damnasse
1892 5082 2081 5136 pecca-

490 5169 622 5211 tum.
654 5158 807 5226 Quod
838 5158 1167 5213 Subobscure
1213 5160 1280 5212 ab
1324 5161 1578 5230 Ap'lSlt‘oll}
1625 5162 1825 5215 dictum
1872 5160 2081 5215 duobus

492 5250 667 5303 modis
693 5247 956 5304 solvitur:
1005 5249 1116 5303 sive
1142 5250 1259 5318 quia
1289 5266 1466 5303 rerum
1498 5251 1874 5306 similitudines
1904 5252 2081 5305 solent

494 5356 677 5395 catum
708 5355 884 5395 rerum
917 5338 1219 5394 nomiuihus
1251 5341 1544 5411 nuncupari
1569 5384 1583 5407 ,
1615 5359 1839 5412 quarum
1880 5344 2083 5398 similes

557 5561 571 5591 ί
596 5561 668 5608 Sic
691 5565 797 5607 Mss.
826 5556 963 5613 titliti,
990 5552 1298 5616 snbrepscrit.

555 5623 576 5654 ³
601 5622 738 5676 Editi,
764 5617 1023 5679 religionis.
1050 5618 1353 5679 Castigantttr
1379 5628 1439 5664 ex
1469 5623 1571 5668 Mss.

561 5682 581 5713 ³
600 5689 663 5731 Ex
692 5691 797 5732 Mss.
824 5681 1111 5734 aalclidtzttus,
1133 5678 1409 5739 per/inviti,
1436 5681 1581 5739 q:.i..'r
1600 5697 1627 5728 ι.

559 5741 581 5769 ⁵
604 5744 673 5792 sic
696 5754 799 5792 ηδε.
828 5743 962 5793 una.
987 5741 1211 5790 habemus
1237 5742 1366 5799 τίς).γᾷ
1396 5751 1596 5790 μείης-ππ,

554 5804 574 5835 ⁸
606 5806 740 5864 uno,
785 5803 927 5853 ἰίιίῖιιξι
960 5815 973 5850 .'
1003 5802 1234 5852 mendose
1285 5810 1333 5849 τι
1379 5803 1777 5855 ιίμδρηεινιθιῖιεέῖεδ
1819 5814 1903 5855 ut?

1101 356 1373 415 comm
1418 358 1596 416 oms
1635 356 2010 416 Eptsroms
2048 355 2609 427 PELAGIANORUM,
2651 357 2708 414 s.
2752 330 3119 417 sucu'srtst

3673 360 3778 417 600

2177 481 2303 527 sunt
2325 512 2342 539 ,
2373 482 2429 527 ut
2456 473 2627 543 ipsam
2655 470 3054 529 similitudinem
3079 474 3259 531 carnis
3294 476 3499 546 peccati
3541 478 3776 534 voluisse

2177 558 2501 635 intelligatur
2528 565 2818 635 Apostolus
2841 565 3114 637 appellare
3143 578 3419 636 peccatum
3453 584 3468 621 :
3510 569 3625 625 sive
3653 571 3774 640 quia

2177 655 2437 711 sacriﬁcia
2465 672 2561 727 pro
2591 658 2824 727 peccatis
2849 669 3065 729 peccata
3092 659 3503 731 appellabantur
3529 662 3581 716 in
3612 664 3729 733 lege
3755 706 3771 731 ,

2176 762 2295 818 qua:
2320 750 2499 804 omnia
2535 750 2717 821 ﬁgura:
2762 751 2975 807 fuerunt
3015 758 3195 827 carnis
3234 756 3466 822 Christi,
3508 757 3651 826 quod
3693 767 3779 815 est

2175 854 2361 895 verum
2390 850 2448 897 et
2475 841 2691 897 unicum
2720 843 3037 899 sacriﬁcium
3062 860 3158 915 pro
3180 846 3414 916 peccatis
3434 887 3451 914 ,
3470 863 3577 902 non
3598 849 3775 902 solum

2177 929 2263 985 his
2303 947 2423 1001 qua:
2464 932 2717 1011 universa
2762 934 2815 989 in
2859 934 3185 1004 Baptismate
3226 936 3539 1004 diluuntur,
3584 954 3773 994 verum

2177 1022 2337 1076 etiam
2369 1023 2452 1078 his
2481 1040 2602 1095 qua:
2626 1035 2748 1095 post
2771 1041 2838 1080 ex
2878 1024 3039 1096 hujus
3069 1027 3192 1081 vita:
3236 1028 3545 1084 inﬁrmitate
3578 1030 3771 1085 subre-

2176 1123 2344 1181 punt;
2370 1126 2595 1184 propter
2623 1131 2742 1186 quas
2776 1117 3015 1187 quotidie
3059 1119 3307 1173 universa
3345 1120 3398 1174 in
3436 1121 3678 1176 oratione
3703 1120 3772 1176 ad

2179 1202 2347 1259 Deum
2375 1203 2572 1260 clamat
2611 1205 2849 1261 Ecclesia
2872 1247 2886 1272 ,
2926 1206 3141 1263 Dimitte
3174 1209 3316 1264 nobis
3353 1210 3519 1265 debita
3558 1221 3771 1277 nostra;

2177 1303 2234 1350 et
2258 1294 2601 1352 dimittuntur
2648 1298 2804 1354 nobis
2843 1314 2934 1369 per
2986 1300 3258 1371 singulare
3308 1303 3628 1357 sacrilicium
3674 1296 3774 1372 pro

2178 1387 2441 1455 peccatis,
2474 1389 2618 1459 quod
2649 1392 2938 1460 Apostolus
2967 1392 3257 1448 secundum
3303 1394 3470 1464 legem
3509 1384 3769 1465 loqu‘ens,

2177 1492 2286 1532 non
2314 1478 2573 1534 dubitavit
2616 1480 2894 1550 appellare
2937 1490 3235 1551 peccatum.
3283 1482 3436 1538 Unde
3476 1492 3561 1539 est
3607 1484 3769 1540 etiam

2179 1569 2309 1625 illud
2338 1568 2463 1640 ejus
2481 1571 2653 1627 multo
2675 1571 2975 1629 evidentius
2995 1614 3013 1641 ,
3042 1589 3143 1630 nec
3181 1576 3365 1646 aliquo
3405 1576 3554 1631 bivio
3587 1578 3769 1646 cujus-

2177 1674 2337 1729 quam
2366 1660 2729 1731 ambiguitatis
2756 1663 3019 1719 inccrtum
3050 1682 3065 1719 :
3100 1664 3434 1721 Obsecremus
3453 1683 3551 1737 pro
3571 1667 3774 1724 Christo

2177 1749 2494 1805 reconciliari
2522 1750 2631 1807 Deo
2653 1768 2674 1807 :
2697 1768 2815 1807 eum
2849 1754 2939 1824 qui
2976 1770 3079 1809 non
3111 1767 3315 1811 noverat
3347 1767 3607 1829 peccatum
3631 1800 3647 1826 ,
3679 1775 3779 1829 pro

2178 1840 2321 1896 nobis
2350 1852 2615 1912 peccatum:
2635 1845 2757 1915 fecit
2777 1885 2793 1911 ,
2825 1854 2881 1899 ut
2910 1862 3004 1901 nos
3028 1847 3186 1902 simus
3205 1848 3408 1920 justitia
3434 1848 3531 1903 Dei
3555 1850 3610 1904 in
3638 1851 3770 1921 ipso.

2179 1934 2247 2007 (ll
2272 1932 2392 1991 Cor.
2419 1951 2472 2004 ν,
2499 1935 2572 1992 20
2604 1947 2651 1991 et
2676 1937 2792 2009 2i).
2831 1937 2964 1995 Nam
3000 1939 3143 2010 quod
3167 1940 3416 2011 superius
3440 1948 3772 1998 commemo-

2179 2025 2300 2082 ravi
2317 2068 2332 2092 ,
2364 2026 2444 2082 De
2469 2038 2677 2100 peccato
2693 2029 2952 2085 damnavit
2970 2039 3229 2102 peceatum
3244 2049 3266 2099 ;
3287 2033 3412 2102 quia
3439 2049 3543 2089 non
3570 2034 3775 2090 dictum

2177 2126 2300 2185 est,
2334 2117 2410 2174 De
2432 2129 2654 2189 peccato
2682 2134 2781 2176 suo
2803 2161 2818 2187 ,
2846 2128 3023 2190 potest
3046 2122 3309 2193 quispiam
3334 2123 3415 2178 sic
3435 2123 3737 2195 intelligere
3755 2167 3775 2195 ,

2178 2217 2239 2264 ut
2264 2208 2411 2265 dicat
2432 2225 2556 2266 eum
2581 2209 2652 2268 de
2679 2221 2905 2282 peccato
2926 2211 3233 2268 Iudaeorum
3270 2213 3553 2272 damnasse
3582 2230 3775 2286 pecca-

2178 2310 2323 2369 tum;
2354 2303 2478 2375 quia
2504 2302 2573 2359 de
2598 2312 2817 2375 peccato
2840 2319 3028 2361 eorum
3053 2346 3069 2373 ,
3091 2307 3184 2377 qui
3205 2321 3327 2363 eum
3353 2307 3734 2364 cruciﬁserunt
3757 2350 3778 2377 ,

2180 2395 2374 2452 factum
2399 2404 2483 2452 est
2511 2406 2568 2452 ut
2593 2399 2907 2469 sanguinem
2931 2412 3085 2453 suum
3108 2398 3159 2453 in
3184 2399 3555 2456 remissionem
3584 2400 3778 2458 funde-

2179 2494 2263 2544 ret
2287 2496 2627 2559 peccatorum
2655 2507 2672 2545 :
2701 2488 2806 2545 hoc
2835 2503 2963 2545 vero
2986 2490 3027 2558 ί,
3060 2488 3152 2544 ubi
3177 2488 3374 2545 dicitur
3415 2490 3563 2547 Deus
3600 2491 3779 2562 ipsum

2176 2579 2451 2635 Christum
2477 2621 2492 2647 ,
2525 2580 2616 2650 qui
2647 2594 2753 2635 non
2782 2588 3004 2636 noverat
3028 2588 3305 2650 peccatum
3327 2622 3342 2647 ,
3373 2579 3563 2636 fecisse
3587 2596 3778 2653 pecca-

2178 2679 2293 2727 tum
2316 2713 2331 2736 ,
2359 2686 2467 2726 non
2494 2671 2624 2726 mihi
2654 2671 3061 2729 conveniendus
3084 2670 3299 2727 videtur
3326 2672 3585 2743 intelligi,
3617 2688 3779 2744 quam

2176 2762 2448 2821 Christum
2476 2765 2673 2821 laetum
2702 2764 3023 2821 sacrificium
3054 2778 3154 2837 pro
3183 2763 3417 2836 peccatis
3441 2807 3457 2833 ,
3491 2775 3545 2821 et
3576 2765 3646 2822 ob
3676 2765 3778 2822 hoc

2176 2858 2502 2928 appellatum
2534 2873 2656 2914 esse
2682 2868 2981 2929 peccatum.

2186 2958 2191 2967 '
2248 2967 2476 3028 CAPUT
2502 2969 2814 3027 Vll.—l7.
2842 2956 3111 3028 Calumnia
3137 2973 3202 3028 de
3240 2974 3532 3045 implelione
3584 2991 3779 3047 prisce-

2179 3071 2385 3133 ptorum
2410 3063 2464 3118 in
2516 3065 2691 3136 futura
2734 3064 2857 3120 vita.
2909 3062 3041 3133 Quis
3091 3073 3270 3120 autem
3315 3066 3452 3121 ferat
3498 3081 3593 3122 eos
3635 3067 3777 3137 obji-

2177 3170 2301 3212 cere
2351 3155 2544 3224 nobis,
2579 3175 2600 3209 r
2627 3156 2768 3228 quod
2818 3167 2938 3227 post
2977 3156 3425 3215 resurrectionem
3467 3158 3600 3214 tales
3656 3174 3782 3230 pro-

2178 3263 2362 3304 cessus
2384 3248 2590 3304 l'uturos
2607 3264 2725 3305 esse
2746 3249 2986 3305 dicamus
3005 3290 3021 3317 ,
3045 3259 3104 3305 ut
3127 3249 3198 3305 ibi
3225 3250 3481 3321 incipiant
3500 3250 3744 3308 homines
3759 3295 3776 3321 ,

2177 3353 2299 3411 qua:
2338 3338 2427 3394 hic
2467 3338 2774 3406 noluerint,
2816 3340 2912 3395 Dei
2947 3340 3196 3396 mandata
3236 3342 3550 3412 complere:
3588 3362 3609 3397 ο
3649 3359 3784 3414 quo-

2178 3431 2321 3484 niam
2347 3429 2575 3486 dicimus
2597 3470 2613 3498 ,
2646 3429 2717 3487 ibi
2744 3430 2964 3486 omnino
2989 3432 3193 3485 nulhtm
3239 3432 3477 3489 futurum
3500 3447 3620 3488 esse
3654 3449 3784 3502 pec-

2179 3529 2358 3575 catum
2384 3562 2399 3589 ,
2430 3536 2529 3576 nec
2552 3537 2672 3576 cum
2700 3520 2876 3593 aliqua
2901 3522 3101 3592 peccati
3121 3523 3414 3594 cupiditate
3434 3523 3782 3591 conﬂictum;

2179 3623 2431 3687 tanquam
2456 3616 2556 3687 ipsi
2581 3616 2811 3671 audeant
2834 3616 2934 3672 hoc
2958 3616 3191 3687 negare?
3210 3616 3536 3687 Sapientiam
3565 3632 3787 3689 quoque

2178 3715 2232 3762 et
2257 3707 2617 3776 cognitionem
2647 3708 2741 3763 Dei
2769 3716 2891 3763 tunc
2912 3708 3096 3779 perlici
3116 3709 3169 3762 in
3192 3709 3346 3764 nobis
3365 3751 3380 3777 ,
3402 3717 3460 3765 et
3475 3710 3527 3763 in
3555 3710 3789 3766 Domino

2183 3797 2381 3856 tanta’m
2410 3802 2847 3867 exsultationem,
2874 3813 2931 3855 ut
2958 3817 3021 3857 ea
3052 3800 3119 3856 sit
3148 3801 3303 3873 plena
3335 3812 3389 3857 et
3415 3816 3547 3856 vera
3572 3802 3783 3856 securi-

2183 3903 2263 3949 tas
2288 3936 2303 3961 ,
2333 3895 2453 3965 quis
2484 3895 2698 3966 negabit
2723 3936 2737 3959 ,
2764 3895 2863 3949 nisi
2893 3902 2997 3949 tam
3028 3909 3248 3950 aversus
3274 3895 3343 3949 sit
3372 3910 3402 3949 a
3429 3910 3556 3950 vero
3580 3937 3599 3962 ,
3627 3902 3687 3951 ut
3712 3895 3789 3951 ob

2183 3986 2283 4040 hoc
2307 3985 2373 4039 ad
2406 4000 2525 4040 eam
2572 3986 2849 4056 pervenire
2884 4001 2992 4041 non
3038 3986 3247 4055 possit?
3285 3985 3483 4041 Verum
3524 3986 3639 4041 haec
3677 4003 3785 4042 non

2180 4086 2338 4133 erunt
2363 4076 2413 4132 in
2446 4079 2727 4148 pr:eceptis
2754 4119 2768 4140 .
2792 4076 2885 4132 sed
2910 4078 2961 4132 iu
2984 4092 3168 4132 eorum
3196 4093 3316 4148 quae
3338 4077 3425 4133 hic
3445 4077 3783 4134 observanda

2182 4180 2305 4225 sunt
2333 4172 2552 4241 prmtuio
2583 4181 2991 4242 prmceptorum.
3023 4171 3262 4241 Quorum
3312 4172 3526 4243 quidem
3577 4188 3785 4242 pnece-

2182 4273 2395 4333 ptorum
2427 4271 2766 4333 contemptus
2809 4263 2901 4318 illo
2930 4278 3035 4318 non
3078 4263 3318 4333 perducit
3352 4264 3420 4318 ad
3463 4266 3739 4334 praemium
3763 4307 3781 4332 ,

2182 4352 2278 4408 sed
2307 4352 2397 4408 hic
2424 4352 2659 4408 studium
2686 4363 2951 4424 praecepta
2982 4353 3228 4409 servandi
3253 4354 3421 4426 gratia
3452 4355 3548 4410 Dei
3576 4356 3783 4412 tribuit.

2182 4443 2312 4512 Qua:
2340 4444 2382 4498 si
2414 4443 2540 4515 quid
2572 4443 2731 4497 etiam
2762 4443 2812 4498 in
2845 4444 2924 4499 eis
2960 4445 3243 4515 prteceptis
3280 4446 3457 4501 minus
3495 4458 3744 4502 servatur
3764 4488 3783 4515 ,

2184 4534 2408 4605 ignoscit
2436 4576 2450 4601 ,
2484 4544 2700 4605 prepter
2728 4516 2876 4606 quod
2898 4536 3101 4591 orando
3125 4535 3353 4592 dicimus
3373 4578 3389 4603 ,
3418 4546 3509 4601 et,
3547 4537 3665 4591 Fiat
3692 4554 3785 4593 vo-

2184 4626 2352 4680 luntas
2379 4634 2500 4689 tua;
2528 4636 2620 4691 et,
2671 4626 2883 4682 Dimitte
2926 4627 3068 4683 nobis
3106 4628 3275 4683 debita
3321 4640 3494 4685 nostra
3548 4630 3783 4703 (Matth.

2186 4733 2235 4771 vt
2266 4759 2281 4784 ,
2311 4716 2378 4773 10
2398 4727 2442 4771 et
2477 4719 2542 4772 12
2563 4716 2606 4789 ).
2638 4718 2732 4774 llic
2753 4734 2880 4791 ergo
2903 4730 3223 4791 praeceptum
3251 4730 3353 4785 est,
3374 4731 3432 4776 ut
3462 4737 3570 4778 non
3598 4738 3791 4794 pecce-

2187 4823 2306 4864 mus
2337 4826 2349 4863 :
2384 4808 2453 4864 ibi
2482 4810 2754 4879 prmmium
2781 4853 2797 4876 ,
2827 4826 2930 4865 non
2959 4827 3113 4881 posse
3143 4828 3386 4883 peccare.
3431 4814 3530 4869 llic
3574 4828 3782 4884 prince-

2188 4913 2335 4972 ptutn
2380 4912 2496 4967 est,
2543 4912 2598 4956 ut
2618 4902 2898 4957 desideriis
2944 4905 3143 4973 peccati
3190 4922 3292 4959 non
3325 4906 3638 4962 obediamus
3668 4925 3682 4961 :
3714 4908 3789 4963 ibi

2187 4994 2503 5064 praemium,
2535 5003 2593 5048 ut
2631 4993 2896 5050 desideria
2940 4996 3141 5063 peccati
3184 5012 3294 5051 non
3340 4996 3655 5052 habeamus.
3692 4998 3790 5054 llic

2189 5094 2514 5157 prmceptum
2540 5094 2624 5141 est
2642 5126 2656 5151 ,
2687 5083 2965 5156 lntclligite
2985 5102 3102 5157 ergo
3123 5128 3136 5151 ,
3165 5088 3250 5157 qui
3276 5088 3567 5159 insipientes
3593 5090 3711 5143 estis
3734 5091 3787 5144 in

2190 5177 2409 5248 papula;
2438 5186 2485 5230 et
2513 5176 2690 5240 stulti,
2737 5176 3014 5247 aliquando
3044 5179 3207 5247 sapite
3251 5178 3270 5250 (
3293 5176 3442 5233 Psal.
3471 5195 3595 5236 xcnt
3615 5222 3631 5245 ,
3663 5181 3697 5236 8
3724 5181 3743 5251 )
3773 5199 3788 5235 :

2192 5267 2261 5321 ibi
2295 5269 2570 5337 praemium
2593 5278 2673 5323 est
2697 5310 2713 5334 ,
2738 5269 2894 5339 plena
2926 5271 3181 5339 sapientia
3204 5286 3257 5327 et
3281 5271 3509 5340 perfecta
3531 5274 3788 5342 cognitio.

2202 5357 2439 5413 Videmus
2481 5359 2625 5415 enim
2659 5376 2791 5413 nunc
2836 5376 2924 5429 per
2966 5361 3228 5423 speculum
3266 5362 3320 5415 in
3360 5362 3668 5433 wniguutte,
3717 5363 3792 5417 ait

2193 5451 2515 5519 Apostolus;
2546 5461 2664 5503 tunc
2692 5459 2861 5504 autem
2892 5452 3021 5523 [acie
3048 5451 3117 5505 ad
3150 5452 3353 5522 facient.
3397 5451 3549 5506 Nunc
3587 5455 3693 5507 su‘a
3728 5466 3786 5506 ex

2195 5552 2335 5609 parte
2357 5558 2373 5605 ;
2404 5551 2522 5595 tunc
2550 5552 2717 5594 autent
2743 5558 3043 5612 cognoscant
3071 5545 3202 5598 sicut
3232 5554 3276 5599 et
3304 5546 3531 5615 cognitus
3561 5564 3672 5597 sunt
3730 5551 3777 5607 (ι

2196 5632 2309 5686 Cor.
2342 5649 2433 5687 xnt
2457 5673 2469 5694 .
2498 5631 2562 5686 l2
2587 5631 2624 5701 ).
2654 5632 2747 5688 llic
2772 5645 3093 5703 praeceptum
3118 5645 3197 5688 est
3227 5679 3237 5701 ,
3268 5634 3533 5690 Exsultatc
3562 5635 3669 5689 De'o
3699 5638 3779 5689 ad-

2263 5815 2364 5860 !sic
2387 5819 2488 5860 nos.
2523 5817 2571 5858 At
2598 5811 2726 5863 editi.
2758 5810 2842 5860 hoc
2871 5813 3019 5859 re'bo.
