4096 6516
302 462 398 518 601

295 580 446 647 μίτρη
459 585 631 641 nostra
644 574 814 651 (Psal.
829 594 989 645 uxx,
1006 576 1086 647 2);
1104 585 1161 635 et.
1179 621 1194 641 ,
1211 574 1481 634 Exsut'tote
1497 620 1511 643 ,
1523 578 1651 647 justi
1669 620 1683 644 ,
1702 579 1754 631 in
1768 577 1866 632 Do-

296 668 429 721 mitto
445 666 614 735 (Psal.
632 684 812 732 xxxu,
832 667 882 741 Ι)
902 688 917 723 :
943 670 1014 724 ibi
1036 669 1310 738 praemium
1328 678 1411 724 est
1429 712 1444 734 ,
1465 670 1732 724 exsultare
1744 686 1870 741 per-

296 755 431 812 iocto
443 765 497 812 et
513 757 762 813 ineffabili
780 759 1271 829 gaudio.Postremo
1290 759 1341 813 in
1361 756 1625 829 prmcepto
1641 761 1864 829 positum

292 856 372 902 est
386 887 407 913 ,
420 846 565 902 Beati
578 849 663 918 qui
680 850 903 903 esuriant
918 859 964 904 et
976 851 1151 905 sitiunt
1161 851 1412 921 justitiam
1433 868 1453 906 :
1476 853 1526 906 in
1546 853 1761 920 pneutio
1781 866 1869 905 au-

292 946 392 991 tem
424 977 446 1004 ,
490 937 742 1005 Quoniam
790 939 889 1007 ipsi
947 939 1307 995 saturabuntur
1352 940 1583 1011 (Matth.
1646 956 1715 1006 ν,
1763 938 1862 1012 6).

292 1025 471 1092 Unde,
510 1042 730 1097 quarso,
763 1031 1172 1094 satur-abutitur,
1216 1032 1316 1084 nisi
1360 1030 1502 1100 quod
1540 1032 1783 1086 esuriant
1811 1040 1867 1087 et

287 1115 513 1171 sitiunt?
536 1117 666 1186 Quis
693 1119 851 1189 igitur
878 1120 948 1173 ita
968 1161 986 1187 ,
1026 1136 1133 1174 non
1174 1121 1345 1175 solum
1387 1137 1419 1175 a
1459 1121 1641 1176 divino
1664 1161 1679 1185 ,
1708 1121 1801 1176 sed
1832 1137 1864 1177 a

287 1221 441 1263 sensu
469 1224 681 1279 quoque
704 1209 959 1265 abhorret
989 1211 1222 1267 humano
1247 1255 1261 1275 ,
1284 1213 1372 1283 qui
1399 1213 1541 1269 dicat
1566 1213 1622 1269 in
1646 1214 1862 1270 homine

287 1306 481 1353 tantam
509 1314 631 1356 esse
660 1315 818 1369 posse
837 1302 1099 1371 justitiam
1122 1344 1139 1369 ,
1168 1318 1288 1358 cum
1324 1305 1392 1357 ab
1434 1304 1525 1359 illo
1553 1304 1785 1359 esuritor
1807 1314 1863 1359 et

282 1389 455 1442 sititur
472 1428 488 1452 ,
518 1399 716 1459 quanta
738 1391 878 1454 erit,
903 1407 1022 1445 cum
1050 1407 1115 1447 ex
1139 1392 1227 1447 illa
1252 1395 1576 1449 saturabitur
1595 1395 1619 1449 l
1637 1394 1861 1464 Quando

281 1487 453 1534 autem
482 1481 749 1534 esurimus
777 1482 1093 1553 sitimusque
1113 1483 1373 1553 justitiam
1397 1526 1414 1552 ,
1435 1487 1481 1541 si
1504 1486 1635 1542 fides
1664 1488 1859 1543 Christi

280 1569 459 1638 vigilat
483 1570 759 1639 in,nobis,
788 1572 914 1642 quid
952 1589 1050 1627 nos
1089 1574 1190 1628 nisi
1234 1574 1507 1630 Christum
1547 1577 1754 1634 esurire
1794 1592 1859 1633 ac

278 1662 421 1715 sitire
453 1662 776 1718 credendum
804 1664 925 1720 est?
967 1664 1068 1730 Qui
1091 1669 1257 1737 factus
1283 1676 1356 1721 est
1382 1668 1525 1724 nobis
1548 1669 1799 1737 sapientia
1822 1686 1859 1722 a

281 1754 381 1810 Deo
405 1764 455 1810 et
474 1756 685 1825 justitid
702 1768 749 1811 et
774 1759 1107 1827 sanctiﬁcatio
1149 1770 1198 1814 et
1226 1760 1545 1831 redemptio;
1572 1770 1645 1825 ut,
1677 1777 1854 1831 quem-

274 1848 551 1903 admodum
591 1850 837 1919 scriptum
876 1861 987 1916 est,
1034 1850 1136 1918 Qui
1192 1851 1477 1922 gloriatur,
1520 1853 1575 1906 in
1633 1851 1855 1908 Domino

274 1940 516 2010 glorietur
544 1940 564 2011 (
589 1939 610 1995 l
638 1939 758 1996 Cor.
789 1957 846 2006 ι,
893 1942 962 1996 50
983 1982 1000 2008 ,
1029 1943 1091 1997 51
1125 1942 1165 2013 ).
1198 1943 1265 1997 Et
1290 1944 1411 2013 quia
1453 1944 1613 1999 modo
1654 1944 1706 1999 in
1731 1960 1853 2000 eum

276 2047 379 2086 non
428 2031 674 2087 videntes
718 2033 1019 2099 credimus,
1067 2034 1189 2088 ideo
1233 2035 1443 2091 sitimus
1486 2035 1854 2107 esurimusque

270 2122 547 2192 justitiam.
592 2108 854 2193 Quamdiu
880 2126 1021 2179 enim
1045 2141 1231 2180 sumus
1253 2126 1307 2180 in
1330 2141 1556 2195 corpore
1574 2170 1588 2192 ,
1609 2128 1853 2198 peregri-

275 2228 459 2267 namur
486 2229 516 2268 a
550 2214 774 2268 Domino
806 2232 821 2267 :
861 2230 958 2286 per
986 2215 1145 2269 fidem
1173 2217 1315 2270 enim
1343 2218 1677 2272 ambulamus
1698 2259 1716 2285 ,
1743 2234 1852 2273 non

274 2317 364 2370 rer
388 2304 626 2373 speciem
684 2304 707 2377 (
732 2304 773 2358 ll
802 2302 920 2358 Cor.
948 2321 999 2370 ν,
1029 2305 1063 2359 6
1086 2347 1102 2369 ,
1130 2306 1162 2360 7
1187 2305 1235 2375 ).’
1271 2304 1439 2372 Quem
1479 2321 1598 2360 cum
1651 2307 1851 2363 videri—

272 2409 384 2447 mus
410 2395 449 2457 ί,
476 2396 850 2463 pervenientes
876 2396 1056 2463 utique
1076 2395 1141 2450 ad
1167 2396 1403 2465 speciem
1427 2438 1441 2463 ,
1466 2397 1851 2455 exsultabimus

270 2486 455 2556 gaudio
483 2487 827 2542 inenarrabili
857 2487 878 2559 (
906 2487 923 2541 Ι
954 2486 1098 2543 Petr.
1143 2504 1201 2555 ι,
1231 2488 1265 2544 8
1290 2486 1309 2558 )
1340 2507 1356 2544 :
1389 2499 1445 2544 et
1485 2498 1610 2545 tunc
1644 2492 1850 2561 justitia

269 2576 659 2641 Saturabintur;
688 2578 807 2646 quia
834 2593 975 2633 nunc
997 2578 1045 2632 ei
1074 2578 1161 2647 pio
1183 2578 1448 2643 desiderio
1468 2580 1712 2646 dicimus,
1742 2581 1848 2637 Sa-

267 2666 471 2720 turabor
498 2682 617 2720 cum
639 2667 1046 2738 manifestabitur
1072 2663 1245 2741 gloria‘
1260 2680 1347 2723 tua
1381 2668 1557 2741 (Psal.
1588 2688 1676 2727 xvt
1693 2714 1707 2735 ,
1733 2674 1844 2745 15).

340 2756 416 2811 18.
459 2756 633 2824 Quam
663 2772 792 2811 vero
819 2767 920 2823 est,
948 2772 1052 2812 non
1082 2758 1202 2813 dico
1222 2760 1521 2828 impudens,
1543 2763 1637 2817 sed
1660 2763 1845 2818 insana

265 2851 535 2918 superbia,
561 2850 791 2905 nundum
823 2865 942 2905 esse
966 2853 1196 2921 aequales
1219 2853 1435 2923 Angelis
1465 2855 1579 2919 Dei,
1609 2864 1664 2910 et
1692 2866 1848 2924 puta-

265 2956 320 2993 re
364 2954 423 2995 se
459 2940 575 3009 jam
622 2956 777 3009 posse
821 2940 1016 2996 habere
1038 2942 1294 3016 justitiam
1337 2944 1592 3015 aequalem
1632 2947 1847 3016 Angelis

265 3027 390 3094 Dei;
421 3045 529 3085 nec
566 3030 757 3084 iulncri
787 3040 891 3085 tam
936 3047 1179 3101 magnum
1224 3014 1278 3087 et
1318 3043 1560 3089 sanctum
1600 3035 1843 3104 virum’,

263 3119 350 3189 qui
394 3122 582 3191 utique
615 3122 781 3192 ipsam
816 3122 1038 3192 justitiae
1069 3123 1445 3193 perfectionem
1471 3127 1735 3182 esuriebat
1760 3136 1845 3182 at-

262 3228 362 3280 que
393 3214 643 3276 sitiebat,
676 3215 886 3283 quando
913 3216 1274 3285 magnitudine
1292 3219 1671 3275 revelationum
1699 3220 1850 3276 nole-

263 3300 348 3356 bat
368 3303 585 3369 extolli;
628 3319 726 3357 nec
757 3312 954 3370 tamen,
984 3313 1041 3359 ut
1088 3322 1191 3359 non
1234 3308 1595 3371 extolleretur,
1626 3310 1846 3364 arbitrio

260 3408 354 3449 suo
378 3396 750 3466 voluntatique
775 3396 1089 3452 commissus
1117 3397 1251 3464 est',
1296 3398 1388 3453 sed
1415 3399 1617 3469 accepit
1654 3401 1844 3455 stimu-

264 3486 364 3540 lum
391 3490 571 3543 carnis
596 3531 611 3550 ,
640 3489 885 3557 angelum
914 3499 1112 3544 satana:
1132 3531 1147 3555 ,
1191 3492 1279 3561 qui
1303 3506 1424 3545 eum
1451 3492 1841 3561 colaphizarct;

263 3591 475 3650 propter
502 3580 652 3650 quod
690 3581 967 3636 Dominum
999 3590 1081 3636 ter
1106 3583 1337 3652 rogavit,
1366 3595 1423 3637 ut
1450 3584 1749 3642 discederet
1777 3588 1845 3643 ab

264 3687 363 3736 eo;
392 3671 636 3742 dixitque
657 3672 704 3726 ei
732 3673 1004 3738 Dominus,
1037 3673 1231 3744 Saﬁicit
1257 3676 1345 3729 tibi
1371 3678 1535 3747 gratia
1563 3695 1672 3733 mea
1689 3696 1842 3745 ;nam

259 3762 407 3817 virtus
434 3764 487 3817 in
515 3763 817 3829 infirmitate
844 3764 1105 3833 per/icitur
1129 3764 1208 3835 (ll
1240 3763 1358 3821 Cor.
1385 3783 1454 3821 ιιι
1477 3808 1492 3831 ,
1519 3768 1618 3823 7-9
1640 3769 1681 3840 ).
1713 3768 1844 3837 thu:

260 3855 441 3918 virtus.
475 3856 578 3910 nisi
610 3856 675 3909 ad
704 3872 861 3926 quam
891 3858 1121 3923 pertinet
1146 3873 1253 3912 non
1279 3861 1494 3915 extolli?
1521 3862 1584 3916 Et
1610 3863 1725 3930 quis
1747 3864 1846 3917 du-

259 3944 383 3999 bitat
411 3938 514 4001 hoc
542 3946 613 4000 ad
632 3945 892 4015 justitiam
923 3949 1224 4015 pertinere?
1253 3949 1419 4019 Hujus
1452 3952 1610 4022 igitur
1623 3953 1844 4023 justitite

259 4035 587 4103 perfectione
610 4047 732 4091 sunt
751 4038 954 4105 prmditi
981 4040 1163 4107 Angeli
1188 4041 1301 4107 Dei,
1324 4044 1411 4112 (pi
1433 4057 1646 4114 semper
1664 4046 1845 4102 vident

261 4126 449 4182 faciem
492 4128 671 4182 Patris
714 4126 935 4200 (Matth.
967 4145 1090 4184 xvtu
1110 4170 1128 4197 ,
1163 4119 1299 4201 10),
1330 4149 1391 4187 ac
1419 4130 1515 4204 per
1556 4135 1656 4190 hoc
1684 4139 1844 4192 totius

259 4215 531 4272 Trinitatis
550 4262 567 4283 ,
599 4218 720 4288 quia
763 4234 856 4287 per
882 4219 1074 4274 Filimn
1108 4221 1287 4275 vident
1329 4223 1379 4276 in
1408 4223 1605 4293 Spiritu
1634 4237 1841 4284 sancto.

182 4356 188 4360 ν
256 4306 391 4362 Nihil
415 4318 498 4362 est
520 4316 701 4362 autem
729 4309 825 4361 ista
848 4311 1173 4366 revelatione
1199 4312 1474 4368 sublimius
1498 4333 1512 4370 :
1540 4332 1637 4372 nec
1665 4329 1842 4376 tamen

257 4402 581 4472 Angelorum
631 4402 909 4470 quisquam
949 4403 1035 4486 illa
1078 4406 1521 4474 contemplatione
1551 4410 1842 4467 laetantium

256 4495 618 4549 necessarium
646 4492 801 4547 habet
829 4493 1077 4563 angelum
1107 4504 1326 4557 satana},
1349 4510 1379 4549 a
1405 4513 1510 4566 quo
1537 4500 1867 4573 colaphizea

257 4590 374 4648 tur,
402 4601 468 4640 ne
495 4585 651 4638 illum
691 4593 832 4638 tanta
877 4585 1183 4653 magnitudo
1227 4587 1568 4644 rcvelalionis
1596 4593 1838 4645 extollat.

261 4675 403 4733 llanc
445 4676 836 4746 perfectionem
869 4679 1078 4733 virtutis
1122 4678 1302 4746 utique
1345 4680 1579 4735 nondum
1612 4682 1841 4741 habebat

257 4771 528 4835 apostolus
558 4768 786 4833 Paulus,
816 4768 1050 4822 nondunt
1080 4770 1301 4838 tequalis
1329 4773 1543 4841 Angelis
1576 4774 1668 4828 Dei
1702 4793 1714 4828 :
1748 4777 1841 4831 sed

257 4857 424 4913 inerat
465 4860 543 4913 illi
571 4860 866 4914 extolleudi
897 4875 958 4915 se
989 4860 1292 4925 infirmitas,
1325 4879 1442 4932 qua:
1474 4880 1567 4932 per
1594 4868 1840 4935 angelum

256 4948 411 5002 etiam
438 4963 646 5003 satante
688 4951 856 5005 fuerat
883 4951 1281 5019 comprimenda
1304 4992 1322 5015 ,
1353 4968 1419 5008 ne
1457 4954 1841 5009 revelatiouum

255 5040 618 5107 magnitudine
645 5032 1010 5095 extolleretur.
1034 5041 1343 5111 Quanquam
1370 5043 1545 5111 itaque
1567 5044 1735 5113 ipsum
1759 5062 1845 5100 sa-

258 5136 428 5182 tanam
458 5129 626 5183 elatio
652 5129 817 5196 prima
840 5130 1090 5199 dejecerit
1119 5149 1134 5187 :
1162 5144 1334 5186 tamen
1363 5148 1602 5187 summus
1622 5135 1711 5189 ille
1731 5151 1845 5191 nte-

255 5220 403 5278 dicus
423 5264 439 5289 ,
467 5223 560 5292 qui
593 5221 729 5276 bene
759 5223 833 5276 uti
862 5223 1007 5277 novit
1031 5226 1189 5278 etiam
1218 5224 1370 5278 malis
1390 5266 1404 5289 ,
1436 5225 1502 5279 de
1533 5229 1720 5296 angelo
1758 5243 1843 5281 sa-

258 5320 392 5368 tanze
420 5313 667 5369 adhibuit
687 5322 872 5369 contra
898 5314 1140 5369 elationis
1163 5315 1370 5381 vitium,
1399 5316 1630 5384 salubre,
1657 5333 1845 5387 quam-

260 5404 331 5456 vis
354 5405 641 5458 molestum
664 5404 1106 5460 medicamentum
1128 5421 1142 5469 ;
1164 5406 1298 5459 sicut
1320 5407 1430 5460 fieri
1454 5411 1727 5462 consuevit
1747 5425 1845 5464 an-

260 5493 499 5558 tidotum,
532 5495 696 5549 etiam
719 5494 788 5551 de
816 5496 1152 5564 serpentibus
1180 5507 1364 5551 contra
1392 5514 1591 5554 venena
1624 5516 1842 5571 serpen-

322 5674 335 5701 '
363 5672 437 5720 sic
474 5679 600 5740 Mssa
623 5672 740 5740 ridi-ti
765 5686 901 5740 vero,
928 5673 1261 5725 inttrtteiimns.
1302 5683 1351 5725 Et
1391 5677 1530 5739 paulo
1573 5686 1691 5739 post,
1731 5679 1843 5740 quia

261 5741 377 5780 nunc
400 5746 467 5785 ea:
488 5732 738 5784 desiderio
760 5733 984 5785 dicionis.

322 5794 340 5822 ¹
367 5797 499 5848 utili.
529 5801 576 5842 et
600 5794 906 5855 spirittudem
926 5798 1096 5845 vitam.

325 5855 345 5883 ⁸
364 5859 570 5904 ὶδιιςειιιι
592 5867 680 5904 mss
706 5891 719 5916 ,
744 5858 1042 5909 commissam
1063 5866 1145 5909 ωε.

1645 460 1844 518 [ABER
1885 463 2209 519 TERTIUS.

1935 5016 2008 5072 ,21
2046 5017 2085 5085 ).
2119 5016 2251 5071 llinc
2294 5015 2528 5071 Joannes
2555 5021 2876 5087 evangelista
2912 5038 2926 5074 :

1950 5105 2045 5174 [iiii
2069 5105 2161 5158 Dei
2188 5124 2375 5166 sumas,
2413 5117 2456 5159 et
2479 5109 2702 5160 nondum
2739 5112 2977 5179 apparuit
3005 5115 3139 5183 quod
3168 5117 3372 5170 erinms.
3412 5117 3532 5172 Set-
3594 5136 3617 5145 θ

3452 476 3558 530 602

1982 589 2113 631 ιιιιιι.
2155 578 2290 647 Qutd
2330 590 2409 634 est
2438 595 2585 649 ergo,
2617 579 2811 651 Sufﬁcit
2839 581 2930 637 tibi
2969 584 3132 655 gratia
3161 603 3302 651 mea,
3339 588 3458 649 nisi,
3490 605 3558 643 ne

1976 666 2272 723 deficiendo
2309 671 2624 725 succttmbas
2647 672 2747 725 sub
2770 673 2994 743 colapho
3019 675 3190 743 angeli
3218 680 3454 731 satanze?
3487 677 3555 732 Et

1974 758 2100 829 quid
2125 769 2229 826 est,
2267 758 2435 816 Virtus
2460 762 2513 814 in
2545 761 2841 830 inﬁmitate
2867 765 3165 833 per/icitur;
3211 767 3312 821 nisi
3350 769 3470 838 quia
3497 768 3549 822 iu

1973 850 2078 905 isto
2122 850 2242 906 loco
2283 851 2603 907 infirmitatis
2634 852 2889 909 hactenus
2934 856 3187 924 perfectio
3224 868 3393 926 potest
3433 875 3552 913 esse

1972 942 2201 1010 virtutis,
2232 953 2289 998 ut
2314 942 2424 1012 ipsa
2447 943 2753 999 infirmitate
2773 946 2791 979 ⁸
2821 955 3082 1017 praesente
3112 948 3270 1002 elatio
3297 952 3550 1019 reprima-

1971 1036 2095 1089 tur?
2122 1037 2251 1105 Quae
2279 1039 2458 1107 utique
2502 1038 2802 1107 infirmitas,
2836 1041 3007 1096 futura
3035 1042 3429 1100 immortalitate
3458 1063 3547 1102 sa-

1970 1127 2198 1181 nabitur.
2229 1128 2504 1194 Quomodo
2531 1140 2613 1185 est
2649 1134 2791 1186 enim
2835 1133 3056 1188 dicenda
3109 1136 3309 1191 sanitas
3356 1138 3543 1207 plena,

1967 1217 2056 1271 ubi
2087 1217 2244 1272 etiam
2271 1219 2337 1273 de
2360 1221 2531 1290 angeli
2559 1231 2758 1278 satana:
2786 1223 3008 1294 colapho
3047 1225 3223 1282 adhuc
3251 1236 3334 1282 est
3357 1244 3547 1285 neces-

1965 1309 2103 1361 saria
2135 1307 2431 1363 medicina?

2041 1396 2128 1452 l9.
2169 1399 2245 1453 Ex
2273 1397 2376 1453 hoc
2405 1399 2599 1454 factum
2626 1411 2726 1467 est,
2755 1403 3028 1469 virtutem,
3060 1422 3179 1476 qua:
3210 1424 3351 1464 nunc
3381 1419 3463 1464 est
3492 1411 3544 1465 in

1965 1486 2182 1544 homine
2221 1489 2393 1559 justo,
2426 1490 2712 1560 perfectam
2752 1494 3008 1551 hactenus
3038 1499 3335 1566 nominari,
3376 1510 3433 1555 ut
3474 1502 3541 1557 ad

1962 1577 2080 1647 ejus
2107 1578 2487 1646 perfectionem
2518 1586 2778 1652 pertineat
2805 1585 2964 1641 etiam
2993 1588 3158 1658 ipsius
3188 1590 3546 1660 imperfectiu-

1960 1669 2046 1723 nis
2068 1680 2121 1724 et
2150 1669 2201 1723 in
2232 1672 2453 1727 veritate
2479 1674 2735 1742 cognitio,
2764 1684 2817 1729 et
2847 1675 2898 1731 in
2928 1677 3222 1734 humilitate
3249 1679 3538 1736 confessio.

1960 1756 2109 1813 Tunc
2143 1759 2285 1814 enim
2316 1772 2396 1815 est
2426 1763 2715 1818 secundum
2757 1767 2892 1827 hanc
2927 1767 3284 1823 infirmitatem
3315 1784 3411 1839 pro
3439 1784 3539 1826 suo

1959 1847 2175 1902 modulo
2202 1850 2435 1917 perfecta
2460 1852 2554 1905 ista
2580 1867 2735 1921 parva
2751 1854 2977 1923 justitia,
3001 1857 3212 1924 quando
3232 1859 3389 1911 etiam
3410 1859 3537 1928 quid

1958 1936 2059 1993 sibi
2084 1937 2222 1993 desit
2246 1940 2510 2012 intelligit.
2537 1942 2766 2013 Ideoque
2785 1947 3070 2015 Apostolus
3096 1959 3147 2002 et
3170 1950 3535 2015 imperfectum

1956 2036 2007 2082 et
2036 2028 2322 2099 perfectum
2350 2045 2409 2085 se
2432 2031 2559 2087 dicit
2589 2032 2842 2104 (Philipp.
2866 2052 2940 2101 ιιι,
2963 2036 3031 2091 12
3054 2048 3100 2092 et
3130 2038 3219 2111 13)
3247 2058 3260 2094 :
3290 2041 3541 2110 imperfe-

1955 2125 2097 2171 ctum
2126 2120 2346 2183 scilicet.
2374 2123 2657 2190 cogitando
2678 2135 2930 2193 quantum
2957 2126 3031 2180 illi
3062 2128 3127 2182 ad
3154 2129 3411 2198 justitiam
3437 2131 3535 2187 de-

1955 2206 2064 2271 sit,
2092 2209 2243 2275 cujus
2289 2209 2668 2277 plenitudinem
2698 2214 2872 2270 adhuc
2900 2218 3063 2271 esurit
3094 2233 3156 2273 ac
3183 2220 3327 2285 sitit;
3358 2221 3533 2288 perfe-

1954 2304 2097 2350 ctum
2127 2307 2327 2364 autem,
2356 2301 2496 2370 quod
2540 2312 2595 2357 et
2620 2318 2771 2357 suam
2803 2304 3258 2373 imperfectioncm
3289 2310 3531 2365 confiteri

1952 2400 2058 2440 non
2088 2387 2390 2454 erubescit,
2419 2401 2472 2445 et
2499 2403 2553 2445 ut
2595 2395 2869 2462 perveniat
2906 2395 3041 2450 bene
3082 2398 3338 2467 procedit.
3386 2398 3537 2456 Sicut

1953 2490 2236 2545 possumus
2260 2479 2439 2535 dicere
2466 2482 2754 2551 perfectum
2785 2500 2904 2541 esse
2923 2478 3377 2560 viatorem,‘cnjus
3399 2491 3534 2546 bene

1952 2580 2295 2636 promovetur
2316 2574 2555 2628 accessio
2578 2616 2594 2640 ,
2626 2577 2866 2644 quamvis
2892 2592 2997 2630 non
3026 2577 3327 2647 perﬁciatur
3355 2581 3533 2636 inten-

1952 2659 2047 2724 tio,
2071 2659 2171 2713 nisi
2195 2660 2350 2715 fuerit
2374 2661 2510 2716 facta
2534 2665 2827 2733 perventio.
2848 2665 3132 2736 Propterea
3150 2686 3268 2723 cum
3291 2670 3531 2738 dixisset,

1952 2746 2242 2803 Secundum
2258 2753 2549 2819 justitiam,
2577 2770 2688 2824 qua
2718 2756 2769 2809 in
2807 2755 2914 2825 lege
2953 2767 3058 2823 est,
3096 2759 3182 2830 qui
3209 2761 3389 2831 fuerim
3426 2764 3536 2817 sine

1948 2839 2151 2907 querela
2181 2855 2201 2894 :
2239 2856 2361 2896 mox
2400 2843 2630 2911 addidit,
2662 2844 2789 2909 Qua:
2818 2847 2943 2899 mihi
2979 2848 3119 2902 lucra
3147 2854 3381 2921 fuerunt,
3427 2853 3534 2907 lucc

1949 2938 2154 3000 prapter
2178 2929 2430 2985 Christum
2458 2934 2643 2987 damna
2669 2952 2775 2990 esse
2800 2937 2925 2991 duxi
2955 2954 2975 2992 :
3013 2951 3351 2996 verumtamen
3378 2954 3425 2998 et
3449 2962 3536 2997 ar-

1949 3018 2107 3073 bitror
2130 3022 2298 3074 omnia
2322 3022 2564 3075 damnum
2591 3041 2698 3078 esse
2727 3037 2931 3095 propter
2955 3029 3247 3083 eminentem
3276 3033 3533 3088 scientiam

1948 3107 2134 3163 Christi
2159 3110 2283 3164 Iesu
2307 3110 2514 3165 Domini
2540 3115 2724 3178 nostri;
2747 3126 2952 3186 propter
2974 3134 3117 3187 quem
3139 3121 3306 3173 omnia
3331 3138 3429 3175 non
3451 3140 3536 3177 so-

1949 3196 2054 3251 lum
2080 3199 2376 3253 detrimenta
2400 3201 2612 3267 credidi,
2639 3219 2811 3257 verum
2839 3207 2987 3260 etiam
3011 3218 3232 3262 stercora
3253 3212 3532 3268 existimavi

1948 3303 2074 3355 esse,
2096 3300 2150 3343 ut
2177 3288 2429 3345 Christum
2446 3293 2785 3364 lucrifaciam,
2818 3308 2865 3350 et
2890 3280 3115 3352 inveniar
3135 3301 3187 3355 in
3209 3301 3296 3356 illo
3321 3320 3419 3357 non
3441 3305 3536 3358 ha-

1948 3377 2065 3432 bens
2092 3396 2252 3432 meam
2273 3382 2526 3452 justitiam
2555 3400 2666 3451 qua:
2701 3401 2763 3439 ea:
2786 3387 2894 3457 lege
2916 3398 3024 3455 est,
3055 3390 3143 3444 sed
3175 3408 3284 3445 eam
3321 3408 3433 3461 qua?
3460 3406 3536 3449 cst

1948 3486 2038 3538 per
2064 3471 2214 3539 ﬁdem
2241 3470 2446 3536 Christi,
2466 3490 2578 3543 qua:
2596 3485 2669 3529 est
2695 3491 2759 3530 ea:
2790 3477 3104 3547 Deojustitia
3129 3482 3180 3534 in
3206 3484 3307 3550 [ide
3333 3484 3539 3556 (Ibid.,’
3618 3550 3629 3553 _

1949 3559 2080 3628 6~9).
2107 3560 2247 3616 Ecce
2270 3562 2556 3631 Apostolus
2582 3567 2873 3621 secundum
2893 3570 3148 3636 justitiam
3178 3590 3295 3641 qua)
3324 3590 3386 3629 cx
3419 3578 3534 3646 lege

1948 3660 2051 3715 est,
2081 3652 2199 3707 sine
2219 3653 2433 3722 querela
2465 3669 2523 3708 se
2549 3654 2729 3719 fttiSSe,
2764 3674 2866 3711 non
2895 3661 3074 3728 utique
3105 3664 3429 3719 mendaciter
3447 3666 3532 3721 di-

1947 3741 2051 3804 cit;
2078 3750 2131 3795 et
2162 3750 2336 3795 tamen
2377 3741 2491 3808 hanc
2515 3760 2632 3812 qure
2666 3745 2739 3799 illi
2780 3746 2923 3800 lucra
2952 3747 3183 3817 fuerunt,
3207 3753 3385 3821 ahjicit
3411 3770 3535 3823 pro-

1947 3837 2066 3899 pter
2089 3831 2381 3895 Christum,
2406 3842 2459 3887 et
2486 3833 2703 3900 damna,
2731 3835 3070 3904 detrimenta,
3095 3852 3327 3896 stercora
3352 3846 3536 3899 existi-

1948 3931 2077 3986 mat,
2107 3939 2212 3976 nou
2244 3924 2414 3977 solum
2444 3924 2580 3990 haec,
2612 3927 2707 3981 sed
2729 3936 2783 3982 et
2806 3940 2995 3984 Caetera
3027 3932 3204 3987 omnia
3229 3949 3347 4004 qua:
3373 3950 3534 4005 supra

1947 4016 2416 4081 commemoravit;
2462 4028 2683 4086 propter
2711 4035 2816 4072 non
2857 4022 3238 4091 qualemlihet,
3269 4027 3362 4081 sed
3405 4030 3534 4081 emi-

1949 4115 2167 4171 nentem,
2195 4106 2331 4160 sicut
2355 4106 2467 4176 ipse
2493 4106 2641 4175 dicit,
2667 4108 2924 4163 scientiam
2954 4110 3140 4166 Christi
3168 4114 3290 4169 Iesu
3324 4115 3533 4172 Domini

1947 4196 2128 4261 nostri,
2156 4212 2314 4266 quam
2339 4198 2518 4266 procul
2548 4199 2710 4255 dubio
2732 4201 2903 4257 adhuc
2926 4204 2977 4257 in
3004 4205 3106 4260 fide
3130 4206 3376 4272 habebat,
3399 4224 3536 4265 non-

1947 4287 2072 4341 dum
2097 4287 2151 4340 in
2178 4288 2375 4357 specie.
2402 4288 2550 4344 Tunc
2573 4292 2713 4345 enim
2743 4292 2844 4347 erit
2869 4296 3113 4350 eminens
3138 4297 3331 4353 Christi
3358 4303 3536 4355 scicn-

1949 4378 2044 4444 tia,
2069 4377 2282 4447 quando
2313 4377 2470 4433 fuerit
2503 4379 2574 4434 ita
2607 4382 2868 4437 revelatus
2888 4424 2902 4446 ,
2937 4392 2993 4437 ut
3021 4387 3160 4453 quod
3191 4388 3424 4443 creditur
3453 4392 3533 4444 vi-

1948 4469 2157 4524 deatur.
2174 4469 2338 4526 Unde
2366 4472 2471 4526 alio
2491 4473 2609 4527 loco
2637 4476 2707 4529 ita
2738 4474 2868 4530 dicit
2896 4495 2911 4531 :
2941 4478 3135 4533 Mortui
3168 4484 3297 4536 enim
3326 4486 3462 4549 estis,
3486 4496 3534 4541 et

1946 4563 2050 4615 vita
2081 4571 2241 4616 vestra
2262 4563 2554 4619 abscondita
2579 4576 2649 4620 est
2673 4583 2785 4620 cum
2808 4568 3002 4622 Christo
3018 4571 3069 4624 in
3089 4571 3213 4649 Deo.
3235 4573 3358 4628 Cum
3380 4576 3532 4630 Citri-

1948 4663 2055 4707 stus
2083 4656 2376 4721 apparuerit
2403 4657 2504 4709 vita
2539 4668 2718 4721 vestra,
2749 4669 2868 4713 tunc
2896 4672 2941 4713 et
2970 4678 3055 4715 vos
3083 4665 3388 4733 appartbitis
3416 4684 3531 4722 cum

1947 4733 2039 4797 illo
2068 4746 2119 4797 in
2150 4746 2311 4814 gloria
2341 4745 2557 4817 (Coloss.
2583 4764 2657 4812 ιιι,
2682 4750 2735 4813 5,
2755 4750 2829 4817 4).
2860 4750 2992 4804 Hinc
3016 4761 3070 4806 et
3100 4754 3211 4820 ipse
3236 4756 3489 4812 Dominus
3515 4776 3527 4811 :
3601 4803 3605 4807 .

1952 4833 2051 4897 Qui
2078 4834 2240 4905 diligit
2261 4853 2339 4889 me
2356 4878 2371 4901 ,
2402 4837 2587 4906 inquit,
2621 4837 2860 4908 diligetur
2878 4856 2909 4892 a
2939 4840 3093 4896 Patre
3118 4860 3242 4905 meo,
3269 4856 3313 4897 et
3340 4863 3427 4916 ego
3453 4848 3531 4899 di-

1950 4922 2105 4994 ligam
2143 4942 2287 4991 eum,
2317 4935 2363 4978 et
2406 4928 2734 4997 mani/astabo
2773 4946 2851 4981 me
2876 4931 3041 5000 ipsum
3082 4933 3160 4986 illi
3191 4934 3379 5002 (Joan.
3422 4955 3527 5003 ιιιν,

2963 5022 3304 5089 Dilectissimi,
3337 5028 3525 5097 inquit,

1949 5212 2063 5250 ntus
2088 5208 2254 5249 autem
2278 5199 2396 5266 quia
2424 5215 2535 5251 cum
2560 5202 2874 5267 apparuerit,
2903 5202 3089 5256 similes
3115 5206 3159 5257 ei
3179 5208 3384 5272 erimus,
3410 5227 3530 5277 quo-

1951 5290 2086 5342 niant
2107 5290 2378 5343 videbinnts
2404 5306 2515 5343 eum
2537 5291 2681 5344 sicuti
2701 5303 2770 5345 est
2795 5292 2833 5363 (i
2856 5291 3012 5347 Joan.
3049 5313 3124 5360 ιιι,
3153 5298 3232 5368 2).
3261 5299 3410 5354 Tunc
3434 5319 3480 5352 et
3499 5312 3536 5355 ιι

1949 5381 2194 5436 eminens
2222 5381 2415 5435 Christi
2433 5383 2673 5437 scientia.
2705 5383 2853 5440 Nunc
2883 5390 3025 5442 enim
3053 5401 3135 5443 est
3171 5393 3385 5461 quidem
3412 5396 3536 5447 abs-

1949 5472 2161 5525 condita
2207 5470 2260 5526 in
2307 5472 2445 5540 fide,
2494 5473 2588 5527 sed
2635 5475 2867 5530 nondum
2913 5480 3157 5535 eminens
3201 5493 3419 5551 apparet
3475 5485 3530 5538 in

1949 5561 2149 5630 specie.

2020 5655 2109 5706 ‘20.
2154 5652 2347 5722 Ahjicit
2375 5670 2504 5725 ergo
2547 5657 2671 5711 illa’
2701 5658 2884 5713 beatus
2917 5660 3117 5715 i‘aulus
3151 5661 3409 5730 pra-terim
3447 5662 3529 5729 ju-

2018 5812 2037 5898 ζ
2063 5807 2195 5859 ιῖίιὶιι,
2217 5814 2264 5891 ut
2288 5806 2334 5855 in
2359 5809 2461 5871 ipsa
2479 5809 2771 5873 inﬁrmitaw.
2794 5815 2955 5869 Aliost,
2979 5826 3045 5869 ιιι,
3071 5830 3097 5861 tt
3123 5823 3225 5862 Ἰ»,

2066 5876 2080 5898 “.
2103 5890 2147 5898 ι-
2216 5881 2227 5898 Ι
2252 5884 2291 5898 ,ιι

2066 5876 2187 5926 έμδδη
2213 5876 2309 5917 ιιᾶιί.
