  <div class='ocr_page' id='page_1' title='image "/cluster/home/n/w/nwhite01/storage/ocr_20150623/44-45/uc1.31175026792435/309.png"; bbox 0 0 4096 6502; ppageno 0'>
   <div class='ocr_carea' id='block_1_1' title="bbox 564 391 670 453">
    <p class='ocr_par' dir='ltr' id='par_1_1' title="bbox 564 391 670 453">
     <span class='ocr_line' id='line_1_1' title="bbox 564 391 670 453; baseline -0.019 -1"><span class='ocrx_word' id='word_1_1' title='bbox 564 391 670 453; x_wconf 73' lang='lat'><strong>603</strong></span> 
     </span>
    </p>
   </div>
   <div class='ocr_carea' id='block_1_2' title="bbox 566 498 2151 577">
    <p class='ocr_par' dir='ltr' id='par_1_2' title="bbox 566 498 2151 577">
     <span class='ocr_line' id='line_1_2' title="bbox 566 498 2151 577; baseline -0.008 -12"><span class='ocrx_word' id='word_1_2' title='bbox 566 511 726 567; x_wconf 71' lang='lat' dir='ltr'><strong>stitite</strong></span> <span class='ocrx_word' id='word_1_3' title='bbox 772 522 883 564; x_wconf 74' lang='lat' dir='ltr'><strong>sua:</strong></span> <span class='ocrx_word' id='word_1_4' title='bbox 923 514 1176 577; x_wconf 83' lang='lat' dir='ltr'><strong>tanquam</strong></span> <span class='ocrx_word' id='word_1_5' title='bbox 1205 505 1520 560; x_wconf 89' lang='lat' dir='ltr'><strong>detrimenta</strong></span> <span class='ocrx_word' id='word_1_6' title='bbox 1543 514 1599 559; x_wconf 90' lang='lat' dir='ltr'><strong>et</strong></span> <span class='ocrx_word' id='word_1_7' title='bbox 1623 512 1880 566; x_wconf 89' lang='lat' dir='ltr'><strong>stercora,</strong></span> <span class='ocrx_word' id='word_1_8' title='bbox 1910 508 1970 555; x_wconf 90' lang='lat' dir='ltr'><strong>ttt</strong></span> <span class='ocrx_word' id='word_1_9' title='bbox 1993 498 2151 555; x_wconf 85' lang='lat' dir='ltr'><strong>Chri-</strong></span> 
     </span>
    </p>
   </div>
   <div class='ocr_carea' id='block_1_3' title="bbox 568 592 2150 667">
    <p class='ocr_par' dir='ltr' id='par_1_3' title="bbox 568 592 2150 667">
     <span class='ocr_line' id='line_1_3' title="bbox 568 592 2150 667; baseline -0.009 -9"><span class='ocrx_word' id='word_1_10' title='bbox 568 615 710 658; x_wconf 87' lang='lat' dir='ltr'><strong>stum</strong></span> <span class='ocrx_word' id='word_1_11' title='bbox 723 599 1043 667; x_wconf 82' lang='lat' dir='ltr'><strong>lucrifaciat,</strong></span> <span class='ocrx_word' id='word_1_12' title='bbox 1063 606 1118 653; x_wconf 91' lang='lat' dir='ltr'><strong>et</strong></span> <span class='ocrx_word' id='word_1_13' title='bbox 1137 598 1435 653; x_wconf 76' lang='lat' dir='ltr'><strong>inveniatur</strong></span> <span class='ocrx_word' id='word_1_14' title='bbox 1451 598 1503 651; x_wconf 89' lang='lat' dir='ltr'><strong>in</strong></span> <span class='ocrx_word' id='word_1_15' title='bbox 1532 595 1623 650; x_wconf 92' lang='lat' dir='ltr'><strong>illo</strong></span> <span class='ocrx_word' id='word_1_16' title='bbox 1650 609 1757 649; x_wconf 89' lang='lat' dir='ltr'><strong>non</strong></span> <span class='ocrx_word' id='word_1_17' title='bbox 1779 592 1981 648; x_wconf 86' lang='lat' dir='ltr'><strong>habens</strong></span> <span class='ocrx_word' id='word_1_18' title='bbox 1999 604 2150 645; x_wconf 90' lang='lat' dir='ltr'><strong>suam</strong></span> 
     </span>
    </p>
   </div>
   <div class='ocr_carea' id='block_1_4' title="bbox 564 683 2152 767">
    <p class='ocr_par' dir='ltr' id='par_1_4' title="bbox 564 683 2152 767">
     <span class='ocr_line' id='line_1_4' title="bbox 564 683 2152 767; baseline -0.008 -18"><span class='ocrx_word' id='word_1_19' title='bbox 564 695 847 767; x_wconf 79' lang='lat' dir='ltr'><strong>justitiam,</strong></span> <span class='ocrx_word' id='word_1_20' title='bbox 893 708 1011 763; x_wconf 72' lang='lat' dir='ltr'><strong>qua:</strong></span> <span class='ocrx_word' id='word_1_21' title='bbox 1050 707 1117 747; x_wconf 91' lang='lat' dir='ltr'><strong>ex</strong></span> <span class='ocrx_word' id='word_1_22' title='bbox 1145 691 1261 762; x_wconf 84' lang='lat' dir='ltr'><strong>lege</strong></span> <span class='ocrx_word' id='word_1_23' title='bbox 1292 699 1391 744; x_wconf 91' lang='lat' dir='ltr'><strong>est.</strong></span> <span class='ocrx_word' id='word_1_24' title='bbox 1425 689 1600 756; x_wconf 87' lang='lat' dir='ltr'><strong>Quare</strong></span> <span class='ocrx_word' id='word_1_25' title='bbox 1626 703 1773 742; x_wconf 86' lang='lat' dir='ltr'><strong>suam</strong></span> <span class='ocrx_word' id='word_1_26' title='bbox 1798 729 1813 754; x_wconf 95' lang='lat'><strong>,</strong></span> <span class='ocrx_word' id='word_1_27' title='bbox 1843 686 1887 741; x_wconf 89' lang='lat' dir='ltr'><strong>si</strong></span> <span class='ocrx_word' id='word_1_28' title='bbox 1925 700 1990 740; x_wconf 91' lang='lat' dir='ltr'><strong>ex</strong></span> <span class='ocrx_word' id='word_1_29' title='bbox 2034 683 2152 752; x_wconf 74' lang='lat' dir='ltr'><strong>lege</strong></span> 
     </span>
    </p>
   </div>
   <div class='ocr_carea' id='block_1_5' title="bbox 567 776 2150 855">
    <p class='ocr_par' dir='ltr' id='par_1_5' title="bbox 567 776 2150 855">
     <span class='ocr_line' id='line_1_5' title="bbox 567 776 2150 855; baseline -0.008 -13"><span class='ocrx_word' id='word_1_30' title='bbox 567 787 725 842; x_wconf 74' lang='lat' dir='ltr'><strong>est“!</strong></span> <span class='ocrx_word' id='word_1_31' title='bbox 753 785 934 855; x_wconf 82' lang='lat' dir='ltr'><strong>Neque</strong></span> <span class='ocrx_word' id='word_1_32' title='bbox 955 784 1105 840; x_wconf 84' lang='lat' dir='ltr'><strong>enim</strong></span> <span class='ocrx_word' id='word_1_33' title='bbox 1132 784 1216 838; x_wconf 94' lang='lat' dir='ltr'><strong>lex</strong></span> <span class='ocrx_word' id='word_1_34' title='bbox 1249 783 1335 836; x_wconf 91' lang='lat' dir='ltr'><strong>illa</strong></span> <span class='ocrx_word' id='word_1_35' title='bbox 1368 782 1461 838; x_wconf 87' lang='lat' dir='ltr'><strong>Dei</strong></span> <span class='ocrx_word' id='word_1_36' title='bbox 1488 795 1592 835; x_wconf 90' lang='lat' dir='ltr'><strong>non</strong></span> <span class='ocrx_word' id='word_1_37' title='bbox 1614 788 1697 834; x_wconf 91' lang='lat' dir='ltr'><strong>est</strong></span> <span class='ocrx_word' id='word_1_38' title='bbox 1725 794 1741 833; x_wconf 93' lang='lat'><strong>:</strong></span> <span class='ocrx_word' id='word_1_39' title='bbox 1773 779 1891 849; x_wconf 86' lang='lat' dir='ltr'><strong>quis</strong></span> <span class='ocrx_word' id='word_1_40' title='bbox 1918 778 2019 831; x_wconf 91' lang='lat' dir='ltr'><strong>hoc</strong></span> <span class='ocrx_word' id='word_1_41' title='bbox 2048 776 2150 829; x_wconf 89' lang='lat' dir='ltr'><strong>nisi</strong></span> 
     </span>
    </p>
   </div>
   <div class='ocr_carea' id='block_1_6' title="bbox 569 865 2152 942">
    <p class='ocr_par' dir='ltr' id='par_1_6' title="bbox 569 865 2152 942">
     <span class='ocr_line' id='line_1_6' title="bbox 569 865 2152 942; baseline -0.009 -7"><span class='ocrx_word' id='word_1_42' title='bbox 569 872 801 935; x_wconf 80' lang='lat' dir='ltr'><strong>Marcion</strong></span> <span class='ocrx_word' id='word_1_43' title='bbox 825 888 874 933; x_wconf 91' lang='lat' dir='ltr'><strong>et</strong></span> <span class='ocrx_word' id='word_1_44' title='bbox 902 869 1226 931; x_wconf 56' lang='lat' dir='ltr'><strong>Manichacus</strong></span> <span class='ocrx_word' id='word_1_45' title='bbox 1246 884 1297 928; x_wconf 91' lang='lat' dir='ltr'><strong>et</strong></span> <span class='ocrx_word' id='word_1_46' title='bbox 1324 875 1438 928; x_wconf 76' lang='lat' dir='ltr'><strong>aliae</strong></span> <span class='ocrx_word' id='word_1_47' title='bbox 1457 872 1660 928; x_wconf 86' lang='lat' dir='ltr'><strong>similes</strong></span> <span class='ocrx_word' id='word_1_48' title='bbox 1683 883 1858 942; x_wconf 88' lang='lat' dir='ltr'><strong>pestes</strong></span> <span class='ocrx_word' id='word_1_49' title='bbox 1875 865 2152 924; x_wconf 81' lang='lat' dir='ltr'><strong>dixerunt?</strong></span> 
     </span>
    </p>
   </div>
   <div class='ocr_carea' id='block_1_7' title="bbox 567 960 2152 1039">
    <p class='ocr_par' dir='ltr' id='par_1_7' title="bbox 567 960 2152 1039">
     <span class='ocr_line' id='line_1_7' title="bbox 567 960 2152 1039; baseline -0.008 -14"><span class='ocrx_word' id='word_1_50' title='bbox 567 970 702 1025; x_wconf 87' lang='lat' dir='ltr'><strong>Cum</strong></span> <span class='ocrx_word' id='word_1_51' title='bbox 740 984 867 1039; x_wconf 90' lang='lat' dir='ltr'><strong>ergo</strong></span> <span class='ocrx_word' id='word_1_52' title='bbox 904 968 987 1023; x_wconf 91' lang='lat' dir='ltr'><strong>lex</strong></span> <span class='ocrx_word' id='word_1_53' title='bbox 1031 967 1120 1021; x_wconf 90' lang='lat' dir='ltr'><strong>illa</strong></span> <span class='ocrx_word' id='word_1_54' title='bbox 1156 967 1248 1020; x_wconf 88' lang='lat' dir='ltr'><strong>Dei</strong></span> <span class='ocrx_word' id='word_1_55' title='bbox 1288 966 1377 1031; x_wconf 88' lang='lat' dir='ltr'><strong>sit,</strong></span> <span class='ocrx_word' id='word_1_56' title='bbox 1403 964 1661 1033; x_wconf 84' lang='lat' dir='ltr'><strong>justitiam</strong></span> <span class='ocrx_word' id='word_1_57' title='bbox 1692 976 1841 1016; x_wconf 89' lang='lat' dir='ltr'><strong>suam</strong></span> <span class='ocrx_word' id='word_1_58' title='bbox 1867 960 1994 1015; x_wconf 85' lang='lat' dir='ltr'><strong>dicit</strong></span> <span class='ocrx_word' id='word_1_59' title='bbox 2031 973 2152 1014; x_wconf 89' lang='lat' dir='ltr'><strong>esse</strong></span> 
     </span>
    </p>
   </div>
   <div class='ocr_carea' id='block_1_8' title="bbox 569 1051 2153 1131">
    <p class='ocr_par' dir='ltr' id='par_1_8' title="bbox 569 1051 2153 1131">
     <span class='ocr_line' id='line_1_8' title="bbox 569 1051 2153 1131; baseline -0.007 -15"><span class='ocrx_word' id='word_1_60' title='bbox 569 1078 689 1131; x_wconf 78' lang='lat' dir='ltr'><strong>quze</strong></span> <span class='ocrx_word' id='word_1_61' title='bbox 731 1076 796 1116; x_wconf 84' lang='lat' dir='ltr'><strong>ex</strong></span> <span class='ocrx_word' id='word_1_62' title='bbox 832 1062 950 1131; x_wconf 81' lang='lat' dir='ltr'><strong>lege</strong></span> <span class='ocrx_word' id='word_1_63' title='bbox 992 1069 1075 1113; x_wconf 90' lang='lat' dir='ltr'><strong>est</strong></span> <span class='ocrx_word' id='word_1_64' title='bbox 1108 1076 1120 1112; x_wconf 92' lang='lat'><strong>:</strong></span> <span class='ocrx_word' id='word_1_65' title='bbox 1153 1074 1309 1129; x_wconf 90' lang='lat' dir='ltr'><strong>quam</strong></span> <span class='ocrx_word' id='word_1_66' title='bbox 1345 1058 1600 1127; x_wconf 87' lang='lat' dir='ltr'><strong>justitiam</strong></span> <span class='ocrx_word' id='word_1_67' title='bbox 1648 1071 1797 1111; x_wconf 89' lang='lat' dir='ltr'><strong>suam</strong></span> <span class='ocrx_word' id='word_1_68' title='bbox 1844 1053 2009 1108; x_wconf 90' lang='lat' dir='ltr'><strong>noluit</strong></span> <span class='ocrx_word' id='word_1_69' title='bbox 2059 1051 2153 1105; x_wconf 86' lang='lat' dir='ltr'><strong>ha-</strong></span> 
     </span>
    </p>
   </div>
   <div class='ocr_carea' id='block_1_9' title="bbox 569 1141 2157 1219">
    <p class='ocr_par' dir='ltr' id='par_1_9' title="bbox 569 1141 2157 1219">
     <span class='ocr_line' id='line_1_9' title="bbox 569 1141 2157 1219; baseline -0.006 -15"><span class='ocrx_word' id='word_1_70' title='bbox 569 1152 735 1218; x_wconf 76' lang='lat' dir='ltr'><strong>bere,</strong></span> <span class='ocrx_word' id='word_1_71' title='bbox 764 1150 857 1204; x_wconf 86' lang='lat' dir='ltr'><strong>sed</strong></span> <span class='ocrx_word' id='word_1_72' title='bbox 885 1148 1107 1219; x_wconf 88' lang='lat' dir='ltr'><strong>projecit</strong></span> <span class='ocrx_word' id='word_1_73' title='bbox 1134 1158 1195 1203; x_wconf 92' lang='lat' dir='ltr'><strong>ut</strong></span> <span class='ocrx_word' id='word_1_74' title='bbox 1222 1157 1477 1201; x_wconf 90' lang='lat' dir='ltr'><strong>stercora.</strong></span> <span class='ocrx_word' id='word_1_75' title='bbox 1506 1147 1609 1200; x_wconf 88' lang='lat' dir='ltr'><strong>Cur</strong></span> <span class='ocrx_word' id='word_1_76' title='bbox 1639 1145 1731 1209; x_wconf 89' lang='lat' dir='ltr'><strong>ita,</strong></span> <span class='ocrx_word' id='word_1_77' title='bbox 1768 1143 1866 1197; x_wconf 91' lang='lat' dir='ltr'><strong>nisi</strong></span> <span class='ocrx_word' id='word_1_78' title='bbox 1897 1143 2017 1213; x_wconf 91' lang='lat' dir='ltr'><strong>quia</strong></span> <span class='ocrx_word' id='word_1_79' title='bbox 2054 1141 2157 1196; x_wconf 90' lang='lat' dir='ltr'><strong>hoc</strong></span> 
     </span>
    </p>
   </div>
   <div class='ocr_carea' id='block_1_10' title="bbox 561 1234 2157 1310">
    <p class='ocr_par' dir='ltr' id='par_1_10' title="bbox 561 1234 2157 1310">
     <span class='ocr_line' id='line_1_10' title="bbox 561 1234 2157 1310; baseline -0.004 -16"><span class='ocrx_word' id='word_1_80' title='bbox 561 1250 684 1303; x_wconf 64' lang='lat' dir='ltr'><strong>test,</strong></span> <span class='ocrx_word' id='word_1_81' title='bbox 710 1240 856 1310; x_wconf 75' lang='lat' dir='ltr'><strong>quod</strong></span> <span class='ocrx_word' id='word_1_82' title='bbox 897 1239 1055 1295; x_wconf 90' lang='lat' dir='ltr'><strong>etiam</strong></span> <span class='ocrx_word' id='word_1_83' title='bbox 1083 1238 1325 1305; x_wconf 87' lang='lat' dir='ltr'><strong>superius</strong></span> <span class='ocrx_word' id='word_1_84' title='bbox 1367 1234 1848 1290; x_wconf 81' lang='lat' dir='ltr'><strong>demonstravimus</strong></span> <span class='ocrx_word' id='word_1_85' title='bbox 1872 1273 1886 1297; x_wconf 93' lang='lat'><strong>,</strong></span> <span class='ocrx_word' id='word_1_86' title='bbox 1913 1247 2009 1287; x_wconf 87' lang='lat' dir='ltr'><strong>eos</strong></span> <span class='ocrx_word' id='word_1_87' title='bbox 2038 1244 2157 1287; x_wconf 88' lang='lat' dir='ltr'><strong>esse</strong></span> 
     </span>
    </p>
   </div>
   <div class='ocr_carea' id='block_1_11' title="bbox 528 1320 2160 1399">
    <p class='ocr_par' dir='ltr' id='par_1_11' title="bbox 528 1320 2160 1399">
     <span class='ocr_line' id='line_1_11' title="bbox 528 1320 2160 1399; baseline -0.005 -17"><span class='ocrx_word' id='word_1_88' title='bbox 528 1348 535 1357; x_wconf 64' lang='grc' dir='ltr'><em>ο</em></span> <span class='ocrx_word' id='word_1_89' title='bbox 565 1330 674 1384; x_wconf 65' lang='lat' dir='ltr'><strong>sub</strong></span> <span class='ocrx_word' id='word_1_90' title='bbox 694 1326 835 1399; x_wconf 81' lang='lat' dir='ltr'><strong>lege,</strong></span> <span class='ocrx_word' id='word_1_91' title='bbox 866 1329 952 1399; x_wconf 91' lang='lat' dir='ltr'><strong>qui</strong></span> <span class='ocrx_word' id='word_1_92' title='bbox 976 1329 1278 1397; x_wconf 84' lang='lat' dir='ltr'><strong>ignorantes</strong></span> <span class='ocrx_word' id='word_1_93' title='bbox 1303 1326 1394 1380; x_wconf 87' lang='lat' dir='ltr'><strong>Dei</strong></span> <span class='ocrx_word' id='word_1_94' title='bbox 1419 1324 1703 1394; x_wconf 85' lang='lat' dir='ltr'><strong>justitiam,</strong></span> <span class='ocrx_word' id='word_1_95' title='bbox 1727 1332 1781 1377; x_wconf 91' lang='lat' dir='ltr'><strong>et</strong></span> <span class='ocrx_word' id='word_1_96' title='bbox 1804 1337 1953 1376; x_wconf 90' lang='lat' dir='ltr'><strong>suam</strong></span> <span class='ocrx_word' id='word_1_97' title='bbox 1976 1320 2160 1375; x_wconf 83' lang='lat' dir='ltr'><strong>volen-</strong></span> 
     </span>
    </p>
   </div>
   <div class='ocr_carea' id='block_1_12' title="bbox 566 1410 2154 1486">
    <p class='ocr_par' dir='ltr' id='par_1_12' title="bbox 566 1410 2154 1486">
     <span class='ocr_line' id='line_1_12' title="bbox 566 1410 2154 1486; baseline -0.005 -13"><span class='ocrx_word' id='word_1_98' title='bbox 566 1426 655 1475; x_wconf 70' lang='lat' dir='ltr'><strong>ltes</strong></span> <span class='ocrx_word' id='word_1_99' title='bbox 680 1420 1037 1483; x_wconf 81' lang='lat' dir='ltr'><strong>constituere,</strong></span> <span class='ocrx_word' id='word_1_100' title='bbox 1066 1417 1284 1486; x_wconf 77' lang='lat' dir='ltr'><strong>iustitiae</strong></span> <span class='ocrx_word' id='word_1_101' title='bbox 1314 1415 1406 1470; x_wconf 88' lang='lat' dir='ltr'><strong>Dei</strong></span> <span class='ocrx_word' id='word_1_102' title='bbox 1437 1430 1539 1469; x_wconf 91' lang='lat' dir='ltr'><strong>non</strong></span> <span class='ocrx_word' id='word_1_103' title='bbox 1575 1427 1695 1469; x_wconf 91' lang='lat' dir='ltr'><strong>sunt</strong></span> <span class='ocrx_word' id='word_1_104' title='bbox 1724 1413 1948 1482; x_wconf 82' lang='lat' dir='ltr'><strong>subjecti</strong></span> <span class='ocrx_word' id='word_1_105' title='bbox 1976 1410 2154 1480; x_wconf 86' lang='lat' dir='ltr'><strong>(Rom.</strong></span> 
     </span>
    </p>
   </div>
   <div class='ocr_carea' id='block_1_13' title="bbox 570 1502 2160 1582">
    <p class='ocr_par' dir='ltr' id='par_1_13' title="bbox 570 1502 2160 1582">
     <span class='ocr_line' id='line_1_13' title="bbox 570 1502 2160 1582; baseline -0.004 -17"><span class='ocrx_word' id='word_1_106' title='bbox 570 1518 630 1575; x_wconf 57' lang='grc' dir='ltr'><strong>κ,</strong></span> <span class='ocrx_word' id='word_1_107' title='bbox 660 1508 750 1582; x_wconf 77' lang='lat'><strong>3)?</strong></span> <span class='ocrx_word' id='word_1_108' title='bbox 782 1509 978 1565; x_wconf 91' lang='lat' dir='ltr'><strong>Putant</strong></span> <span class='ocrx_word' id='word_1_109' title='bbox 1002 1508 1145 1564; x_wconf 90' lang='lat' dir='ltr'><strong>enim</strong></span> <span class='ocrx_word' id='word_1_110' title='bbox 1175 1522 1233 1561; x_wconf 91' lang='lat' dir='ltr'><strong>se</strong></span> <span class='ocrx_word' id='word_1_111' title='bbox 1258 1506 1461 1561; x_wconf 85' lang='lat' dir='ltr'><strong>arbitrii</strong></span> <span class='ocrx_word' id='word_1_112' title='bbox 1486 1505 1566 1561; x_wconf 92' lang='lat' dir='ltr'><strong>sui</strong></span> <span class='ocrx_word' id='word_1_113' title='bbox 1596 1505 1797 1559; x_wconf 86' lang='lat' dir='ltr'><strong>viribus</strong></span> <span class='ocrx_word' id='word_1_114' title='bbox 1827 1503 2053 1573; x_wconf 88' lang='lat' dir='ltr'><strong>implere</strong></span> <span class='ocrx_word' id='word_1_115' title='bbox 2082 1502 2160 1558; x_wconf 86' lang='lat' dir='ltr'><strong>le-</strong></span> 
     </span>
    </p>
   </div>
   <div class='ocr_carea' id='block_1_14' title="bbox 574 1594 2158 1671">
    <p class='ocr_par' dir='ltr' id='par_1_14' title="bbox 574 1594 2158 1671">
     <span class='ocr_line' id='line_1_14' title="bbox 574 1594 2158 1671; baseline -0.006 -16"><span class='ocrx_word' id='word_1_116' title='bbox 574 1614 697 1671; x_wconf 85' lang='lat' dir='ltr'><strong>gem</strong></span> <span class='ocrx_word' id='word_1_117' title='bbox 720 1599 1018 1670; x_wconf 89' lang='lat' dir='ltr'><strong>jubeutem,</strong></span> <span class='ocrx_word' id='word_1_118' title='bbox 1058 1606 1112 1653; x_wconf 93' lang='lat' dir='ltr'><strong>et</strong></span> <span class='ocrx_word' id='word_1_119' title='bbox 1139 1598 1236 1657; x_wconf 79' lang='lat' dir='ltr'><strong>ista</strong></span> <span class='ocrx_word' id='word_1_120' title='bbox 1263 1596 1515 1665; x_wconf 89' lang='lat' dir='ltr'><strong>implicati</strong></span> <span class='ocrx_word' id='word_1_121' title='bbox 1541 1594 1810 1665; x_wconf 69' lang='lat' dir='ltr'><strong>superbia,</strong></span> <span class='ocrx_word' id='word_1_122' title='bbox 1843 1594 1908 1648; x_wconf 90' lang='lat' dir='ltr'><strong>ad</strong></span> <span class='ocrx_word' id='word_1_123' title='bbox 1934 1594 2158 1664; x_wconf 81' lang='lat' dir='ltr'><strong>gratiam</strong></span> 
     </span>
    </p>
   </div>
   <div class='ocr_carea' id='block_1_15' title="bbox 574 1685 2158 1759">
    <p class='ocr_par' dir='ltr' id='par_1_15' title="bbox 574 1685 2158 1759">
     <span class='ocr_line' id='line_1_15' title="bbox 574 1685 2158 1759; baseline -0.004 -13"><span class='ocrx_word' id='word_1_124' title='bbox 574 1708 682 1746; x_wconf 91' lang='lat' dir='ltr'><strong>non</strong></span> <span class='ocrx_word' id='word_1_125' title='bbox 714 1700 1097 1747; x_wconf 85' lang='lat' dir='ltr'><strong>convertuntur</strong></span> <span class='ocrx_word' id='word_1_126' title='bbox 1133 1689 1430 1759; x_wconf 85' lang='lat' dir='ltr'><strong>juvantem.</strong></span> <span class='ocrx_word' id='word_1_127' title='bbox 1472 1689 1564 1744; x_wconf 87' lang='lat' dir='ltr'><strong>Sic</strong></span> <span class='ocrx_word' id='word_1_128' title='bbox 1598 1701 1693 1742; x_wconf 90' lang='lat' dir='ltr'><strong>eos</strong></span> <span class='ocrx_word' id='word_1_129' title='bbox 1723 1687 1895 1741; x_wconf 85' lang='lat' dir='ltr'><strong>littera</strong></span> <span class='ocrx_word' id='word_1_130' title='bbox 1924 1685 2158 1755; x_wconf 83' lang='lat' dir='ltr'><strong>occidit,</strong></span> 
     </span>
    </p>
   </div>
   <div class='ocr_carea' id='block_1_16' title="bbox 574 1776 2159 1853">
    <p class='ocr_par' dir='ltr' id='par_1_16' title="bbox 574 1776 2159 1853">
     <span class='ocr_line' id='line_1_16' title="bbox 574 1776 2159 1853; baseline -0.005 -14"><span class='ocrx_word' id='word_1_131' title='bbox 574 1792 666 1839; x_wconf 82' lang='lat' dir='ltr'><strong>aut</strong></span> <span class='ocrx_word' id='word_1_132' title='bbox 695 1794 879 1853; x_wconf 90' lang='lat' dir='ltr'><strong>aperte</strong></span> <span class='ocrx_word' id='word_1_133' title='bbox 899 1783 1057 1837; x_wconf 90' lang='lat' dir='ltr'><strong>etiam</strong></span> <span class='ocrx_word' id='word_1_134' title='bbox 1089 1781 1187 1836; x_wconf 87' lang='lat' dir='ltr'><strong>sibi</strong></span> <span class='ocrx_word' id='word_1_135' title='bbox 1215 1795 1357 1847; x_wconf 84' lang='lat' dir='ltr'><strong>reos,</strong></span> <span class='ocrx_word' id='word_1_136' title='bbox 1396 1794 1501 1834; x_wconf 93' lang='lat' dir='ltr'><strong>non</strong></span> <span class='ocrx_word' id='word_1_137' title='bbox 1531 1777 1773 1834; x_wconf 83' lang='lat' dir='ltr'><strong>faciendo</strong></span> <span class='ocrx_word' id='word_1_138' title='bbox 1797 1776 1937 1847; x_wconf 92' lang='lat' dir='ltr'><strong>quod</strong></span> <span class='ocrx_word' id='word_1_139' title='bbox 1969 1776 2159 1848; x_wconf 80' lang='lat' dir='ltr'><strong>praeci-</strong></span> 
     </span>
    </p>
   </div>
   <div class='ocr_carea' id='block_1_17' title="bbox 576 1868 2160 1943">
    <p class='ocr_par' dir='ltr' id='par_1_17' title="bbox 576 1868 2160 1943">
     <span class='ocr_line' id='line_1_17' title="bbox 576 1868 2160 1943; baseline -0.001 -19"><span class='ocrx_word' id='word_1_140' title='bbox 576 1878 684 1943; x_wconf 92' lang='lat' dir='ltr'><strong>pit;</strong></span> <span class='ocrx_word' id='word_1_141' title='bbox 712 1882 803 1927; x_wconf 91' lang='lat' dir='ltr'><strong>aut</strong></span> <span class='ocrx_word' id='word_1_142' title='bbox 833 1872 1065 1942; x_wconf 91' lang='lat' dir='ltr'><strong>putando</strong></span> <span class='ocrx_word' id='word_1_143' title='bbox 1110 1886 1169 1927; x_wconf 91' lang='lat' dir='ltr'><strong>se</strong></span> <span class='ocrx_word' id='word_1_144' title='bbox 1200 1871 1374 1926; x_wconf 89' lang='lat' dir='ltr'><strong>facere</strong></span> <span class='ocrx_word' id='word_1_145' title='bbox 1396 1912 1409 1933; x_wconf 91' lang='lat'><strong>,</strong></span> <span class='ocrx_word' id='word_1_146' title='bbox 1441 1870 1584 1940; x_wconf 91' lang='lat' dir='ltr'><strong>quod</strong></span> <span class='ocrx_word' id='word_1_147' title='bbox 1613 1868 1874 1939; x_wconf 77' lang='lat' dir='ltr'><strong>Spirituali</strong></span> <span class='ocrx_word' id='word_1_148' title='bbox 1895 1911 1909 1934; x_wconf 95' lang='lat'><strong>,</strong></span> <span class='ocrx_word' id='word_1_149' title='bbox 1947 1884 2067 1940; x_wconf 70' lang='lat' dir='ltr'><strong>qua:</strong></span> <span class='ocrx_word' id='word_1_150' title='bbox 2093 1884 2160 1923; x_wconf 86' lang='lat' dir='ltr'><strong>ex</strong></span> 
     </span>
    </p>
   </div>
   <div class='ocr_carea' id='block_1_18' title="bbox 576 1958 2215 2028">
    <p class='ocr_par' dir='ltr' id='par_1_18' title="bbox 576 1958 2215 2028">
     <span class='ocr_line' id='line_1_18' title="bbox 576 1958 2215 2028; baseline -0.003 -10"><span class='ocrx_word' id='word_1_151' title='bbox 576 1965 686 2018; x_wconf 84' lang='lat' dir='ltr'><strong>Deo</strong></span> <span class='ocrx_word' id='word_1_152' title='bbox 732 1972 851 2028; x_wconf 88' lang='lat' dir='ltr'><strong>est,</strong></span> <span class='ocrx_word' id='word_1_153' title='bbox 913 1978 1020 2016; x_wconf 85' lang='lat' dir='ltr'><strong>non</strong></span> <span class='ocrx_word' id='word_1_154' title='bbox 1065 1961 1263 2016; x_wconf 88' lang='lat' dir='ltr'><strong>faciunt</strong></span> <span class='ocrx_word' id='word_1_155' title='bbox 1305 1960 1584 2015; x_wconf 89' lang='lat' dir='ltr'><strong>charitate.</strong></span> <span class='ocrx_word' id='word_1_156' title='bbox 1632 1958 1709 2014; x_wconf 83' lang='lat' dir='ltr'><strong>Ita</strong></span> <span class='ocrx_word' id='word_1_157' title='bbox 1751 1966 2028 2013; x_wconf 85' lang='lat' dir='ltr'><strong>remanent</strong></span> <span class='ocrx_word' id='word_1_158' title='bbox 2070 1966 2162 2014; x_wconf 90' lang='lat' dir='ltr'><strong>aut</strong></span> <span class='ocrx_word' id='word_1_159' title='bbox 2211 1999 2215 2003; x_wconf 50' lang='grc' dir='ltr'><strong>ι</strong></span> 
     </span>
    </p>
   </div>
   <div class='ocr_carea' id='block_1_19' title="bbox 574 2050 2162 2126">
    <p class='ocr_par' dir='ltr' id='par_1_19' title="bbox 574 2050 2162 2126">
     <span class='ocr_line' id='line_1_19' title="bbox 574 2050 2162 2126; baseline -0.001 -18"><span class='ocrx_word' id='word_1_160' title='bbox 574 2065 759 2126; x_wconf 87' lang='lat' dir='ltr'><strong>aperte</strong></span> <span class='ocrx_word' id='word_1_161' title='bbox 788 2054 973 2124; x_wconf 86' lang='lat' dir='ltr'><strong>iniqui,</strong></span> <span class='ocrx_word' id='word_1_162' title='bbox 1003 2063 1095 2108; x_wconf 91' lang='lat' dir='ltr'><strong>aut</strong></span> <span class='ocrx_word' id='word_1_163' title='bbox 1124 2053 1381 2107; x_wconf 79' lang='lat' dir='ltr'><strong>fallaciter</strong></span> <span class='ocrx_word' id='word_1_164' title='bbox 1401 2051 1561 2122; x_wconf 87' lang='lat' dir='ltr'><strong>justi;</strong></span> <span class='ocrx_word' id='word_1_165' title='bbox 1593 2052 1646 2106; x_wconf 89' lang='lat' dir='ltr'><strong>in</strong></span> <span class='ocrx_word' id='word_1_166' title='bbox 1676 2059 1859 2121; x_wconf 85' lang='lat' dir='ltr'><strong>aperta</strong></span> <span class='ocrx_word' id='word_1_167' title='bbox 1887 2050 2162 2122; x_wconf 80' lang='lat' dir='ltr'><strong>iniqtutate</strong></span> 
     </span>
    </p>
   </div>
   <div class='ocr_carea' id='block_1_20' title="bbox 574 2145 2162 2218">
    <p class='ocr_par' dir='ltr' id='par_1_20' title="bbox 574 2145 2162 2218">
     <span class='ocr_line' id='line_1_20' title="bbox 574 2145 2162 2218; baseline -0.001 -15"><span class='ocrx_word' id='word_1_168' title='bbox 574 2147 854 2204; x_wconf 82' lang='lat' dir='ltr'><strong>evidenter</strong></span> <span class='ocrx_word' id='word_1_169' title='bbox 877 2148 1026 2213; x_wconf 88' lang='lat' dir='ltr'><strong>elisi,</strong></span> <span class='ocrx_word' id='word_1_170' title='bbox 1056 2148 1107 2202; x_wconf 92' lang='lat' dir='ltr'><strong>in</strong></span> <span class='ocrx_word' id='word_1_171' title='bbox 1135 2147 1307 2203; x_wconf 80' lang='lat' dir='ltr'><strong>fallaci</strong></span> <span class='ocrx_word' id='word_1_172' title='bbox 1332 2148 1535 2218; x_wconf 89' lang='lat' dir='ltr'><strong>justitia</strong></span> <span class='ocrx_word' id='word_1_173' title='bbox 1566 2147 1878 2218; x_wconf 82' lang='lat' dir='ltr'><strong>insipienter</strong></span> <span class='ocrx_word' id='word_1_174' title='bbox 1906 2145 2053 2202; x_wconf 89' lang='lat' dir='ltr'><strong>elati.</strong></span> <span class='ocrx_word' id='word_1_175' title='bbox 2083 2148 2162 2201; x_wconf 85' lang='lat' dir='ltr'><strong>Ac</strong></span> 
     </span>
    </p>
   </div>
   <div class='ocr_carea' id='block_1_21' title="bbox 576 2234 2162 2308">
    <p class='ocr_par' dir='ltr' id='par_1_21' title="bbox 576 2234 2162 2308">
     <span class='ocr_line' id='line_1_21' title="bbox 576 2234 2162 2308; baseline -0.004 -14"><span class='ocrx_word' id='word_1_176' title='bbox 576 2254 674 2306; x_wconf 84' lang='lat' dir='ltr'><strong>per</strong></span> <span class='ocrx_word' id='word_1_177' title='bbox 701 2239 802 2293; x_wconf 86' lang='lat' dir='ltr'><strong>huc</strong></span> <span class='ocrx_word' id='word_1_178' title='bbox 827 2238 963 2293; x_wconf 91' lang='lat' dir='ltr'><strong>miro</strong></span> <span class='ocrx_word' id='word_1_179' title='bbox 991 2238 1205 2308; x_wconf 85' lang='lat' dir='ltr'><strong>quidem</strong></span> <span class='ocrx_word' id='word_1_180' title='bbox 1228 2239 1250 2270; x_wconf 83' lang='grc'>³</span> <span class='ocrx_word' id='word_1_181' title='bbox 1282 2237 1463 2303; x_wconf 89' lang='lat' dir='ltr'><strong>modo,</strong></span> <span class='ocrx_word' id='word_1_182' title='bbox 1494 2237 1588 2292; x_wconf 89' lang='lat' dir='ltr'><strong>sed</strong></span> <span class='ocrx_word' id='word_1_183' title='bbox 1615 2248 1790 2293; x_wconf 88' lang='lat' dir='ltr'><strong>tamen</strong></span> <span class='ocrx_word' id='word_1_184' title='bbox 1817 2251 1965 2302; x_wconf 91' lang='lat' dir='ltr'><strong>vero,</strong></span> <span class='ocrx_word' id='word_1_185' title='bbox 1999 2234 2162 2306; x_wconf 91' lang='lat' dir='ltr'><strong>justi-</strong></span> 
     </span>
    </p>
   </div>
   <div class='ocr_carea' id='block_1_22' title="bbox 577 2326 2160 2398">
    <p class='ocr_par' dir='ltr' id='par_1_22' title="bbox 577 2326 2160 2398">
     <span class='ocr_line' id='line_1_22' title="bbox 577 2326 2160 2398; baseline -0.001 -17"><span class='ocrx_word' id='word_1_186' title='bbox 577 2329 706 2381; x_wconf 85' lang='lat' dir='ltr'><strong>tiam</strong></span> <span class='ocrx_word' id='word_1_187' title='bbox 718 2327 849 2395; x_wconf 83' lang='lat' dir='ltr'><strong>legis</strong></span> <span class='ocrx_word' id='word_1_188' title='bbox 866 2343 969 2381; x_wconf 93' lang='lat' dir='ltr'><strong>non</strong></span> <span class='ocrx_word' id='word_1_189' title='bbox 987 2327 1169 2396; x_wconf 89' lang='lat' dir='ltr'><strong>implet</strong></span> <span class='ocrx_word' id='word_1_190' title='bbox 1180 2328 1382 2397; x_wconf 89' lang='lat' dir='ltr'><strong>justitia</strong></span> <span class='ocrx_word' id='word_1_191' title='bbox 1400 2343 1518 2398; x_wconf 64' lang='lat' dir='ltr'><strong>qua:</strong></span> <span class='ocrx_word' id='word_1_192' title='bbox 1533 2328 1585 2382; x_wconf 91' lang='lat' dir='ltr'><strong>in</strong></span> <span class='ocrx_word' id='word_1_193' title='bbox 1601 2329 1715 2397; x_wconf 84' lang='lat' dir='ltr'><strong>lege</strong></span> <span class='ocrx_word' id='word_1_194' title='bbox 1731 2326 1926 2393; x_wconf 91' lang='lat' dir='ltr'><strong>est,vel</strong></span> <span class='ocrx_word' id='word_1_195' title='bbox 1939 2342 2002 2381; x_wconf 88' lang='lat' dir='ltr'><strong>ex</strong></span> <span class='ocrx_word' id='word_1_196' title='bbox 2021 2326 2160 2395; x_wconf 91' lang='lat' dir='ltr'><strong>lege,</strong></span> 
     </span>
    </p>
   </div>
   <div class='ocr_carea' id='block_1_23' title="bbox 580 2414 2163 2487">
    <p class='ocr_par' dir='ltr' id='par_1_23' title="bbox 580 2414 2163 2487">
     <span class='ocr_line' id='line_1_23' title="bbox 580 2414 2163 2487; baseline 0.001 -18"><span class='ocrx_word' id='word_1_197' title='bbox 580 2414 674 2470; x_wconf 85' lang='lat' dir='ltr'><strong>sed</strong></span> <span class='ocrx_word' id='word_1_198' title='bbox 700 2431 819 2485; x_wconf 68' lang='lat' dir='ltr'><strong>quae</strong></span> <span class='ocrx_word' id='word_1_199' title='bbox 842 2416 895 2469; x_wconf 91' lang='lat' dir='ltr'><strong>in</strong></span> <span class='ocrx_word' id='word_1_200' title='bbox 920 2417 1106 2485; x_wconf 87' lang='lat' dir='ltr'><strong>spiritu</strong></span> <span class='ocrx_word' id='word_1_201' title='bbox 1133 2417 1336 2485; x_wconf 68' lang='lat' dir='ltr'><strong>gratiae.</strong></span> <span class='ocrx_word' id='word_1_202' title='bbox 1360 2415 1571 2472; x_wconf 83' lang='lat' dir='ltr'><strong>Justitia</strong></span> <span class='ocrx_word' id='word_1_203' title='bbox 1598 2418 1793 2487; x_wconf 83' lang='lat' dir='ltr'><strong>quippe</strong></span> <span class='ocrx_word' id='word_1_204' title='bbox 1813 2416 1946 2486; x_wconf 84' lang='lat' dir='ltr'><strong>legis</strong></span> <span class='ocrx_word' id='word_1_205' title='bbox 1971 2415 2163 2486; x_wconf 80' lang='lat' dir='ltr'><strong>imple-</strong></span> 
     </span>
    </p>
   </div>
   <div class='ocr_carea' id='block_1_24' title="bbox 583 2505 2163 2578">
    <p class='ocr_par' dir='ltr' id='par_1_24' title="bbox 583 2505 2163 2578">
     <span class='ocr_line' id='line_1_24' title="bbox 583 2505 2163 2578; baseline 0.002 -19"><span class='ocrx_word' id='word_1_206' title='bbox 583 2516 670 2561; x_wconf 91' lang='lat' dir='ltr'><strong>tur</strong></span> <span class='ocrx_word' id='word_1_207' title='bbox 694 2506 747 2561; x_wconf 91' lang='lat' dir='ltr'><strong>in</strong></span> <span class='ocrx_word' id='word_1_208' title='bbox 778 2505 877 2572; x_wconf 91' lang='lat' dir='ltr'><strong>eis,</strong></span> <span class='ocrx_word' id='word_1_209' title='bbox 906 2505 1044 2560; x_wconf 90' lang='lat' dir='ltr'><strong>sicut</strong></span> <span class='ocrx_word' id='word_1_210' title='bbox 1074 2508 1330 2577; x_wconf 90' lang='lat' dir='ltr'><strong>scriptum</strong></span> <span class='ocrx_word' id='word_1_211' title='bbox 1362 2516 1463 2573; x_wconf 91' lang='lat' dir='ltr'><strong>est,</strong></span> <span class='ocrx_word' id='word_1_212' title='bbox 1494 2508 1583 2578; x_wconf 89' lang='lat' dir='ltr'><strong>qui</strong></span> <span class='ocrx_word' id='word_1_213' title='bbox 1607 2524 1714 2562; x_wconf 93' lang='lat' dir='ltr'><strong>non</strong></span> <span class='ocrx_word' id='word_1_214' title='bbox 1740 2506 2032 2563; x_wconf 88' lang='lat' dir='ltr'><strong>secundum</strong></span> <span class='ocrx_word' id='word_1_215' title='bbox 2053 2522 2163 2562; x_wconf 89' lang='lat' dir='ltr'><strong>car-</strong></span> 
     </span>
    </p>
   </div>
   <div class='ocr_carea' id='block_1_25' title="bbox 583 2594 2163 2672">
    <p class='ocr_par' dir='ltr' id='par_1_25' title="bbox 583 2594 2163 2672">
     <span class='ocr_line' id='line_1_25' title="bbox 583 2594 2163 2672; baseline 0.003 -24"><span class='ocrx_word' id='word_1_216' title='bbox 583 2611 707 2650; x_wconf 93' lang='lat' dir='ltr'><strong>nem</strong></span> <span class='ocrx_word' id='word_1_217' title='bbox 733 2596 1023 2659; x_wconf 87' lang='lat' dir='ltr'><strong>ambulant,</strong></span> <span class='ocrx_word' id='word_1_218' title='bbox 1053 2596 1147 2651; x_wconf 87' lang='lat' dir='ltr'><strong>sed</strong></span> <span class='ocrx_word' id='word_1_219' title='bbox 1185 2596 1477 2653; x_wconf 90' lang='lat' dir='ltr'><strong>secundum</strong></span> <span class='ocrx_word' id='word_1_220' title='bbox 1506 2598 1746 2667; x_wconf 89' lang='lat' dir='ltr'><strong>spiritum</strong></span> <span class='ocrx_word' id='word_1_221' title='bbox 1775 2597 1904 2672; x_wconf 84' lang='lat' dir='ltr'><strong>(Id.</strong></span> <span class='ocrx_word' id='word_1_222' title='bbox 1930 2613 2039 2662; x_wconf 81' lang='lat' dir='ltr'><strong>vui,</strong></span> <span class='ocrx_word' id='word_1_223' title='bbox 2067 2594 2163 2669; x_wconf 69' lang='lat'><strong>4).</strong></span> 
     </span>
    </p>
   </div>
   <div class='ocr_carea' id='block_1_26' title="bbox 582 2686 2169 2759">
    <p class='ocr_par' dir='ltr' id='par_1_26' title="bbox 582 2686 2169 2759">
     <span class='ocr_line' id='line_1_26' title="bbox 582 2686 2169 2759; baseline 0.001 -16"><span class='ocrx_word' id='word_1_224' title='bbox 582 2687 885 2743; x_wconf 88' lang='lat' dir='ltr'><strong>Secundum</strong></span> <span class='ocrx_word' id='word_1_225' title='bbox 921 2687 1182 2757; x_wconf 91' lang='lat' dir='ltr'><strong>justitiam</strong></span> <span class='ocrx_word' id='word_1_226' title='bbox 1220 2702 1349 2743; x_wconf 91' lang='lat' dir='ltr'><strong>vero</strong></span> <span class='ocrx_word' id='word_1_227' title='bbox 1374 2702 1493 2757; x_wconf 67' lang='lat' dir='ltr'><strong>qua:</strong></span> <span class='ocrx_word' id='word_1_228' title='bbox 1520 2687 1572 2742; x_wconf 90' lang='lat' dir='ltr'><strong>in</strong></span> <span class='ocrx_word' id='word_1_229' title='bbox 1601 2688 1717 2759; x_wconf 84' lang='lat' dir='ltr'><strong>lege</strong></span> <span class='ocrx_word' id='word_1_230' title='bbox 1746 2697 1862 2755; x_wconf 88' lang='lat' dir='ltr'><strong>est,</strong></span> <span class='ocrx_word' id='word_1_231' title='bbox 1902 2703 1962 2744; x_wconf 87' lang='lat' dir='ltr'><strong>se</strong></span> <span class='ocrx_word' id='word_1_232' title='bbox 2001 2686 2169 2745; x_wconf 81' lang='lat' dir='ltr'><strong>fuisse</strong></span> 
     </span>
    </p>
   </div>
   <div class='ocr_carea' id='block_1_27' title="bbox 580 2777 2164 2854">
    <p class='ocr_par' dir='ltr' id='par_1_27' title="bbox 580 2777 2164 2854">
     <span class='ocr_line' id='line_1_27' title="bbox 580 2777 2164 2854; baseline 0.003 -23"><span class='ocrx_word' id='word_1_233' title='bbox 580 2777 705 2834; x_wconf 89' lang='lat' dir='ltr'><strong>sine</strong></span> <span class='ocrx_word' id='word_1_234' title='bbox 732 2779 948 2849; x_wconf 84' lang='lat' dir='ltr'><strong>querela</strong></span> <span class='ocrx_word' id='word_1_235' title='bbox 980 2779 1031 2833; x_wconf 93' lang='lat' dir='ltr'><strong>in</strong></span> <span class='ocrx_word' id='word_1_236' title='bbox 1062 2794 1246 2845; x_wconf 87' lang='lat' dir='ltr'><strong>carne,</strong></span> <span class='ocrx_word' id='word_1_237' title='bbox 1266 2795 1371 2834; x_wconf 86' lang='lat' dir='ltr'><strong>non</strong></span> <span class='ocrx_word' id='word_1_238' title='bbox 1394 2778 1445 2833; x_wconf 91' lang='lat' dir='ltr'><strong>in</strong></span> <span class='ocrx_word' id='word_1_239' title='bbox 1474 2779 1687 2854; x_wconf 82' lang='lat' dir='ltr'><strong>spiritu,</strong></span> <span class='ocrx_word' id='word_1_240' title='bbox 1709 2780 1836 2835; x_wconf 90' lang='lat' dir='ltr'><strong>dicit</strong></span> <span class='ocrx_word' id='word_1_241' title='bbox 1854 2779 2164 2850; x_wconf 78' lang='lat' dir='ltr'><strong>Apostolus;</strong></span> 
     </span>
    </p>
   </div>
   <div class='ocr_carea' id='block_1_28' title="bbox 585 2869 2168 2941">
    <p class='ocr_par' dir='ltr' id='par_1_28' title="bbox 585 2869 2168 2941">
     <span class='ocr_line' id='line_1_28' title="bbox 585 2869 2168 2941; baseline 0.004 -18"><span class='ocrx_word' id='word_1_242' title='bbox 585 2879 639 2924; x_wconf 91' lang='lat' dir='ltr'><strong>et</strong></span> <span class='ocrx_word' id='word_1_243' title='bbox 658 2869 916 2938; x_wconf 82' lang='lat' dir='ltr'><strong>justitiam</strong></span> <span class='ocrx_word' id='word_1_244' title='bbox 945 2886 1065 2940; x_wconf 73' lang='lat' dir='ltr'><strong>qua:</strong></span> <span class='ocrx_word' id='word_1_245' title='bbox 1088 2886 1153 2926; x_wconf 90' lang='lat' dir='ltr'><strong>ex</strong></span> <span class='ocrx_word' id='word_1_246' title='bbox 1186 2871 1303 2941; x_wconf 88' lang='lat' dir='ltr'><strong>lege</strong></span> <span class='ocrx_word' id='word_1_247' title='bbox 1338 2879 1454 2939; x_wconf 87' lang='lat' dir='ltr'><strong>est,</strong></span> <span class='ocrx_word' id='word_1_248' title='bbox 1485 2887 1636 2927; x_wconf 89' lang='lat' dir='ltr'><strong>suam</strong></span> <span class='ocrx_word' id='word_1_249' title='bbox 1662 2871 1792 2927; x_wconf 90' lang='lat' dir='ltr'><strong>dicit</strong></span> <span class='ocrx_word' id='word_1_250' title='bbox 1828 2872 1989 2930; x_wconf 83' lang='lat' dir='ltr'><strong>fuisse</strong></span> <span class='ocrx_word' id='word_1_251' title='bbox 2010 2913 2028 2940; x_wconf 93' lang='lat'><strong>,</strong></span> <span class='ocrx_word' id='word_1_252' title='bbox 2058 2887 2168 2929; x_wconf 91' lang='lat' dir='ltr'><strong>non</strong></span> 
     </span>
    </p>
   </div>
   <div class='ocr_carea' id='block_1_29' title="bbox 589 2958 2168 3034">
    <p class='ocr_par' dir='ltr' id='par_1_29' title="bbox 589 2958 2168 3034">
     <span class='ocr_line' id='line_1_29' title="bbox 589 2958 2168 3034; baseline 0.005 -21"><span class='ocrx_word' id='word_1_253' title='bbox 589 2960 699 3014; x_wconf 89' lang='lat' dir='ltr'><strong>Dei.</strong></span> <span class='ocrx_word' id='word_1_254' title='bbox 732 2958 1137 3032; x_wconf 84' lang='lat' dir='ltr'><strong>Intelligendum</strong></span> <span class='ocrx_word' id='word_1_255' title='bbox 1165 2972 1248 3016; x_wconf 93' lang='lat' dir='ltr'><strong>est</strong></span> <span class='ocrx_word' id='word_1_256' title='bbox 1282 2963 1440 3034; x_wconf 87' lang='lat' dir='ltr'><strong>igitur</strong></span> <span class='ocrx_word' id='word_1_257' title='bbox 1458 2962 1721 3032; x_wconf 89' lang='lat' dir='ltr'><strong>justitiam</strong></span> <span class='ocrx_word' id='word_1_258' title='bbox 1760 2963 1894 3034; x_wconf 87' lang='lat' dir='ltr'><strong>legis</strong></span> <span class='ocrx_word' id='word_1_259' title='bbox 1929 2979 2034 3019; x_wconf 92' lang='lat' dir='ltr'><strong>non</strong></span> <span class='ocrx_word' id='word_1_260' title='bbox 2062 2964 2168 3021; x_wconf 86' lang='lat' dir='ltr'><strong>im-</strong></span> 
     </span>
    </p>
   </div>
   <div class='ocr_carea' id='block_1_30' title="bbox 589 3050 2170 3130">
    <p class='ocr_par' dir='ltr' id='par_1_30' title="bbox 589 3050 2170 3130">
     <span class='ocr_line' id='line_1_30' title="bbox 589 3050 2170 3130; baseline 0.008 -29"><span class='ocrx_word' id='word_1_261' title='bbox 589 3050 720 3119; x_wconf 87' lang='lat' dir='ltr'><strong>pleri</strong></span> <span class='ocrx_word' id='word_1_262' title='bbox 761 3052 1053 3130; x_wconf 87' lang='lat' dir='ltr'><strong>secundum</strong></span> <span class='ocrx_word' id='word_1_263' title='bbox 1076 3052 1358 3124; x_wconf 88' lang='lat' dir='ltr'><strong>justitiam,</strong></span> <span class='ocrx_word' id='word_1_264' title='bbox 1386 3071 1504 3124; x_wconf 70' lang='lat' dir='ltr'><strong>quae</strong></span> <span class='ocrx_word' id='word_1_265' title='bbox 1531 3055 1586 3111; x_wconf 91' lang='lat' dir='ltr'><strong>in</strong></span> <span class='ocrx_word' id='word_1_266' title='bbox 1615 3055 1731 3126; x_wconf 85' lang='lat' dir='ltr'><strong>lege</strong></span> <span class='ocrx_word' id='word_1_267' title='bbox 1756 3065 1858 3120; x_wconf 86' lang='lat' dir='ltr'><strong>est,</strong></span> <span class='ocrx_word' id='word_1_268' title='bbox 1891 3057 1974 3112; x_wconf 87' lang='lat' dir='ltr'><strong>vel</strong></span> <span class='ocrx_word' id='word_1_269' title='bbox 1996 3072 2061 3112; x_wconf 85' lang='lat' dir='ltr'><strong>ex</strong></span> <span class='ocrx_word' id='word_1_270' title='bbox 2087 3057 2170 3113; x_wconf 88' lang='lat' dir='ltr'><strong>le-</strong></span> 
     </span>
    </p>
   </div>
   <div class='ocr_carea' id='block_1_31' title="bbox 585 3140 2170 3215">
    <p class='ocr_par' dir='ltr' id='par_1_31' title="bbox 585 3140 2170 3215">
     <span class='ocr_line' id='line_1_31' title="bbox 585 3140 2170 3215; baseline 0.004 -20"><span class='ocrx_word' id='word_1_271' title='bbox 585 3155 670 3210; x_wconf 88' lang='lat' dir='ltr'><strong>ge,</strong></span> <span class='ocrx_word' id='word_1_272' title='bbox 695 3140 745 3196; x_wconf 90' lang='lat' dir='ltr'><strong>id</strong></span> <span class='ocrx_word' id='word_1_273' title='bbox 769 3152 870 3207; x_wconf 89' lang='lat' dir='ltr'><strong>est,</strong></span> <span class='ocrx_word' id='word_1_274' title='bbox 890 3143 1179 3198; x_wconf 90' lang='lat' dir='ltr'><strong>secundum</strong></span> <span class='ocrx_word' id='word_1_275' title='bbox 1195 3143 1458 3215; x_wconf 87' lang='lat' dir='ltr'><strong>justitiam</strong></span> <span class='ocrx_word' id='word_1_276' title='bbox 1480 3145 1739 3212; x_wconf 89' lang='lat' dir='ltr'><strong>hominis;</strong></span> <span class='ocrx_word' id='word_1_277' title='bbox 1762 3146 1857 3201; x_wconf 88' lang='lat' dir='ltr'><strong>sed</strong></span> <span class='ocrx_word' id='word_1_278' title='bbox 1877 3147 2170 3203; x_wconf 86' lang='lat' dir='ltr'><strong>secundum</strong></span> 
     </span>
    </p>
   </div>
   <div class='ocr_carea' id='block_1_32' title="bbox 580 3233 2170 3308">
    <p class='ocr_par' dir='ltr' id='par_1_32' title="bbox 580 3233 2170 3308">
     <span class='ocr_line' id='line_1_32' title="bbox 580 3233 2170 3308; baseline 0.006 -23"><span class='ocrx_word' id='word_1_279' title='bbox 580 3233 842 3301; x_wconf 88' lang='lat' dir='ltr'><strong>justitiam</strong></span> <span class='ocrx_word' id='word_1_280' title='bbox 889 3249 1010 3302; x_wconf 77' lang='lat' dir='ltr'><strong>qua:</strong></span> <span class='ocrx_word' id='word_1_281' title='bbox 1035 3244 1117 3288; x_wconf 89' lang='lat' dir='ltr'><strong>est</strong></span> <span class='ocrx_word' id='word_1_282' title='bbox 1142 3235 1195 3288; x_wconf 89' lang='lat' dir='ltr'><strong>in</strong></span> <span class='ocrx_word' id='word_1_283' title='bbox 1239 3236 1428 3305; x_wconf 88' lang='lat' dir='ltr'><strong>spiritu</strong></span> <span class='ocrx_word' id='word_1_284' title='bbox 1466 3237 1688 3306; x_wconf 65' lang='lat' dir='ltr'><strong>gratiae:</strong></span> <span class='ocrx_word' id='word_1_285' title='bbox 1718 3251 1847 3308; x_wconf 86' lang='lat' dir='ltr'><strong>ergo</strong></span> <span class='ocrx_word' id='word_1_286' title='bbox 1878 3237 2170 3295; x_wconf 87' lang='lat' dir='ltr'><strong>secundum</strong></span> 
     </span>
    </p>
   </div>
   <div class='ocr_carea' id='block_1_33' title="bbox 580 3324 2171 3397">
    <p class='ocr_par' dir='ltr' id='par_1_33' title="bbox 580 3324 2171 3397">
     <span class='ocr_line' id='line_1_33' title="bbox 580 3324 2171 3397; baseline 0.004 -19"><span class='ocrx_word' id='word_1_287' title='bbox 580 3324 838 3393; x_wconf 85' lang='lat' dir='ltr'><strong>justitiam</strong></span> <span class='ocrx_word' id='word_1_288' title='bbox 869 3325 977 3387; x_wconf 87' lang='lat' dir='ltr'><strong>Del,</strong></span> <span class='ocrx_word' id='word_1_289' title='bbox 1010 3324 1111 3380; x_wconf 89' lang='lat' dir='ltr'><strong>hoc</strong></span> <span class='ocrx_word' id='word_1_290' title='bbox 1133 3334 1213 3380; x_wconf 83' lang='lat' dir='ltr'><strong>est</strong></span> <span class='ocrx_word' id='word_1_291' title='bbox 1232 3367 1249 3392; x_wconf 90' lang='lat'><strong>,</strong></span> <span class='ocrx_word' id='word_1_292' title='bbox 1276 3341 1394 3395; x_wconf 76' lang='lat' dir='ltr'><strong>qua:</strong></span> <span class='ocrx_word' id='word_1_293' title='bbox 1420 3326 1619 3381; x_wconf 89' lang='lat' dir='ltr'><strong>homini</strong></span> <span class='ocrx_word' id='word_1_294' title='bbox 1654 3341 1720 3382; x_wconf 87' lang='lat' dir='ltr'><strong>ex</strong></span> <span class='ocrx_word' id='word_1_295' title='bbox 1748 3328 1857 3382; x_wconf 91' lang='lat' dir='ltr'><strong>Deo</strong></span> <span class='ocrx_word' id='word_1_296' title='bbox 1882 3338 1984 3384; x_wconf 86' lang='lat' dir='ltr'><strong>est.</strong></span> <span class='ocrx_word' id='word_1_297' title='bbox 2016 3328 2171 3397; x_wconf 86' lang='lat' dir='ltr'><strong>Quod</strong></span> 
     </span>
    </p>
   </div>
   <div class='ocr_carea' id='block_1_34' title="bbox 588 3414 2170 3490">
    <p class='ocr_par' dir='ltr' id='par_1_34' title="bbox 588 3414 2170 3490">
     <span class='ocr_line' id='line_1_34' title="bbox 588 3414 2170 3490; baseline 0.008 -26"><span class='ocrx_word' id='word_1_298' title='bbox 588 3414 792 3482; x_wconf 86' lang='lat' dir='ltr'><strong>planius</strong></span> <span class='ocrx_word' id='word_1_299' title='bbox 820 3425 874 3469; x_wconf 90' lang='lat' dir='ltr'><strong>et</strong></span> <span class='ocrx_word' id='word_1_300' title='bbox 902 3415 1115 3470; x_wconf 87' lang='lat' dir='ltr'><strong>brevius</strong></span> <span class='ocrx_word' id='word_1_301' title='bbox 1140 3415 1210 3470; x_wconf 92' lang='lat' dir='ltr'><strong>ita</strong></span> <span class='ocrx_word' id='word_1_302' title='bbox 1237 3415 1340 3471; x_wconf 89' lang='lat' dir='ltr'><strong>dici</strong></span> <span class='ocrx_word' id='word_1_303' title='bbox 1369 3417 1860 3485; x_wconf 79' lang='lat' dir='ltr'><strong>potest:Justitiam</strong></span> <span class='ocrx_word' id='word_1_304' title='bbox 1883 3419 2170 3490; x_wconf 78' lang='lat' dir='ltr'><strong>legis&#39;nou</strong></span> 
     </span>
    </p>
   </div>
   <div class='ocr_carea' id='block_1_35' title="bbox 588 3506 2171 3577">
    <p class='ocr_par' dir='ltr' id='par_1_35' title="bbox 588 3506 2171 3577">
     <span class='ocr_line' id='line_1_35' title="bbox 588 3506 2171 3577; baseline 0.005 -18"><span class='ocrx_word' id='word_1_305' title='bbox 588 3506 792 3575; x_wconf 85' lang='lat' dir='ltr'><strong>impleri</strong></span> <span class='ocrx_word' id='word_1_306' title='bbox 819 3522 937 3560; x_wconf 88' lang='lat' dir='ltr'><strong>cunt</strong></span> <span class='ocrx_word' id='word_1_307' title='bbox 973 3508 1056 3562; x_wconf 88' lang='lat' dir='ltr'><strong>lex</strong></span> <span class='ocrx_word' id='word_1_308' title='bbox 1082 3506 1254 3576; x_wconf 86' lang='lat' dir='ltr'><strong>jubet,</strong></span> <span class='ocrx_word' id='word_1_309' title='bbox 1286 3514 1340 3560; x_wconf 90' lang='lat' dir='ltr'><strong>et</strong></span> <span class='ocrx_word' id='word_1_310' title='bbox 1364 3507 1525 3562; x_wconf 90' lang='lat' dir='ltr'><strong>homo</strong></span> <span class='ocrx_word' id='word_1_311' title='bbox 1553 3508 1706 3577; x_wconf 88' lang='lat' dir='ltr'><strong>quasi</strong></span> <span class='ocrx_word' id='word_1_312' title='bbox 1728 3510 1839 3564; x_wconf 90' lang='lat' dir='ltr'><strong>suis</strong></span> <span class='ocrx_word' id='word_1_313' title='bbox 1859 3510 2063 3566; x_wconf 90' lang='lat' dir='ltr'><strong>viribus</strong></span> <span class='ocrx_word' id='word_1_314' title='bbox 2089 3509 2171 3577; x_wconf 43' lang='lat' dir='ltr'><strong>fa:</strong></span> 
     </span>
    </p>
   </div>
   <div class='ocr_carea' id='block_1_36' title="bbox 583 3596 2172 3668">
    <p class='ocr_par' dir='ltr' id='par_1_36' title="bbox 583 3596 2172 3668">
     <span class='ocr_line' id='line_1_36' title="bbox 583 3596 2172 3668; baseline 0.004 -19"><span class='ocrx_word' id='word_1_315' title='bbox 583 3596 686 3661; x_wconf 71' lang='lat' dir='ltr'><strong>cit;</strong></span> <span class='ocrx_word' id='word_1_316' title='bbox 719 3596 811 3652; x_wconf 87' lang='lat' dir='ltr'><strong>sed</strong></span> <span class='ocrx_word' id='word_1_317' title='bbox 837 3611 958 3651; x_wconf 89' lang='lat' dir='ltr'><strong>cum</strong></span> <span class='ocrx_word' id='word_1_318' title='bbox 985 3597 1203 3665; x_wconf 87' lang='lat' dir='ltr'><strong>spiritus</strong></span> <span class='ocrx_word' id='word_1_319' title='bbox 1226 3596 1460 3667; x_wconf 87' lang='lat' dir='ltr'><strong>adjuvat,</strong></span> <span class='ocrx_word' id='word_1_320' title='bbox 1483 3608 1536 3653; x_wconf 91' lang='lat' dir='ltr'><strong>et</strong></span> <span class='ocrx_word' id='word_1_321' title='bbox 1565 3597 1797 3654; x_wconf 88' lang='lat' dir='ltr'><strong>hominis</strong></span> <span class='ocrx_word' id='word_1_322' title='bbox 1823 3599 1988 3654; x_wconf 89' lang='lat' dir='ltr'><strong>libera</strong></span> <span class='ocrx_word' id='word_1_323' title='bbox 2008 3598 2050 3668; x_wconf 70' lang='grc'><strong>⁸,</strong></span> <span class='ocrx_word' id='word_1_324' title='bbox 2076 3598 2172 3657; x_wconf 84' lang='lat' dir='ltr'><strong>sed</strong></span> 
     </span>
    </p>
   </div>
   <div class='ocr_carea' id='block_1_37' title="bbox 588 3688 2174 3761">
    <p class='ocr_par' dir='ltr' id='par_1_37' title="bbox 588 3688 2174 3761">
     <span class='ocr_line' id='line_1_37' title="bbox 588 3688 2174 3761; baseline 0.003 -18"><span class='ocrx_word' id='word_1_325' title='bbox 588 3689 680 3743; x_wconf 76' lang='lat' dir='ltr'><strong>Dei</strong></span> <span class='ocrx_word' id='word_1_326' title='bbox 703 3689 866 3759; x_wconf 89' lang='lat' dir='ltr'><strong>gratia</strong></span> <span class='ocrx_word' id='word_1_327' title='bbox 895 3688 1117 3744; x_wconf 89' lang='lat' dir='ltr'><strong>liberata</strong></span> <span class='ocrx_word' id='word_1_328' title='bbox 1143 3690 1390 3744; x_wconf 85' lang='lat' dir='ltr'><strong>voluntas</strong></span> <span class='ocrx_word' id='word_1_329' title='bbox 1420 3689 1563 3744; x_wconf 87' lang='lat' dir='ltr'><strong>facit.</strong></span> <span class='ocrx_word' id='word_1_330' title='bbox 1588 3689 1747 3761; x_wconf 89' lang='lat' dir='ltr'><strong>Legis</strong></span> <span class='ocrx_word' id='word_1_331' title='bbox 1775 3691 1953 3760; x_wconf 89' lang='lat' dir='ltr'><strong>itaque</strong></span> <span class='ocrx_word' id='word_1_332' title='bbox 1967 3692 2174 3761; x_wconf 90' lang='lat' dir='ltr'><strong>justitia</strong></span> 
     </span>
    </p>
   </div>
   <div class='ocr_carea' id='block_1_38' title="bbox 582 3779 2171 3856">
    <p class='ocr_par' dir='ltr' id='par_1_38' title="bbox 582 3779 2171 3856">
     <span class='ocr_line' id='line_1_38' title="bbox 582 3779 2171 3856; baseline 0.003 -24"><span class='ocrx_word' id='word_1_333' title='bbox 582 3789 690 3846; x_wconf 82' lang='lat' dir='ltr'><strong>est,</strong></span> <span class='ocrx_word' id='word_1_334' title='bbox 717 3780 905 3849; x_wconf 88' lang='lat' dir='ltr'><strong>jubere</strong></span> <span class='ocrx_word' id='word_1_335' title='bbox 931 3779 1071 3848; x_wconf 92' lang='lat' dir='ltr'><strong>quod</strong></span> <span class='ocrx_word' id='word_1_336' title='bbox 1100 3779 1209 3834; x_wconf 90' lang='lat' dir='ltr'><strong>Deo</strong></span> <span class='ocrx_word' id='word_1_337' title='bbox 1231 3781 1421 3849; x_wconf 84' lang='lat' dir='ltr'><strong>placet,</strong></span> <span class='ocrx_word' id='word_1_338' title='bbox 1444 3790 1627 3835; x_wconf 85' lang='lat' dir='ltr'><strong>vetare</strong></span> <span class='ocrx_word' id='word_1_339' title='bbox 1646 3780 1787 3850; x_wconf 90' lang='lat' dir='ltr'><strong>quod</strong></span> <span class='ocrx_word' id='word_1_340' title='bbox 1809 3780 2053 3856; x_wconf 79' lang='lat' dir='ltr'><strong>displicet</strong></span> <span class='ocrx_word' id='word_1_341' title='bbox 2076 3797 2091 3834; x_wconf 89' lang='lat'><strong>:</strong></span> <span class='ocrx_word' id='word_1_342' title='bbox 2118 3783 2171 3836; x_wconf 93' lang='lat' dir='ltr'><strong>in</strong></span> 
     </span>
    </p>
   </div>
   <div class='ocr_carea' id='block_1_39' title="bbox 586 3864 2171 3939">
    <p class='ocr_par' dir='ltr' id='par_1_39' title="bbox 586 3864 2171 3939">
     <span class='ocr_line' id='line_1_39' title="bbox 586 3864 2171 3939; baseline 0.003 -15"><span class='ocrx_word' id='word_1_343' title='bbox 586 3870 705 3937; x_wconf 80' lang='lat' dir='ltr'><strong>lege</strong></span> <span class='ocrx_word' id='word_1_344' title='bbox 728 3880 903 3922; x_wconf 90' lang='lat' dir='ltr'><strong>autem</strong></span> <span class='ocrx_word' id='word_1_345' title='bbox 939 3869 1138 3939; x_wconf 89' lang='lat' dir='ltr'><strong>justitia</strong></span> <span class='ocrx_word' id='word_1_346' title='bbox 1176 3864 1277 3935; x_wconf 60' lang='lat' dir='ltr'><strong>e‘st,</strong></span> <span class='ocrx_word' id='word_1_347' title='bbox 1319 3871 1520 3927; x_wconf 88' lang='lat' dir='ltr'><strong>servire</strong></span> <span class='ocrx_word' id='word_1_348' title='bbox 1558 3871 1769 3937; x_wconf 75' lang='lat' dir='ltr'><strong>litterze,</strong></span> <span class='ocrx_word' id='word_1_349' title='bbox 1799 3881 1853 3927; x_wconf 89' lang='lat' dir='ltr'><strong>et</strong></span> <span class='ocrx_word' id='word_1_350' title='bbox 1875 3882 2024 3928; x_wconf 83' lang='lat' dir='ltr'><strong>extra</strong></span> <span class='ocrx_word' id='word_1_351' title='bbox 2053 3889 2171 3928; x_wconf 90' lang='lat' dir='ltr'><strong>eam</strong></span> 
     </span>
    </p>
   </div>
   <div class='ocr_carea' id='block_1_40' title="bbox 587 3957 2171 4032">
    <p class='ocr_par' dir='ltr' id='par_1_40' title="bbox 587 3957 2171 4032">
     <span class='ocr_line' id='line_1_40' title="bbox 587 3957 2171 4032; baseline 0.004 -21"><span class='ocrx_word' id='word_1_352' title='bbox 587 3957 793 4011; x_wconf 84' lang='lat' dir='ltr'><strong>nullum</strong></span> <span class='ocrx_word' id='word_1_353' title='bbox 824 3958 917 4012; x_wconf 85' lang='lat' dir='ltr'><strong>Dei</strong></span> <span class='ocrx_word' id='word_1_354' title='bbox 949 3958 1271 4028; x_wconf 90' lang='lat' dir='ltr'><strong>adjutorium</strong></span> <span class='ocrx_word' id='word_1_355' title='bbox 1301 3959 1367 4013; x_wconf 91' lang='lat' dir='ltr'><strong>ad</strong></span> <span class='ocrx_word' id='word_1_356' title='bbox 1402 3970 1547 4016; x_wconf 87' lang='lat' dir='ltr'><strong>recte</strong></span> <span class='ocrx_word' id='word_1_357' title='bbox 1569 3960 1853 4016; x_wconf 86' lang='lat' dir='ltr'><strong>vivendum</strong></span> <span class='ocrx_word' id='word_1_358' title='bbox 1878 3962 2171 4032; x_wconf 88' lang='lat' dir='ltr'><strong>requirere.</strong></span> 
     </span>
    </p>
   </div>
   <div class='ocr_carea' id='block_1_41' title="bbox 584 4046 2176 4122">
    <p class='ocr_par' dir='ltr' id='par_1_41' title="bbox 584 4046 2176 4122">
     <span class='ocr_line' id='line_1_41' title="bbox 584 4046 2176 4122; baseline 0.006 -21"><span class='ocrx_word' id='word_1_359' title='bbox 584 4046 721 4101; x_wconf 81' lang='lat' dir='ltr'><strong>Ctuu</strong></span> <span class='ocrx_word' id='word_1_360' title='bbox 751 4048 896 4102; x_wconf 90' lang='lat' dir='ltr'><strong>enim</strong></span> <span class='ocrx_word' id='word_1_361' title='bbox 926 4048 1167 4111; x_wconf 85' lang='lat' dir='ltr'><strong>dixisset,</strong></span> <span class='ocrx_word' id='word_1_362' title='bbox 1204 4048 1321 4103; x_wconf 89' lang='lat' dir='ltr'><strong>Non</strong></span> <span class='ocrx_word' id='word_1_363' title='bbox 1365 4051 1554 4105; x_wconf 79' lang='lat' dir='ltr'><strong>habens</strong></span> <span class='ocrx_word' id='word_1_364' title='bbox 1585 4067 1747 4105; x_wconf 87' lang='lat' dir='ltr'><strong>meam</strong></span> <span class='ocrx_word' id='word_1_365' title='bbox 1764 4053 2038 4122; x_wconf 73' lang='lat' dir='ltr'><strong>justitiam,</strong></span> <span class='ocrx_word' id='word_1_366' title='bbox 2062 4072 2176 4120; x_wconf 72' lang='lat' dir='ltr'><strong>qua:</strong></span> 
     </span>
    </p>
   </div>
   <div class='ocr_carea' id='block_1_42' title="bbox 587 4138 2171 4212">
    <p class='ocr_par' dir='ltr' id='par_1_42' title="bbox 587 4138 2171 4212">
     <span class='ocr_line' id='line_1_42' title="bbox 587 4138 2171 4212; baseline 0.004 -20"><span class='ocrx_word' id='word_1_367' title='bbox 587 4154 653 4192; x_wconf 78' lang='lat' dir='ltr'><strong>ex</strong></span> <span class='ocrx_word' id='word_1_368' title='bbox 673 4138 783 4208; x_wconf 97' lang='lat' dir='ltr'><strong>lege</strong></span> <span class='ocrx_word' id='word_1_369' title='bbox 806 4150 897 4203; x_wconf 87' lang='lat' dir='ltr'><strong>est,</strong></span> <span class='ocrx_word' id='word_1_370' title='bbox 916 4142 1003 4192; x_wconf 78' lang='lat' dir='ltr'><strong>sed</strong></span> <span class='ocrx_word' id='word_1_371' title='bbox 1025 4156 1136 4194; x_wconf 80' lang='lat' dir='ltr'><strong>eam</strong></span> <span class='ocrx_word' id='word_1_372' title='bbox 1156 4156 1267 4209; x_wconf 73' lang='lat' dir='ltr'><strong>quae</strong></span> <span class='ocrx_word' id='word_1_373' title='bbox 1292 4150 1361 4195; x_wconf 83' lang='lat' dir='ltr'><strong>est</strong></span> <span class='ocrx_word' id='word_1_374' title='bbox 1387 4158 1476 4211; x_wconf 82' lang='lat' dir='ltr'><strong>per</strong></span> <span class='ocrx_word' id='word_1_375' title='bbox 1505 4143 1656 4211; x_wconf 83' lang='lat' dir='ltr'><strong>ﬁdem</strong></span> <span class='ocrx_word' id='word_1_376' title='bbox 1677 4140 1865 4198; x_wconf 87' lang='lat' dir='ltr'><strong>Christi</strong></span> <span class='ocrx_word' id='word_1_377' title='bbox 1885 4160 1906 4199; x_wconf 87' lang='lat'><strong><em>:</em></strong></span> <span class='ocrx_word' id='word_1_378' title='bbox 1931 4144 2171 4212; x_wconf 91' lang='lat' dir='ltr'><strong>addidit,</strong></span> 
     </span>
    </p>
   </div>
   <div class='ocr_carea' id='block_1_43' title="bbox 558 4231 2171 4306">
    <p class='ocr_par' dir='ltr' id='par_1_43' title="bbox 558 4231 2171 4306">
     <span class='ocr_line' id='line_1_43' title="bbox 558 4231 2171 4306; baseline 0.004 -21"><span class='ocrx_word' id='word_1_379' title='bbox 558 4247 704 4301; x_wconf 30' lang='lat' dir='ltr'><strong>,qua:</strong></span> <span class='ocrx_word' id='word_1_380' title='bbox 725 4241 797 4285; x_wconf 90' lang='lat' dir='ltr'><strong>est</strong></span> <span class='ocrx_word' id='word_1_381' title='bbox 826 4247 888 4286; x_wconf 81' lang='lat' dir='ltr'><strong>ea:</strong></span> <span class='ocrx_word' id='word_1_382' title='bbox 931 4231 1057 4285; x_wconf 87' lang='lat' dir='ltr'><strong>Deo.</strong></span> <span class='ocrx_word' id='word_1_383' title='bbox 1094 4231 1209 4301; x_wconf 86' lang='lat' dir='ltr'><strong>Ipsa</strong></span> <span class='ocrx_word' id='word_1_384' title='bbox 1239 4243 1320 4287; x_wconf 90' lang='lat' dir='ltr'><strong>est</strong></span> <span class='ocrx_word' id='word_1_385' title='bbox 1349 4248 1475 4301; x_wconf 83' lang='lat' dir='ltr'><strong>ergo</strong></span> <span class='ocrx_word' id='word_1_386' title='bbox 1494 4233 1697 4304; x_wconf 89' lang='lat' dir='ltr'><strong>justitia</strong></span> <span class='ocrx_word' id='word_1_387' title='bbox 1730 4235 1854 4301; x_wconf 90' lang='lat' dir='ltr'><strong>Dei,</strong></span> <span class='ocrx_word' id='word_1_388' title='bbox 1894 4251 2052 4306; x_wconf 90' lang='lat' dir='ltr'><strong>quam</strong></span> <span class='ocrx_word' id='word_1_389' title='bbox 2080 4252 2171 4291; x_wconf 84' lang='lat' dir='ltr'><strong>su-</strong></span> 
     </span>
    </p>
   </div>
   <div class='ocr_carea' id='block_1_44' title="bbox 593 4321 2173 4391">
    <p class='ocr_par' dir='ltr' id='par_1_44' title="bbox 593 4321 2173 4391">
     <span class='ocr_line' id='line_1_44' title="bbox 593 4321 2173 4391; baseline 0.004 -16"><span class='ocrx_word' id='word_1_390' title='bbox 593 4321 738 4390; x_wconf 88' lang='lat' dir='ltr'><strong>perbi</strong></span> <span class='ocrx_word' id='word_1_391' title='bbox 772 4328 1094 4391; x_wconf 87' lang='lat' dir='ltr'><strong>ignorantes,</strong></span> <span class='ocrx_word' id='word_1_392' title='bbox 1122 4338 1270 4377; x_wconf 91' lang='lat' dir='ltr'><strong>suam</strong></span> <span class='ocrx_word' id='word_1_393' title='bbox 1304 4325 1490 4379; x_wconf 89' lang='lat' dir='ltr'><strong>volunt</strong></span> <span class='ocrx_word' id='word_1_394' title='bbox 1514 4327 1860 4382; x_wconf 90' lang='lat' dir='ltr'><strong>constituere.</strong></span> <span class='ocrx_word' id='word_1_395' title='bbox 1887 4327 2001 4381; x_wconf 80' lang='lat' dir='ltr'><strong>Non</strong></span> <span class='ocrx_word' id='word_1_396' title='bbox 2026 4328 2173 4383; x_wconf 89' lang='lat' dir='ltr'><strong>enim</strong></span> 
     </span>
    </p>
   </div>
   <div class='ocr_carea' id='block_1_45' title="bbox 592 4412 2175 4488">
    <p class='ocr_par' dir='ltr' id='par_1_45' title="bbox 592 4412 2175 4488">
     <span class='ocr_line' id='line_1_45' title="bbox 592 4412 2175 4488; baseline 0.006 -23"><span class='ocrx_word' id='word_1_397' title='bbox 592 4423 873 4482; x_wconf 70' lang='lat' dir='ltr'><strong>propterea</strong></span> <span class='ocrx_word' id='word_1_398' title='bbox 904 4412 1107 4483; x_wconf 89' lang='lat' dir='ltr'><strong>justitia</strong></span> <span class='ocrx_word' id='word_1_399' title='bbox 1144 4414 1233 4467; x_wconf 86' lang='lat' dir='ltr'><strong>Dei</strong></span> <span class='ocrx_word' id='word_1_400' title='bbox 1261 4414 1483 4480; x_wconf 90' lang='lat' dir='ltr'><strong>dicitur,</strong></span> <span class='ocrx_word' id='word_1_401' title='bbox 1510 4416 1761 4486; x_wconf 84' lang='lat' dir='ltr'><strong>quoniam</strong></span> <span class='ocrx_word' id='word_1_402' title='bbox 1794 4418 2024 4473; x_wconf 74' lang='lat' dir='ltr'><strong>Deusea</strong></span> <span class='ocrx_word' id='word_1_403' title='bbox 2046 4418 2067 4450; x_wconf 84' lang='grc'>⁸</span> <span class='ocrx_word' id='word_1_404' title='bbox 2089 4418 2175 4488; x_wconf 90' lang='lat' dir='ltr'><strong>ju-</strong></span> 
     </span>
    </p>
   </div>
   <div class='ocr_carea' id='block_1_46' title="bbox 588 4504 1696 4574">
    <p class='ocr_par' dir='ltr' id='par_1_46' title="bbox 588 4504 1696 4574">
     <span class='ocr_line' id='line_1_46' title="bbox 588 4504 1696 4574; baseline 0.002 -16"><span class='ocrx_word' id='word_1_405' title='bbox 588 4513 705 4558; x_wconf 78' lang='lat' dir='ltr'><strong>stus</strong></span> <span class='ocrx_word' id='word_1_406' title='bbox 733 4514 847 4564; x_wconf 85' lang='lat' dir='ltr'><strong>est;</strong></span> <span class='ocrx_word' id='word_1_407' title='bbox 878 4504 971 4557; x_wconf 84' lang='lat' dir='ltr'><strong>sed</strong></span> <span class='ocrx_word' id='word_1_408' title='bbox 993 4505 1114 4574; x_wconf 90' lang='lat' dir='ltr'><strong>quia</strong></span> <span class='ocrx_word' id='word_1_409' title='bbox 1140 4505 1339 4558; x_wconf 89' lang='lat' dir='ltr'><strong>homini</strong></span> <span class='ocrx_word' id='word_1_410' title='bbox 1368 4521 1434 4560; x_wconf 86' lang='lat' dir='ltr'><strong>ex</strong></span> <span class='ocrx_word' id='word_1_411' title='bbox 1464 4506 1570 4561; x_wconf 88' lang='lat' dir='ltr'><strong>Deo</strong></span> <span class='ocrx_word' id='word_1_412' title='bbox 1593 4514 1696 4562; x_wconf 87' lang='lat' dir='ltr'><strong>est.</strong></span> 
     </span>
    </p>
   </div>
   <div class='ocr_carea' id='block_1_47' title="bbox 662 4594 2170 4670">
    <p class='ocr_par' dir='ltr' id='par_1_47' title="bbox 662 4594 2170 4670">
     <span class='ocr_line' id='line_1_47' title="bbox 662 4594 2170 4670; baseline 0.006 -22"><span class='ocrx_word' id='word_1_413' title='bbox 662 4594 751 4650; x_wconf 76' lang='grc'><strong>21.</strong></span> <span class='ocrx_word' id='word_1_414' title='bbox 783 4595 1083 4650; x_wconf 87' lang='lat' dir='ltr'><strong>Secundum</strong></span> <span class='ocrx_word' id='word_1_415' title='bbox 1115 4595 1251 4650; x_wconf 89' lang='lat' dir='ltr'><strong>hanc</strong></span> <span class='ocrx_word' id='word_1_416' title='bbox 1275 4607 1452 4652; x_wconf 90' lang='lat' dir='ltr'><strong>autem</strong></span> <span class='ocrx_word' id='word_1_417' title='bbox 1477 4597 1736 4668; x_wconf 89' lang='lat' dir='ltr'><strong>justitiam</strong></span> <span class='ocrx_word' id='word_1_418' title='bbox 1766 4599 1895 4666; x_wconf 87' lang='lat' dir='ltr'><strong>Dei,</strong></span> <span class='ocrx_word' id='word_1_419' title='bbox 1929 4601 2030 4656; x_wconf 90' lang='lat' dir='ltr'><strong>hoc</strong></span> <span class='ocrx_word' id='word_1_420' title='bbox 2056 4611 2170 4670; x_wconf 89' lang='lat' dir='ltr'><strong>est,</strong></span> 
     </span>
    </p>
   </div>
   <div class='ocr_carea' id='block_1_48' title="bbox 582 4688 2173 4763">
    <p class='ocr_par' dir='ltr' id='par_1_48' title="bbox 582 4688 2173 4763">
     <span class='ocr_line' id='line_1_48' title="bbox 582 4688 2173 4763; baseline 0.006 -24"><span class='ocrx_word' id='word_1_421' title='bbox 582 4703 709 4757; x_wconf 66' lang='lat' dir='ltr'><strong>quae</strong></span> <span class='ocrx_word' id='word_1_422' title='bbox 740 4704 809 4742; x_wconf 88' lang='lat' dir='ltr'><strong>ex</strong></span> <span class='ocrx_word' id='word_1_423' title='bbox 845 4688 954 4743; x_wconf 88' lang='lat' dir='ltr'><strong>Deo</strong></span> <span class='ocrx_word' id='word_1_424' title='bbox 981 4688 1133 4743; x_wconf 87' lang='lat' dir='ltr'><strong>nobis</strong></span> <span class='ocrx_word' id='word_1_425' title='bbox 1158 4698 1269 4756; x_wconf 89' lang='lat' dir='ltr'><strong>est,</strong></span> <span class='ocrx_word' id='word_1_426' title='bbox 1295 4705 1437 4744; x_wconf 91' lang='lat' dir='ltr'><strong>nunc</strong></span> <span class='ocrx_word' id='word_1_427' title='bbox 1473 4690 1604 4745; x_wconf 83' lang='lat' dir='ltr'><strong>fides</strong></span> <span class='ocrx_word' id='word_1_428' title='bbox 1629 4700 1882 4760; x_wconf 80' lang='lat' dir='ltr'><strong>Operatur</strong></span> <span class='ocrx_word' id='word_1_429' title='bbox 1907 4709 2004 4763; x_wconf 91' lang='lat' dir='ltr'><strong>per</strong></span> <span class='ocrx_word' id='word_1_430' title='bbox 2035 4694 2173 4749; x_wconf 90' lang='lat' dir='ltr'><strong>dile-</strong></span> 
     </span>
    </p>
   </div>
   <div class='ocr_carea' id='block_1_49' title="bbox 586 4778 2175 4855">
    <p class='ocr_par' dir='ltr' id='par_1_49' title="bbox 586 4778 2175 4855">
     <span class='ocr_line' id='line_1_49' title="bbox 586 4778 2175 4855; baseline 0.006 -23"><span class='ocrx_word' id='word_1_431' title='bbox 586 4779 819 4834; x_wconf 87' lang='lat' dir='ltr'><strong>ctionem</strong></span> <span class='ocrx_word' id='word_1_432' title='bbox 848 4778 1046 4849; x_wconf 82' lang='lat' dir='ltr'><strong>(Colat.</strong></span> <span class='ocrx_word' id='word_1_433' title='bbox 1079 4796 1132 4845; x_wconf 84' lang='grc' dir='ltr'><strong>ν,</strong></span> <span class='ocrx_word' id='word_1_434' title='bbox 1161 4781 1239 4851; x_wconf 88' lang='lat'><strong>6).</strong></span> <span class='ocrx_word' id='word_1_435' title='bbox 1267 4780 1321 4836; x_wconf 90' lang='lat' dir='ltr'><strong>ld</strong></span> <span class='ocrx_word' id='word_1_436' title='bbox 1346 4790 1523 4836; x_wconf 91' lang='lat' dir='ltr'><strong>autem</strong></span> <span class='ocrx_word' id='word_1_437' title='bbox 1555 4795 1809 4853; x_wconf 89' lang='lat' dir='ltr'><strong>operatur</strong></span> <span class='ocrx_word' id='word_1_438' title='bbox 1834 4785 1875 4852; x_wconf 79' lang='grc'>⁸,</span> <span class='ocrx_word' id='word_1_439' title='bbox 1905 4786 2175 4855; x_wconf 84' lang='lat' dir='ltr'><strong>quomodo</strong></span> 
     </span>
    </p>
   </div>
   <div class='ocr_carea' id='block_1_50' title="bbox 590 4871 2175 4944">
    <p class='ocr_par' dir='ltr' id='par_1_50' title="bbox 590 4871 2175 4944">
     <span class='ocr_line' id='line_1_50' title="bbox 590 4871 2175 4944; baseline 0.009 -25"><span class='ocrx_word' id='word_1_440' title='bbox 590 4871 866 4937; x_wconf 83' lang='lat' dir='ltr'><strong>perveniat</strong></span> <span class='ocrx_word' id='word_1_441' title='bbox 905 4872 1064 4926; x_wconf 85' lang='lat' dir='ltr'><strong>homo</strong></span> <span class='ocrx_word' id='word_1_442' title='bbox 1096 4872 1163 4927; x_wconf 89' lang='lat' dir='ltr'><strong>ad</strong></span> <span class='ocrx_word' id='word_1_443' title='bbox 1188 4887 1311 4928; x_wconf 91' lang='lat' dir='ltr'><strong>eum</strong></span> <span class='ocrx_word' id='word_1_444' title='bbox 1332 4914 1347 4937; x_wconf 87' lang='lat'><strong>,</strong></span> <span class='ocrx_word' id='word_1_445' title='bbox 1377 4873 1432 4928; x_wconf 93' lang='lat' dir='ltr'><strong>in</strong></span> <span class='ocrx_word' id='word_1_446' title='bbox 1460 4890 1617 4944; x_wconf 89' lang='lat' dir='ltr'><strong>quem</strong></span> <span class='ocrx_word' id='word_1_447' title='bbox 1650 4876 1809 4931; x_wconf 89' lang='lat' dir='ltr'><strong>modo</strong></span> <span class='ocrx_word' id='word_1_448' title='bbox 1840 4892 1945 4932; x_wconf 91' lang='lat' dir='ltr'><strong>non</strong></span> <span class='ocrx_word' id='word_1_449' title='bbox 1983 4877 2175 4934; x_wconf 86' lang='lat' dir='ltr'><strong>videns</strong></span> 
     </span>
    </p>
   </div>
   <div class='ocr_carea' id='block_1_51' title="bbox 589 4962 2176 5040">
    <p class='ocr_par' dir='ltr' id='par_1_51' title="bbox 589 4962 2176 5040">
     <span class='ocr_line' id='line_1_51' title="bbox 589 4962 2176 5040; baseline 0.008 -27"><span class='ocrx_word' id='word_1_450' title='bbox 589 4962 793 5026; x_wconf 87' lang='lat' dir='ltr'><strong>credit;</strong></span> <span class='ocrx_word' id='word_1_451' title='bbox 820 4977 977 5032; x_wconf 91' lang='lat' dir='ltr'><strong>quem</strong></span> <span class='ocrx_word' id='word_1_452' title='bbox 1008 4979 1130 5018; x_wconf 92' lang='lat' dir='ltr'><strong>cum</strong></span> <span class='ocrx_word' id='word_1_453' title='bbox 1154 4964 1363 5031; x_wconf 89' lang='lat' dir='ltr'><strong>viderit,</strong></span> <span class='ocrx_word' id='word_1_454' title='bbox 1399 4975 1527 5022; x_wconf 92' lang='lat' dir='ltr'><strong>tunc</strong></span> <span class='ocrx_word' id='word_1_455' title='bbox 1553 4967 1694 5037; x_wconf 92' lang='lat' dir='ltr'><strong>quod</strong></span> <span class='ocrx_word' id='word_1_456' title='bbox 1721 4978 1837 5023; x_wconf 87' lang='lat' dir='ltr'><strong>erat</strong></span> <span class='ocrx_word' id='word_1_457' title='bbox 1866 4969 1918 5023; x_wconf 91' lang='lat' dir='ltr'><strong>in</strong></span> <span class='ocrx_word' id='word_1_458' title='bbox 1952 4969 2054 5023; x_wconf 82' lang='lat' dir='ltr'><strong>fide</strong></span> <span class='ocrx_word' id='word_1_459' title='bbox 2077 4985 2176 5040; x_wconf 89' lang='lat' dir='ltr'><strong>per</strong></span> 
     </span>
    </p>
   </div>
   <div class='ocr_carea' id='block_1_52' title="bbox 590 5050 2172 5127">
    <p class='ocr_par' dir='ltr' id='par_1_52' title="bbox 590 5050 2172 5127">
     <span class='ocr_line' id='line_1_52' title="bbox 590 5050 2172 5127; baseline 0.012 -29"><span class='ocrx_word' id='word_1_460' title='bbox 590 5050 865 5115; x_wconf 76' lang='lat' dir='ltr'><strong>speculum</strong></span> <span class='ocrx_word' id='word_1_461' title='bbox 897 5052 949 5105; x_wconf 92' lang='lat' dir='ltr'><strong>in</strong></span> <span class='ocrx_word' id='word_1_462' title='bbox 989 5053 1308 5123; x_wconf 68' lang='lat' dir='ltr'><strong>aenigmate,</strong></span> <span class='ocrx_word' id='word_1_463' title='bbox 1331 5055 1443 5124; x_wconf 89' lang='lat' dir='ltr'><strong>jam</strong></span> <span class='ocrx_word' id='word_1_464' title='bbox 1473 5057 1578 5112; x_wconf 89' lang='lat' dir='ltr'><strong>erit</strong></span> <span class='ocrx_word' id='word_1_465' title='bbox 1614 5056 1666 5111; x_wconf 89' lang='lat' dir='ltr'><strong>in</strong></span> <span class='ocrx_word' id='word_1_466' title='bbox 1710 5060 1892 5127; x_wconf 88' lang='lat' dir='ltr'><strong>specie</strong></span> <span class='ocrx_word' id='word_1_467' title='bbox 1932 5058 2065 5116; x_wconf 89' lang='lat' dir='ltr'><strong>facie</strong></span> <span class='ocrx_word' id='word_1_468' title='bbox 2107 5062 2172 5117; x_wconf 90' lang='lat' dir='ltr'><strong>ad</strong></span> 
     </span>
    </p>
   </div>
   <div class='ocr_carea' id='block_1_53' title="bbox 592 5136 2174 5220">
    <p class='ocr_par' dir='ltr' id='par_1_53' title="bbox 592 5136 2174 5220">
     <span class='ocr_line' id='line_1_53' title="bbox 592 5136 2174 5220; baseline 0.009 -30"><span class='ocrx_word' id='word_1_469' title='bbox 592 5136 780 5193; x_wconf 78' lang='lat' dir='ltr'><strong>faciem</strong></span> <span class='ocrx_word' id='word_1_470' title='bbox 834 5141 891 5210; x_wconf 91' lang='lat' dir='ltr'><strong>(l</strong></span> <span class='ocrx_word' id='word_1_471' title='bbox 924 5141 1041 5196; x_wconf 87' lang='lat' dir='ltr'><strong>Cor.</strong></span> <span class='ocrx_word' id='word_1_472' title='bbox 1086 5159 1208 5207; x_wconf 62' lang='grc' dir='ltr'>χιιι,</span> <span class='ocrx_word' id='word_1_473' title='bbox 1253 5143 1345 5215; x_wconf 78' lang='lat' dir='ltr'><strong>l2)</strong></span> <span class='ocrx_word' id='word_1_474' title='bbox 1390 5162 1407 5200; x_wconf 92' lang='lat'><strong>:</strong></span> <span class='ocrx_word' id='word_1_475' title='bbox 1449 5153 1573 5201; x_wconf 90' lang='lat' dir='ltr'><strong>tunc</strong></span> <span class='ocrx_word' id='word_1_476' title='bbox 1610 5148 1912 5217; x_wconf 86' lang='lat' dir='ltr'><strong>perficietur</strong></span> <span class='ocrx_word' id='word_1_477' title='bbox 1967 5158 2022 5205; x_wconf 92' lang='lat' dir='ltr'><strong>et</strong></span> <span class='ocrx_word' id='word_1_478' title='bbox 2063 5151 2174 5220; x_wconf 90' lang='lat' dir='ltr'><strong>ipsa</strong></span> 
     </span>
    </p>
   </div>
   <div class='ocr_carea' id='block_1_54' title="bbox 656 5355 2093 5481">
    <p class='ocr_par' dir='ltr' id='par_1_54' title="bbox 656 5355 2093 5481">
     <span class='ocr_line' id='line_1_54' title="bbox 657 5355 2093 5432; baseline 0.012 -29"><span class='ocrx_word' id='word_1_479' title='bbox 657 5355 675 5388; x_wconf 77' lang='grc' dir='ltr'><strong>ι</strong></span> <span class='ocrx_word' id='word_1_480' title='bbox 701 5356 782 5404; x_wconf 82' lang='lat' dir='ltr'><strong>llic</strong></span> <span class='ocrx_word' id='word_1_481' title='bbox 806 5363 991 5427; x_wconf 60' lang='lat' dir='ltr'><strong>exuas.</strong></span> <span class='ocrx_word' id='word_1_482' title='bbox 1010 5360 1331 5423; x_wconf 74' lang='lat' dir='ltr'><strong>restituimus,</strong></span> <span class='ocrx_word' id='word_1_483' title='bbox 1356 5371 1512 5425; x_wconf 78' lang='lat' dir='ltr'><strong>Quare</strong></span> <span class='ocrx_word' id='word_1_484' title='bbox 1527 5379 1683 5425; x_wconf 82' lang='lat' dir='ltr'><strong>suam,</strong></span> <span class='ocrx_word' id='word_1_485' title='bbox 1699 5368 1741 5418; x_wconf 80' lang='lat' dir='ltr'><strong>si</strong></span> <span class='ocrx_word' id='word_1_486' title='bbox 1762 5380 1827 5420; x_wconf 73' lang='lat' dir='ltr'><strong>ex</strong></span> <span class='ocrx_word' id='word_1_487' title='bbox 1844 5366 1947 5432; x_wconf 85' lang='lat' dir='ltr'><strong>lege</strong></span> <span class='ocrx_word' id='word_1_488' title='bbox 1970 5372 2039 5420; x_wconf 86' lang='lat' dir='ltr'><strong>est</strong></span> <span class='ocrx_word' id='word_1_489' title='bbox 2067 5366 2093 5420; x_wconf 77' lang='grc'><strong><em>7</em></strong></span> 
     </span>
     <span class='ocr_line' id='line_1_55' title="bbox 656 5417 1195 5481; baseline 0.009 -18"><span class='ocrx_word' id='word_1_490' title='bbox 656 5419 678 5481; x_wconf 59' lang='grc' dir='ltr'><strong>ξ</strong></span> <span class='ocrx_word' id='word_1_491' title='bbox 701 5417 953 5481; x_wconf 36' lang='grc' dir='ltr'>ιιιηθόιιιει</span> <span class='ocrx_word' id='word_1_492' title='bbox 969 5421 1195 5481; x_wconf 74' lang='lat' dir='ltr'><strong>quodam.</strong></span> 
     </span>
    </p>
   </div>
   <div class='ocr_carea' id='block_1_55' title="bbox 920 5452 1195 5477">
    <p class='ocr_par' dir='ltr' id='par_1_55' title="bbox 920 5452 1195 5477">
     <span class='ocr_line' id='line_1_56' title="bbox 920 5452 1195 5477; baseline 0.004 -10"><span class='ocrx_word' id='word_1_493' title='bbox 920 5452 936 5477; x_wconf 69' lang='lat'><strong>,</strong></span> <span class='ocrx_word' id='word_1_494' title='bbox 969 5452 1195 5477; x_wconf 68' lang='grc' dir='ltr'>ιίωυιιιιυιη</span> 
     </span>
    </p>
   </div>
   <div class='ocr_carea' id='block_1_56' title="bbox 657 5476 1624 5545">
    <p class='ocr_par' dir='ltr' id='par_1_56' title="bbox 657 5476 1624 5545">
     <span class='ocr_line' id='line_1_57' title="bbox 657 5476 1624 5545; baseline 0.017 -22"><span class='ocrx_word' id='word_1_495' title='bbox 657 5479 678 5545; x_wconf 58' lang='grc' dir='ltr'><em>ξ</em></span> <span class='ocrx_word' id='word_1_496' title='bbox 702 5478 835 5545; x_wconf 57' lang='lat' dir='ltr'><strong>Fditi,</strong></span> <span class='ocrx_word' id='word_1_497' title='bbox 861 5476 1108 5545; x_wconf 54' lang='lat' dir='ltr'><strong>legis&#39;Dei.</strong></span> <span class='ocrx_word' id='word_1_498' title='bbox 1147 5484 1311 5542; x_wconf 81' lang='lat' dir='ltr'><strong>Abest,</strong></span> <span class='ocrx_word' id='word_1_499' title='bbox 1346 5486 1446 5545; x_wconf 75' lang='lat' dir='ltr'><strong>Dei,</strong></span> <span class='ocrx_word' id='word_1_500' title='bbox 1465 5500 1493 5535; x_wconf 90' lang='lat' dir='ltr'><strong>a</strong></span> <span class='ocrx_word' id='word_1_501' title='bbox 1520 5496 1624 5538; x_wconf 78' lang='lat' dir='ltr'><strong>MSS.</strong></span> 
     </span>
    </p>
   </div>
   <div class='ocr_carea' id='block_1_57' title="bbox 655 5539 2176 5613">
    <p class='ocr_par' dir='ltr' id='par_1_57' title="bbox 655 5539 2176 5613">
     <span class='ocr_line' id='line_1_58' title="bbox 655 5539 2176 5613; baseline 0.012 -27"><span class='ocrx_word' id='word_1_502' title='bbox 655 5539 849 5613; x_wconf 40' lang='lat' dir='ltr'><strong>fruiti,</strong></span> <span class='ocrx_word' id='word_1_503' title='bbox 904 5540 1215 5613; x_wconf 55' lang='lat' dir='ltr'><strong>rtqnntz&#39;bera.</strong></span> <span class='ocrx_word' id='word_1_504' title='bbox 1268 5539 1323 5596; x_wconf 68' lang='grc' dir='ltr'>[ἰ</span> <span class='ocrx_word' id='word_1_505' title='bbox 1371 5539 1739 5613; x_wconf 76' lang='lat' dir='ltr'><strong>expuugauius,</strong></span> <span class='ocrx_word' id='word_1_506' title='bbox 1794 5565 1921 5611; x_wconf 85' lang='lat' dir='ltr'><strong>non,</strong></span> <span class='ocrx_word' id='word_1_507' title='bbox 1976 5555 2176 5605; x_wconf 88' lang='lat' dir='ltr'><strong>nitimur</strong></span> 
     </span>
    </p>
   </div>
   <div class='ocr_carea' id='block_1_58' title="bbox 592 5602 2173 5710">
    <p class='ocr_par' dir='ltr' id='par_1_58' title="bbox 592 5602 2173 5710">
     <span class='ocr_line' id='line_1_59' title="bbox 592 5602 2173 5710; baseline 0.012 -63"><span class='ocrx_word' id='word_1_508' title='bbox 592 5603 883 5710; x_wconf 36' lang='lat' dir='ltr'><strong>lauctoritate</strong></span> <span class='ocrx_word' id='word_1_509' title='bbox 942 5602 1288 5656; x_wconf 83' lang='lat' dir='ltr'><strong>Gallicanorum</strong></span> <span class='ocrx_word' id='word_1_510' title='bbox 1363 5602 1579 5659; x_wconf 71' lang='lat' dir='ltr'><strong>omnium</strong></span> <span class='ocrx_word' id='word_1_511' title='bbox 1634 5602 1741 5663; x_wconf 53' lang='lat' dir='ltr'><strong>Mss:</strong></span> <span class='ocrx_word' id='word_1_512' title='bbox 1802 5602 1853 5664; x_wconf 83' lang='lat' dir='ltr'><strong>et</strong></span> <span class='ocrx_word' id='word_1_513' title='bbox 1908 5602 2173 5666; x_wconf 49' lang='lat' dir='ltr'><strong>Vaticano;</strong></span> 
     </span>
     <span class='ocr_line' id='line_1_60' title="bbox 635 5679 715 5709; baseline 0.013 -1"><span class='ocrx_word' id='word_1_514' title='bbox 635 5679 715 5709; x_wconf 81' lang='grc' dir='ltr'>ΙΗΙ.</span> 
     </span>
    </p>
   </div>
   <div class='ocr_carea' id='block_1_59' title="bbox 657 5724 1345 5785">
    <p class='ocr_par' dir='ltr' id='par_1_59' title="bbox 657 5724 1345 5785">
     <span class='ocr_line' id='line_1_61' title="bbox 657 5724 1345 5785; baseline 0.006 -14"><span class='ocrx_word' id='word_1_515' title='bbox 657 5726 675 5755; x_wconf 83' lang='grc'><em>⁸</em></span> <span class='ocrx_word' id='word_1_516' title='bbox 702 5726 784 5772; x_wconf 83' lang='lat' dir='ltr'><strong>Hic</strong></span> <span class='ocrx_word' id='word_1_517' title='bbox 806 5724 1038 5781; x_wconf 84' lang='lat' dir='ltr'><strong>additum,</strong></span> <span class='ocrx_word' id='word_1_518' title='bbox 1058 5739 1131 5785; x_wconf 70' lang='lat' dir='ltr'><strong>ea,</strong></span> <span class='ocrx_word' id='word_1_519' title='bbox 1155 5742 1216 5778; x_wconf 79' lang='lat' dir='ltr'><strong>ex</strong></span> <span class='ocrx_word' id='word_1_520' title='bbox 1243 5737 1345 5777; x_wconf 61' lang='lat' dir='ltr'><strong>Mss.</strong></span> 
     </span>
    </p>
   </div>
   <div class='ocr_carea' id='block_1_60' title="bbox 656 5786 1589 5853">
    <p class='ocr_par' dir='ltr' id='par_1_60' title="bbox 656 5786 1589 5853">
     <span class='ocr_line' id='line_1_62' title="bbox 656 5786 1589 5853; baseline 0.009 -20"><span class='ocrx_word' id='word_1_521' title='bbox 656 5786 675 5814; x_wconf 84' lang='lat'><strong><em>‘</em></strong></span> <span class='ocrx_word' id='word_1_522' title='bbox 700 5790 772 5835; x_wconf 65' lang='lat' dir='ltr'><strong>sic</strong></span> <span class='ocrx_word' id='word_1_523' title='bbox 797 5795 897 5835; x_wconf 62' lang='lat' dir='ltr'><strong>itas.</strong></span> <span class='ocrx_word' id='word_1_524' title='bbox 928 5795 977 5834; x_wconf 72' lang='lat' dir='ltr'><strong>At</strong></span> <span class='ocrx_word' id='word_1_525' title='bbox 1004 5788 1135 5848; x_wconf 77' lang='lat' dir='ltr'><strong>editi,</strong></span> <span class='ocrx_word' id='word_1_526' title='bbox 1162 5790 1212 5839; x_wconf 83' lang='lat' dir='ltr'><strong>id</strong></span> <span class='ocrx_word' id='word_1_527' title='bbox 1238 5800 1325 5849; x_wconf 65' lang='lat' dir='ltr'><strong>rat,</strong></span> <span class='ocrx_word' id='word_1_528' title='bbox 1351 5801 1589 5853; x_wconf 72' lang='lat' dir='ltr'><strong>operatur.</strong></span> 
     </span>
    </p>
   </div>
   <div class='ocr_carea' id='block_1_61' title="bbox 1173 349 3185 452">
    <p class='ocr_par' dir='ltr' id='par_1_61' title="bbox 1173 349 3185 452">
     <span class='ocr_line' id='line_1_63' title="bbox 1173 349 3185 452; baseline -0.003 -6"><span class='ocrx_word' id='word_1_529' title='bbox 1173 386 1444 446; x_wconf 72' lang='lat' dir='ltr'><strong>CONTRA</strong></span> <span class='ocrx_word' id='word_1_530' title='bbox 1484 349 1667 443; x_wconf 70' lang='lat' dir='ltr'><strong>DUAS</strong></span> <span class='ocrx_word' id='word_1_531' title='bbox 1707 381 2080 442; x_wconf 70' lang='lat' dir='ltr'><strong>EPISTOLAS</strong></span> <span class='ocrx_word' id='word_1_532' title='bbox 2118 381 2673 452; x_wconf 72' lang='grc' dir='ltr'>ΡειΑσιΑΝοῐιυιι,</span> <span class='ocrx_word' id='word_1_533' title='bbox 2715 384 2772 442; x_wconf 87' lang='lat' dir='ltr'><strong>S.</strong></span> <span class='ocrx_word' id='word_1_534' title='bbox 2817 384 3185 444; x_wconf 83' lang='lat' dir='ltr'><strong>AUGUSTINI</strong></span> 
     </span>
    </p>
   </div>
   <div class='ocr_carea' id='block_1_62' title="bbox 3727 389 3823 445">
    <p class='ocr_par' dir='ltr' id='par_1_62' title="bbox 3727 389 3823 445">
     <span class='ocr_line' id='line_1_64' title="bbox 3727 389 3823 445; baseline 0.01 -2"><span class='ocrx_word' id='word_1_535' title='bbox 3727 389 3823 445; x_wconf 75' lang='lat' dir='ltr'><strong>6M</strong></span> 
     </span>
    </p>
   </div>
   <div class='ocr_carea' id='block_1_63' title="bbox 2259 497 3824 571">
    <p class='ocr_par' dir='ltr' id='par_1_63' title="bbox 2259 497 3824 571">
     <span class='ocr_line' id='line_1_65' title="bbox 2259 497 3824 571; baseline 0.003 -18"><span class='ocrx_word' id='word_1_536' title='bbox 2259 497 2493 553; x_wconf 88' lang='lat' dir='ltr'><strong>dilectio.</strong></span> <span class='ocrx_word' id='word_1_537' title='bbox 2542 497 2711 555; x_wconf 85' lang='lat' dir='ltr'><strong>Nimis</strong></span> <span class='ocrx_word' id='word_1_538' title='bbox 2761 500 2955 571; x_wconf 90' lang='lat' dir='ltr'><strong>quippe</strong></span> <span class='ocrx_word' id='word_1_539' title='bbox 3003 500 3316 570; x_wconf 88' lang='lat' dir='ltr'><strong>insipienter</strong></span> <span class='ocrx_word' id='word_1_540' title='bbox 3360 498 3586 564; x_wconf 89' lang='lat' dir='ltr'><strong>dicitur,</strong></span> <span class='ocrx_word' id='word_1_541' title='bbox 3630 508 3824 557; x_wconf 81' lang='lat' dir='ltr'><strong>tantum</strong></span> 
     </span>
    </p>
   </div>
   <div class='ocr_carea' id='block_1_64' title="bbox 2257 590 3827 662">
    <p class='ocr_par' dir='ltr' id='par_1_64' title="bbox 2257 590 3827 662">
     <span class='ocr_line' id='line_1_66' title="bbox 2257 590 3827 662; baseline 0.002 -20"><span class='ocrx_word' id='word_1_542' title='bbox 2257 591 2423 644; x_wconf 89' lang='lat' dir='ltr'><strong>amari</strong></span> <span class='ocrx_word' id='word_1_543' title='bbox 2466 590 2627 644; x_wconf 91' lang='lat' dir='ltr'><strong>Deum</strong></span> <span class='ocrx_word' id='word_1_544' title='bbox 2663 601 2946 661; x_wconf 84' lang='lat' dir='ltr'><strong>antequam</strong></span> <span class='ocrx_word' id='word_1_545' title='bbox 2978 591 3252 653; x_wconf 87' lang='lat' dir='ltr'><strong>videatur,</strong></span> <span class='ocrx_word' id='word_1_546' title='bbox 3284 598 3553 662; x_wconf 42' lang='lat' dir='ltr'><strong>quantum:</strong></span> <span class='ocrx_word' id='word_1_547' title='bbox 3574 590 3827 646; x_wconf 83' lang='lat' dir='ltr'><strong>amabitur</strong></span> 
     </span>
    </p>
   </div>
   <div class='ocr_carea' id='block_1_65' title="bbox 2257 679 3821 750">
    <p class='ocr_par' dir='ltr' id='par_1_65' title="bbox 2257 679 3821 750">
     <span class='ocr_line' id='line_1_67' title="bbox 2257 679 3821 750; baseline 0.001 -16"><span class='ocrx_word' id='word_1_548' title='bbox 2257 694 2378 734; x_wconf 92' lang='lat' dir='ltr'><strong>cum</strong></span> <span class='ocrx_word' id='word_1_549' title='bbox 2406 679 2688 735; x_wconf 88' lang='lat' dir='ltr'><strong>videbitur.</strong></span> <span class='ocrx_word' id='word_1_550' title='bbox 2720 680 2885 741; x_wconf 87' lang='lat' dir='ltr'><strong>Porro</strong></span> <span class='ocrx_word' id='word_1_551' title='bbox 2914 680 2960 736; x_wconf 89' lang='lat' dir='ltr'><strong>si</strong></span> <span class='ocrx_word' id='word_1_552' title='bbox 2989 679 3040 735; x_wconf 91' lang='lat' dir='ltr'><strong>in</strong></span> <span class='ocrx_word' id='word_1_553' title='bbox 3082 679 3183 735; x_wconf 87' lang='lat' dir='ltr'><strong>hac</strong></span> <span class='ocrx_word' id='word_1_554' title='bbox 3206 681 3311 735; x_wconf 89' lang='lat' dir='ltr'><strong>vita</strong></span> <span class='ocrx_word' id='word_1_555' title='bbox 3334 721 3347 744; x_wconf 88' lang='lat'><strong>,</strong></span> <span class='ocrx_word' id='word_1_556' title='bbox 3389 681 3476 750; x_wconf 90' lang='lat' dir='ltr'><strong>pio</strong></span> <span class='ocrx_word' id='word_1_557' title='bbox 3502 680 3713 736; x_wconf 84' lang='lat' dir='ltr'><strong>nemine</strong></span> <span class='ocrx_word' id='word_1_558' title='bbox 3736 681 3821 737; x_wconf 84' lang='lat' dir='ltr'><strong>du-</strong></span> 
     </span>
    </p>
   </div>
   <div class='ocr_carea' id='block_1_66' title="bbox 2260 772 3822 843">
    <p class='ocr_par' dir='ltr' id='par_1_66' title="bbox 2260 772 3822 843">
     <span class='ocr_line' id='line_1_68' title="bbox 2260 772 3822 843; baseline 0.002 -18"><span class='ocrx_word' id='word_1_559' title='bbox 2260 772 2495 838; x_wconf 89' lang='lat' dir='ltr'><strong>bitante,</strong></span> <span class='ocrx_word' id='word_1_560' title='bbox 2529 782 2725 843; x_wconf 92' lang='lat' dir='ltr'><strong>quanto</strong></span> <span class='ocrx_word' id='word_1_561' title='bbox 2758 773 2986 843; x_wconf 93' lang='lat' dir='ltr'><strong>amplius</strong></span> <span class='ocrx_word' id='word_1_562' title='bbox 3022 773 3294 843; x_wconf 82' lang='lat' dir='ltr'><strong>diligimus</strong></span> <span class='ocrx_word' id='word_1_563' title='bbox 3334 773 3537 839; x_wconf 86' lang='lat' dir='ltr'><strong>Deum,</strong></span> <span class='ocrx_word' id='word_1_564' title='bbox 3565 781 3712 828; x_wconf 86' lang='lat' dir='ltr'><strong>tanto</strong></span> <span class='ocrx_word' id='word_1_565' title='bbox 3740 787 3822 841; x_wconf 55' lang='lat' dir='ltr'><strong>su:</strong></span> 
     </span>
    </p>
   </div>
   <div class='ocr_carea' id='block_1_67' title="bbox 2259 863 3831 935">
    <p class='ocr_par' dir='ltr' id='par_1_67' title="bbox 2259 863 3831 935">
     <span class='ocr_line' id='line_1_69' title="bbox 2259 863 3831 935; baseline 0.002 -18"><span class='ocrx_word' id='word_1_566' title='bbox 2259 879 2376 917; x_wconf 69' lang='lat' dir='ltr'><strong>mus</strong></span> <span class='ocrx_word' id='word_1_567' title='bbox 2418 865 2601 934; x_wconf 81' lang='lat' dir='ltr'><strong>utique</strong></span> <span class='ocrx_word' id='word_1_568' title='bbox 2636 864 2924 935; x_wconf 89' lang='lat' dir='ltr'><strong>justiores;</strong></span> <span class='ocrx_word' id='word_1_569' title='bbox 2951 864 3070 934; x_wconf 90' lang='lat' dir='ltr'><strong>quis</strong></span> <span class='ocrx_word' id='word_1_570' title='bbox 3098 864 3339 927; x_wconf 89' lang='lat' dir='ltr'><strong>dubitet,</strong></span> <span class='ocrx_word' id='word_1_571' title='bbox 3379 863 3518 932; x_wconf 88' lang='lat' dir='ltr'><strong>piam</strong></span> <span class='ocrx_word' id='word_1_572' title='bbox 3551 878 3831 935; x_wconf 81' lang='lat' dir='ltr'><strong>veramque</strong></span> 
     </span>
    </p>
   </div>
   <div class='ocr_carea' id='block_1_68' title="bbox 2254 954 3831 1026">
    <p class='ocr_par' dir='ltr' id='par_1_68' title="bbox 2254 954 3831 1026">
     <span class='ocr_line' id='line_1_70' title="bbox 2254 954 3831 1026; baseline 0.003 -19"><span class='ocrx_word' id='word_1_573' title='bbox 2254 954 2535 1024; x_wconf 78' lang='lat' dir='ltr'><strong>juStitiam,</strong></span> <span class='ocrx_word' id='word_1_574' title='bbox 2567 970 2686 1010; x_wconf 91' lang='lat' dir='ltr'><strong>cum</strong></span> <span class='ocrx_word' id='word_1_575' title='bbox 2714 954 2868 1010; x_wconf 90' lang='lat' dir='ltr'><strong>fuerit</strong></span> <span class='ocrx_word' id='word_1_576' title='bbox 2895 955 3111 1009; x_wconf 86' lang='lat' dir='ltr'><strong>dilectio</strong></span> <span class='ocrx_word' id='word_1_577' title='bbox 3146 955 3236 1010; x_wconf 90' lang='lat' dir='ltr'><strong>Dei</strong></span> <span class='ocrx_word' id='word_1_578' title='bbox 3266 954 3496 1024; x_wconf 88' lang='lat' dir='ltr'><strong>perfecta</strong></span> <span class='ocrx_word' id='word_1_579' title='bbox 3518 997 3534 1021; x_wconf 93' lang='lat'><strong>,</strong></span> <span class='ocrx_word' id='word_1_580' title='bbox 3565 964 3689 1010; x_wconf 90' lang='lat' dir='ltr'><strong>tunc</strong></span> <span class='ocrx_word' id='word_1_581' title='bbox 3711 971 3831 1026; x_wconf 81' lang='lat' dir='ltr'><strong>per-</strong></span> 
     </span>
    </p>
   </div>
   <div class='ocr_carea' id='block_1_69' title="bbox 2262 1042 3835 1115">
    <p class='ocr_par' dir='ltr' id='par_1_69' title="bbox 2262 1042 3835 1115">
     <span class='ocr_line' id='line_1_71' title="bbox 2262 1042 3835 1115; baseline 0.003 -18"><span class='ocrx_word' id='word_1_582' title='bbox 2262 1045 2345 1097; x_wconf 84' lang='lat' dir='ltr'><strong>fici</strong></span> <span class='ocrx_word' id='word_1_583' title='bbox 2367 1044 2392 1097; x_wconf 66' lang='grc' dir='ltr'><em>ἲ</em></span> <span class='ocrx_word' id='word_1_584' title='bbox 2416 1044 2566 1099; x_wconf 86' lang='lat' dir='ltr'><strong>Tunc</strong></span> <span class='ocrx_word' id='word_1_585' title='bbox 2593 1060 2720 1115; x_wconf 89' lang='lat' dir='ltr'><strong>ergo</strong></span> <span class='ocrx_word' id='word_1_586' title='bbox 2747 1044 2854 1112; x_wconf 86' lang='lat' dir='ltr'><strong>lex,</strong></span> <span class='ocrx_word' id='word_1_587' title='bbox 2888 1042 2957 1101; x_wconf 85' lang='lat' dir='ltr'><strong>ita</strong></span> <span class='ocrx_word' id='word_1_588' title='bbox 2985 1053 3040 1098; x_wconf 94' lang='lat' dir='ltr'><strong>ut</strong></span> <span class='ocrx_word' id='word_1_589' title='bbox 3066 1045 3195 1099; x_wconf 85' lang='lat' dir='ltr'><strong>nihil</strong></span> <span class='ocrx_word' id='word_1_590' title='bbox 3217 1046 3437 1100; x_wconf 90' lang='lat' dir='ltr'><strong>omnino</strong></span> <span class='ocrx_word' id='word_1_591' title='bbox 3463 1044 3620 1111; x_wconf 76' lang='lat' dir='ltr'><strong>desit,</strong></span> <span class='ocrx_word' id='word_1_592' title='bbox 3649 1046 3835 1114; x_wconf 84' lang='lat' dir='ltr'><strong>imple-</strong></span> 
     </span>
    </p>
   </div>
   <div class='ocr_carea' id='block_1_70' title="bbox 2262 1134 3834 1208">
    <p class='ocr_par' dir='ltr' id='par_1_70' title="bbox 2262 1134 3834 1208">
     <span class='ocr_line' id='line_1_72' title="bbox 2262 1134 3834 1208; baseline 0.003 -21"><span class='ocrx_word' id='word_1_593' title='bbox 2262 1134 2435 1200; x_wconf 90' lang='lat' dir='ltr'><strong>bitur;</strong></span> <span class='ocrx_word' id='word_1_594' title='bbox 2482 1136 2632 1205; x_wconf 89' lang='lat' dir='ltr'><strong>cujus</strong></span> <span class='ocrx_word' id='word_1_595' title='bbox 2669 1136 2826 1207; x_wconf 88' lang='lat' dir='ltr'><strong>legis,</strong></span> <span class='ocrx_word' id='word_1_596' title='bbox 2873 1136 3163 1191; x_wconf 87' lang='lat' dir='ltr'><strong>secundum</strong></span> <span class='ocrx_word' id='word_1_597' title='bbox 3202 1138 3547 1205; x_wconf 85' lang='lat' dir='ltr'><strong>Apostolum,</strong></span> <span class='ocrx_word' id='word_1_598' title='bbox 3579 1136 3834 1208; x_wconf 84' lang='lat' dir='ltr'><strong>plenitudo</strong></span> 
     </span>
    </p>
   </div>
   <div class='ocr_carea' id='block_1_71' title="bbox 2262 1224 3833 1300">
    <p class='ocr_par' dir='ltr' id='par_1_71' title="bbox 2262 1224 3833 1300">
     <span class='ocr_line' id='line_1_73' title="bbox 2262 1224 3833 1300; baseline 0.002 -22"><span class='ocrx_word' id='word_1_599' title='bbox 2262 1224 2461 1279; x_wconf 82' lang='lat' dir='ltr'><strong>dilectio</strong></span> <span class='ocrx_word' id='word_1_600' title='bbox 2482 1235 2553 1280; x_wconf 89' lang='lat' dir='ltr'><strong>est</strong></span> <span class='ocrx_word' id='word_1_601' title='bbox 2583 1225 2758 1295; x_wconf 85' lang='lat' dir='ltr'><strong>(Rom.</strong></span> <span class='ocrx_word' id='word_1_602' title='bbox 2788 1242 2878 1280; x_wconf 71' lang='grc' dir='ltr'>χιιι</span> <span class='ocrx_word' id='word_1_603' title='bbox 2900 1269 2914 1290; x_wconf 84' lang='grc'>,</span> <span class='ocrx_word' id='word_1_604' title='bbox 2940 1225 3050 1300; x_wconf 76' lang='grc'><strong>10).</strong></span> <span class='ocrx_word' id='word_1_605' title='bbox 3082 1227 3159 1280; x_wconf 85' lang='lat' dir='ltr'><strong>Ac</strong></span> <span class='ocrx_word' id='word_1_606' title='bbox 3189 1242 3283 1296; x_wconf 91' lang='lat' dir='ltr'><strong>per</strong></span> <span class='ocrx_word' id='word_1_607' title='bbox 3309 1226 3412 1281; x_wconf 86' lang='lat' dir='ltr'><strong>hoc</strong></span> <span class='ocrx_word' id='word_1_608' title='bbox 3435 1243 3554 1282; x_wconf 91' lang='lat' dir='ltr'><strong>cum</strong></span> <span class='ocrx_word' id='word_1_609' title='bbox 3583 1227 3833 1293; x_wconf 87' lang='lat' dir='ltr'><strong>dixisset,</strong></span> 
     </span>
    </p>
   </div>
   <div class='ocr_carea' id='block_1_72' title="bbox 2264 1314 3837 1388">
    <p class='ocr_par' dir='ltr' id='par_1_72' title="bbox 2264 1314 3837 1388">
     <span class='ocr_line' id='line_1_74' title="bbox 2264 1314 3837 1388; baseline 0.002 -19"><span class='ocrx_word' id='word_1_610' title='bbox 2264 1314 2386 1369; x_wconf 89' lang='lat' dir='ltr'><strong>Non</strong></span> <span class='ocrx_word' id='word_1_611' title='bbox 2416 1316 2601 1370; x_wconf 87' lang='lat' dir='ltr'><strong>habens</strong></span> <span class='ocrx_word' id='word_1_612' title='bbox 2623 1333 2670 1369; x_wconf 91' lang='lat' dir='ltr'><strong>m</strong></span> <span class='ocrx_word' id='word_1_613' title='bbox 2701 1334 2782 1369; x_wconf 90' lang='lat' dir='ltr'><strong>am</strong></span> <span class='ocrx_word' id='word_1_614' title='bbox 2809 1318 3084 1381; x_wconf 77' lang='lat' dir='ltr'><strong>iustitiam,</strong></span> <span class='ocrx_word' id='word_1_615' title='bbox 3109 1332 3222 1387; x_wconf 72' lang='lat' dir='ltr'><strong>quae</strong></span> <span class='ocrx_word' id='word_1_616' title='bbox 3254 1326 3317 1372; x_wconf 71' lang='lat' dir='ltr'><strong>ea:</strong></span> <span class='ocrx_word' id='word_1_617' title='bbox 3348 1318 3459 1388; x_wconf 79' lang='lat' dir='ltr'><strong>lege</strong></span> <span class='ocrx_word' id='word_1_618' title='bbox 3484 1325 3589 1384; x_wconf 81' lang='lat' dir='ltr'><strong>est,</strong></span> <span class='ocrx_word' id='word_1_619' title='bbox 3610 1318 3700 1373; x_wconf 87' lang='lat' dir='ltr'><strong>sed</strong></span> <span class='ocrx_word' id='word_1_620' title='bbox 3732 1335 3837 1372; x_wconf 87' lang='lat' dir='ltr'><strong>eam</strong></span> 
     </span>
    </p>
   </div>
   <div class='ocr_carea' id='block_1_73' title="bbox 2261 1404 3838 1478">
    <p class='ocr_par' dir='ltr' id='par_1_73' title="bbox 2261 1404 3838 1478">
     <span class='ocr_line' id='line_1_75' title="bbox 2261 1404 3838 1478; baseline 0 -18"><span class='ocrx_word' id='word_1_621' title='bbox 2261 1422 2373 1475; x_wconf 67' lang='lat' dir='ltr'><strong>quae</strong></span> <span class='ocrx_word' id='word_1_622' title='bbox 2414 1416 2484 1460; x_wconf 77' lang='lat' dir='ltr'><strong>est</strong></span> <span class='ocrx_word' id='word_1_623' title='bbox 2516 1423 2606 1478; x_wconf 88' lang='lat' dir='ltr'><strong>per</strong></span> <span class='ocrx_word' id='word_1_624' title='bbox 2645 1406 2798 1476; x_wconf 87' lang='lat' dir='ltr'><strong>ﬁdem</strong></span> <span class='ocrx_word' id='word_1_625' title='bbox 2828 1404 3052 1473; x_wconf 86' lang='lat' dir='ltr'><strong>Christi,</strong></span> <span class='ocrx_word' id='word_1_626' title='bbox 3081 1423 3194 1477; x_wconf 73' lang='lat' dir='ltr'><strong>qua:</strong></span> <span class='ocrx_word' id='word_1_627' title='bbox 3219 1416 3295 1461; x_wconf 88' lang='lat' dir='ltr'><strong>est</strong></span> <span class='ocrx_word' id='word_1_628' title='bbox 3315 1423 3382 1478; x_wconf 57' lang='lat' dir='ltr'><strong>eag</strong></span> <span class='ocrx_word' id='word_1_629' title='bbox 3406 1405 3515 1461; x_wconf 77' lang='lat' dir='ltr'><strong>Deo</strong></span> <span class='ocrx_word' id='word_1_630' title='bbox 3547 1408 3750 1478; x_wconf 82' lang='lat' dir='ltr'><strong>justitia</strong></span> <span class='ocrx_word' id='word_1_631' title='bbox 3787 1409 3838 1460; x_wconf 86' lang='lat' dir='ltr'><strong>in</strong></span> 
     </span>
    </p>
   </div>
   <div class='ocr_carea' id='block_1_74' title="bbox 2263 1498 3839 1568">
    <p class='ocr_par' dir='ltr' id='par_1_74' title="bbox 2263 1498 3839 1568">
     <span class='ocr_line' id='line_1_76' title="bbox 2263 1498 3839 1568; baseline 0.001 -18"><span class='ocrx_word' id='word_1_632' title='bbox 2263 1498 2397 1568; x_wconf 78' lang='lat' dir='ltr'><strong>ﬁde;</strong></span> <span class='ocrx_word' id='word_1_633' title='bbox 2423 1498 2614 1552; x_wconf 75' lang='lat' dir='ltr'><strong>deinde</strong></span> <span class='ocrx_word' id='word_1_634' title='bbox 2640 1498 2912 1566; x_wconf 82' lang='lat' dir='ltr'><strong>subjunxit</strong></span> <span class='ocrx_word' id='word_1_635' title='bbox 2930 1540 2944 1563; x_wconf 93' lang='lat'><strong>,</strong></span> <span class='ocrx_word' id='word_1_636' title='bbox 2972 1498 3054 1552; x_wconf 79' lang='lat' dir='ltr'><strong>Ad</strong></span> <span class='ocrx_word' id='word_1_637' title='bbox 3072 1498 3469 1567; x_wconf 81' lang='lat' dir='ltr'><strong>cognoscendum</strong></span> <span class='ocrx_word' id='word_1_638' title='bbox 3489 1515 3606 1552; x_wconf 89' lang='lat' dir='ltr'><strong>eum</strong></span> <span class='ocrx_word' id='word_1_639' title='bbox 3628 1542 3643 1566; x_wconf 90' lang='lat'><strong>,</strong></span> <span class='ocrx_word' id='word_1_640' title='bbox 3672 1508 3718 1553; x_wconf 91' lang='lat' dir='ltr'><strong>et</strong></span> <span class='ocrx_word' id='word_1_641' title='bbox 3744 1500 3839 1553; x_wconf 77' lang='lat' dir='ltr'><strong>sir-</strong></span> 
     </span>
    </p>
   </div>
   <div class='ocr_carea' id='block_1_75' title="bbox 2264 1587 3839 1659">
    <p class='ocr_par' dir='ltr' id='par_1_75' title="bbox 2264 1587 3839 1659">
     <span class='ocr_line' id='line_1_77' title="bbox 2264 1587 3839 1659; baseline 0.001 -18"><span class='ocrx_word' id='word_1_642' title='bbox 2264 1597 2415 1642; x_wconf 85' lang='lat' dir='ltr'><strong>tutem</strong></span> <span class='ocrx_word' id='word_1_643' title='bbox 2447 1587 2824 1642; x_wconf 83' lang='lat' dir='ltr'><strong>resurrectionis</strong></span> <span class='ocrx_word' id='word_1_644' title='bbox 2855 1588 2994 1658; x_wconf 85' lang='lat' dir='ltr'><strong>ejus,</strong></span> <span class='ocrx_word' id='word_1_645' title='bbox 3027 1598 3076 1643; x_wconf 84' lang='lat' dir='ltr'><strong>et</strong></span> <span class='ocrx_word' id='word_1_646' title='bbox 3103 1588 3605 1643; x_wconf 82' lang='lat' dir='ltr'><strong>communicationem</strong></span> <span class='ocrx_word' id='word_1_647' title='bbox 3647 1589 3839 1659; x_wconf 86' lang='lat' dir='ltr'><strong>passio-</strong></span> 
     </span>
    </p>
   </div>
   <div class='ocr_carea' id='block_1_76' title="bbox 2264 1679 3840 1752">
    <p class='ocr_par' dir='ltr' id='par_1_76' title="bbox 2264 1679 3840 1752">
     <span class='ocr_line' id='line_1_78' title="bbox 2264 1679 3840 1752; baseline 0.003 -19"><span class='ocrx_word' id='word_1_648' title='bbox 2264 1695 2386 1733; x_wconf 87' lang='lat' dir='ltr'><strong>num</strong></span> <span class='ocrx_word' id='word_1_649' title='bbox 2428 1680 2559 1750; x_wconf 85' lang='lat' dir='ltr'><strong>ejus.</strong></span> <span class='ocrx_word' id='word_1_650' title='bbox 2602 1679 2726 1735; x_wconf 68' lang='lat' dir='ltr'><strong>Haec</strong></span> <span class='ocrx_word' id='word_1_651' title='bbox 2761 1679 2937 1735; x_wconf 91' lang='lat' dir='ltr'><strong>omnia</strong></span> <span class='ocrx_word' id='word_1_652' title='bbox 2978 1680 3213 1735; x_wconf 91' lang='lat' dir='ltr'><strong>nondum</strong></span> <span class='ocrx_word' id='word_1_653' title='bbox 3255 1680 3408 1750; x_wconf 89' lang='lat' dir='ltr'><strong>plena</strong></span> <span class='ocrx_word' id='word_1_654' title='bbox 3439 1690 3493 1736; x_wconf 90' lang='lat' dir='ltr'><strong>et</strong></span> <span class='ocrx_word' id='word_1_655' title='bbox 3534 1680 3764 1752; x_wconf 88' lang='lat' dir='ltr'><strong>perfecta</strong></span> <span class='ocrx_word' id='word_1_656' title='bbox 3791 1682 3840 1737; x_wconf 91' lang='lat' dir='ltr'><strong>in</strong></span> 
     </span>
    </p>
   </div>
   <div class='ocr_carea' id='block_1_77' title="bbox 2264 1758 3839 1842">
    <p class='ocr_par' dir='ltr' id='par_1_77' title="bbox 2264 1758 3839 1842">
     <span class='ocr_line' id='line_1_79' title="bbox 2264 1758 3839 1842; baseline 0 -14"><span class='ocrx_word' id='word_1_657' title='bbox 2264 1758 2521 1842; x_wconf 73' lang='lat' dir='ltr'><strong>Apostolo</strong></span> <span class='ocrx_word' id='word_1_658' title='bbox 2546 1782 2718 1840; x_wconf 89' lang='lat' dir='ltr'><strong>erant,</strong></span> <span class='ocrx_word' id='word_1_659' title='bbox 2746 1772 2839 1827; x_wconf 91' lang='lat' dir='ltr'><strong>sed</strong></span> <span class='ocrx_word' id='word_1_660' title='bbox 2868 1782 3115 1842; x_wconf 90' lang='lat' dir='ltr'><strong>tanquam</strong></span> <span class='ocrx_word' id='word_1_661' title='bbox 3140 1773 3192 1827; x_wconf 90' lang='lat' dir='ltr'><strong>in</strong></span> <span class='ocrx_word' id='word_1_662' title='bbox 3214 1772 3297 1828; x_wconf 84' lang='lat' dir='ltr'><strong>via</strong></span> <span class='ocrx_word' id='word_1_663' title='bbox 3334 1774 3542 1841; x_wconf 89' lang='lat' dir='ltr'><strong>positus</strong></span> <span class='ocrx_word' id='word_1_664' title='bbox 3563 1772 3630 1827; x_wconf 86' lang='lat' dir='ltr'><strong>ad</strong></span> <span class='ocrx_word' id='word_1_665' title='bbox 3658 1788 3839 1828; x_wconf 91' lang='lat' dir='ltr'><strong>eorum</strong></span> 
     </span>
    </p>
   </div>
   <div class='ocr_carea' id='block_1_78' title="bbox 2266 1861 3844 1939">
    <p class='ocr_par' dir='ltr' id='par_1_78' title="bbox 2266 1861 3844 1939">
     <span class='ocr_line' id='line_1_80' title="bbox 2266 1861 3844 1939; baseline 0.001 -23"><span class='ocrx_word' id='word_1_666' title='bbox 2266 1861 2650 1934; x_wconf 89' lang='lat' dir='ltr'><strong>plenitudinem</strong></span> <span class='ocrx_word' id='word_1_667' title='bbox 2700 1862 3183 1934; x_wconf 80' lang='lat' dir='ltr'><strong>perfectionemque</strong></span> <span class='ocrx_word' id='word_1_668' title='bbox 3224 1862 3495 1939; x_wconf 58' lang='lat' dir='ltr'><strong>curyebat.</strong></span> <span class='ocrx_word' id='word_1_669' title='bbox 3538 1862 3673 1918; x_wconf 87' lang='lat' dir='ltr'><strong>Nam</strong></span> <span class='ocrx_word' id='word_1_670' title='bbox 3716 1877 3844 1934; x_wconf 78' lang='lat' dir='ltr'><strong>quo-</strong></span> 
     </span>
    </p>
   </div>
   <div class='ocr_carea' id='block_1_79' title="bbox 2266 1952 3845 2025">
    <p class='ocr_par' dir='ltr' id='par_1_79' title="bbox 2266 1952 3845 2025">
     <span class='ocr_line' id='line_1_81' title="bbox 2266 1952 3845 2025; baseline 0 -16"><span class='ocrx_word' id='word_1_671' title='bbox 2266 1953 2426 2010; x_wconf 88' lang='lat' dir='ltr'><strong>modo</strong></span> <span class='ocrx_word' id='word_1_672' title='bbox 2464 1952 2577 2025; x_wconf 85' lang='lat' dir='ltr'><strong>jam</strong></span> <span class='ocrx_word' id='word_1_673' title='bbox 2623 1953 2855 2022; x_wconf 87' lang='lat' dir='ltr'><strong>perfecte</strong></span> <span class='ocrx_word' id='word_1_674' title='bbox 2894 1963 3216 2024; x_wconf 86' lang='lat' dir='ltr'><strong>cognoverat</strong></span> <span class='ocrx_word' id='word_1_675' title='bbox 3251 1952 3553 2017; x_wconf 85' lang='lat' dir='ltr'><strong>Christum,</strong></span> <span class='ocrx_word' id='word_1_676' title='bbox 3585 1955 3678 2024; x_wconf 88' lang='lat' dir='ltr'><strong>qui</strong></span> <span class='ocrx_word' id='word_1_677' title='bbox 3721 1954 3845 2010; x_wconf 89' lang='lat' dir='ltr'><strong>dicit</strong></span> 
     </span>
    </p>
   </div>
   <div class='ocr_carea' id='block_1_80' title="bbox 2264 2043 3843 2116">
    <p class='ocr_par' dir='ltr' id='par_1_80' title="bbox 2264 2043 3843 2116">
     <span class='ocr_line' id='line_1_82' title="bbox 2264 2043 3843 2116; baseline -0.001 -15"><span class='ocrx_word' id='word_1_678' title='bbox 2264 2046 2371 2101; x_wconf 89' lang='lat' dir='ltr'><strong>alio</strong></span> <span class='ocrx_word' id='word_1_679' title='bbox 2395 2047 2512 2102; x_wconf 88' lang='lat' dir='ltr'><strong>loco</strong></span> <span class='ocrx_word' id='word_1_680' title='bbox 2533 2087 2548 2111; x_wconf 95' lang='lat'><strong>,</strong></span> <span class='ocrx_word' id='word_1_681' title='bbox 2580 2043 2735 2099; x_wconf 89' lang='lat' dir='ltr'><strong>Nunc</strong></span> <span class='ocrx_word' id='word_1_682' title='bbox 2757 2046 2861 2100; x_wconf 88' lang='lat' dir='ltr'><strong>scio</strong></span> <span class='ocrx_word' id='word_1_683' title='bbox 2899 2061 2961 2099; x_wconf 81' lang='lat' dir='ltr'><strong>ea:</strong></span> <span class='ocrx_word' id='word_1_684' title='bbox 2994 2053 3165 2114; x_wconf 85' lang='lat' dir='ltr'><strong>parte,</strong></span> <span class='ocrx_word' id='word_1_685' title='bbox 3198 2053 3316 2097; x_wconf 88' lang='lat' dir='ltr'><strong>tunc</strong></span> <span class='ocrx_word' id='word_1_686' title='bbox 3352 2053 3519 2099; x_wconf 87' lang='lat' dir='ltr'><strong>autem</strong></span> <span class='ocrx_word' id='word_1_687' title='bbox 3544 2060 3843 2116; x_wconf 82' lang='lat' dir='ltr'><strong>cognoscam</strong></span> 
     </span>
    </p>
   </div>
   <div class='ocr_carea' id='block_1_81' title="bbox 2265 2134 3845 2210">
    <p class='ocr_par' dir='ltr' id='par_1_81' title="bbox 2265 2134 3845 2210">
     <span class='ocr_line' id='line_1_83' title="bbox 2265 2134 3845 2210; baseline -0.002 -16"><span class='ocrx_word' id='word_1_688' title='bbox 2265 2139 2394 2194; x_wconf 85' lang='lat' dir='ltr'><strong>sicut</strong></span> <span class='ocrx_word' id='word_1_689' title='bbox 2420 2146 2468 2194; x_wconf 83' lang='lat' dir='ltr'><strong>et</strong></span> <span class='ocrx_word' id='word_1_690' title='bbox 2490 2139 2720 2209; x_wconf 87' lang='lat' dir='ltr'><strong>cognitus</strong></span> <span class='ocrx_word' id='word_1_691' title='bbox 2756 2153 2867 2192; x_wconf 89' lang='lat' dir='ltr'><strong>sum</strong></span> <span class='ocrx_word' id='word_1_692' title='bbox 2898 2136 2953 2209; x_wconf 91' lang='grc' dir='ltr'><strong>(Ι</strong></span> <span class='ocrx_word' id='word_1_693' title='bbox 2978 2134 3097 2192; x_wconf 91' lang='lat' dir='ltr'><strong>Cor.</strong></span> <span class='ocrx_word' id='word_1_694' title='bbox 3138 2151 3261 2201; x_wconf 90' lang='lat' dir='ltr'><strong>xnt,</strong></span> <span class='ocrx_word' id='word_1_695' title='bbox 3304 2134 3432 2210; x_wconf 68' lang='lat'><strong>12)?</strong></span> <span class='ocrx_word' id='word_1_696' title='bbox 3471 2136 3536 2190; x_wconf 88' lang='lat' dir='ltr'><strong>Et</strong></span> <span class='ocrx_word' id='word_1_697' title='bbox 3577 2137 3845 2207; x_wconf 89' lang='lat' dir='ltr'><strong>quomodo</strong></span> 
     </span>
    </p>
   </div>
   <div class='ocr_carea' id='block_1_82' title="bbox 2262 2226 3842 2301">
    <p class='ocr_par' dir='ltr' id='par_1_82' title="bbox 2262 2226 3842 2301">
     <span class='ocr_line' id='line_1_84' title="bbox 2262 2226 3842 2301; baseline -0.003 -17"><span class='ocrx_word' id='word_1_698' title='bbox 2262 2230 2373 2301; x_wconf 89' lang='lat' dir='ltr'><strong>jam</strong></span> <span class='ocrx_word' id='word_1_699' title='bbox 2398 2227 2632 2301; x_wconf 88' lang='lat' dir='ltr'><strong>perfecte</strong></span> <span class='ocrx_word' id='word_1_700' title='bbox 2652 2237 2976 2298; x_wconf 90' lang='lat' dir='ltr'><strong>cognoverat</strong></span> <span class='ocrx_word' id='word_1_701' title='bbox 2998 2228 3249 2282; x_wconf 89' lang='lat' dir='ltr'><strong>virtutem</strong></span> <span class='ocrx_word' id='word_1_702' title='bbox 3271 2228 3387 2295; x_wconf 88' lang='lat' dir='ltr'><strong>ejus</strong></span> <span class='ocrx_word' id='word_1_703' title='bbox 3415 2226 3842 2292; x_wconf 85' lang='lat' dir='ltr'><strong>resurrectionis,</strong></span> 
     </span>
    </p>
   </div>
   <div class='ocr_carea' id='block_1_83' title="bbox 2267 2318 3845 2389">
    <p class='ocr_par' dir='ltr' id='par_1_83' title="bbox 2267 2318 3845 2389">
     <span class='ocr_line' id='line_1_85' title="bbox 2267 2318 3845 2389; baseline -0.003 -12"><span class='ocrx_word' id='word_1_704' title='bbox 2267 2322 2352 2377; x_wconf 91' lang='lat' dir='ltr'><strong>cui</strong></span> <span class='ocrx_word' id='word_1_705' title='bbox 2399 2321 2633 2376; x_wconf 82' lang='lat' dir='ltr'><strong>restabat</strong></span> <span class='ocrx_word' id='word_1_706' title='bbox 2674 2321 2691 2353; x_wconf 75' lang='grc' dir='ltr'>ί</span> <span class='ocrx_word' id='word_1_707' title='bbox 2735 2334 2853 2374; x_wconf 89' lang='lat' dir='ltr'><strong>eam</strong></span> <span class='ocrx_word' id='word_1_708' title='bbox 2898 2319 3105 2389; x_wconf 87' lang='lat' dir='ltr'><strong>plenius</strong></span> <span class='ocrx_word' id='word_1_709' title='bbox 3153 2328 3394 2387; x_wconf 90' lang='lat' dir='ltr'><strong>tempore</strong></span> <span class='ocrx_word' id='word_1_710' title='bbox 3438 2318 3845 2374; x_wconf 85' lang='lat' dir='ltr'><strong>resurrectionis</strong></span> 
     </span>
    </p>
   </div>
   <div class='ocr_carea' id='block_1_84' title="bbox 2268 2407 3847 2482">
    <p class='ocr_par' dir='ltr' id='par_1_84' title="bbox 2268 2407 3847 2482">
     <span class='ocr_line' id='line_1_86' title="bbox 2268 2407 3847 2482; baseline -0.002 -15"><span class='ocrx_word' id='word_1_711' title='bbox 2268 2412 2444 2467; x_wconf 91' lang='lat' dir='ltr'><strong>carnis</strong></span> <span class='ocrx_word' id='word_1_712' title='bbox 2471 2410 2796 2482; x_wconf 88' lang='lat' dir='ltr'><strong>experiendo</strong></span> <span class='ocrx_word' id='word_1_713' title='bbox 2825 2410 3191 2482; x_wconf 78' lang='lat' dir='ltr'><strong>cognoscere?</strong></span> <span class='ocrx_word' id='word_1_714' title='bbox 3215 2410 3279 2464; x_wconf 87' lang='lat' dir='ltr'><strong>Et</strong></span> <span class='ocrx_word' id='word_1_715' title='bbox 3298 2407 3568 2480; x_wconf 88' lang='lat' dir='ltr'><strong>quomodo</strong></span> <span class='ocrx_word' id='word_1_716' title='bbox 3588 2409 3703 2478; x_wconf 90' lang='lat' dir='ltr'><strong>jam</strong></span> <span class='ocrx_word' id='word_1_717' title='bbox 3733 2423 3847 2480; x_wconf 81' lang='lat' dir='ltr'><strong>per-</strong></span> 
     </span>
    </p>
   </div>
   <div class='ocr_carea' id='block_1_85' title="bbox 2269 2498 3845 2572">
    <p class='ocr_par' dir='ltr' id='par_1_85' title="bbox 2269 2498 3845 2572">
     <span class='ocr_line' id='line_1_87' title="bbox 2269 2498 3845 2572; baseline -0.001 -16"><span class='ocrx_word' id='word_1_718' title='bbox 2269 2502 2408 2559; x_wconf 90' lang='lat' dir='ltr'><strong>fecte</strong></span> <span class='ocrx_word' id='word_1_719' title='bbox 2435 2510 2757 2572; x_wconf 88' lang='lat' dir='ltr'><strong>cognoverat</strong></span> <span class='ocrx_word' id='word_1_720' title='bbox 2784 2501 3321 2558; x_wconf 88' lang='lat' dir='ltr'><strong>communicationem</strong></span> <span class='ocrx_word' id='word_1_721' title='bbox 3349 2498 3661 2570; x_wconf 86' lang='lat' dir='ltr'><strong>passionum</strong></span> <span class='ocrx_word' id='word_1_722' title='bbox 3699 2498 3814 2570; x_wconf 87' lang='lat' dir='ltr'><strong>ejus</strong></span> <span class='ocrx_word' id='word_1_723' title='bbox 3831 2540 3845 2564; x_wconf 90' lang='lat'><strong>.</strong></span> 
     </span>
    </p>
   </div>
   <div class='ocr_carea' id='block_1_86' title="bbox 2271 2588 3849 2663">
    <p class='ocr_par' dir='ltr' id='par_1_86' title="bbox 2271 2588 3849 2663">
     <span class='ocr_line' id='line_1_88' title="bbox 2271 2588 3849 2663; baseline -0.003 -15"><span class='ocrx_word' id='word_1_724' title='bbox 2271 2593 2504 2649; x_wconf 90' lang='lat' dir='ltr'><strong>nondum</strong></span> <span class='ocrx_word' id='word_1_725' title='bbox 2531 2609 2625 2663; x_wconf 90' lang='lat' dir='ltr'><strong>pro</strong></span> <span class='ocrx_word' id='word_1_726' title='bbox 2650 2593 2743 2648; x_wconf 90' lang='lat' dir='ltr'><strong>illo</strong></span> <span class='ocrx_word' id='word_1_727' title='bbox 2767 2592 3068 2662; x_wconf 88' lang='lat' dir='ltr'><strong>passionem</strong></span> <span class='ocrx_word' id='word_1_728' title='bbox 3097 2591 3283 2646; x_wconf 88' lang='lat' dir='ltr'><strong>mortis</strong></span> <span class='ocrx_word' id='word_1_729' title='bbox 3302 2589 3586 2660; x_wconf 79' lang='lat' dir='ltr'><strong>expertus?</strong></span> <span class='ocrx_word' id='word_1_730' title='bbox 3613 2588 3849 2659; x_wconf 83' lang='lat' dir='ltr'><strong>Denique</strong></span> 
     </span>
    </p>
   </div>
   <div class='ocr_carea' id='block_1_87' title="bbox 2270 2681 3850 2754">
    <p class='ocr_par' dir='ltr' id='par_1_87' title="bbox 2270 2681 3850 2754">
     <span class='ocr_line' id='line_1_89' title="bbox 2270 2681 3850 2754; baseline -0.003 -16"><span class='ocrx_word' id='word_1_731' title='bbox 2270 2684 2416 2738; x_wconf 88' lang='lat' dir='ltr'><strong>addit</strong></span> <span class='ocrx_word' id='word_1_732' title='bbox 2441 2692 2495 2740; x_wconf 88' lang='lat' dir='ltr'><strong>et</strong></span> <span class='ocrx_word' id='word_1_733' title='bbox 2513 2684 2639 2740; x_wconf 90' lang='lat' dir='ltr'><strong>dicit</strong></span> <span class='ocrx_word' id='word_1_734' title='bbox 2663 2702 2678 2740; x_wconf 91' lang='lat'><strong>:</strong></span> <span class='ocrx_word' id='word_1_735' title='bbox 2703 2683 2762 2738; x_wconf 88' lang='lat' dir='ltr'><strong>Si</strong></span> <span class='ocrx_word' id='word_1_736' title='bbox 2787 2700 2884 2754; x_wconf 88' lang='lat' dir='ltr'><strong>quo</strong></span> <span class='ocrx_word' id='word_1_737' title='bbox 2907 2683 3056 2737; x_wconf 88' lang='lat' dir='ltr'><strong>modo</strong></span> <span class='ocrx_word' id='word_1_738' title='bbox 3076 2697 3337 2736; x_wconf 84' lang='lat' dir='ltr'><strong>occurram</strong></span> <span class='ocrx_word' id='word_1_739' title='bbox 3359 2682 3411 2734; x_wconf 85' lang='lat' dir='ltr'><strong>in</strong></span> <span class='ocrx_word' id='word_1_740' title='bbox 3440 2681 3850 2735; x_wconf 76' lang='lat' dir='ltr'><strong>resurrectionem</strong></span> 
     </span>
    </p>
   </div>
   <div class='ocr_carea' id='block_1_88' title="bbox 2269 2770 3848 2843">
    <p class='ocr_par' dir='ltr' id='par_1_88' title="bbox 2269 2770 3848 2843">
     <span class='ocr_line' id='line_1_90' title="bbox 2269 2770 3848 2843; baseline -0.004 -14"><span class='ocrx_word' id='word_1_741' title='bbox 2269 2786 2600 2829; x_wconf 82' lang='lat' dir='ltr'><strong>mortuorum.</strong></span> <span class='ocrx_word' id='word_1_742' title='bbox 2642 2775 2719 2829; x_wconf 83' lang='lat' dir='ltr'><strong>Ac</strong></span> <span class='ocrx_word' id='word_1_743' title='bbox 2752 2773 2946 2829; x_wconf 89' lang='lat' dir='ltr'><strong>deinde</strong></span> <span class='ocrx_word' id='word_1_744' title='bbox 2971 2774 3074 2827; x_wconf 73' lang='lat' dir='ltr'><strong>ait‘</strong></span> <span class='ocrx_word' id='word_1_745' title='bbox 3112 2772 3234 2829; x_wconf 61' lang='lat' dir='ltr'><strong>Non</strong></span> <span class='ocrx_word' id='word_1_746' title='bbox 3269 2771 3388 2843; x_wconf 87' lang='lat' dir='ltr'><strong>quia</strong></span> <span class='ocrx_word' id='word_1_747' title='bbox 3403 2770 3518 2842; x_wconf 83' lang='lat' dir='ltr'><strong>jam</strong></span> <span class='ocrx_word' id='word_1_748' title='bbox 3541 2771 3848 2841; x_wconf 86' lang='lat' dir='ltr'><strong>acceperint,</strong></span> 
     </span>
    </p>
   </div>
   <div class='ocr_carea' id='block_1_89' title="bbox 2271 2860 3849 2940">
    <p class='ocr_par' dir='ltr' id='par_1_89' title="bbox 2271 2860 3849 2940">
     <span class='ocr_line' id='line_1_91' title="bbox 2271 2860 3849 2940; baseline -0.001 -19"><span class='ocrx_word' id='word_1_749' title='bbox 2271 2876 2360 2922; x_wconf 89' lang='lat' dir='ltr'><strong>aut</strong></span> <span class='ocrx_word' id='word_1_750' title='bbox 2372 2868 2486 2939; x_wconf 87' lang='lat' dir='ltr'><strong>jam</strong></span> <span class='ocrx_word' id='word_1_751' title='bbox 2510 2872 2757 2940; x_wconf 78' lang='lat' dir='ltr'><strong>perfectus</strong></span> <span class='ocrx_word' id='word_1_752' title='bbox 2783 2868 2898 2924; x_wconf 87' lang='lat' dir='ltr'><strong>sim.</strong></span> <span class='ocrx_word' id='word_1_753' title='bbox 2917 2867 3052 2937; x_wconf 86' lang='lat' dir='ltr'><strong>Quid</strong></span> <span class='ocrx_word' id='word_1_754' title='bbox 3074 2882 3202 2939; x_wconf 89' lang='lat' dir='ltr'><strong>ergo</strong></span> <span class='ocrx_word' id='word_1_755' title='bbox 3221 2880 3280 2921; x_wconf 87' lang='lat' dir='ltr'><strong>se</strong></span> <span class='ocrx_word' id='word_1_756' title='bbox 3307 2860 3591 2921; x_wconf 69' lang='lat' dir='ltr'><strong>confltetui</strong></span> <span class='ocrx_word' id='word_1_757' title='bbox 3617 2864 3849 2920; x_wconf 92' lang='lat' dir='ltr'><strong>nondum</strong></span> 
     </span>
    </p>
   </div>
   <div class='ocr_carea' id='block_1_90' title="bbox 2273 2956 3851 3030">
    <p class='ocr_par' dir='ltr' id='par_1_90' title="bbox 2273 2956 3851 3030">
     <span class='ocr_line' id='line_1_92' title="bbox 2273 2956 3851 3030; baseline -0.001 -17"><span class='ocrx_word' id='word_1_758' title='bbox 2273 2958 2544 3030; x_wconf 82' lang='lat' dir='ltr'><strong>accepisse</strong></span> <span class='ocrx_word' id='word_1_759' title='bbox 2564 2999 2578 3022; x_wconf 93' lang='lat'><strong>,</strong></span> <span class='ocrx_word' id='word_1_760' title='bbox 2611 2958 2743 3015; x_wconf 90' lang='lat' dir='ltr'><strong>etin</strong></span> <span class='ocrx_word' id='word_1_761' title='bbox 2772 2972 2876 3029; x_wconf 89' lang='lat' dir='ltr'><strong>quo</strong></span> <span class='ocrx_word' id='word_1_762' title='bbox 2904 2957 3143 3014; x_wconf 91' lang='lat' dir='ltr'><strong>nondum</strong></span> <span class='ocrx_word' id='word_1_763' title='bbox 3177 2972 3299 3014; x_wconf 89' lang='lat' dir='ltr'><strong>esse</strong></span> <span class='ocrx_word' id='word_1_764' title='bbox 3323 2956 3641 3028; x_wconf 87' lang='lat' dir='ltr'><strong>perfectum,</strong></span> <span class='ocrx_word' id='word_1_765' title='bbox 3675 2957 3775 3013; x_wconf 89' lang='lat' dir='ltr'><strong>nisi</strong></span> <span class='ocrx_word' id='word_1_766' title='bbox 3800 2957 3851 3012; x_wconf 89' lang='lat' dir='ltr'><strong>in</strong></span> 
     </span>
    </p>
   </div>
   <div class='ocr_carea' id='block_1_91' title="bbox 2273 3048 3852 3119">
    <p class='ocr_par' dir='ltr' id='par_1_91' title="bbox 2273 3048 3852 3119">
     <span class='ocr_line' id='line_1_93' title="bbox 2273 3048 3852 3119; baseline -0.001 -14"><span class='ocrx_word' id='word_1_767' title='bbox 2273 3060 2338 3105; x_wconf 87' lang='lat' dir='ltr'><strong>ea</strong></span> <span class='ocrx_word' id='word_1_768' title='bbox 2363 3048 2612 3119; x_wconf 77' lang='lat' dir='ltr'><strong>’justitia</strong></span> <span class='ocrx_word' id='word_1_769' title='bbox 2638 3090 2655 3117; x_wconf 96' lang='lat'><strong>,</strong></span> <span class='ocrx_word' id='word_1_770' title='bbox 2691 3064 2810 3119; x_wconf 69' lang='lat' dir='ltr'><strong>qua:</strong></span> <span class='ocrx_word' id='word_1_771' title='bbox 2850 3064 2917 3104; x_wconf 90' lang='lat' dir='ltr'><strong>ex</strong></span> <span class='ocrx_word' id='word_1_772' title='bbox 2960 3049 3071 3105; x_wconf 90' lang='lat' dir='ltr'><strong>Deo</strong></span> <span class='ocrx_word' id='word_1_773' title='bbox 3114 3055 3230 3117; x_wconf 88' lang='lat' dir='ltr'><strong>est,</strong></span> <span class='ocrx_word' id='word_1_774' title='bbox 3272 3064 3429 3119; x_wconf 88' lang='lat' dir='ltr'><strong>quam</strong></span> <span class='ocrx_word' id='word_1_775' title='bbox 3469 3050 3852 3118; x_wconf 88' lang='lat' dir='ltr'><strong>concupiscens</strong></span> 
     </span>
    </p>
   </div>
   <div class='ocr_carea' id='block_1_92' title="bbox 2274 3139 3849 3212">
    <p class='ocr_par' dir='ltr' id='par_1_92' title="bbox 2274 3139 3849 3212">
     <span class='ocr_line' id='line_1_94' title="bbox 2274 3139 3849 3212; baseline -0.002 -16"><span class='ocrx_word' id='word_1_776' title='bbox 2274 3140 2447 3197; x_wconf 86' lang='lat' dir='ltr'><strong>noluit</strong></span> <span class='ocrx_word' id='word_1_777' title='bbox 2486 3155 2635 3195; x_wconf 82' lang='lat' dir='ltr'><strong>suam</strong></span> <span class='ocrx_word' id='word_1_778' title='bbox 2675 3140 2908 3207; x_wconf 87' lang='lat' dir='ltr'><strong>habere,</strong></span> <span class='ocrx_word' id='word_1_779' title='bbox 2952 3155 3074 3210; x_wconf 63' lang='lat' dir='ltr'><strong>quae</strong></span> <span class='ocrx_word' id='word_1_780' title='bbox 3108 3154 3175 3196; x_wconf 90' lang='lat' dir='ltr'><strong>ex</strong></span> <span class='ocrx_word' id='word_1_781' title='bbox 3214 3139 3332 3212; x_wconf 86' lang='lat' dir='ltr'><strong>lege</strong></span> <span class='ocrx_word' id='word_1_782' title='bbox 3370 3139 3492 3196; x_wconf 76' lang='lat' dir='ltr'><strong>est?</strong></span> <span class='ocrx_word' id='word_1_783' title='bbox 3535 3139 3674 3195; x_wconf 87' lang='lat' dir='ltr'><strong>Hinc</strong></span> <span class='ocrx_word' id='word_1_784' title='bbox 3712 3139 3849 3196; x_wconf 91' lang='lat' dir='ltr'><strong>enim</strong></span> 
     </span>
    </p>
   </div>
   <div class='ocr_carea' id='block_1_93' title="bbox 2275 3229 3852 3302">
    <p class='ocr_par' dir='ltr' id='par_1_93' title="bbox 2275 3229 3852 3302">
     <span class='ocr_line' id='line_1_95' title="bbox 2275 3229 3852 3302; baseline 0 -16"><span class='ocrx_word' id='word_1_785' title='bbox 2275 3230 2609 3302; x_wconf 88' lang='lat' dir='ltr'><strong>loquebatur,</strong></span> <span class='ocrx_word' id='word_1_786' title='bbox 2632 3240 2685 3287; x_wconf 90' lang='lat' dir='ltr'><strong>et</strong></span> <span class='ocrx_word' id='word_1_787' title='bbox 2711 3231 2809 3285; x_wconf 92' lang='lat' dir='ltr'><strong>ista</strong></span> <span class='ocrx_word' id='word_1_788' title='bbox 2831 3229 2929 3285; x_wconf 91' lang='lat' dir='ltr'><strong>fuit</strong></span> <span class='ocrx_word' id='word_1_789' title='bbox 2947 3245 3107 3285; x_wconf 90' lang='lat' dir='ltr'><strong>causa</strong></span> <span class='ocrx_word' id='word_1_790' title='bbox 3129 3239 3185 3285; x_wconf 91' lang='lat' dir='ltr'><strong>ut</strong></span> <span class='ocrx_word' id='word_1_791' title='bbox 3207 3230 3322 3286; x_wconf 66' lang='lat' dir='ltr'><strong>hmc</strong></span> <span class='ocrx_word' id='word_1_792' title='bbox 3346 3230 3569 3298; x_wconf 79' lang='lat' dir='ltr'><strong>diceret,</strong></span> <span class='ocrx_word' id='word_1_793' title='bbox 3600 3232 3852 3286; x_wconf 86' lang='lat' dir='ltr'><strong>resistens</strong></span> 
     </span>
    </p>
   </div>
   <div class='ocr_carea' id='block_1_94' title="bbox 2277 3323 3853 3397">
    <p class='ocr_par' dir='ltr' id='par_1_94' title="bbox 2277 3323 3853 3397">
     <span class='ocr_line' id='line_1_96' title="bbox 2277 3323 3853 3397; baseline 0 -18"><span class='ocrx_word' id='word_1_794' title='bbox 2277 3324 2506 3380; x_wconf 89' lang='lat' dir='ltr'><strong>inimicis</strong></span> <span class='ocrx_word' id='word_1_795' title='bbox 2528 3325 2710 3397; x_wconf 67' lang='lat' dir='ltr'><strong>gratiae</strong></span> <span class='ocrx_word' id='word_1_796' title='bbox 2738 3325 2833 3379; x_wconf 90' lang='lat' dir='ltr'><strong>Dei</strong></span> <span class='ocrx_word' id='word_1_797' title='bbox 2859 3323 2902 3391; x_wconf 84' lang='grc'><strong>³,</strong></span> <span class='ocrx_word' id='word_1_798' title='bbox 2926 3339 3022 3395; x_wconf 90' lang='lat' dir='ltr'><strong>pro</strong></span> <span class='ocrx_word' id='word_1_799' title='bbox 3046 3339 3147 3395; x_wconf 89' lang='lat' dir='ltr'><strong>qua</strong></span> <span class='ocrx_word' id='word_1_800' title='bbox 3175 3324 3446 3395; x_wconf 88' lang='lat' dir='ltr'><strong>largienda</strong></span> <span class='ocrx_word' id='word_1_801' title='bbox 3468 3323 3755 3381; x_wconf 86' lang='lat' dir='ltr'><strong>crucifixus</strong></span> <span class='ocrx_word' id='word_1_802' title='bbox 3774 3333 3853 3381; x_wconf 83' lang='lat' dir='ltr'><strong>est</strong></span> 
     </span>
    </p>
   </div>
   <div class='ocr_carea' id='block_1_95' title="bbox 2276 3414 3657 3488">
    <p class='ocr_par' dir='ltr' id='par_1_95' title="bbox 2276 3414 3657 3488">
     <span class='ocr_line' id='line_1_97' title="bbox 2276 3414 3657 3488; baseline -0.001 -15"><span class='ocrx_word' id='word_1_803' title='bbox 2276 3414 2519 3475; x_wconf 78' lang='lat' dir='ltr'><strong>Christus</strong></span> <span class='ocrx_word' id='word_1_804' title='bbox 2548 3434 2561 3471; x_wconf 89' lang='lat'><strong>:</strong></span> <span class='ocrx_word' id='word_1_805' title='bbox 2590 3432 2656 3473; x_wconf 88' lang='lat' dir='ltr'><strong>ex</strong></span> <span class='ocrx_word' id='word_1_806' title='bbox 2681 3432 2905 3488; x_wconf 90' lang='lat' dir='ltr'><strong>quorum</strong></span> <span class='ocrx_word' id='word_1_807' title='bbox 2933 3415 2956 3446; x_wconf 73' lang='lat'><strong>‘</strong></span> <span class='ocrx_word' id='word_1_808' title='bbox 2982 3432 3177 3487; x_wconf 89' lang='lat' dir='ltr'><strong>genere</strong></span> <span class='ocrx_word' id='word_1_809' title='bbox 3205 3418 3364 3472; x_wconf 90' lang='lat' dir='ltr'><strong>etiam</strong></span> <span class='ocrx_word' id='word_1_810' title='bbox 3394 3418 3480 3473; x_wconf 91' lang='lat' dir='ltr'><strong>isti</strong></span> <span class='ocrx_word' id='word_1_811' title='bbox 3511 3425 3657 3473; x_wconf 90' lang='lat' dir='ltr'><strong>sunt.</strong></span> 
     </span>
    </p>
   </div>
   <div class='ocr_carea' id='block_1_96' title="bbox 2346 3505 3853 3577">
    <p class='ocr_par' dir='ltr' id='par_1_96' title="bbox 2346 3505 3853 3577">
     <span class='ocr_line' id='line_1_98' title="bbox 2346 3505 3853 3577; baseline -0.001 -16"><span class='ocrx_word' id='word_1_812' title='bbox 2346 3506 2437 3561; x_wconf 77' lang='lat'><strong>22.</strong></span> <span class='ocrx_word' id='word_1_813' title='bbox 2466 3508 2597 3561; x_wconf 84' lang='lat' dir='ltr'><strong>Nam</strong></span> <span class='ocrx_word' id='word_1_814' title='bbox 2622 3523 2687 3561; x_wconf 88' lang='lat' dir='ltr'><strong>ex</strong></span> <span class='ocrx_word' id='word_1_815' title='bbox 2717 3506 2959 3577; x_wconf 82' lang='lat' dir='ltr'><strong>quoloco</strong></span> <span class='ocrx_word' id='word_1_816' title='bbox 2978 3508 3209 3577; x_wconf 89' lang='lat' dir='ltr'><strong>suscepit</strong></span> <span class='ocrx_word' id='word_1_817' title='bbox 3237 3506 3350 3561; x_wconf 63' lang='lat' dir='ltr'><strong>haec</strong></span> <span class='ocrx_word' id='word_1_818' title='bbox 3369 3505 3568 3571; x_wconf 89' lang='lat' dir='ltr'><strong>dicere,</strong></span> <span class='ocrx_word' id='word_1_819' title='bbox 3591 3506 3676 3562; x_wconf 84' lang='lat' dir='ltr'><strong>sic</strong></span> <span class='ocrx_word' id='word_1_820' title='bbox 3698 3522 3853 3564; x_wconf 83' lang='lat' dir='ltr'><strong>exor—</strong></span> 
     </span>
    </p>
   </div>
   <div class='ocr_carea' id='block_1_97' title="bbox 2278 3596 3855 3667">
    <p class='ocr_par' dir='ltr' id='par_1_97' title="bbox 2278 3596 3855 3667">
     <span class='ocr_line' id='line_1_99' title="bbox 2278 3596 3855 3667; baseline -0.001 -16"><span class='ocrx_word' id='word_1_821' title='bbox 2278 3610 2369 3652; x_wconf 89' lang='lat' dir='ltr'><strong>sus</strong></span> <span class='ocrx_word' id='word_1_822' title='bbox 2394 3606 2477 3651; x_wconf 89' lang='lat' dir='ltr'><strong>est</strong></span> <span class='ocrx_word' id='word_1_823' title='bbox 2508 3614 2522 3650; x_wconf 88' lang='lat'><strong>:</strong></span> <span class='ocrx_word' id='word_1_824' title='bbox 2562 3596 2734 3650; x_wconf 77' lang='lat' dir='ltr'><strong>Videte</strong></span> <span class='ocrx_word' id='word_1_825' title='bbox 2761 3613 2939 3662; x_wconf 87' lang='lat' dir='ltr'><strong>canes,</strong></span> <span class='ocrx_word' id='word_1_826' title='bbox 2970 3596 3131 3650; x_wconf 83' lang='lat' dir='ltr'><strong>uidete</strong></span> <span class='ocrx_word' id='word_1_827' title='bbox 3165 3596 3328 3651; x_wconf 88' lang='lat' dir='ltr'><strong>malos</strong></span> <span class='ocrx_word' id='word_1_828' title='bbox 3367 3596 3624 3667; x_wconf 83' lang='lat' dir='ltr'><strong>operarios</strong></span> <span class='ocrx_word' id='word_1_829' title='bbox 3646 3637 3665 3662; x_wconf 84' lang='lat'><strong>,</strong></span> <span class='ocrx_word' id='word_1_830' title='bbox 3702 3596 3855 3650; x_wconf 74' lang='lat' dir='ltr'><strong>uidete</strong></span> 
     </span>
    </p>
   </div>
   <div class='ocr_carea' id='block_1_98' title="bbox 2279 3686 3855 3758">
    <p class='ocr_par' dir='ltr' id='par_1_98' title="bbox 2279 3686 3855 3758">
     <span class='ocr_line' id='line_1_100' title="bbox 2279 3686 3855 3758; baseline 0 -17"><span class='ocrx_word' id='word_1_831' title='bbox 2279 3688 2630 3742; x_wconf 88' lang='lat' dir='ltr'><strong>concisionem.</strong></span> <span class='ocrx_word' id='word_1_832' title='bbox 2654 3686 2765 3742; x_wconf 86' lang='lat' dir='ltr'><strong>Nos</strong></span> <span class='ocrx_word' id='word_1_833' title='bbox 2784 3687 2918 3743; x_wconf 86' lang='lat' dir='ltr'><strong>enim</strong></span> <span class='ocrx_word' id='word_1_834' title='bbox 2933 3704 3103 3742; x_wconf 87' lang='lat' dir='ltr'><strong>sumus</strong></span> <span class='ocrx_word' id='word_1_835' title='bbox 3119 3688 3435 3742; x_wconf 85' lang='lat' dir='ltr'><strong>circumcisio</strong></span> <span class='ocrx_word' id='word_1_836' title='bbox 3449 3688 3536 3756; x_wconf 88' lang='lat' dir='ltr'><strong>qui</strong></span> <span class='ocrx_word' id='word_1_837' title='bbox 3550 3688 3736 3758; x_wconf 85' lang='lat' dir='ltr'><strong>spiritu</strong></span> <span class='ocrx_word' id='word_1_838' title='bbox 3754 3687 3855 3742; x_wconf 85' lang='lat' dir='ltr'><strong>Deo</strong></span> 
     </span>
    </p>
   </div>
   <div class='ocr_carea' id='block_1_99' title="bbox 2277 3778 3856 3851">
    <p class='ocr_par' dir='ltr' id='par_1_99' title="bbox 2277 3778 3856 3851">
     <span class='ocr_line' id='line_1_101' title="bbox 2277 3778 3856 3851; baseline -0.001 -17"><span class='ocrx_word' id='word_1_839' title='bbox 2277 3781 2540 3845; x_wconf 78' lang='lat' dir='ltr'><strong>servimus;</strong></span> <span class='ocrx_word' id='word_1_840' title='bbox 2557 3781 2638 3835; x_wconf 90' lang='lat' dir='ltr'><strong>vel</strong></span> <span class='ocrx_word' id='word_1_841' title='bbox 2665 3781 2800 3835; x_wconf 89' lang='lat' dir='ltr'><strong>sicut</strong></span> <span class='ocrx_word' id='word_1_842' title='bbox 2823 3780 3061 3835; x_wconf 89' lang='lat' dir='ltr'><strong>nonnulli</strong></span> <span class='ocrx_word' id='word_1_843' title='bbox 3080 3779 3291 3834; x_wconf 86' lang='lat' dir='ltr'><strong>codices</strong></span> <span class='ocrx_word' id='word_1_844' title='bbox 3310 3779 3526 3847; x_wconf 86' lang='lat' dir='ltr'><strong>habent,</strong></span> <span class='ocrx_word' id='word_1_845' title='bbox 3545 3780 3635 3847; x_wconf 85' lang='lat' dir='ltr'><strong>qui</strong></span> <span class='ocrx_word' id='word_1_846' title='bbox 3660 3778 3856 3851; x_wconf 87' lang='lat' dir='ltr'><strong>spiritui</strong></span> 
     </span>
    </p>
   </div>
   <div class='ocr_carea' id='block_1_100' title="bbox 2280 3869 3856 3943">
    <p class='ocr_par' dir='ltr' id='par_1_100' title="bbox 2280 3869 3856 3943">
     <span class='ocr_line' id='line_1_102' title="bbox 2280 3869 3856 3943; baseline 0 -19"><span class='ocrx_word' id='word_1_847' title='bbox 2280 3869 2390 3925; x_wconf 90' lang='lat' dir='ltr'><strong>Deo</strong></span> <span class='ocrx_word' id='word_1_848' title='bbox 2409 3912 2425 3938; x_wconf 89' lang='lat'><strong>,</strong></span> <span class='ocrx_word' id='word_1_849' title='bbox 2449 3872 2529 3925; x_wconf 89' lang='lat' dir='ltr'><strong>vel</strong></span> <span class='ocrx_word' id='word_1_850' title='bbox 2556 3871 2756 3943; x_wconf 86' lang='lat' dir='ltr'><strong>spiritui</strong></span> <span class='ocrx_word' id='word_1_851' title='bbox 2786 3869 2877 3924; x_wconf 87' lang='lat' dir='ltr'><strong>Dei</strong></span> <span class='ocrx_word' id='word_1_852' title='bbox 2898 3871 3174 3936; x_wconf 84' lang='lat' dir='ltr'><strong>servimus;</strong></span> <span class='ocrx_word' id='word_1_853' title='bbox 3203 3880 3249 3925; x_wconf 89' lang='lat' dir='ltr'><strong>et</strong></span> <span class='ocrx_word' id='word_1_854' title='bbox 3274 3870 3557 3941; x_wconf 87' lang='lat' dir='ltr'><strong>gloriamur</strong></span> <span class='ocrx_word' id='word_1_855' title='bbox 3581 3871 3634 3924; x_wconf 88' lang='lat' dir='ltr'><strong>in</strong></span> <span class='ocrx_word' id='word_1_856' title='bbox 3664 3871 3856 3926; x_wconf 86' lang='lat' dir='ltr'><strong>Christo</strong></span> 
     </span>
    </p>
   </div>
   <div class='ocr_carea' id='block_1_101' title="bbox 2277 3958 3858 4030">
    <p class='ocr_par' dir='ltr' id='par_1_101' title="bbox 2277 3958 3858 4030">
     <span class='ocr_line' id='line_1_103' title="bbox 2277 3958 3858 4030; baseline 0.001 -17"><span class='ocrx_word' id='word_1_857' title='bbox 2277 3958 2437 4025; x_wconf 82' lang='lat' dir='ltr'><strong>Jesu,</strong></span> <span class='ocrx_word' id='word_1_858' title='bbox 2470 3970 2517 4013; x_wconf 90' lang='lat' dir='ltr'><strong>et</strong></span> <span class='ocrx_word' id='word_1_859' title='bbox 2543 3977 2644 4014; x_wconf 85' lang='lat' dir='ltr'><strong>non</strong></span> <span class='ocrx_word' id='word_1_860' title='bbox 2681 3961 2734 4013; x_wconf 88' lang='lat' dir='ltr'><strong>in</strong></span> <span class='ocrx_word' id='word_1_861' title='bbox 2771 3975 2924 4014; x_wconf 88' lang='lat' dir='ltr'><strong>carne</strong></span> <span class='ocrx_word' id='word_1_862' title='bbox 2966 3961 3193 4030; x_wconf 86' lang='lat' dir='ltr'><strong>ﬁdentes.</strong></span> <span class='ocrx_word' id='word_1_863' title='bbox 3236 3960 3372 4014; x_wconf 85' lang='lat' dir='ltr'><strong>Hinc</strong></span> <span class='ocrx_word' id='word_1_864' title='bbox 3412 3960 3753 4015; x_wconf 86' lang='lat' dir='ltr'><strong>manifestum</strong></span> <span class='ocrx_word' id='word_1_865' title='bbox 3780 3969 3858 4016; x_wconf 89' lang='lat' dir='ltr'><strong>est</strong></span> 
     </span>
    </p>
   </div>
   <div class='ocr_carea' id='block_1_102' title="bbox 2279 4051 3856 4122">
    <p class='ocr_par' dir='ltr' id='par_1_102' title="bbox 2279 4051 3856 4122">
     <span class='ocr_line' id='line_1_104' title="bbox 2279 4051 3856 4122; baseline -0.001 -16"><span class='ocrx_word' id='word_1_866' title='bbox 2279 4051 2536 4107; x_wconf 87' lang='lat' dir='ltr'><strong>adversus</strong></span> <span class='ocrx_word' id='word_1_867' title='bbox 2559 4051 2774 4106; x_wconf 73' lang='lat' dir='ltr'><strong>Judmos</strong></span> <span class='ocrx_word' id='word_1_868' title='bbox 2794 4066 2914 4106; x_wconf 92' lang='lat' dir='ltr'><strong>eum</strong></span> <span class='ocrx_word' id='word_1_869' title='bbox 2938 4066 3113 4121; x_wconf 90' lang='lat' dir='ltr'><strong>agere,</strong></span> <span class='ocrx_word' id='word_1_870' title='bbox 3141 4052 3230 4122; x_wconf 89' lang='lat' dir='ltr'><strong>qui</strong></span> <span class='ocrx_word' id='word_1_871' title='bbox 3257 4052 3544 4106; x_wconf 87' lang='lat' dir='ltr'><strong>carnaliter</strong></span> <span class='ocrx_word' id='word_1_872' title='bbox 3567 4053 3856 4108; x_wconf 88' lang='lat' dir='ltr'><strong>observan-</strong></span> 
     </span>
    </p>
   </div>
   <div class='ocr_carea' id='block_1_103' title="bbox 2281 4141 3853 4214">
    <p class='ocr_par' dir='ltr' id='par_1_103' title="bbox 2281 4141 3853 4214">
     <span class='ocr_line' id='line_1_105' title="bbox 2281 4141 3853 4214; baseline 0.001 -18"><span class='ocrx_word' id='word_1_873' title='bbox 2281 4151 2361 4196; x_wconf 89' lang='lat' dir='ltr'><strong>tes</strong></span> <span class='ocrx_word' id='word_1_874' title='bbox 2391 4143 2559 4212; x_wconf 80' lang='lat' dir='ltr'><strong>legem</strong></span> <span class='ocrx_word' id='word_1_875' title='bbox 2584 4184 2599 4208; x_wconf 95' lang='lat'><strong>,</strong></span> <span class='ocrx_word' id='word_1_876' title='bbox 2643 4152 2697 4197; x_wconf 91' lang='lat' dir='ltr'><strong>et</strong></span> <span class='ocrx_word' id='word_1_877' title='bbox 2732 4156 2881 4195; x_wconf 89' lang='lat' dir='ltr'><strong>suam</strong></span> <span class='ocrx_word' id='word_1_878' title='bbox 2912 4142 3172 4212; x_wconf 88' lang='lat' dir='ltr'><strong>justitiam</strong></span> <span class='ocrx_word' id='word_1_879' title='bbox 3217 4141 3457 4196; x_wconf 90' lang='lat' dir='ltr'><strong>volentes</strong></span> <span class='ocrx_word' id='word_1_880' title='bbox 3496 4145 3853 4214; x_wconf 86' lang='lat' dir='ltr'><strong>constituere,</strong></span> 
     </span>
    </p>
   </div>
   <div class='ocr_carea' id='block_1_104' title="bbox 2280 4230 3855 4301">
    <p class='ocr_par' dir='ltr' id='par_1_104' title="bbox 2280 4230 3855 4301">
     <span class='ocr_line' id='line_1_106' title="bbox 2280 4230 3855 4301; baseline -0.001 -15"><span class='ocrx_word' id='word_1_881' title='bbox 2280 4232 2662 4286; x_wconf 90' lang='lat' dir='ltr'><strong>occidebantur</strong></span> <span class='ocrx_word' id='word_1_882' title='bbox 2689 4230 2883 4296; x_wconf 89' lang='lat' dir='ltr'><strong>littera,</strong></span> <span class='ocrx_word' id='word_1_883' title='bbox 2917 4247 3025 4285; x_wconf 90' lang='lat' dir='ltr'><strong>non</strong></span> <span class='ocrx_word' id='word_1_884' title='bbox 3051 4231 3453 4286; x_wconf 82' lang='lat' dir='ltr'><strong>vivificabantur</strong></span> <span class='ocrx_word' id='word_1_885' title='bbox 3478 4232 3704 4301; x_wconf 89' lang='lat' dir='ltr'><strong>spiritu;</strong></span> <span class='ocrx_word' id='word_1_886' title='bbox 3732 4240 3780 4286; x_wconf 89' lang='lat' dir='ltr'><strong>et</strong></span> <span class='ocrx_word' id='word_1_887' title='bbox 3805 4232 3855 4285; x_wconf 91' lang='lat' dir='ltr'><strong>iu</strong></span> 
     </span>
    </p>
   </div>
   <div class='ocr_carea' id='block_1_105' title="bbox 2280 4323 3857 4394">
    <p class='ocr_par' dir='ltr' id='par_1_105' title="bbox 2280 4323 3857 4394">
     <span class='ocr_line' id='line_1_107' title="bbox 2280 4323 3857 4394; baseline 0 -17"><span class='ocrx_word' id='word_1_888' title='bbox 2280 4339 2339 4377; x_wconf 90' lang='lat' dir='ltr'><strong>se</strong></span> <span class='ocrx_word' id='word_1_889' title='bbox 2369 4323 2746 4393; x_wconf 86' lang='lat' dir='ltr'><strong>gloriabantur,</strong></span> <span class='ocrx_word' id='word_1_890' title='bbox 2777 4338 2895 4376; x_wconf 89' lang='lat' dir='ltr'><strong>cum</strong></span> <span class='ocrx_word' id='word_1_891' title='bbox 2923 4323 3165 4392; x_wconf 86' lang='lat' dir='ltr'><strong>Apostoli</strong></span> <span class='ocrx_word' id='word_1_892' title='bbox 3198 4334 3253 4380; x_wconf 91' lang='lat' dir='ltr'><strong>et</strong></span> <span class='ocrx_word' id='word_1_893' title='bbox 3276 4340 3462 4379; x_wconf 91' lang='lat' dir='ltr'><strong>omnes</strong></span> <span class='ocrx_word' id='word_1_894' title='bbox 3492 4325 3857 4394; x_wconf 88' lang='lat' dir='ltr'><strong>promissionis</strong></span> 
     </span>
    </p>
   </div>
   <div class='ocr_carea' id='block_1_106' title="bbox 2282 4412 3856 4485">
    <p class='ocr_par' dir='ltr' id='par_1_106' title="bbox 2282 4412 3856 4485">
     <span class='ocr_line' id='line_1_108' title="bbox 2282 4412 3856 4485; baseline 0.003 -18"><span class='ocrx_word' id='word_1_895' title='bbox 2282 4414 2371 4467; x_wconf 85' lang='lat' dir='ltr'><strong>filii</strong></span> <span class='ocrx_word' id='word_1_896' title='bbox 2402 4412 2757 4484; x_wconf 88' lang='lat' dir='ltr'><strong>gloriarentur</strong></span> <span class='ocrx_word' id='word_1_897' title='bbox 2785 4415 2835 4468; x_wconf 90' lang='lat' dir='ltr'><strong>in</strong></span> <span class='ocrx_word' id='word_1_898' title='bbox 2864 4414 3099 4471; x_wconf 90' lang='lat' dir='ltr'><strong>Christo.</strong></span> <span class='ocrx_word' id='word_1_899' title='bbox 3132 4416 3334 4471; x_wconf 89' lang='lat' dir='ltr'><strong>Deinde</strong></span> <span class='ocrx_word' id='word_1_900' title='bbox 3372 4417 3599 4485; x_wconf 88' lang='lat' dir='ltr'><strong>subjecit</strong></span> <span class='ocrx_word' id='word_1_901' title='bbox 3629 4435 3644 4471; x_wconf 73' lang='grc' dir='ltr'><strong>ε</strong></span> <span class='ocrx_word' id='word_1_902' title='bbox 3681 4417 3856 4484; x_wconf 84' lang='lat' dir='ltr'><strong>Quan-</strong></span> 
     </span>
    </p>
   </div>
   <div class='ocr_carea' id='block_1_107' title="bbox 2280 4505 3858 4579">
    <p class='ocr_par' dir='ltr' id='par_1_107' title="bbox 2280 4505 3858 4579">
     <span class='ocr_line' id='line_1_109' title="bbox 2280 4505 3858 4579; baseline 0.004 -23"><span class='ocrx_word' id='word_1_903' title='bbox 2280 4522 2431 4573; x_wconf 86' lang='lat' dir='ltr'><strong>quam</strong></span> <span class='ocrx_word' id='word_1_904' title='bbox 2459 4521 2551 4577; x_wconf 88' lang='lat' dir='ltr'><strong>ego</strong></span> <span class='ocrx_word' id='word_1_905' title='bbox 2589 4505 2799 4561; x_wconf 80' lang='lat' dir='ltr'><strong>habeam</strong></span> <span class='ocrx_word' id='word_1_906' title='bbox 2829 4507 3071 4577; x_wconf 73' lang='lat' dir='ltr'><strong>fiduciam</strong></span> <span class='ocrx_word' id='word_1_907' title='bbox 3103 4509 3155 4561; x_wconf 87' lang='lat' dir='ltr'><strong>in</strong></span> <span class='ocrx_word' id='word_1_908' title='bbox 3184 4524 3335 4563; x_wconf 84' lang='lat' dir='ltr'><strong>carne</strong></span> <span class='ocrx_word' id='word_1_909' title='bbox 3366 4523 3386 4563; x_wconf 90' lang='lat'><strong><em>:</em></strong></span> <span class='ocrx_word' id='word_1_910' title='bbox 3415 4510 3461 4563; x_wconf 90' lang='lat' dir='ltr'><strong>si</strong></span> <span class='ocrx_word' id='word_1_911' title='bbox 3496 4510 3609 4579; x_wconf 87' lang='lat' dir='ltr'><strong>quis</strong></span> <span class='ocrx_word' id='word_1_912' title='bbox 3648 4510 3781 4564; x_wconf 87' lang='lat' dir='ltr'><strong>alius</strong></span> <span class='ocrx_word' id='word_1_913' title='bbox 3808 4510 3858 4562; x_wconf 82' lang='lat' dir='ltr'><strong>in</strong></span> 
     </span>
    </p>
   </div>
   <div class='ocr_carea' id='block_1_108' title="bbox 2280 4597 3857 4669">
    <p class='ocr_par' dir='ltr' id='par_1_108' title="bbox 2280 4597 3857 4669">
     <span class='ocr_line' id='line_1_110' title="bbox 2280 4597 3857 4669; baseline 0.004 -20"><span class='ocrx_word' id='word_1_914' title='bbox 2280 4611 2434 4649; x_wconf 88' lang='lat' dir='ltr'><strong>carne</strong></span> <span class='ocrx_word' id='word_1_915' title='bbox 2464 4605 2606 4664; x_wconf 87' lang='lat' dir='ltr'><strong>putat</strong></span> <span class='ocrx_word' id='word_1_916' title='bbox 2625 4613 2677 4651; x_wconf 88' lang='lat' dir='ltr'><strong>se</strong></span> <span class='ocrx_word' id='word_1_917' title='bbox 2702 4597 2941 4665; x_wconf 85' lang='lat' dir='ltr'><strong>ﬁduciam</strong></span> <span class='ocrx_word' id='word_1_918' title='bbox 2964 4598 3163 4663; x_wconf 90' lang='lat' dir='ltr'><strong>habere,</strong></span> <span class='ocrx_word' id='word_1_919' title='bbox 3196 4599 3357 4669; x_wconf 85' lang='lat' dir='ltr'><strong>magis</strong></span> <span class='ocrx_word' id='word_1_920' title='bbox 3385 4615 3498 4669; x_wconf 90' lang='lat' dir='ltr'><strong>ego.</strong></span> <span class='ocrx_word' id='word_1_921' title='bbox 3534 4600 3603 4653; x_wconf 85' lang='lat' dir='ltr'><strong>Et</strong></span> <span class='ocrx_word' id='word_1_922' title='bbox 3637 4615 3857 4655; x_wconf 79' lang='lat' dir='ltr'><strong>enume-</strong></span> 
     </span>
    </p>
   </div>
   <div class='ocr_carea' id='block_1_109' title="bbox 2282 4687 3855 4760">
    <p class='ocr_par' dir='ltr' id='par_1_109' title="bbox 2282 4687 3855 4760">
     <span class='ocr_line' id='line_1_111' title="bbox 2282 4687 3855 4760; baseline 0.003 -21"><span class='ocrx_word' id='word_1_923' title='bbox 2282 4700 2407 4739; x_wconf 87' lang='lat' dir='ltr'><strong>rans</strong></span> <span class='ocrx_word' id='word_1_924' title='bbox 2434 4687 2611 4739; x_wconf 85' lang='lat' dir='ltr'><strong>omnia</strong></span> <span class='ocrx_word' id='word_1_925' title='bbox 2642 4702 2760 4757; x_wconf 73' lang='lat' dir='ltr'><strong>qua:</strong></span> <span class='ocrx_word' id='word_1_926' title='bbox 2799 4687 3095 4743; x_wconf 88' lang='lat' dir='ltr'><strong>secundum</strong></span> <span class='ocrx_word' id='word_1_927' title='bbox 3135 4704 3351 4743; x_wconf 89' lang='lat' dir='ltr'><strong>carnem</strong></span> <span class='ocrx_word' id='word_1_928' title='bbox 3380 4691 3577 4744; x_wconf 81' lang='lat' dir='ltr'><strong>habent</strong></span> <span class='ocrx_word' id='word_1_929' title='bbox 3602 4691 3855 4760; x_wconf 86' lang='lat' dir='ltr'><strong>gloriam,</strong></span> 
     </span>
    </p>
   </div>
   <div class='ocr_carea' id='block_1_110' title="bbox 2282 4777 3860 4854">
    <p class='ocr_par' dir='ltr' id='par_1_110' title="bbox 2282 4777 3860 4854">
     <span class='ocr_line' id='line_1_112' title="bbox 2282 4777 3860 4854; baseline 0.004 -24"><span class='ocrx_word' id='word_1_930' title='bbox 2282 4778 2347 4831; x_wconf 90' lang='lat' dir='ltr'><strong>ad</strong></span> <span class='ocrx_word' id='word_1_931' title='bbox 2378 4777 2506 4832; x_wconf 92' lang='lat' dir='ltr'><strong>illud</strong></span> <span class='ocrx_word' id='word_1_932' title='bbox 2538 4779 2858 4846; x_wconf 87' lang='lat' dir='ltr'><strong>terminavit,</strong></span> <span class='ocrx_word' id='word_1_933' title='bbox 2882 4780 2971 4834; x_wconf 90' lang='lat' dir='ltr'><strong>ubi</strong></span> <span class='ocrx_word' id='word_1_934' title='bbox 3007 4781 3081 4834; x_wconf 90' lang='lat' dir='ltr'><strong>ait</strong></span> <span class='ocrx_word' id='word_1_935' title='bbox 3112 4798 3126 4833; x_wconf 87' lang='lat'><strong>:</strong></span> <span class='ocrx_word' id='word_1_936' title='bbox 3161 4780 3455 4835; x_wconf 88' lang='lat' dir='ltr'><strong>Secundum</strong></span> <span class='ocrx_word' id='word_1_937' title='bbox 3471 4783 3731 4854; x_wconf 77' lang='lat' dir='ltr'><strong>justitiam</strong></span> <span class='ocrx_word' id='word_1_938' title='bbox 3752 4796 3860 4853; x_wconf 75' lang='lat' dir='ltr'><strong>qua</strong></span> 
     </span>
    </p>
   </div>
   <div class='ocr_carea' id='block_1_111' title="bbox 2283 4867 3858 4942">
    <p class='ocr_par' dir='ltr' id='par_1_111' title="bbox 2283 4867 3858 4942">
     <span class='ocr_line' id='line_1_113' title="bbox 2283 4867 3858 4942; baseline 0.003 -20"><span class='ocrx_word' id='word_1_939' title='bbox 2283 4867 2336 4922; x_wconf 85' lang='lat' dir='ltr'><strong>in</strong></span> <span class='ocrx_word' id='word_1_940' title='bbox 2371 4867 2479 4940; x_wconf 77' lang='lat' dir='ltr'><strong>lege</strong></span> <span class='ocrx_word' id='word_1_941' title='bbox 2502 4880 2573 4924; x_wconf 82' lang='lat' dir='ltr'><strong>est</strong></span> <span class='ocrx_word' id='word_1_942' title='bbox 2593 4910 2610 4937; x_wconf 94' lang='lat'><strong>,</strong></span> <span class='ocrx_word' id='word_1_943' title='bbox 2642 4870 2729 4942; x_wconf 88' lang='lat' dir='ltr'><strong>qui</strong></span> <span class='ocrx_word' id='word_1_944' title='bbox 2766 4871 2947 4941; x_wconf 81' lang='lat' dir='ltr'><strong>fuerim</strong></span> <span class='ocrx_word' id='word_1_945' title='bbox 2973 4871 3082 4925; x_wconf 88' lang='lat' dir='ltr'><strong>sine</strong></span> <span class='ocrx_word' id='word_1_946' title='bbox 3108 4872 3329 4941; x_wconf 85' lang='lat' dir='ltr'><strong>querela.</strong></span> <span class='ocrx_word' id='word_1_947' title='bbox 3373 4872 3441 4928; x_wconf 86' lang='lat' dir='ltr'><strong>Et</strong></span> <span class='ocrx_word' id='word_1_948' title='bbox 3471 4889 3590 4927; x_wconf 91' lang='lat' dir='ltr'><strong>cum</strong></span> <span class='ocrx_word' id='word_1_949' title='bbox 3618 4873 3737 4928; x_wconf 62' lang='lat' dir='ltr'><strong>haec</strong></span> <span class='ocrx_word' id='word_1_950' title='bbox 3764 4873 3858 4927; x_wconf 85' lang='lat' dir='ltr'><strong>sibi</strong></span> 
     </span>
    </p>
   </div>
   <div class='ocr_carea' id='block_1_112' title="bbox 2284 4961 3853 5019">
    <p class='ocr_par' dir='ltr' id='par_1_112' title="bbox 2284 4961 3853 5019">
     <span class='ocr_line' id='line_1_114' title="bbox 2284 4961 3853 5019; baseline 0.001 -3"><span class='ocrx_word' id='word_1_951' title='bbox 2284 4961 2502 5016; x_wconf 92' lang='lat' dir='ltr'><strong>omnino</strong></span> <span class='ocrx_word' id='word_1_952' title='bbox 2529 4961 2723 5015; x_wconf 91' lang='lat' dir='ltr'><strong>damna</strong></span> <span class='ocrx_word' id='word_1_953' title='bbox 2750 4970 2807 5017; x_wconf 91' lang='lat' dir='ltr'><strong>et</strong></span> <span class='ocrx_word' id='word_1_954' title='bbox 2833 4961 3152 5017; x_wconf 90' lang='lat' dir='ltr'><strong>detrimenta</strong></span> <span class='ocrx_word' id='word_1_955' title='bbox 3173 4973 3227 5018; x_wconf 92' lang='lat' dir='ltr'><strong>et</strong></span> <span class='ocrx_word' id='word_1_956' title='bbox 3252 4974 3486 5018; x_wconf 87' lang='lat' dir='ltr'><strong>stercora</strong></span> <span class='ocrx_word' id='word_1_957' title='bbox 3514 4965 3677 5019; x_wconf 91' lang='lat' dir='ltr'><strong>fuisse</strong></span> <span class='ocrx_word' id='word_1_958' title='bbox 3702 4965 3853 5019; x_wconf 52' lang='lat' dir='ltr'><strong>dixis&#39;</strong></span> 
     </span>
    </p>
   </div>
   <div class='ocr_carea' id='block_1_113' title="bbox 2283 5052 3857 5126">
    <p class='ocr_par' dir='ltr' id='par_1_113' title="bbox 2283 5052 3857 5126">
     <span class='ocr_line' id='line_1_115' title="bbox 2283 5052 3857 5126; baseline 0.001 -18"><span class='ocrx_word' id='word_1_959' title='bbox 2283 5063 2398 5120; x_wconf 86' lang='lat' dir='ltr'><strong>set,</strong></span> <span class='ocrx_word' id='word_1_960' title='bbox 2429 5063 2489 5108; x_wconf 91' lang='lat' dir='ltr'><strong>ut</strong></span> <span class='ocrx_word' id='word_1_961' title='bbox 2512 5053 2786 5108; x_wconf 90' lang='lat' dir='ltr'><strong>Christum</strong></span> <span class='ocrx_word' id='word_1_962' title='bbox 2814 5052 3151 5109; x_wconf 88' lang='lat' dir='ltr'><strong>lucrifaceret</strong></span> <span class='ocrx_word' id='word_1_963' title='bbox 3174 5094 3187 5116; x_wconf 91' lang='lat'><strong>,</strong></span> <span class='ocrx_word' id='word_1_964' title='bbox 3216 5053 3411 5123; x_wconf 88' lang='lat' dir='ltr'><strong>adjecit</strong></span> <span class='ocrx_word' id='word_1_965' title='bbox 3437 5055 3577 5111; x_wconf 85' lang='lat' dir='ltr'><strong>unde</strong></span> <span class='ocrx_word' id='word_1_966' title='bbox 3598 5059 3770 5126; x_wconf 82' lang='lat' dir='ltr'><strong>agitur</strong></span> <span class='ocrx_word' id='word_1_967' title='bbox 3791 5055 3812 5088; x_wconf 85' lang='grc'><strong>⁸</strong></span> <span class='ocrx_word' id='word_1_968' title='bbox 3845 5073 3857 5109; x_wconf 88' lang='lat'><strong>:</strong></span> 
     </span>
    </p>
   </div>
   <div class='ocr_carea' id='block_1_114' title="bbox 2286 5141 3859 5215">
    <p class='ocr_par' dir='ltr' id='par_1_114' title="bbox 2286 5141 3859 5215">
     <span class='ocr_line' id='line_1_116' title="bbox 2286 5141 3859 5215; baseline 0.001 -19"><span class='ocrx_word' id='word_1_969' title='bbox 2286 5141 2351 5196; x_wconf 87' lang='lat' dir='ltr'><strong>Et</strong></span> <span class='ocrx_word' id='word_1_970' title='bbox 2380 5143 2607 5196; x_wconf 83' lang='lat' dir='ltr'><strong>inveniar</strong></span> <span class='ocrx_word' id='word_1_971' title='bbox 2640 5143 2695 5197; x_wconf 89' lang='lat' dir='ltr'><strong>in</strong></span> <span class='ocrx_word' id='word_1_972' title='bbox 2720 5143 2809 5196; x_wconf 88' lang='lat' dir='ltr'><strong>illo</strong></span> <span class='ocrx_word' id='word_1_973' title='bbox 2838 5158 2938 5196; x_wconf 87' lang='lat' dir='ltr'><strong>non</strong></span> <span class='ocrx_word' id='word_1_974' title='bbox 2965 5142 3153 5197; x_wconf 87' lang='lat' dir='ltr'><strong>habens</strong></span> <span class='ocrx_word' id='word_1_975' title='bbox 3174 5144 3425 5214; x_wconf 85' lang='lat' dir='ltr'><strong>justitiam</strong></span> <span class='ocrx_word' id='word_1_976' title='bbox 3455 5161 3649 5210; x_wconf 88' lang='lat' dir='ltr'><strong>meam,</strong></span> <span class='ocrx_word' id='word_1_977' title='bbox 3672 5161 3785 5215; x_wconf 76' lang='lat' dir='ltr'><strong>qua:</strong></span> <span class='ocrx_word' id='word_1_978' title='bbox 3805 5161 3859 5198; x_wconf 74' lang='lat' dir='ltr'><strong>ea:</strong></span> 
     </span>
    </p>
   </div>
   <div class='ocr_carea' id='block_1_115' title="bbox 2282 5234 3862 5307">
    <p class='ocr_par' dir='ltr' id='par_1_115' title="bbox 2282 5234 3862 5307">
     <span class='ocr_line' id='line_1_117' title="bbox 2282 5234 3862 5307; baseline 0 -18"><span class='ocrx_word' id='word_1_979' title='bbox 2282 5236 2392 5306; x_wconf 83' lang='lat' dir='ltr'><strong>lege</strong></span> <span class='ocrx_word' id='word_1_980' title='bbox 2418 5245 2490 5289; x_wconf 88' lang='lat' dir='ltr'><strong>est</strong></span> <span class='ocrx_word' id='word_1_981' title='bbox 2512 5275 2529 5301; x_wconf 93' lang='lat'><strong>,</strong></span> <span class='ocrx_word' id='word_1_982' title='bbox 2555 5234 2642 5290; x_wconf 87' lang='lat' dir='ltr'><strong>sed</strong></span> <span class='ocrx_word' id='word_1_983' title='bbox 2666 5251 2775 5289; x_wconf 87' lang='lat' dir='ltr'><strong>eam</strong></span> <span class='ocrx_word' id='word_1_984' title='bbox 2804 5250 2918 5305; x_wconf 76' lang='lat' dir='ltr'><strong>qua:</strong></span> <span class='ocrx_word' id='word_1_985' title='bbox 2939 5243 3013 5289; x_wconf 76' lang='lat' dir='ltr'><strong>est</strong></span> <span class='ocrx_word' id='word_1_986' title='bbox 3042 5251 3133 5304; x_wconf 87' lang='lat' dir='ltr'><strong>per</strong></span> <span class='ocrx_word' id='word_1_987' title='bbox 3159 5234 3312 5305; x_wconf 86' lang='lat' dir='ltr'><strong>ﬁdem</strong></span> <span class='ocrx_word' id='word_1_988' title='bbox 3335 5234 3552 5303; x_wconf 84' lang='lat' dir='ltr'><strong>Christi,</strong></span> <span class='ocrx_word' id='word_1_989' title='bbox 3578 5252 3691 5307; x_wconf 75' lang='lat' dir='ltr'><strong>quc</strong></span> <span class='ocrx_word' id='word_1_990' title='bbox 3714 5247 3786 5292; x_wconf 88' lang='lat' dir='ltr'><strong>est</strong></span> <span class='ocrx_word' id='word_1_991' title='bbox 3804 5250 3862 5289; x_wconf 64' lang='lat' dir='ltr'><strong>es</strong></span> 
     </span>
    </p>
   </div>
   <div class='ocr_carea' id='block_1_116' title="bbox 2284 5326 3860 5417">
    <p class='ocr_par' dir='ltr' id='par_1_116' title="bbox 2284 5326 3860 5417">
     <span class='ocr_line' id='line_1_118' title="bbox 2284 5326 3860 5417; baseline -0.001 -37"><span class='ocrx_word' id='word_1_992' title='bbox 2284 5326 2413 5417; x_wconf 62' lang='lat' dir='ltr'><strong>Deo.</strong></span> <span class='ocrx_word' id='word_1_993' title='bbox 2440 5328 2603 5397; x_wconf 90' lang='lat' dir='ltr'><strong>llujus</strong></span> <span class='ocrx_word' id='word_1_994' title='bbox 2633 5343 2761 5398; x_wconf 87' lang='lat' dir='ltr'><strong>ergo</strong></span> <span class='ocrx_word' id='word_1_995' title='bbox 2784 5326 3004 5397; x_wconf 76' lang='lat' dir='ltr'><strong>justitia:</strong></span> <span class='ocrx_word' id='word_1_996' title='bbox 3033 5326 3409 5397; x_wconf 90' lang='lat' dir='ltr'><strong>perfectionem</strong></span> <span class='ocrx_word' id='word_1_997' title='bbox 3431 5370 3444 5395; x_wconf 93' lang='lat'><strong>,</strong></span> <span class='ocrx_word' id='word_1_998' title='bbox 3479 5344 3597 5400; x_wconf 71' lang='lat' dir='ltr'><strong>quae</strong></span> <span class='ocrx_word' id='word_1_999' title='bbox 3625 5343 3732 5384; x_wconf 89' lang='lat' dir='ltr'><strong>non</strong></span> <span class='ocrx_word' id='word_1_1000' title='bbox 3764 5327 3860 5382; x_wconf 88' lang='lat' dir='ltr'><strong>erit</strong></span> 
     </span>
    </p>
   </div>
   <div class='ocr_carea' id='block_1_117' title="bbox 2349 5547 2992 5618">
    <p class='ocr_par' dir='ltr' id='par_1_117' title="bbox 2349 5547 2992 5618">
     <span class='ocr_line' id='line_1_119' title="bbox 2349 5547 2992 5618; baseline 0 0"><span class='ocrx_word' id='word_1_1001' title='bbox 2349 5551 2364 5618; x_wconf 69' lang='grc' dir='ltr'><strong>ξ</strong></span> <span class='ocrx_word' id='word_1_1002' title='bbox 2391 5547 2614 5618; x_wconf 59' lang='lat' dir='ltr'><strong>caueant</strong></span> <span class='ocrx_word' id='word_1_1003' title='bbox 2638 5555 2764 5607; x_wconf 44' lang='lat' dir='ltr'><strong>Mssa</strong></span> <span class='ocrx_word' id='word_1_1004' title='bbox 2785 5552 2953 5618; x_wconf 63' lang='lat' dir='ltr'><strong>rew-</strong></span> <span class='ocrx_word' id='word_1_1005' title='bbox 2980 5607 2992 5618; x_wconf 92' lang='lat'><strong>.</strong></span> 
     </span>
    </p>
   </div>
   <div class='ocr_carea' id='block_1_118' title="bbox 2346 5611 3121 5678">
    <p class='ocr_par' dir='ltr' id='par_1_118' title="bbox 2346 5611 3121 5678">
     <span class='ocr_line' id='line_1_120' title="bbox 2346 5611 3121 5678; baseline 0 -20"><span class='ocrx_word' id='word_1_1006' title='bbox 2346 5613 2366 5678; x_wconf 70' lang='grc' dir='ltr'><strong>ξ</strong></span> <span class='ocrx_word' id='word_1_1007' title='bbox 2391 5611 2526 5678; x_wconf 64' lang='lat' dir='ltr'><strong>aliti,</strong></span> <span class='ocrx_word' id='word_1_1008' title='bbox 2548 5621 2613 5678; x_wconf 65' lang='lat' dir='ltr'><strong>ea:</strong></span> <span class='ocrx_word' id='word_1_1009' title='bbox 2642 5621 2726 5678; x_wconf 39' lang='lat' dir='ltr'><strong>ea:</strong></span> <span class='ocrx_word' id='word_1_1010' title='bbox 2744 5615 2801 5659; x_wconf 76' lang='lat' dir='ltr'><strong>At</strong></span> <span class='ocrx_word' id='word_1_1011' title='bbox 2824 5617 2948 5669; x_wconf 65' lang='lat' dir='ltr'><strong>Mss,</strong></span> <span class='ocrx_word' id='word_1_1012' title='bbox 2973 5611 3024 5659; x_wconf 84' lang='lat' dir='ltr'><strong>in</strong></span> <span class='ocrx_word' id='word_1_1013' title='bbox 3046 5621 3121 5678; x_wconf 77' lang='lat' dir='ltr'><strong>ea.</strong></span> 
     </span>
    </p>
   </div>
   <div class='ocr_carea' id='block_1_119' title="bbox 2347 5670 3097 5729">
    <p class='ocr_par' dir='ltr' id='par_1_119' title="bbox 2347 5670 3097 5729">
     <span class='ocr_line' id='line_1_121' title="bbox 2347 5670 3097 5729; baseline -0.001 -11"><span class='ocrx_word' id='word_1_1014' title='bbox 2347 5673 2367 5704; x_wconf 81' lang='grc'><strong><em>³</em></strong></span> <span class='ocrx_word' id='word_1_1015' title='bbox 2392 5673 2526 5729; x_wconf 67' lang='lat' dir='ltr'><strong>mliti,</strong></span> <span class='ocrx_word' id='word_1_1016' title='bbox 2547 5670 2741 5720; x_wconf 65' lang='lat' dir='ltr'><strong>Christi.</strong></span> <span class='ocrx_word' id='word_1_1017' title='bbox 2760 5678 2813 5720; x_wconf 79' lang='grc' dir='ltr'>Αι</span> <span class='ocrx_word' id='word_1_1018' title='bbox 2836 5679 2962 5729; x_wconf 61' lang='grc' dir='ltr'><strong>λιες..</strong></span> 
     </span>
    </p>
   </div>
   <div class='ocr_carea' id='block_1_120' title="bbox 2347 5734 2935 5797">
    <p class='ocr_par' dir='ltr' id='par_1_120' title="bbox 2347 5734 2935 5797">
     <span class='ocr_line' id='line_1_122' title="bbox 2347 5734 2935 5797; baseline 0.002 -18"><span class='ocrx_word' id='word_1_1019' title='bbox 2347 5734 2367 5763; x_wconf 69' lang='grc' dir='ltr'>δ</span> <span class='ocrx_word' id='word_1_1020' title='bbox 2396 5744 2521 5797; x_wconf 70' lang='lat' dir='ltr'><strong>uss,</strong></span> <span class='ocrx_word' id='word_1_1021' title='bbox 2544 5746 2608 5782; x_wconf 74' lang='lat' dir='ltr'><strong>ea:</strong></span> <span class='ocrx_word' id='word_1_1022' title='bbox 2632 5748 2723 5795; x_wconf 86' lang='lat' dir='ltr'><strong>quo</strong></span> <span class='ocrx_word' id='word_1_1023' title='bbox 2746 5745 2935 5797; x_wconf 74' lang='lat' dir='ltr'><strong>genere.</strong></span> 
     </span>
    </p>
   </div>
   <div class='ocr_carea' id='block_1_121' title="bbox 2348 5791 3800 5855">
    <p class='ocr_par' dir='ltr' id='par_1_121' title="bbox 2348 5791 3800 5855">
     <span class='ocr_line' id='line_1_123' title="bbox 2348 5791 3800 5855; baseline -0.006 -12"><span class='ocrx_word' id='word_1_1024' title='bbox 2348 5797 2364 5825; x_wconf 83' lang='grc'>⁸</span> <span class='ocrx_word' id='word_1_1025' title='bbox 2393 5805 2439 5844; x_wconf 90' lang='lat' dir='ltr'><strong>tn</strong></span> <span class='ocrx_word' id='word_1_1026' title='bbox 2465 5796 2607 5844; x_wconf 79' lang='lat' dir='ltr'><strong>editis</strong></span> <span class='ocrx_word' id='word_1_1027' title='bbox 2623 5791 2851 5844; x_wconf 67' lang='lat' dir='ltr'><strong>omisSum</strong></span> <span class='ocrx_word' id='word_1_1028' title='bbox 2878 5803 2998 5852; x_wconf 87' lang='lat' dir='ltr'><strong>erat,</strong></span> <span class='ocrx_word' id='word_1_1029' title='bbox 3022 5792 3147 5842; x_wconf 84' lang='lat' dir='ltr'><strong>unde</strong></span> <span class='ocrx_word' id='word_1_1030' title='bbox 3187 5792 3360 5855; x_wconf 82' lang='lat' dir='ltr'><strong>agitur.</strong></span> <span class='ocrx_word' id='word_1_1031' title='bbox 3383 5792 3471 5841; x_wconf 80' lang='lat' dir='ltr'><strong>Hal</strong></span> <span class='ocrx_word' id='word_1_1032' title='bbox 3484 5799 3591 5839; x_wconf 87' lang='lat' dir='ltr'><strong>ctur</strong></span> <span class='ocrx_word' id='word_1_1033' title='bbox 3616 5791 3664 5838; x_wconf 90' lang='lat' dir='ltr'><strong>ln</strong></span> <span class='ocrx_word' id='word_1_1034' title='bbox 3696 5796 3800 5836; x_wconf 55' lang='lat' dir='ltr'><strong>Mss.</strong></span> 
     </span>
    </p>
   </div>
  </div>
