4096 6498
254 463 356 522 605

257 576 355 633 nisi
396 576 449 628 in
482 573 570 627 illa
612 568 868 627 eminenti
909 565 1128 622 scicntia
1156 563 1388 627 Christi,
1424 573 1639 632 propter
1676 576 1833 630 quam

259 666 355 723 sibi
385 663 520 719 dixit
549 663 724 717 omnia
749 661 999 713 damnum
1024 672 1164 720 csse,
1197 653 1431 708 nondum
1457 668 1515 707 se
1539 653 1834 719 accepisse,

257 756 532 816 Confessus
562 765 670 818 est,
702 764 755 807 et
783 761 1066 823 propterea
1095 747 1333 802 nondum
1361 761 1480 801 esse
1521 745 1835 814 perii-ctum.

266 849 456 920 δίσκον
474 857 660 910 autem,
691 844 878 914 inquit,
901 842 945 896 si
965 839 1362 912 apprehendam,
1389 840 1445 891 in
1468 854 1565 907 quo
1586 846 1631 890 ct
1652 852 1837 906 appre-

265 941 439 994 hensus
469 953 582 991 sum
609 953 640 988 a
673 933 872 988 Christo
906 931 1047 986 Jesu.
1083 929 1211 985 Tale
1236 936 1349 991 est,
1379 927 1754 998 apprehendam
1790 925 1842 977 in

260 1045 355 1098 quo
381 1036 429 1082 et
452 1026 798 1096 apprehensus
837 1039 987 1087 sum;
1026 1021 1182 1091 quale
1223 1029 1340 1087 est,
1384 1034 1684 1089 cognoscam
1713 1017 1843 1069 sicut

262 1130 305 1171 et
330 1118 555 1188 cognitus
596 1132 728 1169 sum.
770 1112 1010 1178 Fratres,
1047 1112 1242 1181 inquit,
1292 1124 1382 1179 ego
1421 1126 1499 1162 me
1538 1110 1703 1175 ipsum
1743 1124 1843 1159 non

264 1210 475 1264 arbitror
499 1206 892 1279 apprehendisse
921 1220 939 1259 ε
966 1220 1118 1257 unum
1141 1213 1342 1266 autem,
1382 1215 1494 1268 qua:
1529 1210 1662 1252 retro
1688 1207 1803 1251 sunt
1826 1238 1842 1263 ,

265 1302 465 1363 oblitus,
486 1298 541 1352 in
565 1314 623 1350 ea
642 1310 756 1366 quae
773 1305 889 1348 ante
911 1303 1025 1349 sunt
1045 1303 1295 1355 extentus,
1317 1291 1590 1345 secundum
1613 1289 1846 1341 intentio-

266 1394 373 1444 nem
391 1403 572 1459 sequor
591 1386 658 1439 ad
679 1386 899 1456 palmam
920 1368 1151 1453 superni:
1168 1381 1442 1435 vocationis
1464 1378 1557 1433 Dei
1578 1380 1630 1432 in
1648 1377 1848 1434 Christo

267 1481 408 1535 less.
438 1478 585 1534 Ordo
614 1477 898 1532 verborum
919 1484 1022 1540 est,
1047 1491 1202 1527 unum
1220 1482 1389 1526 autem
1412 1488 1609 1541 sequor.
1640 1471 1717 1524 De
1742 1484 1848 1538 quo

269 1588 371 1626 uno
404 1571 543 1626 bene
582 1568 896 1637 intelligitur
930 1575 985 1621 et
1028 1565 1281 1620 Dominus
1319 1563 1664 1619 admonuisse
1706 1560 1849 1615 Mar-

270 1665 434 1730 tham,
458 1661 544 1716 ubi
571 1661 645 1715 ait
674 1677 689 1715 :
719 1658 949 1723 Martha,
972 1656 1200 1722 Martha,
1224 1654 1441 1710 sollicita
1461 1671 1531 1719 es,
1560 1664 1606 1708 et
1628 1654 1849 1707 turbaris

267 1756 399 1808 circa
440 1752 693 1822 plurima;
735 1766 884 1820 porro
920 1765 1077 1803 unum
1115 1757 1188 1802 est
1225 1748 1560 1802 necessarium
1596 1745 1746 1818 (Luc.
1775 1761 1811 1800 ι
1832 1786 1848 1812 ,

266 1845 326 1899 ιι
352 1885 369 1910 ,
398 1842 515 1914 ιε).
547 1842 659 1896 Hoc
687 1841 787 1895 iste
822 1839 1004 1894 volens
1042 1838 1477 1908 apprehendere,
1515 1846 1763 1908 tanquam
1795 1836 1849 1891 in

267 1933 349 1988 via
374 1931 733 1996 constitutus,
761 1931 909 2000 s’equi
953 1945 1011 1983 se
1045 1929 1186 1984 dixit
1227 1926 1295 1982 ad
1338 1928 1567 1997 palmam
1604 1942 1851 1995 supernae

266 2024 566 2079 viicationis
596 2023 686 2076 Dei
715 2021 766 2076 in
788 2021 1003 2074 Christo
1026 2019 1172 2075 Jesu.
1197 2018 1327 2087 Quis
1347 2027 1524 2072 autem
1546 2026 1848 2081 cunctetur,

266 2129 385 2170 cum
416 2114 520 2167 hoc
538 2110 679 2182 quod
706 2110 855 2180 sequi
881 2124 940 2165 se
969 2118 1240 2165 asseverat
1268 2106 1701 2177 apprehenderit,
1729 2115 1854 2160 tunc

270 2206 574 2261 habiturum
604 2219 726 2258 eum
746 2244 762 2270 ,
786 2202 1043 2273 justitiam
1069 2200 1331 2269 aequalem
1372 2197 1595 2269 justitia
1635 2206 1853 2251 sancto-

266 2310 382 2350 rum
414 2293 769 2363 Angelorum,
795 2305 1023 2361 quorum
1052 2289 1319 2344 neminem
1347 2289 1528 2358 utique
1554 2302 1623 2340 ne
1649 2285 1855 2355 magni-

268 2385 459 2439 tudine
486 2383 867 2438 revelationem
894 2379 1199 2443 extollatur,
1231 2386 1432 2432 satana:
1460 2377 1681 2444 angelus
1705 2378 1854 2430 cola-

268 2475 450 2546 phizat
464 2476 489 2527 ?
512 2471 720 2527 Deinde
740 2470 1037 2525 admonens
1056 2483 1150 2524 eos
1174 2469 1261 2539 qui
1286 2476 1504 2538 possent
1531 2467 1672 2521 illius
1698 2467 1859 2536 justi-

270 2565 356 2617 tia:
398 2560 740 2632 plenitudine
774 2558 885 2630 jam
927 2573 987 2614 se
1025 2567 1211 2628 putare
1255 2556 1553 2627 perfectos,
1604 2557 1856 2631 Quotquot

268 2669 406 2723 ergo,
431 2652 626 2721 inquit,
651 2650 878 2721 perfecti,
907 2649 1002 2702 hoc
1022 2650 1280 2719 sapimus
1308 2663 1329 2702 :
1355 2658 1605 2717 tanquam
1627 2648 1853 2708 diceret.

271 2742 326 2795 Si
349 2741 648 2797 secundum
677 2740 910 2794 hominis
932 2738 1171 2793 mortalis
1200 2739 1546 2808 capacitatem
1579 2754 1675 2809 pro
1700 2738 1858 2809 hujus

269 2834 391 2886 vita:
416 2830 643 2886 modulo
670 2827 890 2900 perfecti
920 2843 1107 2885 sumus
1125 2869 1141 2894 ,
1167 2828 1234 2883 ad
1272 2827 1442 2897 ipsam
1473 2829 1857 2898 pet-lectionem

272 2924 373 2977 hoc
395 2936 618 2993 quoque
647 2921 917 2991 pertinere
952 2920 1341 2992 intelligamus,
1374 2929 1430 2975 ut
1466 2920 1705 2990 angelica
1731 2919 1817 2975 illa
1840 2960 1856 2986 ,

269 3028 388 3083 qua
414 3014 470 3068 in
499 3012 699 3067 Christi
727 3012 1156 3068 manifestatione
1178 3011 1332 3067 nobis
1352 3014 1453 3068 erit
1471 3013 1699 3083 justitia,
1725 3028 1860 3067 non.

270 3103 393 3158 dum
424 3120 532 3160 nos
560 3103 826 3174 perfectos
850 3118 973 3161 esse
994 3104 1282 3174 sapiamus.
1313 3103 1383 3157 Et
1403 3105 1448 3158 si
1466 3105 1589 3174 quid
1607 3107 1755 3159 aliter
1778 3122 1863 3159 sa-

272 3194 407 3263 pitis,
441 3192 639 3263 inquit,
677 3194 771 3247 hoc
795 3209 990 3261 quoque
1015 3192 1153 3247 vobis
1181 3192 1315 3247 Deus
1338 3194 1593 3247 reuelabit.
1623 3196 1861 3262 Quomo-

271 3287 374 3352 do,
403 3285 511 3340 nisi
551 3284 947 3340 ambulantibus
975 3292 1032 3338 ct
1063 3282 1462 3354 proﬁcientibus
1491 3284 1542 3338 in
1587 3284 1668 3340 via
1702 3296 1861 3342 rectas

274 3374 419 3440 bdei,
448 3374 631 3430 donec
658 3374 757 3427 ista
791 3374 1148 3443 peregrinatio
1184 3373 1416 3441 ﬁniatur,
1445 3384 1499 3429 et
1534 3375 1600 3429 ad
1628 3378 1860 3444 speciem

270 3465 561 3521 veniatur?
590 3465 745 3522 Unde
766 3477 1156 3537 coast-quenter
1175 3467 1416 3536 adjunxit
1442 3485 1456 3522 :
1489 3465 1859 3534 Verumtamen,

271 3561 320 3612 in
349 3560 404 3613 id
426 3558 574 3632 quod
602 3559 943 3629 pervenimus,
972 3559 1024 3611 in
1053 3574 1112 3612 eo
1146 3557 1478 3611 ambulemus.
1513 3559 1712 3614 Deinde
1738 3574 1866 3615 con-

272 3649 456 3715 cludit,
489 3657 554 3703 ut
573 3659 864 3703 caveantur
889 3649 990 3710 illi,
1014 3648 1081 3703 de
1100 3648 1291 3718 quibus
1314 3648 1400 3704 hic
1421 3648 1573 3703 locus
1602 3651 1867 3707 sermonis

272 3758 386 3807 eius
412 3742 653 3810 sumpsit
673 3739 950 3795 exordium
983 3757 997 3793 :
1030 3738 1319 3795 Irnitatores
1348 3741 1477 3803 mei,
1512 3741 1701 3811 inquit,
1735 3753 1868 3797 esto-

276 3842 355 3897 te,
379 3836 568 3902 fratres
589 3872 606 3898 ,
637 3840 683 3885 et
704 3830 946 3884 intendite
968 3847 1051 3884 eos
1076 3831 1161 3900 qui
1196 3831 1267 3885 sic
1295 3830 1582 3897 ambulant,
1615 3834 1744 3886 sicut
1772 3836 1867 3888 ha-

277 3920 397 3975 betis
421 3924 646 3992 formam
679 3930 921 3974 nostram.
958 3919 1108 3973 Multi
1136 3922 1269 3973 enim
1293 3922 1577 3986 ambulant,
1607 3924 1669 3976 de
1692 3925 1871 3996 quibus

278 4025 412 4077 sape
433 4011 669 4064 dicebam
691 4010 848 4075 vobis,
872 4026 1005 4063 nunc
1022 4011 1170 4064 etiam
1190 4011 1316 4080 ﬂens
1342 4011 1475 4071 dico.
1502 4013 1732 4067 inimicos
1754 4031 1872 4068 cru-

279 4101 349 4152 cis
379 4101 611 4165 Christi,
644 4117 857 4170 quorum
895 4101 1011 4167 ﬁnis
1046 4110 1114 4155 est
1145 4102 1372 4156 interitus
1400 4101 1656 4174 (Philipp.
1691 4120 1745 4159 ιιι
1767 4147 1780 4167 ,
1809 4104 1872 4158 2-

282 4193 395 4260 19),
442 4202 498 4246 et
543 4200 760 4246 Castora.
794 4192 873 4245 llli
918 4192 1015 4260 ipsi
1061 4202 1218 4257 sunt,
1267 4193 1334 4248 de
1377 4193 1568 4262 quibus
1612 4195 1872 4265 incipiens

279 4285 524 4350 dixerat,
564 4281 743 4336 Videte
767 4299 915 4337 canes
934 4325 948 4345 ,
984 4283 1145 4337 videte
1168 4284 1328 4338 malos
1354 4286 1617 4353 aperarios
1637 4328 1651 4351 ,
1696 4297 1750 4342 et
1785 4304 1872 4341 se-

280 4377 519 4444 quentia.
562 4373 767 4430 Omnes
808 4376 985 4444 itaque
1023 4383 1148 4430 suut
1182 4375 1379 4430 inimici
1423 4378 1596 4432 crucis
1635 4377 1831 4433 Christi
1858 4420 1871 4443 ,

281 4465 368 4533 qui
398 4466 647 4521 volentes
675 4466 1001 4520 constituere
1025 4479 1174 4519 suam
1201 4466 1489 4535 justitiam,
1523 4485 1639 4537 qua:
1669 4486 1732 4523 ex
1760 4471 1878 4540 lege

282 4566 397 4620 est,
428 4557 484 4611 id
511 4566 637 4621 est,
669 4555 846 4610 littera
888 4565 1089 4610 tantum
1115 4556 1369 4625 jubente,
1411 4572 1519 4611 non
1551 4562 1738 4626 spiritu
1773 4562 1876 4615 im-

285 4647 465 4714 plente
488 4687 506 4712 ,
543 4645 770 4715 justitia:
814 4646 909 4700 Dei
951 4661 1055 4700 non
1087 4656 1212 4699 sunt
1240 4647 1484 4716 subjecti.
1524 4648 1584 4702 Si
1625 4651 1756 4704 enim
1791 4653 1881 4724 qui

285 4751 371 4802 per
396 4736 564 4805 legem
586 4777 602 4798 ,
632 4734 852 4788 heredes
884 4743 1038 4799 sunt;
1065 4735 1319 4788 exinanita
1340 4745 1411 4789 est
1438 4737 1565 4805 ﬁdes
1594 4739 1767 4809 (Rom.
1797 4758 1876 4808 iv,

288 4824 395 4895 14).
430 4823 495 4880 Si
525 4840 622 4894 per
640 4824 800 4895 legem
821 4824 1023 4894 justitia
1043 4865 1055 4887 ,
1078 4839 1196 4894 ergo
1223 4823 1449 4879 Christus
1470 4829 1627 4897 gratis
1658 4839 1881 4884 mortuus

198 4958 201 4961 .
288 4926 356 4968 est
382 4915 592 4984 (Colat.
623 4930 679 4979 ιι,
706 4914 826 4985 ει),
848 4930 967 4984 ergo
991 4924 1286 4967 evacuatum
1310 4926 1381 4967 est
1401 4917 1698 4970 scandalum
1722 4927 1884 4975 crucis

290 5005 400 5077 (Id.
432 5021 466 5061 v
486 5047 504 5071 ,
541 5006 660 5074 Η).
689 5005 765 5059 Ac
793 5021 886 5073 per
912 5006 1014 5058 hoc
1042 5004 1118 5058 illi
1150 5005 1349 5059 inimici
1379 5015 1503 5059 sunt
1528 5008 1702 5063 crucis
1731 5010 1846 5077 ejus
1866 5053 1880 5075 ,

288 5101 376 5169 qui
405 5116 504 5169 per
528 5100 705 5169 legem
735 5099 918 5154 dicunt
953 5114 1072 5153 esse
1097 5099 1356 5168 justitiam
1377 5140 1391 5166 ,
1423 5099 1488 5153 ad
1519 5116 1676 5170 quam
1696 5103 1885 5172 jubere

292 5199 569 5265 pertinet,
621 5213 726 5251 non
770 5198 979 5267 juvare.
1029 5198 1208 5253 Gratia
1259 5215 1385 5255 vero
1431 5201 1521 5254 Dei
1567 5216 1660 5271 per
1701 5200 1881 5255 Jesum

289 5288 565 5344 Chri-tum
604 5279 884 5344 Dominum
912 5290 929 5323 ⁸
954 5291 1007 5345 in
1030 5292 1228 5359 Spiritu
1258 5303 1465 5360 sancto,
1496 5293 1711 5362 adjuvat
1738 5294 1884 5348 imir-

293 5382 534 5437 tnitateni
561 5392 825 5436 nostram.

361 5473 455 5527 ‘23.
502 5468 867 5540 Quamobrem
910 5474 997 5543 qui
1041 5474 1333 5529 secundum
1371 5474 1633 5543 justitiam
1670 5491 1789 5545 quae
1835 5477 1885 5530 in

296 5562 409 5635 lege
438 5573 523 5619 est
542 5605 557 5629 ,
592 5563 711 5619 sine
740 5563 844 5619 ﬁde
866 5566 1049 5635 gratiae
1076 5565 1270 5620 Christi
1298 5565 1459 5629 vivit,
1488 5566 1624 5620 sicut
1657 5581 1716 5620 se
1746 5569 1887 5636 Apo-

368 5741 383 5771 ι
409 5740 551 5797 mliti,
586 5751 675 5799 per
697 5747 862 5790 Josmn
900 5739 1144 5792 (limatum
1181 5739 1429 5793 hominum
1454 5750 1682 5791 nostrum.
1726 5745 1887 5801 Abest,

302 5810 542 5858 matrum,
559 5815 597 5850 ιι
614 5810 715 5850 Mss.

1579 448 1781 505 LlBER
1818 447 2141 507 TERTIUS.

3428 454 3525 509 606

1944 562 2113 615 stolus
2139 562 2255 616 sine
2282 562 2498 632 querela
2532 563 2731 618 vixisse
2755 574 3173 629 commemorat,
3207 566 3405 621 nullam
3432 582 3525 621 vei

1943 667 2056 705 ram
2088 652 2351 722 putandus
2371 662 2452 707 est
2478 652 2674 708 habere
2689 654 2947 724 justitiam
2974 673 2986 708 :
3012 671 3115 709 non
3142 657 3262 724 quia
3286 656 3373 710 lex
3399 672 3524 711 vers

1944 752 1995 795 et
2025 751 2207 795 sancta
2245 758 2350 797 non
2376 752 2489 807 est;
2521 742 2616 798 sed
2650 746 2773 815 quia
2803 745 3023 801 obedire
3056 745 3196 801 velle
3228 745 3420 801 littera:
3443 748 3528 817 ju-

1946 830 2121 893 benti,
2161 832 2277 886 sine
2311 831 2613 887 viviﬁcante
2654 835 2841 903 spiritu
2878 835 2997 901 Dei,
3038 834 3203 889 veluti
3232 851 3299 890 ex
3328 837 3529 891 viribus

1946 922 2099 977 liberi
2138 924 2373 987 arbitrii,
2414 925 2623 994 justitia
2662 943 2785 981 vera
2830 942 2934 981 non
2977 937 3080 982 est.
3121 927 3333 984 Justitia
3367 945 3528 996 vero,

1948 1013 2235 1068 secundum
2273 1031 2429 1084 quam
2460 1015 2633 1085 justus
2673 1033 2737 1071 cx
2781 1016 2889 1073 ﬁde
2929 1019 3095 1085 vivit,
3139 1021 3391 1088 quoniam
3439 1034 3533 1089 per

1948 1105 2191 1172 spiritum
2218 1107 2402 1174 gratia:
2432 1106 2630 1161 homini
2658 1123 2727 1163 ex
2758 1108 2866 1163 Deo
2893 1117 3008 1174 est,
3042 1124 3167 1163 vera
3192 1108 3395 1178 justitia
3429 1119 3528 1164 est.

1948 1196 2077 1261 Qua.-
2104 1196 2227 1250 licet
2261 1211 2365 1250 non
2403 1198 2671 1252 immerito
2697 1199 2749 1253 in
2780 1198 3047 1269 aliquibus
3074 1198 3232 1269 justis
3257 1216 3350 1268 pro
3379 1199 3535 1270 hujus

1948 1287 2071 1340 vitae
2094 1289 2390 1357 eapaeitate
2423 1291 2655 1359 perlecta
2685 1290 2880 1346 dicitur
2899 1333 2914 1358 ,
2954 1306 3115 1360 parva
3146 1299 3324 1347 tamen
3357 1302 3441 1347 est
3468 1292 3535 1346 ad

1951 1378 2093 1433 illam
2141 1393 2427 1449 magnam,
2469 1395 2628 1449 quam
2672 1382 2816 1449 capit
2863 1382 3141 1452 aequalitas
3189 1382 3535 1452 Angelorum.

1952 1469 2118 1535 Quam
2148 1470 2238 1538 qui
2261 1470 2494 1524 nondum
2519 1470 2765 1537 habebat,
2799 1480 2854 1526 et
2881 1481 3101 1541 propter
3125 1472 3270 1526 illam
3292 1488 3410 1542 quae
3425 1472 3537 1541 jam

1953 1561 2124 1616 inerat
2144 1601 2160 1627 ,
2186 1562 2477 1631 perlectum
2497 1604 2511 1628 ,
2542 1572 2597 1618 et
2643 1573 2863 1634 propter
2892 1566 3045 1619 istam
3071 1581 3189 1635 qua:
3228 1565 3404 1621 adhuc
3434 1565 3533 1621 de-

1952 1663 2096 1717 erat,
2129 1654 2495 1723 imperl‘ectum
2526 1670 2585 1710 se
2607 1671 2727 1712 esse
2757 1656 2989 1713 dicebat.
3028 1657 3135 1713 Sed
3176 1658 3332 1728 plane
3364 1659 3540 1714 minor

1954 1743 2055 1797 ista
2081 1744 2284 1813 justitia
2323 1743 2451 1799 facit
2485 1746 2765 1813 meritum,
2794 1745 2968 1816 major
3006 1747 3096 1801 illa
3135 1746 3195 1815 ﬁt
3235 1749 3536 1817 pririnitun.

1956 1831 2108 1887 Unde
2139 1834 2228 1903 qui
2255 1834 2410 1888 istam
2438 1850 2545 1889 non
2576 1835 2851 1905 sequitur,
2886 1836 3032 1890 illam
3073 1851 3176 1891 non
3217 1838 3537 1907 assequitur.

1954 1922 2214 1988 Quocirca
2250 1933 2372 1993 post
2408 1924 2856 1980 resurrectionem
2888 1925 3150 1992 hominis,
3180 1926 3409 1982 futuram
3436 1944 3540 1984 ne-

1954 2026 2082 2082 gare
2104 2011 2324 2082 iustitiae
2344 2012 2747 2082 plenitudinem,
2769 2022 2822 2069 et
2849 2026 3035 2085 putare
3065 2024 3263 2070 tantam
3306 2015 3540 2072 futuram

1955 2114 2076 2158 esse
2100 2104 2362 2173 justitiam
2397 2104 2451 2159 in
2471 2120 2698 2175 corpore
2726 2106 2848 2160 vitae
2870 2107 3035 2173 illius,
3066 2115 3263 2177 quanta
3289 2122 3411 2163 esse
3441 2125 3539 2177 po-

1958 2203 2063 2249 test
2108 2196 2161 2250 iu
2199 2210 2425 2265 corpore
2461 2198 2657 2252 mortis
2694 2197 2884 2268 hujus,
2931 2199 3213 2253 dementia:
3258 2200 3544 2271 singularis

1956 2295 2058 2342 est.
2090 2287 2206 2343 Non
2247 2300 2424 2343 autem
2463 2288 2571 2343 illic
2615 2289 2853 2358 incipere
2881 2290 3147 2357 homines,
3178 2305 3297 2360 quia
3328 2290 3413 2345 hic
3442 2307 3542 2346 no-

1959 2378 2153 2432 luerint
2184 2379 2274 2433 Dei
2305 2379 2551 2432 mandata
2580 2380 2883 2448 complere,
2915 2380 3250 2433 verissimum
3280 2388 3382 2433 est.
3429 2380 3546 2437 Erit

1957 2473 2099 2545 enim
2140 2470 2544 2540 perfectissimae
2574 2471 2591 2503 ι
2618 2471 2893 2541 plenitudo
2929 2474 3179 2542 justitiaz,
3218 2490 3323 2528 non
3367 2484 3544 2530 tamen

1959 2560 2235 2615 hominum
2265 2562 2505 2616 mandata
2534 2563 2852 2617 sectantium
2874 2604 2887 2625 ,
2918 2574 2971 2617 et
3005 2564 3071 2617 ad
3096 2566 3212 2619 eam
3252 2565 3542 2634 plenitudi-

1960 2665 2082 2705 nem
2111 2649 2437 2720 prohciendo
2481 2652 2801 2716 nitentium;
2832 2652 2926 2706 sed
2968 2652 3022 2706 in
3059 2653 3164 2706 ictu
3205 2654 3378 2721 oculi,
3412 2655 3550 2710 sicut

1960 2741 2074 2812 ipsa
2120 2741 2292 2796 futura
2337 2753 2420 2797 est
2460 2744 2785 2798 resurrectio
2822 2752 3156 2797 mortuorum
3198 2743 3249 2816 (Ι
3289 2744 3405 2799 Cor.
3445 2759 3546 2811 xv,

1960 2831 2055 2902 52)
2086 2848 2101 2885 :
2129 2833 2377 2901 quoniam
2421 2832 2509 2887 illa
2551 2833 2799 2901 perfecue
2837 2820 3146 2903 magnitudo
3168 2832 3426 2901 justitim,
3468 2834 3547 2890 eis

1961 2922 2049 2991 qui
2078 2920 2439 2975 hic-mandata
2468 2921 2710 2976 iecerunt
2730 2962 2746 2989 ,
2776 2924 3052 2991 prmmium
3079 2922 3292 2976 dabitur
3311 2964 3327 2989 ,
3359 2938 3468 2977 nun
3490 2931 3549 2979 et

1963 3012 2079 3086 ipsa
2107 3012 2348 3067 facienda
2378 3013 2736 3067 mandabitur.
2766 3011 2871 3068 Sed
2899 3015 2970 3066 ita
3001 3013 3224 3067 dixerim
3247 3054 3262 3078 ,
3294 3011 3547 3067 mandata

1964 3102 2228 3168 fecerunt,
2258 3111 2318 3156 ut
2337 3103 2403 3155 ad
2433 3103 2555 3171 ipsa
2578 3103 2823 3156 mandata
2853 3103 3256 3158 meminerimus
3282 3103 3550 3172 pertinere

1964 3193 2259 3248 orationem
2287 3195 2333 3261 ⁸,
2363 3193 2416 3248 in
2458 3208 2558 3264 qua
2592 3194 2830 3264 quotidie
2869 3194 3132 3249 veraciter
3157 3193 3342 3249 dicunt
3379 3195 3548 3249 sancti

1965 3282 2065 3338 ﬁlii
2086 3284 2455 3352 promissionis
2475 3324 2490 3348 ,
2513 3267 2609 3347 et,
2648 3282 2768 3336 Fiat
2801 3283 3032 3337 voluntas
3061 3291 3181 3349 tua;
3209 3292 3265 3338 et
3287 3323 3303 3348 ,
3340 3282 3552 3338 Dimitte

1966 3374 2111 3429 nobis
2127 3376 2292 3429 debita
2313 3385 2486 3429 nostra
2513 3374 2721 3446 (Matth.
2746 3390 2820 3438 γι,
2855 3374 2979 3429 lOet
3001 3373 3112 3445 12).

2036 3464 2262 3521 CAPUT
2286 3464 2417 3520 Vill.
2443 3495 2513 3505 —
2530 3463 2619 3518 24.
2644 3463 2767 3518 Tria
2787 3464 3047 3534 praecipua
3077 3462 3280 3517 hwresis
3309 3461 3550 3535 Pelagia-

1967 3575 2048 3612 na:
2069 3558 2255 3627 capita.
2292 3556 2509 3613 Nebqu
2532 3556 2929 3628 Pelagianorum
2954 3597 2969 3623 ,
2998 3565 3045 3610 et
3070 3555 3438 3611 calumniarum
3461 3573 3550 3611 ca-

1969 3648 2076 3719 pita
2109 3648 2345 3718 quinque.
2384 3648 2515 3702 Cum
2552 3648 2713 3717 igitur
2746 3647 3015 3717 Pelagiani
3054 3647 3138 3701 his
3169 3658 3331 3717 atque
3361 3647 3552 3717 hujus-

1968 3739 2112 3793 niodi
2159 3740 2397 3794 veritatis
2438 3740 2758 3794 testimoniis
2805 3749 2859 3794 et
2904 3739 3129 3795 vocibus
3165 3751 3452 3810 urgentur,
3485 3755 3555 3797 ne

1970 3837 2166 3899 negent
2189 3829 2447 3899 originale
2471 3838 2747 3898 peccatum
2768 3844 2783 3895 ;
2806 3845 2873 3885 ne
2899 3830 3121 3900 gratiam
3153 3829 3243 3884 Dei
3267 3845 3368 3899 qua
3390 3830 3553 3897 justi-

1972 3918 2216 3985 licamur,
2242 3934 2347 3973 non
2368 3921 2554 3989 gratis,
2578 3920 2669 3974 sed
2692 3921 2987 3975 secundum
3014 3922 3202 3975 merita
3226 3930 3408 3975 nostra
3439 3920 3554 3975 dari

1973 4009 2190 4074 dicant;
2231 4024 2298 4064 ne
2326 4009 2381 4063 in
2422 4008 2643 4066 homine
2670 4011 2883 4067 mortali
2905 4052 2919 4074 ,
2965 4012 3259 4082 quamlibet
3293 4022 3478 4067 sancto
3505 4025 3559 4068 et

1976 4101 2112 4155 bene
2141 4111 2331 4172 agente
2349 4145 2363 4167 ,
2394 4113 2594 4157 tantam
2623 4104 2806 4158 dicant
2830 4119 2947 4158 esse
2968 4103 3226 4174 justitiam
3251 4146 3265 4170 ,
3295 4114 3352 4157 ut
3372 4104 3423 4158 ei
3453 4120 3560 4159 non

1977 4192 2047 4246 sit
2084 4194 2382 4248 necessaria
2421 4195 2582 4249 etiam
2625 4203 2745 4262 post
2787 4194 3210 4264 regenerationis
3253 4196 3563 4261 lavacrum,

1976 4282 2147 4339 donec
2177 4285 2333 4339 istam
2358 4285 2519 4338 vitam
2546 4283 2711 4350 ﬁniat,
2739 4286 2984 4341 remissio
3014 4294 3351 4355 peccatorum
3384 4302 3401 4342 :
3432 4302 3565 4358 ergo

1977 4389 2097 4429 cum
2122 4383 2398 4443 urgentur,
2431 4390 2498 4429 ne
2520 4376 2617 4429 ista
2643 4376 2741 4430 tria
2765 4376 2965 4443 dicant,
2995 4386 3047 4432 et
3064 4393 3158 4446 per
3179 4378 3294 4431 haec
3319 4377 3567 4434 homines

1978 4463 2067 4532 qui
2099 4464 2176 4518 eis
2206 4463 2430 4518 credunt
2458 4480 2487 4518 a
2508 4466 2675 4536 gratia
2706 4466 2997 4521 Salvatoris
3021 4467 3252 4521 alieneut
3270 4510 3285 4533 ,
3313 4479 3363 4522 et
3394 4469 3569 4525 elatos

1981 4554 2035 4607 in
2067 4555 2372 4623 superbiam
2413 4556 2463 4610 in
2491 4556 2749 4625 judicium
2780 4557 2975 4612 diaboli
3005 4558 3306 4629 prmcipites
3334 4560 3413 4615 ire
3437 4576 3562 4630 per-

1981 4644 2271 4711 suadeant;
2300 4646 2594 4701 immittunt
2613 4648 2841 4701 aliarum
2866 4648 3087 4703 nebulas
3108 4651 3485 4717 quaestionum,
3512 4652 3566 4704 in

1981 4733 2176 4802 quibus
2203 4749 2391 4789 eorum
2422 4736 2561 4804 apud
2606 4736 2851 4791 homines
2878 4738 3240 4805 'simpliciores
3259 4780 3273 4805 ,
3315 4740 3429 4793 sive
3460 4750 3568 4794 tar-

1983 4824 2182 4890 diores,
2209 4826 2322 4880 sive
2351 4827 2550 4881 sanctis
2582 4827 2798 4881 Litteris
2827 4828 3001 4880 minus
3030 4828 3296 4894 eruditos,
3322 4829 3567 4899 impietas

1984 4914 2277 4969 delitescat.
2305 4916 2395 4969 the
2421 4925 2545 4970 sunt
2575 4917 2804 4980 nebulae,
2829 4916 2897 4970 de
2922 4917 3079 4972 laude
3101 4926 3383 4985 creatum,
3411 4918 3571 4975 laude

1987 5006 2286 5073 nuptiarum
2309 5045 2327 5072 ,
2357 5005 2513 5060 laude
2544 5007 2707 5076 legis,
2752 5006 2905 5061 laude
2947 5006 3098 5062 liberi
3141 5008 3382 5076 arbitrii,
3414 5010 3568 5068 laude

1986 5105 2288 5151 sanctorum
2325 5112 2337 5148 :
2370 5096 2523 5163 quasi
2552 5096 2832 5167 quisquam
2863 5107 3103 5152 nostrum
3146 5099 3244 5153 ista
3270 5100 3570 5170 vituperet,

1987 5201 2051 5241 ac
2075 5203 2179 5241 non
2209 5187 2382 5256 potius
2420 5187 2601 5243 omnia
2631 5189 2682 5243 in
2713 5188 2971 5245 honorem
2997 5191 3267 5246 Creatoris
3298 5200 3354 5247 et
3382 5192 3569 5248 Salva-

1990 5281 2119 5335 toris
2144 5280 2336 5334 debitis
2376 5281 2623 5337 laudibus
2663 5284 2935 5351 praedicet.
2981 5285 3086 5340 Sed
3126 5301 3297 5357 neque
3331 5297 3567 5343 creatura

1991 5371 2062 5425 ita
2103 5371 2217 5426 vult
2258 5371 2499 5437 laudari,
2545 5382 2604 5426 ut
2643 5374 2778 5428 nolit
2804 5377 3002 5430 sanari.
3050 5376 3115 5431 Et
3150 5379 3349 5447 nuptis:
3377 5387 3570 5449 quanto

1991 5464 2160 5532 tnagis
2187 5464 2464 5518 laudanda:
2495 5476 2637 5529 sunt,
2673 5476 2820 5520 tanto
2849 5467 3022 5521 minus
3051 5468 3127 5522 eis
3165 5468 3468 5536 imputanda
3493 5476 3571 5518 (Sat

2059 5685 2075 5749 f
2102 5682 2319 5749 militum
2346 5692 2472 5741 5155.,
2503 5686 2866 5749 perfectissima.

2059 5748 2172 5792 ἐιη
2194 5744 2411 5793 Gallicani
2456 5758 2505 5795 et
2552 5742 2755 5797 talio-ini
2797 5755 2899 5795 Mss.
2946 5754 2995 5793 Αι
3026 5745 3161 5800 Pili“.
3199 5759 3246 5798 ttt
3289 5742 3392 5803 ἐμω
3434 5752 3565 5787 mw!-
3644 5786 3653 5791 -

2002 5812 2111 5855 datu
2138 5821 2489 5856 memmi-rimus
2512 5822 2583 5869 pet
2600 5819 2747 5858 tmere
2766 5816 2825 5857 ad
2851 5824 2888 5857 υ.
2908 5816 3126 5856 alterum.
