4096 6520
396 408 499 466 ῦΟἹ

399 523 640 594 pudenda
665 524 843 582 carnis
868 527 1329 598 concupiscentia;
1364 546 1480 600 ane
1503 546 1612 585 non
1641 538 1725 584 est
1747 546 1774 579 τι
1801 526 1976 590 Patre,

396 614 490 670 sed
525 632 589 671 ex
630 616 826 672 mundo
869 627 951 674 est
995 616 1051 690 (Ι
1076 619 1234 674 Joan.
1276 635 1344 687 tt,
1391 619 1479 691 16)
1510 639 1522 651 ο
1553 636 1709 691 quam
1745 616 1984 688 profecto

396 708 719 764 invenerunt
744 709 795 763 in
826 709 1133 765 hominibus
1162 714 1380 781 nuptim,
1415 727 1517 766 non
1553 712 1827 775 fecerunt;
1860 709 1982 779 quin

392 808 457 854 et
486 800 572 853 illa
604 800 655 854 in
702 801 943 870 plurimis
983 803 1098 858 sine
1130 804 1259 873 ipsis
1298 813 1418 869 est,
1464 811 1520 857 et
1568 803 1694 872 ipsa:
1734 802 1777 856 si
1825 812 1983 854 nemo

401 901 696 958 peccasset,
725 892 841 948 sine
890 895 975 947 illa
1013 910 1133 951 esse
1175 903 1480 964 potuerunt.
1511 895 1577 948 Et
1608 895 1691 947 lex
1716 902 1897 947 sancta
1929 899 1985 945 et

394 982 535 1052 justa
564 994 618 1037 et
646 985 781 1039 bona
815 983 988 1057 (Rom.
1023 1002 1124 1051 vn,
1159 984 1278 1058 1‘2);
1320 1001 1419 1040 nec
1444 988 1554 1053 ipsa
1583 994 1665 1039 est
1692 981 1859 1054 gratia
1885 1023 1901 1048 ,
1930 988 1986 1037 et

398 1072 530 1126 nihil
552 1089 618 1127 ex
642 1089 703 1128 ea
727 1085 869 1129 recte
894 1076 952 1129 ﬁt
972 1076 1087 1132 sine
1110 1076 1277 1147 gratia
1300 1094 1313 1140 ;
1338 1076 1457 1146 quia
1484 1091 1589 1129 non
1619 1084 1700 1129 est
1721 1074 1843 1127 data
1865 1087 1984 1143 qnte

400 1175 580 1234 posset
601 1166 893 1235 viviﬁcarc,
917 1169 1011 1224 sed
1038 1170 1486 1238 prtevaricatitmis
1504 1184 1661 1225 causa
1689 1170 1856 1239 posita
1880 1176 1982 1231 est,

400 1267 456 1310 ut
476 1258 748 1313 convictos
776 1260 1115 1316 concluderet
1146 1262 1246 1317 sub
1273 1271 1510 1329 peccato,
1535 1270 1588 1316 et
1616 1260 1898 1330 promissio
1917 1274 1985 1314 ex

400 1348 507 1404 tide
538 1350 663 1405 Jesu
689 1351 891 1406 Christi
926 1352 1145 1408 daretur
1173 1353 1513 1408 credentibus
1540 1351 1738 1427 (Galat.
1771 1367 1859 1418 ttt,
1890 1352 1982 1418 21,

400 1440 491 1506 19,
519 1438 637 1511 22).
666 1441 732 1496 Ει
769 1442 992 1496 liberum
1020 1443 1295 1497 arbitrium
1323 1444 1643 1513 captivatum
1676 1442 1889 1497 nonnisi
1917 1439 1988 1497 ad

402 1541 675 1600 peccatum
714 1533 885 1599 valet;
930 1533 998 1589 ad
1026 1534 1286 1604 justitiam
1316 1550 1474 1601 vero,
1508 1535 1608 1590 nisi
1635 1534 1892 1588 divinitus
1922 1531 1989 1588 li-

399 1619 642 1676 beratum
670 1621 1038 1693 adjutumque,
1072 1639 1178 1678 non
1204 1625 1361 1679 valet.
1386 1624 1467 1679 Ac
1480 1638 1579 1694 per
1609 1624 1711 1680 hoc
1737 1632 1791 1679 et
1811 1619 1987 1678 sancti

399 1727 589 1766 omnes
607 1753 623 1779 ,
656 1712 768 1767 sive
797 1712 865 1767 ab
892 1714 984 1767 illo
1010 1714 1231 1784 antiquo
1257 1713 1391 1768 Abel
1434 1730 1601 1785 usque
1625 1713 1694 1769 ad
1720 1713 1986 1772 Joannem

401 1803 712 1874 Baptistam,
743 1804 856 1860 sive
886 1805 954 1860 ab
979 1805 1108 1876 ipsis
1139 1807 1409 1875 Apostolis
1432 1822 1598 1877 usque
1626 1806 1691 1862 ad
1723 1806 1826 1862 hoc
1853 1816 1987 1871 tem-

399 1909 533 1963 pus,
565 1904 622 1950 et
642 1893 896 1965 deinceps
924 1910 1092 1967 usque
1120 1896 1186 1952 ad
1217 1899 1502 1951 terminum
1532 1897 1711 1953 sseculi
1735 1937 1752 1963 ,
1800 1898 1854 1951 in
1887 1898 1991 1951 Do-

401 1985 546 2039 mino
574 1986 822 2041 laudandi
846 1998 966 2042 sunt
994 2030 1009 2054 ,
1042 2005 1146 2042 non
1177 1989 1228 2042 in
1255 2003 1314 2043 se
1342 1990 1489 2058 ipsis.
1514 1988 1649 2056 Quia
1681 1997 1734 2043 et
1775 1988 1988 2053 illorum

399 2076 727 2131 anteriorum
756 2093 862 2133 Vox
885 2086 971 2134 est
989 2120 1004 2145 ,
1032 2077 1098 2133 In
1123 2079 1341 2133 Domino
1366 2080 1659 2134 laudabitur
1677 2080 1851 2133 anima
1877 2094 1989 2133 mea

401 2166 571 2237 (Paul.
599 2183 806 2234 xxxttt,
841 2168 897 2240 5)
934 2187 949 2225 :
989 2180 1043 2223 et
1084 2172 1304 2225 istorum
1345 2172 1702 2240 posteriorum
1747 2187 1849 2226 vox
1884 2180 1987 2237 est,

402 2257 579 2311 Gratia
615 2257 713 2312 Dei
753 2276 865 2313 sum
901 2259 958 2313 id
992 2260 1130 2330 quod
1165 2278 1276 2315 sum
1316 2260 1375 2333 (1
1402 2262 1521 2316 Cor.
1569 2279 1656 2328 xv,
1685 2260 1796 2333 10).
1832 2262 1898 2317 Et
1920 2260 1990 2316 ad

401 2364 589 2404 omnes
617 2351 879 2418 pertinet,
908 2350 975 2406 Ut
1003 2352 1087 2422 qui
1116 2351 1388 2419 gloriatur,
1420 2353 1472 2406 in
1500 2353 1719 2406 Domino
1744 2351 1993 2425 glorietur
2038 2412 2049 2423 ,

404 2436 516 2510 (Id.
553 2453 604 2496 ι.
632 2439 725 2508 3|)
757 2456 769 2491 :
799 2452 852 2494 et
894 2439 1164 2497 confessio
1190 2443 1491 2497 communis
1517 2451 1597 2498 cst
1624 2445 1896 2509 omnium,
1930 2442 1993 2498 Si

403 2527 678 2582 dixerimus
710 2527 828 2597 quia
859 2540 1120 2600 peccatum
1149 2549 1247 2586 non
1278 2532 1538 2600 habemus,
1564 2548 1655 2588 nos
1676 2534 1812 2605 ipsos
1841 2533 1994 2591 aedu-

403 2620 583 2683 cimus,
612 2630 659 2674 et
678 2622 859 2676 veritas
885 2623 937 2676 in
958 2624 1099 2677 nobis
1124 2642 1224 2679 non
1246 2635 1316 2679 est
1348 2625 1366 2697 (
1386 2626 1401 2679 l
1430 2624 1588 2680 Joan.
1615 2642 1631 2681 ι
1653 2668 1669 2693 ,
1699 2627 1777 2697 8).

474 2710 702 2767 CAPUT
728 2712 892 2768 lX.—
916 2716 1009 2771 25.
1040 2714 1268 2770 Ostendit
1294 2716 1668 2772 Catltolicorum
1686 2720 1990 2775 sententiam

404 2804 538 2857 inter
559 2802 958 2858 Manichaeorum
979 2816 1025 2859 et
1048 2805 1446 2878 Pelagianorum
1476 2810 1711 2871 mediam,
1731 2819 1994 2878 utramque

404 2895 653 2969 refellere.
676 2895 781 2951 Sed
802 2897 1054 2966 quoniam
1077 2899 1129 2952 in
1154 2898 1236 2954 his
1261 2900 1493 2970 quinque
1522 2901 1686 2956 rebus
1711 2912 1844 2972 qua
1877 2918 1995 2972 pro-

402 2979 585 3056 posui,
617 2987 668 3041 in
695 2988 890 3057 quibus
910 2988 1152 3058 quierunt
1174 2990 1426 3057 latebras,
1446 2995 1503 3042 et
1536 2993 1602 3047 de
1638 2995 1834 3069 quibus
1857 3009 1992 3050 con-

405 3084 624 3130 nectunt
650 3077 968 3146 calumnias,
999 3079 1192 3136 divinis
1218 3081 1557 3138 documentis
1583 3084 1883 3154 produntur
1907 3094 1991 3141 at-

404 3180 510 3235 que
536 3167 958 3235 convincuntur;
990 3172 1427 3241 excogitaverunt
1456 3172 1869 3250 Manichaeorum
1891 3174 1990 3231 de-

408 3255 640 3311 testabili
669 3260 884 3313 nomine
904 3258 1181 3328 imperitos
1210 3278 1342 3329 quos
1383 3264 1652 3332 potuerint
1678 3264 1990 3335 deterrere,

404 3361 474 3400 ne
500 3346 757 3402 adversus
784 3364 969 3404 eorum
997 3352 1401 3420 perversissima
1444 3353 1689 3424 dogmata
1711 3371 1870 3412 aures
1893 3372 1988 3413 ac-

402 3439 745 3494 commodent
771 3441 979 3498 veritati
1005 3459 1020 3498 :
1051 3444 1171 3513 quia
1200 3444 1404 3501 scilicet
1443 3444 1718 3502 Manicluei
1757 3448 1992 3519 quinque

403 3529 624 3585 istorum
655 3533 755 3587 tria
797 3535 974 3602 priora
1015 3533 1440 3603 blasphemando
1481 3537 1874 3606 condemnant;
1911 3539 1993 3594 di-

402 3630 607 3687 centes,
634 3640 804 3695 neque
856 3625 1144 3682 humanam
1173 3638 1473 3683 creaturam
1494 3671 1509 3695 ,
1541 3646 1716 3701 neque
1742 3631 1988 3701 nuptias,

404 3726 578 3782 neque
604 3713 774 3782 legem
799 3730 831 3769 a
848 3730 1059 3771 summo
1083 3725 1137 3771 et
1161 3733 1289 3773 vero
1312 3718 1423 3772 Deo
1462 3734 1584 3776 esse
1613 3720 1909 3776 institutam
1946 3721 1987 3778 ⁸.

404 3800 519 3855 Νοιι
546 3812 724 3858 autem
750 3806 1011 3875 accipiunt
1041 3806 1183 3876 quod
1212 3808 1414 3864 veritas
1441 3809 1591 3875 dicit,
1632 3825 1663 3865 a
1708 3812 1877 3867 libero
1904 3827 1993 3868 ar-

403 3892 566 3947 bitrio
608 3895 886 3950 exordium
936 3900 1230 3968 sumpsisse
1256 3909 1552 3969 peccatum,
1574 3909 1630 3956 et
1655 3917 1721 3956 ex
1746 3902 1840 3959 illo
1869 3917 1992 3961 esse

404 3998 566 4038 οιιιιιε
593 3985 674 4038 vel
698 3987 871 4054 angeli
903 3987 987 4042 vel
1031 3988 1262 4044 hominis
1292 3991 1488 4046 malum
1522 4010 1538 4048 :
1569 3993 1691 4064 quia
1742 3996 1866 4051 mali
1898 4012 1993 4052 na-

403 4081 579 4127 turam
606 4089 819 4144 semper
839 4077 1032 4132 malam
1060 4086 1114 4133 et
1145 4080 1252 4134 Deo
1278 4091 1599 4137 comternam
1621 4084 1781 4140 nimis
1806 4101 1837 4140 a
1879 4072 1990 4142 Deo

404 4164 769 4219 exorbitantes
793 4167 1011 4221 credere
1041 4169 1364 4227 maluerunt.
1393 4171 1622 4229 Sanctos
1645 4190 1858 4246 quoque
1888 4178 1990 4232 Pa-

404 4254 661 4309 triarchas
681 4265 735 4309 et
763 4256 1075 4327 Pr0phetas,
1109 4263 1320 4330 quantis
1355 4275 1583 4335 possunt
1607 4270 1992 4326 exsecrationi-

406 4342 507 4398 bus
537 4345 882 4401 insectantur.
916 4350 1051 4404 Ecce
1093 4352 1232 4407 uude
1261 4368 1319 4408 se
1351 4366 1536 4425 putant
1565 4358 1799 4415 hatretici
1841 4362 1987 4430 novi,

405 4432 814 4489 Manichaeorum
839 4443 1055 4495 nomine
1086 4442 1317 4510 objecto,
1349 4447 1453 4499 vim
1479 4440 1847 4518 subterfugere
1898 4468 1992 4508 ve-

406 4524 576 4581 ritatis
614 4543 628 4580 :
669 4526 764 4581 sed
821 4544 929 4582 non
978 4532 1389 4600 subterfngiunt.
1441 4537 1740 4608 Insequitur
1792 4543 1989 4614 quippe

345 4642 348 4647 -
406 4614 516 4677 illa,
553 4624 608 4670 et
641 4618 795 4672 simul
851 4620 1172 4677 Manichteos
1228 4626 1651 4700 Pelagianosque
1702 4632 1983 4689 subvertit.

406 4704 576 4761 llomo
596 4710 735 4763 cuitu
758 4711 882 4765 dum
909 4715 1162 4783 nascitur,
1192 4719 1313 4788 quia
1352 4720 1546 4776 bunttm
1572 4723 1768 4793 aliquid
1796 4736 1898 4792 est,
1931 4728 1985 4784 in

404 4810 660 4865 quantum
692 4801 854 4856 homo
900 4813 1002 4869 est,
1060 4806 1406 4864 Maniehreum
1456 4814 1745 4884 redarguit,
1781 4818 1986 4875 laudat-

407 4900 509 4955 que
556 4888 864 4946 Creatorem
900 4895 995 4948 :in
1025 4908 1281 4965 quantum
1336 4917 1464 4956 vero
1519 4907 1680 4962 trahit
1728 4909 1987 4980 originale

404 4988 700 5047 peccatum,
725 4983 992 5051 Pelagium
1025 4990 1315 5062 redarguit,
1346 5004 1397 5048 et
1421 4995 1578 5051 habet
1621 5004 1983 5058 necessarium

404 5069 755 5128 Salvatorem.
777 5074 909 5131 Nam
936 5082 1145 5150 etquod
1176 5086 1413 5143 sananda
1453 5088 1649 5145 dicitur
1703 5093 1802 5149 ista
1831 5105 1984 5150 natu-

411 5173 485 5223 ra,
534 5169 816 5232 utrumque
871 5171 1351 5244 rcpercutit:quia
1399 5193 1499 5233 nec
1538 5181 1799 5239 medicina
1851 5202 1985 5255 opus

409 5247 646 5316 haberet,
669 5254 713 5307 si
734 5270 862 5310 sana
893 5270 1068 5325 esset,
1119 5266 1260 5333 quod
1313 5279 1397 5323 est
1438 5283 1623 5328 contra
1670 5247 1983 5348 Pelagium;

406 5353 504 5434 nec
521 5344 697 5398 sanari
727 5355 906 5414 posset
934 5353 1173 5418 omnino,
1196 5357 1241 5410 si
1272 5368 1530 5417 atternum
1552 5376 1711 5434 atque
1738 5344 1987 5423 im'muta-

408 5427 510 5485 bile
528 5433 724 5489 malum
750 5446 915 5505 esset,
946 5443 1088 5510 quod
1113 5458 1194 5500 est
1216 5460 1399 5504 contra
1429 5427 1800 5512 Maniclizeum.
1852 5461 1983 5517 Item

403 5523 542 5591 quod
564 5528 761 5596 nuptiis
781 5571 797 5593 ,
824 5546 956 5600 quas
984 5532 1259 5591 laudamus
1295 5556 1324 5594 a
1371 5542 1595 5600 Domino
1629 5550 1944 5609 eonstitutas
1968 5595 1981 5615 .

403 5617 883 5686 concupiscentiam
915 5624 1089 5679 carnis
1118 5626 1480 5698 imputandum
1525 5653 1643 5694 esse
1697 5658 1803 5697 non
1851 5644 1980 5699 diei-

467 5763 483 5796 ¹
507 5768 578 5818 sic
598 5779 697 5821 ttss.
721 5773 853 5833 ttdili,
885 5775 1113 5828 itts.‘.".'.'lrt.

1034 413 1309 471 CONTRA
1350 414 1528 474 DU.\S
1566 414 1937 475 EPISTOL.\S
1977 411 2538 471 PELAGIANORUM.
2578 410 2636 469 S.
2677 415 3045 471 AUGUSTINI

3574 422 3679 476 003

2094 540 2232 590 mus,
2266 534 2320 580 et
2347 536 2529 580 contra
2558 525 2869 597 Pelagianos
2914 539 3018 594 est,
3051 529 3140 598 qui
3192 544 3308 585 eam
3340 530 3395 585 in
3430 529 3676 589 laudibus

2094 624 2317 683 ponunt;
2346 624 2397 670 et
2419 624 2606 671 contra
2634 616 2977 684 Manichrcos,
3001 621 3087 690 qui
3117 635 3231 675 eam
3264 622 3417 676 multo
3442 622 3634 678 alienae
3660 626 3678 658 ¹

2092 716 2295 761 natura:
2326 708 2591 774 tribuunt;
2643 725 2763 764 cum
2815 711 2880 764 sit
2928 723 3123 767 noStrre
3178 723 3378 768 naturae
3428 714 3681 770 accidens

2092 798 2309 860 tnalum,
2337 813 2448 855 non
2478 799 2569 854 Dei
2623 800 2977 869 disjunctione
3005 803 3025 833 ²
3052 804 3430 870 separandum,
3460 805 3551 860 sed
3586 805 3678 861 Dei

2093 892 2437 948 miseratione
2466 895 2782 951 sanandum.
2803 897 2930 951 Item
2953 901 3092 966 quod
3116 896 3342 952 dicimus
3366 899 3535 969 lrgt‘m
3557 915 3683 954 san-

2091 991 2254 1048 ctam,
2274 993 2326 1037 et
2349 984 2573 1054 justam,
2598 992 2654 1040 et
2682 985 2874 1039 bonam
2905 986 3079 1052 (Rom.
3101 1002 3192 1049 vn,
3221 987 3333 1057 12),
3356 1005 3458 1042 non
3482 989 3684 1059 justiti-

2092 1074 2277 1129 candis
2305 1077 2501 1144 impiis,
2524 1076 2631 1131 sed
2647 1075 3028 1131 convincendis
3068 1080 3337 1144 superbis,
3371 1094 3462 1147 pm
3483 1080 3680 1132 varica.

2108 1155 2276 1210 tionis
2301 1157 2475 1222 gratia
2518 1156 2752 1226 positam
2783 1156 2929 1228 (Gal.
2967 1170 3052 1225 tu,
3109 1157 3196 1230 19)
3225 1176 3236 1213 :
3263 1168 3316 1213 ει
3348 1170 3539 1214 contra
3571 1159 3687 1215 Ma-

2108 1246 2352 1301 nichteos
2378 1256 2482 1311 est,
2526 1250 2655 1318 quia
2686 1252 2987 1307 secundum
3030 1253 3352 1322 Apostolum
3392 1253 3682 1316 laudatur;

2106 1349 2161 1395 et
2195 1349 2386 1395 contra
2426 1341 2769 1412 Pelagianos,
2809 1344 2935 1414 quia
2985 1345 3286 1399 secundum
3336 1345 3679 1415 Apostolum,

2103 1448 2266 1488 nemo
2304 1449 2371 1489 ex
2398 1434 2515 1504 lege
2550 1435 3017 1502 justiﬁeaturlld.
3057 1437 3144 1507 tl)
3182 1455 3197 1493 :
3235 1447 3288 1492 et
3331 1438 3453 1491 ideo
3504 1438 3682 1492 viviti-

2105 1527 2296 1581 candis
2325 1527 2444 1581 'eis
2477 1543 2616 1598 quos
2660 1530 2835 1584 littera
2880 1533 3111 1595 occidit,
3149 1533 3198 1585 id
3259 1545 3375 1597 est,
3406 1550 3544 1603 quos
3595 1535 3678 1588 lex

2102 1620 2243 1675 bona
2270 1624 2596 1692 praecipiens
2622 1626 3071 1692 pnevariCaIione
3105 1646 3227 1683 reos
3262 1629 3417 1688 facit,
3449 1630 3679 1699 Spiritus

2092 1709 2277 1781 gratia:
2354 1711 2520 1780 gratis
2581 1711 2871 1781 opitulatur
2946 1709 3022 1786 (ll
3072 1711 3191 1768 Cor.
3249 1728 3339 1776 nt,
3393 1711 3486 1782 6).
3555 1712 3682 1768 Item

2094 1799 2234 1870 quod
2260 1800 2535 1856 arbitrium
2582 1800 2635 1856 in
2685 1802 2826 1856 malo
2874 1801 3379 1858 liberum‘dieimus
3427 1804 3491 1857 ad
3523 1820 3686 1874 agen-

2094 1889 2220 1945 dum
2250 1890 2445 1945 bonum
2476 1892 2640 1961 gratia
2668 1891 2765 1946 Dei
2795 1907 2914 1948 esse
2959 1892 3288 1948 liberandum
3317 1937 3329 1958 ,
3359 1903 3542 1949 contra
3587 1894 3688 1949 Pe-

2094 1979 2331 2050 lagianos
2356 1989 2437 2034 est
2466 1996 2480 2032 :
2506 1981 2646 2050 quod
2671 1991 2848 2037 autem
2888 1982 3114 2039 dicimus
3162 1983 3230 2038 ab
3282 1985 3370 2039 ilio
3409 1993 3681 2048 exortum,

2093 2071 2233 2141 quod
2249 2081 2403 2127 antea
2418 2088 2535 2127 non
2565 2082 2680 2128 erat
2730 2073 2927 2128 malum
2948 2116 2963 2142 ,
2988 2083 3173 2130 contra
3223 2075 3543 2131 Manichacus
3579 2089 3683 2133 est.

2096 2144 2226 2215 Item
2252 2160 2396 2230 quod
2423 2172 2637 2217 sanctos
2656 2163 2993 2220 Patriarchas
3022 2176 3076 2221 et
3103 2166 3396 2236 Prophetas
3417 2168 3607 2221 dehitis
3631 2171 3681 2223 in

2096 2251 2208 2306 Deo
2232 2252 2474 2307 laudibus
2505 2252 2855 2319 honoramus,
2885 2256 3166 2311 adversum
3210 2268 3293 2312 est
3336 2258 3640 2315 Manichzeis
3668 2278 3682 2314 :

2095 2344 2236 2414 quod
2268 2360 2396 2399 vero
2420 2354 2474 2400 et
2500 2346 2631 2416 ipsis
2656 2349 2898 2417 quamvis
2922 2349 3082 2418 justis
3111 2359 3166 2404 et
3195 2350 3302 2405 Deo
3349 2351 3682 2420 plaeentibus

2095 2434 2526 2505 prapitiatiouem
2574 2435 2784 2491 Domini
2825 2437 2991 2493 fuisse
3019 2438 3247 2493 dicimus
3288 2442 3692 2509 nece.~sariam,

2095 2523 2380 2579 adversum
2422 2534 2506 2579 est
2557 2526 2873 2598 Pelagianis.
2920 2529 3185 2599 Utrosque
3213 2531 3373 2602 igitur
3423 2533 3695 2589 catholica

2095 2613 2248 2691 ﬁdes,
2277 2615 2414 2669 sicut
2437 2624 2723 2671 etcaeteros
2750 2617 3048 2684 hzeretieos,
3073 2621 3409 2678 adversarios
3449 2625 3693 2690 invenit,

2095 2714 2356 2775 utrosque
2376 2705 2678 2761 divinorum
2702 2709 3128 2765 testimoniorum
3155 2712 3471 2768 auctoritate
3500 2714 3692 2769 etluce

2096 2796 2336 2852 veritatis
2364 2798 2652 2852 convincit.

2167 2887 2395 2944 CAPUT
2420 2888 2490 2944 Χ.
2518 2919 2589 2930 -
2612 2890 2702 2945 26.
2732 2889 3001 2963 Pelagiani
3041 2893 3230 2964 (utendi
3259 2892 3427 2948 locum
3474 2896 3684 2949 molitm-

2097 2988 2181 3035 tur
2215 2980 2383 3034 adhuc
2433 2981 2617 3052 injecta
2661 2998 2761 3036 nou
2813 2985 3099 3038 necessaria
3140 2986 3202 3038 de
3247 2986 3432 3040 animte
3489 2982 3691 3057 origine

2096 3072 2391 3142 questione.
2422 3071 2638 3127 Addunt
2663 3087 2794 3129 sane
2817 3073 2883 3128 ad
2917 3075 3239 3130 latebrarum
3266 3091 3482 3130 suarum
3513 3079 3685 3131 nebu-

2096 3160 2176 3216 las
2196 3160 2483 3230 Pelagiani,
2511 3162 2578 3216 de
2600 3162 2805 3233 origine
2823 3164 3015 3218 animae
3033 3180 3135 3220 non
3155 3167 3514 3221 necessariam
3535 3182 3684 3237 quae-

2096 3252 2345 3312 stionem;
2374 3251 2439 3307 ad
2464 3252 2564 3307 hoc
2581 3264 2637 3307 ut
2662 3268 2750 3309 res
2766 3254 3092 3320 manifestas,
3124 3256 3348 3312 aliarum
3378 3273 3552 3312 rerum
3583 3258 3682 3312 ob-

2095 3346 2350 3398 scnritate
2375 3343 2657 3412 turbando,
2698 3346 2987 3401 moliantur
3034 3346 3233 3402 latendi
3280 3348 3476 3403 locum.
3523 3349 3691 3404 Aiunt

2095 3434 2256 3500 enim,
2295 3453 2315 3487 ι
2350 3449 2447 3489 nos
2484 3434 2782 3489 animarum
2833 3436 3105 3493 traducem
3143 3452 3264 3493 cum
3313 3439 3519 3510 peccati
3571 3448 3685 3494 tra-

2093 3523 2229 3579 duce
2257 3525 2517 3580 contueri.
2550 3543 2568 3577 ι
2599 3524 2750 3593 Quod
2773 3527 2860 3582 ubi
2887 3535 2940 3582 et
2966 3531 3180 3598 quando
3234 3530 3286 3583 in
3333 3546 3552 3595 eorum,
3594 3532 3689 3601 qui

2093 3614 2385 3671 defendunt
2409 3615 2664 3671 adversus
2702 3618 2830 3673 istos
2868 3618 3187 3674 catholicam
3218 3621 3410 3687 tidem,
3450 3623 3530 3675 vel
3573 3637 3691 3675 ser-

2097 3704 2348 3759 monibus
2378 3705 2682 3771 audierint,
2713 3708 2796 3762 vel
2824 3701 3014 3762 litteris
3034 3708 3282 3778 legerint,
3329 3712 3528 3765 nescio.
3551 3709 3687 3777 Quia

2094 3794 2196 3849 etsi
2228 3794 2443 3850 invenio
2469 3811 2499 3848 a
2530 3795 2816 3850 Catholieis
2840 3797 2907 3850 de
2934 3799 3030 3851 hac
3056 3813 3115 3854 re
3159 3799 3359 3869 aliquid
3383 3802 3638 3870 scriptum
3668 3818 3684 3867 ;

2094 3884 2331 3942 nondum
2360 3894 2543 3940 contra
2574 3887 2705 3942 istos
2732 3888 2901 3942 fuerat
2945 3891 3185 3945 veritatis
3209 3902 3452 3961 suscepta
3496 3891 3685 3947 defen-

2094 3980 2195 4045 sio,
2218 3992 2391 4048 neque
2421 3977 2471 4032 id
2496 3979 2748 4049 agebatur
2778 3987 2835 4034 ut
2863 3979 2941 4034 eis
2963 3982 3395 4051 reSpouderetur.
3429 3983 3536 4038 Sed
3581 3984 3686 4040 hoc

2093 4066 2235 4131 dico,
2266 4077 2372 4121 tam
2400 4068 2737 4123 manifestum
2765 4084 2884 4125 esse
2908 4073 3199 4127 secundum
3230 4072 3532 4143 Scripturas
3560 4090 3686 4130 san-

2093 4167 2207 4214 ctas
2228 4159 2487 4229 originale
2515 4172 2818 4231 peccatum,
2868 4172 3028 4234 atque
3085 4165 3188 4222 hoc
3238 4166 3431 4220 dimitti
3472 4168 3686 4223 lavacro

2093 4250 2512 4319 regenerationis
2538 4252 2587 4304 in
2616 4254 2869 4321 parvulis,
2902 4263 3043 4308 tanta
3073 4255 3195 4309 tidei
3225 4257 3502 4311 Catholica:
3537 4258 3684 4312 anti-

2093 4342 2293 4410 quitate
2313 4350 2471 4411 atque
2498 4344 2812 4399 auctoritate
2839 4346 3124 4409 ﬁrmatum.
3158 4357 3263 4402 tam
3305 4349 3445 4404 clara
3494 4350 3680 4406 Eccle-

2092 4433 2186 4487 sia:
2209 4433 2521 4489 celebritate
2549 4436 2905 4503 notissimum,
2926 4438 3246 4509 utquidquid
3269 4440 3335 4494 de
3355 4441 3543 4494 animae
3570 4443 3683 4496 ori-

2090 4524 2212 4595 gine
2237 4525 2518 4593 cujuslibet
2548 4527 2889 4596 inquisitione
2938 4530 3019 4582 vel
3068 4530 3423 4585 afﬁrmatione
3464 4532 3687 4586 disseri-

2093 4626 2198 4683 tur,
2229 4617 2274 4672 si
2299 4628 2483 4673 contra
2513 4619 2610 4673 hoc
2629 4621 2717 4684 sit,
2746 4637 2930 4676 verum
2979 4638 3097 4676 esse
3148 4640 3253 4677 non
3302 4624 3490 4692 possit.
3535 4622 3684 4691 Qua-

2091 4720 2310 4780 propter
2335 4711 2573 4781 quisquis
2595 4713 2676 4766 vel
2705 4714 2773 4768 de
2801 4716 2975 4768 anima
3008 4716 3087 4768 vel
3142 4716 3209 4770 de
3258 4732 3593 4787 quacumque
3625 4734 3685 4776 re

2092 4801 2314 4855 obscura
2350 4801 2398 4855 id
2419 4801 2664 4868 adstruit,
2693 4804 2831 4858 unde
2876 4805 2982 4859 hoc
3014 4806 3155 4876 quod
3181 4810 3539 4877 veriSSImum,
3564 4808 3686 4865 fun-

2091 4888 2423 4944 datissitnutn
2456 4932 2469 4954 ,
2497 4895 2835 4949 notissimum
2875 4906 2990 4961 est,
3023 4895 3303 4962 destruat,
3335 4914 3447 4953 Sive
3489 4900 3558 4953 sit
3594 4901 3682 4957 ille

2093 4981 2250 5043 illius,
2276 4984 2385 5036 sive
2409 4984 2652 5038 inimicus
2679 4986 2954 5052 Ecclesiar,
2981 5000 3069 5041 aut
3090 4990 3437 5059 corrigendos
3464 5001 3564 5051 est.
3592 5003 3686 5048 aut

2093 5073 2386 5128 eaveudtts.
2408 5074 2514 5131 Sed
2547 5077 2632 5129 hic
2652 5078 2719 5131 sit
2742 5078 2899 5146 hujus
2925 5081 3211 5136 voluminis
3253 5083 3371 5137 linis
3398 5124 3416 5148 ,
3443 5091 3501 5137 ut
3538 5084 3687 5139 aliud

2093 5163 2325 5220 habeant
2348 5184 2461 5234 qua:
2485 5180 2780 5237 sequuntur
2805 5170 3103 5224 exordium.

2155 5255 2171 5285 ¹
2198 5256 2296 5324 ῌίε,
2320 5254 2508 5324 alienae,
2534 5258 2802 5324 addituret:
2827 5266 2932 5308 Mss.
2960 5267 3137 5311 Deerat
3158 5262 3283 5324 apud
3324 5269 3380 5311 Er
3423 5272 3473 5313 et
3500 5274 3606 5312 tov.
3630 5273 3683 5313 Αι

2091 5316 2217 5377 apud
2242 5325 2342 5366 Am.
2369 5317 2647 5378 legebatur,
2680 5320 2810 5371 alue.

2155 5381 2176 5408 ι
2194 5378 2330 5437 Editi,
2356 5379 2675 5430 distuu‘lione.

2156 5437 2177 5469 ⁸
2201 5439 2697 5501 F1liti,1uslt'/t'cuudis.
2738 5450 2793 5493 At
2816 5451 2940 5503 Mss,
2981 5441 3318 5508 ririﬁcmutis;
3352 5448 3482 5509 quod
3507 5449 3683 5495 nwtins

2156 5502 2361 5553 Spondet
2388 5506 2553 5553 verbo.
2578 5501 2772 5553 occidit.

2090 5512 2361 5553 resnondet
2388 5512 2553 5553 verno.
2578 5512 2772 5553 ocadtl.

2154 5509 2361 5559 Spondet
2388 5509 2553 5559 verbo,
2578 5509 2772 5553 occidit.

2154 5560 2175 5630 ’ς
2199 5562 2341 5610 Editi:
2363 5570 2474 5612 Item
2490 5564 2616 5630 quod
2639 5564 2893 5630 arbitrium
2905 5566 2984 5618 sui
2998 5566 3047 5617 in
3071 5568 3248 5617 malum
3265 5568 3485 5618 Itbarrm.
3511 5571 3673 5624 Ain-st.

2089 5625 2257 5693 sui,_a
2296 5630 2405 5693 loss.
2447 5625 2714 5693 ttallicanis
2743 5635 2791 5675 et
2842 5630 3103 5689 valicauis;
3152 5632 3299 5693 intptv-
3361 5634 3477 5684 usus
3527 5646 3679 5678 omm-

2091 5684 2182 5750 l-tts
2208 5683 2402 5750 legitur.
2438 5685 2484 5750 iu
2511 5687 2650 5734 mulo.
2676 5690 2747 5738 sic
2769 5702 2929 5750 supra,
2976 5683 3101 5739 litaro'
3128 5692 3167 5743 ι,
3199 5683 3244 5739 ιι.
3266 5693 3313 5747 ti,
3335 5694 3526 5745 «lu-unr.
3549 5696 3679 5743 uim-

2091 5743 2235 5810 trimi
2316 5760 2450 5793 rrum
2470 5748 2516 5796 in
2543 5750 2664 5796 itmlu
2688 5743 2902 5810 quidem,
2929 5756 3013 5801 sed
3039 5768 3128 5802 mm
3155 5743 3352 5802 ΙὶἐιίξγιιιΛ
3373 5768 3420 5802 2n
3447 5743 3561 5803 tie-ur;
3584 5763 3679 5799 ελνδ

2094 5809 2216 5862 quod
2244 5807 2467 5857 liberatur
2498 5825 2585 5857 usrt
2605 5807 2809 5859 (inerat?
2841 5812 2892 5860 it.
