4096 6540
776 190 802 223 δ

523 320 617 377 εει

520 526 624 576 sire
648 520 830 574 malum
870 537 888 569 ι
927 516 993 590 (ΙΙ
1019 514 1136 571 Cor.
1166 530 1222 580 ν,
1259 513 1363 581 l0).

593 612 647 666 In
680 610 762 664 his
789 608 1036 663 omnibus
1069 604 1318 675 quidquid
1344 602 1527 656 dicunt
1554 600 1619 654 dc
1654 598 1808 652 laude
1837 603 2099 650 creatura:

519 710 678 771 atque
704 699 1028 770 nuptiarum,
1061 695 1128 749 ad
1156 694 1255 747 hoc
1284 692 1483 747 referre
1505 699 1783 751 conantur,
1820 697 1876 740 ut
1901 703 2002 740 non
2030 685 2099 740 sit

520 787 777 858 originale
800 797 1071 855 peccatum
1101 801 1115 839 :
1143 781 1393 854 quidquid
1421 780 1489 835 de
1517 780 1671 834 laude
1701 779 1830 849 legis
1859 788 1914 832 et
1944 776 2097 831 liberi

520 876 744 942 arbitrii,
774 874 840 928 ad
869 874 990 938 hoc,
1022 882 1079 927 ut
1107 872 1272 941 gratia
1303 885 1407 924 non
1451 868 1662 936 adjuvet
1692 867 1793 921 nisi
1830 867 2096 931 meritum,

525 982 589 1021 ac
613 967 690 1022 sic
712 967 879 1035 gratia
900 965 1008 1031 jam
1046 977 1152 1017 non
1201 962 1271 1016 sit
1298 961 1471 1029 gratia
1498 977 1511 1014 :
1534 956 1785 1028 quidquid
1829 956 1896 1011 de
1943 955 2099 1009 laude

520 1069 842 1117 sanctorum,
871 1055 937 1109 ad
963 1056 1083 1119 hoc,
1113 1062 1170 1107 nt
1190 1053 1294 1107 vita
1335 1052 1573 1107 mortalis
1602 1051 1653 1103 in
1687 1049 1885 1104 sanctis
1915 1048 2098 1102 videa-

524 1158 608 1202 tur
637 1164 740 1201 non
770 1147 964 1200 habere
980 1157 1273 1214 peceatum,
1306 1156 1404 1195 nec
1428 1142 1496 1194 sit
1520 1142 1596 1194 eis
1622 1140 1977 1194 necessarium
2001 1153 2098 1209 pro

520 1236 847 1292 dimittendis
877 1234 1068 1290 debitis
1095 1235 1207 1288 suis
1229 1231 1432 1301 precari
1452 1232 1636 1285 Deum.

591 1325 816 1382 CAPUT
858 1323 944 1379 ill.
970 1350 1038 1365 —-
1064 1322 1309 1377 Catholici
1353 1331 1610 1385 naturam,
1646 1321 1869 1389 nuptias,
1919 1320 2096 1390 legem,

522 1417 731 1472 liberum
756 1414 1040 1479 arbitrium,
1066 1422 1112 1466 et
1130 1422 1329 1467 sanctos
1350 1412 1421 1464 sic
1448 1410 1679 1472 laudant,
1712 1420 1764 1462 ut
1795 1407 2112 1478 Pelagianos

522 1504 675 1560 simul
698 1515 745 1558 et
772 1504 1080 1558 Manichaaos
1120 1503 1374 1555 daninsnt.
1419 1500 1518 1554 lsla
1548 1499 1747 1554 nefaria
1778 1499 2023 1568 dogmata
2049 1507 2103 1552 et

523 1596 842 1650 datnnabilia
868 1595 921 1648 in
951 1594 1050 1648 hac
1073 1592 1334 1660 tripartita
1357 1589 1615 1643 divisione
1641 1589 1879 1658 quisquis
1926 1599 2103 1643 mente

521 1689 777 1744 catholica
801 1687 1072 1750 exhorret,
1111 1686 1250 1738 illius
1270 1683 1503 1753 quinque
1533 1682 1737 1750 partitae
1772 1680 1999 1734 latebras
2025 1681 2105 1734 iu-

522 1780 788 1849 sidiasque
808 1778 1026 1842 devitet,
1053 1786 1212 1845 atque
1242 1776 1311 1828 ita
1335 1775 1474 1828 inter
1492 1781 1777 1840 utrumque
1797 1771 1866 1825 sit
1891 1781 2098 1835 catttns,

523 1869 682 1923 utsic
705 1868 936 1922 declinet
979 1864 1346 1925 Manichmum,
1398 1876 1464 1917 ne
1498 1876 1559 1916 se
1597 1861 1816 1914 inclinet
1863 1860 1916 1913 in
1947 1859 2103 1914 Pela-

521 1960 699 2030 gium;
727 1971 1017 2027 rursusque
1036 1955 1108 2008 ita
1131 1969 1190 2009 se
1218 1953 1505 2023 sejungata
1535 1950 1851 2019 Pelagianis,
1886 1965 1953 2003 ne
1975 1965 2106 2002 con-

519 2051 707 2121 jungat
733 2046 1069 2111 Manichads;
1100 2052 1192 2099 aut
1211 2044 1258 2098 si
1284 2044 1339 2109 in
1359 2041 1628 2096 alterutris
1647 2041 1754 2107 jam
1778 2047 2007 2100 tenetur,
2038 2054 2106 2093 ne

526 2142 607 2196 sic
640 2155 703 2194 se
744 2154 773 2193 a
813 2137 1136 2209 quibuslibet
1178 2134 1362 2190 alteris
1380 2140 1536 2189 eruat
1561 2131 1601 2197 ¹,
1640 2132 1771 2185 utin
1813 2131 2009 2185 alteros
2035 2131 2106 2184 ir-

524 2238 664 2287 ruat.
696 2229 958 2285 Videntur
989 2226 1185 2297 quippe
1220 2226 1360 2279 inter
1401 2237 1460 2277 se
1495 2236 1615 2277 esse
1643 2221 1929 2282 contrarii;
1975 2235 2107 2289 quo-

522 2321 667 2376 niam
711 2319 945 2388 qninque
969 2317 1056 2371 illa
1091 2313 1370 2370 Manichazi
1407 2311 1757 2381 vituperando
1783 2323 1840 2365 se
1881 2308 2107 2364 manife-

526 2418 692 2478 stant,
741 2408 1012 2478 Pelagiaui
1053 2404 1317 2461 laudando
1356 2419 1416 2459 se
1442 2403 1730 2458 occultant.
1774 2401 2109 2470 Quapmpter

526 2512 782 2572 utrosque
831 2500 1049 2554 damnat
1089 2506 1247 2569 atque
1273 2496 1491 2560 devitat,
1532 2494 1775 2566 quisquis
1816 2493 2107 2549 secundum

524 2592 763 2665 regulam
790 2590 1065 2647 catholicae
1091 2588 1214 2643 ﬁdei
1233 2588 1313 2644 sic
1343 2587 1394 2641 in
1424 2585 1733 2640 hominibus
1774 2585 2109 2640 nascentibus

525 2685 595 2741 de
622 2683 762 2739 bona
791 2690 1034 2737 creatura
1062 2679 1241 2736 carnis
1264 2687 1321 2734 et
1343 2678 1537 2733 animm
1584 2676 1848 2748 gloriﬁcat
1885 2677 2109 2731 Creato-

525 2789 672 2841 rem,
720 2771 861 2843 quod
887 2786 994 2826 non
1035 2770 1147 2825 vult
1185 2769 1543 2833 Manichzeus;
1589 2776 1646 2821 ut
1674 2775 1849 2821 tamen
1896 2773 2110 2837 propter

525 2863 734 2930 vitium,
753 2861 895 2933 quod
920 2861 973 2915 in
1000 2875 1095 2916 eos
1122 2874 1217 2930 per
1247 2866 1519 2929 peccatum
1552 2857 1707 2927 primi
1728 2857 1958 2913 hominis
1983 2871 2108 2929 per-

528 2952 761 3020 transiit,
787 2950 1018 3006 fateatur
1035 2958 1091 3005 et
1114 2948 1350 3020 parvulis
1368 2946 1727 3004 necessarium
1758 2946 2107 3012 Salvatorem,

526 3042 672 3114 quod
700 3057 804 3097 non
831 3040 943 3095 vult
963 3038 1210 3109 Pelagius
1238 3055 1251 3092 :
1279 3038 1357 3092 sic
1381 3036 1637 3092 discernit
1664 3036 1864 3091 malum
1907 3037 2111 3107 pudea-

525 3134 612 3188 dae
648 3129 1090 3202 concupiscentiae
1124 3144 1156 3183 a
1204 3128 1439 3183 bonitate
1485 3127 1811 3196 nuptiarum,
1840 3135 1899 3181 ut
1935 3141 2111 3197 neque

528 3222 832 3278 Manicbaeis
857 3221 1043 3277 similis
1067 3219 1206 3275 unde
1230 3218 1496 3273 nascimur
1523 3218 1721 3287 culpet,
1754 3232 1931 3289 neque
1957 3217 2114 3275 Pela-

530 3313 699 3384 gianis
738 3312 927 3366 similis
966 3308 1107 3365 unde
1148 3308 1522 3365 confundimur
1563 3307 1743 3363 laudet
1771 3325 1785 3363 :
1812 3308 1891 3363 sic
1931 3309 2106 3379 legem

531 3420 628 3474 per
650 3404 866 3475 Moysen
891 3411 1127 3457 sanctam
1150 3400 1415 3470 etjustam
1441 3407 1496 3455 et
1520 3398 1713 3454 bonam
1742 3414 1774 3454 a
1802 3400 1911 3454 Deo
1928 3409 2112 3455 sancto

529 3505 586 3553 et
614 3496 759 3567 justo
782 3502 851 3551 et.
873 3494 1013 3550 bono
1041 3492 1217 3548 datam
1248 3506 1369 3547 esse
1411 3488 1688 3556 defendit,
1735 3489 1877 3561 quod
1927 3498 2111 3547 contra

530 3587 844 3657 Apustolum
870 3594 1026 3654 negat
1043 3581 1400 3647 Manichmus;
1444 3589 1500 3633 ut
1525 3595 1646 3636 eam
1674 3579 1818 3635 dicat
1844 3588 1898 3634 et
1926 3594 2114 3649 pecca-

532 3654 642 3734 tum
674 3677 980 3743 ostendere,
1029 3690 1134 3729 non
1174 3683 1350 3728 tamen
1395 3672 1599 3737 tollere,
1649 3681 1705 3727 et
1740 3672 2003 3740 justitiam
2026 3670 2115 3741 ju-

531 3769 681 3836 bcre,
715 3783 817 3823 non
839 3776 1013 3822 huneu
1038 3765 1191 3834 dare,
1220 3764 1363 3837 quod
1388 3779 1573 3819 rursus
1588 3771 1771 3819 contra
1798 3763 2112 3834 Apostolum

534 3872 691 3930 negat
716 3858 960 3929 Pelagius
985 3876 998 3911 :
1029 3857 1107 3912 sic
1131 3857 1326 3911 asserit
1353 3856 1579 3912 liberum
1606 3856 1907 3919 arbitrium;
1927 3866 1983 3910 ut
2007 3870 2112 3911 non

533 3969 597 4007 ex
630 3962 813 4006 natura
856 3949 1036 4003 nescio
1080 3962 1184 4017 qua
1223 3961 1439 4015 semper
1476 3945 1634 4009 mala,
1667 3960 1786 4015 quae
1837 3942 1981 3999 nulla
2009 3954 2113 4010 est,

533 4041 628 4097 sed
646 4055 711 4096 ex
740 4040 856 4110 ipso
883 4037 1104 4092 arbitrio
1131 4037 1360 4106 clx-pisse
1389 4035 1531 4090 dicat
1559 4043 1615 4089 et
1644 4035 1818 4104 angeli
1846 4044 1901 4089 et
1938 4034 2115 4090 homi-

537 4134 621 4187 nis
647 4126 862 4195 malum,
895 4128 1035 4199 quod
1076 4129 1267 4183 evertit
1308 4126 1552 4181 hmresim
1597 4126 1969 4191 Manichazam;
2018 4141 2117 4180 nec

540 4222 661 4277 ideo
693 4231 867 4274 tamen
902 4234 1057 4289 posse
1081 4217 1341 4286 captivam
1371 4217 1716 4280 voluntatem,
1748 4217 1848 4269 nisi
1883 4216 1972 4270 Dei
1998 4233 2119 4286 gra-

541 4315 634 4377 tia,
687 4310 949 4379 respirare
998 4309 1049 4362 in
1096 4308 1363 4363 salubrem
1409 4307 1731 4378 libertatem,
1763 4307 1903 4376 quod
1932 4309 2120 4362 evertit

541 4402 786 4457 hmresim
814 4400 1149 4469 Pelagianam
1181 4415 1196 4453 :
1227 4398 1309 4455 sic
1332 4397 1509 4452 laudat
1538 4398 1591 4452 in
1643 4398 1756 4453 Deo
1780 4409 1995 4452 sanctos
2025 4399 2122 4451 ho-

542 4494 713 4547 mines
741 4491 830 4545 Dei
858 4505 962 4545 non
991 4488 1162 4544 solum
1184 4503 1250 4543 ex
1276 4487 1615 4543 manifestato
1645 4488 1696 4542 in
1726 4503 1888 4544 carne
1908 4488 2123 4545 Christo

541 4596 594 4639 et
643 4583 913 4650 deinceps,
963 4595 1145 4634 verum
1185 4580 1346 4633 etiam
1398 4578 1735 4647 superiorum
1778 4589 2117 4647 temporum,

544 4687 679 4742 quos
704 4670 902 4726 audent
923 4666 1289 4737 blasphemare
1305 4666 1613 4730 Maniclnei;
1646 4677 1702 4720 ut
1721 4677 1893 4720 tamen
1912 4668 1978 4721 de
1997 4668 2125 4736 ipsis

545 4767 666 4835 plus
691 4763 873 4819 credat
896 4760 1024 4830 ipsis
1046 4758 1444 4825 conﬁtentibus,
1473 4773 1630 4829 quam
1659 4759 1953 4830 Pelagianis
1974 4776 2123 4814 men-

545 4856 818 4913 tientibus.
844 4852 1163 4910 Sanctorum
1193 4852 1334 4908 enim
1363 4866 1463 4906 vox
1485 4860 1586 4918 est,
1616 4850 1675 4906 Si
1698 4838 1973 4905 dixerimus
1999 4852 2120 4922 quia

545 4957 802 5018 peccatum
822 4962 923 5000 non
943 4944 1201 5009 habemus,
1231 4958 1322 4997 nos
1342 4942 1478 5011 ipsos
1506 4940 1808 5006 scducimus,
1862 4951 1906 4996 et
1938 4942 2121 4995 veritas

543 5040 597 5092 in
624 5037 764 5092 nobis
781 5052 880 5090 non
905 5046 977 5089 est
1003 5034 1044 5104 (Ι
1065 5033 1218 5088 Joan.
1250 5049 1289 5098 I,
1316 5033 1391 5103 8).

598 5126 824 5184 CAPUT
844 5124 1085 5179 lV.—De
1096 5126 1244 5178 laude
1253 5138 1515 5189 creaiurtr,
1542 5122 1823 5196 Pelagiani,
1834 5123 2125 5178 Manicluei.

553 5218 649 5274 llis
669 5218 739 5272 ita
765 5215 1173 5280 sehabentibus,
1191 5214 1314 5286 quid
1348 5216 1561 5285 prodest
1588 5217 1810 5270 novellis
1840 5215 2123 5279 haereticis,

549 5307 778 5363 inimicis
793 5303 1169 5362 crucisChristi
1183 5315 1235 5359 et
1249 5305 1439 5359 divina!
1455 5306 1902 5375 oppugnatoribus
1917 5307 2125 5375 gratiae,

548 5397 691 5468 quod
718 5413 747 5451 a
774 5395 1181 5452 Manichaeorum
1206 5409 1387 5448 errore
1409 5396 1520 5448 sani
1546 5396 1807 5458 videntur,
1826 5406 1878 5451 et
1903 5397 2002 5449 alia
2033 5410 2128 5451 sua

552 5489 851 5559 pestilentia
881 5487 1208 5540 moriuntur?
1225 5486 1360 5552 Quid
1382 5487 1461 5540 eis
1480 5487 1713 5568 prodest,
1731 5490 1868 5557 quod
1896 5489 1947 5542 in
1974 5488 2130 5543 laude

554 5692 573 5732 ι
615 5626 631 5655 ί
662 5635 774 5733 εἰςηώ
788 5632 837 5673 et
859 5630 953 5680 Er.,
977 5619 1118 5672 alteri
1149 5627 1315 5674 servet.
1338 5627 1469 5681 ιιονη
1493 5620 1659 5674 alteris
1690 5631 1858 5675 servet.
1887 5627 2132 5689 msugan-

575 5698 630 5733 Ul'
656 5698 681 5732 8
779 5700 845 5733 εδ.

575 5698 630 5733 υΓ
656 5698 711 5733 80
740 5698 845 5734 διεδ.

1134 312 1403 369 CONTRA
1447 310 1625 369 DU.\S
1667 309 2031 383 EPlS’i’Ul..\S
2073 308 2624 372 PFLHIHNORUDI,
2665 306 2723 362 S.
2764 306 3126 364 AUCUSTN

424 444 427 445 '
523 434 727 503 propria
771 442 937 494 carpm
952 428 1014 491 is,
1054 424 1327 481 secundum
1375 422 1509 495 quod
1535 422 1706 494 gessit,
1746 423 1847 478 siue
1883 418 2086 479 bonum,

3678 307 3781 359 ﬁl!

2203 426 2459 471 creaturze
2485 417 2685 477 dicunt,
2721 434 2740 467 ι
2771 416 2935 470 Deum
2961 416 3156 472 bonum
3186 416 3514 472 nasccntium
3542 418 3779 471 condim-

2200 520 2334 569 rem,
2366 521 2457 573 per
2484 521 2637 575 quem
2668 505 2804 561 facta
2841 515 2966 560 sunt
2994 508 3195 572 omnia,
3222 506 3447 576 ejusque
3489 522 3622 576 opus
3656 523 3776 562 esse

2201 594 2334 648 ﬁlios
2377 596 2671 663 hominum,
2707 616 2726 651 ι
2766 612 2900 667 quos
2941 596 3213 652 Manichmi
3260 597 3444 652 dicunt
3483 613 3619 666 opus
3659 614 3777 651 esse

2203 686 2452 756 principis
2482 688 2855 752 tenebrarum;
2903 703 3025 741 cum
3053 688 3190 741 inter
3216 695 3488 757 utrosque,
3519 688 3602 742 vel
3639 688 3778 756 apud

2202 787 2452 848 utrosque
2483 779 2573 833 Dei
2594 788 2832 834 creatura
2856 821 2870 842 ,
2909 795 3026 847 qua:
3049 789 3130 833 εει
3160 779 3211 831 in
3246 779 3532 831 infantibus
3560 779 3784 846 pereat?

2202 870 2423 941 Utrique
2451 873 2591 926 enim
2640 873 2827 925 nolunt
2860 886 2976 925 eam
3009 870 3203 925 (ihrisd
3228 885 3389 923 carne
3438 878 3491 922 et
3527 871 3782 937 sanguine

2205 960 2411 1014 liberari
2445 977 2459 1016 :
2490 960 2561 1015 illi
2588 961 2709 1031 quia
2740 961 2906 1029 ipsam
2947 975 3163 1014 carnem
3201 969 3253 1013 et
3284 975 3594 1028 sanguinem
3625 960 3783 1012 Chri-

2166 1050 2292 1114 ‘sti,
2320 1058 2568 1119 tanquam
2600 1050 2713 1105 lucc
2741 1052 2960 1103 omnino
3000 1050 3052 1103 in
3086 1049 3299 1103 homine
3338 1048 3421 1103 vel
3463 1065 3524 1102 ex
3572 1048 3787 1105 homine

2204 1154 2309 1195 non
2349 1141 2659 1209 susceperit,
2705 1140 3022 1206 destruunt;
3051 1142 3135 1194 isti
3176 1148 3376 1205 autem,
3424 1141 3547 1210 quia
3582 1141 3783 1194 mdlum

2206 1229 2402 1284 malum
2440 1231 2612 1285 inesse
2640 1230 2932 1286 infantibus
2973 1240 3238 1292 asserunt,
3272 1230 3414 1285 unde
3462 1247 3557 1299 per
3597 1232 3788 1287 Sacra-

2207 1332 2438 1375 mentum
2468 1323 2645 1378 carnis
2670 1322 2828 1391 hujus
2855 1330 2911 1377 ct
2956 1323 3233 1392 sanguinis
3271 1324 3586 1378 liberentur.
3635 1323 3787 1379 Jacet

2208 1412 2344 1465 inter
2375 1412 2491 1464 illos
2523 1413 2574 1466 in
2614 1413 2849 1480 parvulis
2889 1412 3120 1468 humana
3163 1423 3406 1468 creatura
3455 1415 3788 1470 institutione

2208 1504 2364 1565 bona,
2398 1505 2776 1574 propagatione
2805 1504 3023 1567 vitiata;
3055 1504 3209 1558 bonis
3225 1504 3335 1558 suis
3362 1507 3620 1559 confitens
3650 1506 3791 1573 Opti-

2211 1612 2355 1649 mum
2406 1596 2758 1658 conditorem,
2790 1596 2943 1650 malis
2994 1596 3102 1649 suis
3127 1611 3373 1665 quaerens
3398 1597 3789 1651 misericordis-

2207 1686 2398 1739 simum
2442 1685 2869 1753 redemptorem;
2919 1685 3237 1741 Manichmos
3281 1686 3481 1743 habens
3526 1686 3787 1741 bonorum

2206 1789 2421 1829 suorum
2463 1776 2868 1845 vituperatores,
2923 1776 3230 1847 Pelagianos
3280 1776 3483 1832 habens
3528 1779 3785 1832 malorum

2209 1881 2424 1921 suorum
2452 1875 2754 1936 negatores,
2788 1877 3043 1937 utrosque
3070 1879 3461 1938 persecutores.
3509 1868 3576 1922 Et
3603 1883 3790 1938 quam-

2209 1958 2290 2011 vis
2319 1972 2413 2026 per
2439 1957 2714 2012 infantiam
2750 1957 2893 2028 loqui
2932 1973 3036 2012 non
3066 1958 3259 2021 valeat.
3299 1958 3477 2027 Specie
3504 1967 3678 2013 tamen
3714 1969 3792 2013 ta-

2208 2049 2309 2102 cita
2337 2056 2391 2104 et
2416 2049 2719 2103 infirmitate
2745 2048 2923 2103 abdita
2966 2048 3180 2118 impiam
3202 2049 3485 2104 vanitatem
3528 2060 3795 2105 utrorum-

2211 2154 2317 2209 que
2341 2138 2645 2209 compellat,
2677 2147 2731 2193 et
2759 2138 2865 2193 illis
2891 2139 3093 2205 dicens,
3122 2138 3205 2193 Ab
3227 2153 3294 2195 eo
3332 2140 3420 2207 qui
3444 2139 3579 2193 bona
3623 2148 3790 2204 creat,

2209 2229 2413 2284 credite
2440 2244 2525 2283 me
2553 2228 2723 2284 creari
2747 2244 2763 2294 ;
2795 2237 2848 2283 et
2873 2229 2988 2282 istis
3007 2228 3211 2292 dit-ens,
3235 2228 3316 2283 Ab
3341 2244 3404 2282 eo
3430 2228 3518 2299 qui
3546 2244 3629 2282 me
3644 2244 3792 2284 crea-

2210 2320 2313 2383 vit,
2374 2318 2534 2373 sinite
2584 2332 2672 2372 me
2717 2318 2917 2371 sanari.
2967 2316 3291 2371 Manicha-us
3342 2316 3670 2372 dicitsNihil
3711 2325 3797 2373 est

2214 2406 2374 2477 hujus
2402 2406 2640 2473 infantis,
2656 2408 2757 2461 nisi
2784 2409 2958 2462 anima
2983 2407 3116 2461 bona
3139 2407 3446 2471 liberanda;
3470 2418 3661 2464 actura
3688 2424 3796 2464 non

2211 2496 2278 2551 ad
2306 2497 2470 2553 Deum
2507 2497 2724 2560 bonum,
2751 2497 2845 2552 sed
2881 2496 2947 2551 ad
2974 2500 3271 2568 principem
3301 2498 3639 2553 tenebrarum
3667 2514 3793 2569 ρει-ς

2212 2588 2430 2643 tinentia
2456 2589 2751 2658 respuenda
2776 2590 2815 2644 ί.
2845 2587 3157 2658 Pelagianos
3186 2588 3315 2644 dicit
3338 2604 3353 2643 :
3377 2588 3488 2644 lmo
3525 2590 3680 2661 hujus
3710 2592 3795 2646 in-

2213 2676 2373 2732 fantis
2418 2676 2549 2733 nihil
2587 2688 2670 2734 est
2710 2678 3065 2741 liberandum,
3090 2679 3210 2747 quia
3261 2688 3429 2732 totum
3470 2680 3799 2735 ostendimus

2212 2768 2438 2824 salvum.
2470 2768 2642 2824 Ambo
2667 2769 2993 2825 mentiuntur
3018 2784 3033 2823 :
3057 2768 3151 2823 sed
3169 2770 3278 2836 jam
3313 2770 3492 2824 mitior
3511 2778 3592 2824 est
3623 2770 3800 2827 carnis

2213 2860 2379 2915 solius
2403 2869 2700 2928 accusator,
2743 2874 2902 2931 quam
2933 2860 3023 2931 qui
3061 2860 3112 2925 in
3138 2859 3448 2914 universum
3474 2860 3497 2892 ⁸
3519 2861 3799 2915 convinci.

2214 2959 2302 3005 tur
2345 2951 2538 3006 saevire
2578 2950 2840 3006 laudator.
2886 2950 2992 3007 Sed
3036 2966 3135 3006 nec
3186 2950 3510 3006 Manichacus
3553 2950 3801 3006 humanus

2214 3039 2407 3094 animm
2424 3041 2692 3107 subvenit,
2716 3039 3133 3111 blasphemando
3150 3049 3421 3096 auctorem
3450 3042 3608 3097 totius
3633 3040 3801 3097 homi-

2214 3132 2300 3186 nis
2328 3131 2525 3197 Deusn;
2565 3147 2667 3188 nec
2693 3132 3007 3203 Pelagianos
3032 3133 3281 3187 humanae
3308 3133 3543 3189 infantia:
3566 3134 3801 3190 divinam

2213 3224 2437 3294 gratiam
2455 3224 2478 3256 ⁸
2501 3224 2787 3280 subvenire
2816 3225 3096 3295 permittit,
3125 3223 3368 3293 negando
3386 3223 3645 3296 originale
3675 3241 3803 3295 pec-

2214 3325 2417 3385 catum.
2454 3315 2597 3370 Deus
2631 3326 2763 3386 ergo
2805 3303 3089 3370 miseretur
3132 3329 3230 3386 per
3258 3315 3573 3371 catholicam
3619 3316 3801 3385 ﬁdem,

2213 3397 2339 3476 quae
2361 3416 2639 3477 utramque
2654 3405 3023 3477 redarguendo
3051 3407 3364 3476 perniciem,
3393 3407 3579 3463 infanti
3604 3407 3803 3464 subve-

2215 3498 2296 3552 nit
2319 3498 2384 3552 ad
2413 3500 2673 3563 salutem;
2702 3498 3006 3554 Manichazis
3031 3499 3235 3565 dicens,
3265 3498 3460 3555 Audite
3487 3502 3802 3571 Aposmlum

2217 3589 2556 3653 clamantem,
2590 3587 2808 3644 Nescitis
2838 3591 2957 3661 quia
2994 3606 3180 3658 corpus
3217 3600 3429 3646 uestrum
3456 3591 3694 3662 templum
3733 3601 3807 3647 est

2216 3683 2270 3736 in
2297 3678 2436 3737 vobis
2482 3680 2710 3752 Spiritus
2754 3682 2914 3735 sancti
2940 3681 2983 3755 (i
3012 3680 3130 3736 Cor.
3155 3697 3229 3748 γι,
3262 3681 3386 3754 £9)?
3430 3692 3483 3736 et
3508 3680 3676 3737 Deum
3712 3682 3808 3737 bo-

2218 3788 2345 3827 num
2375 3782 2671 3829 creatorem
2707 3771 2908 3828 credite
2949 3788 3258 3841 corporum,
3312 3772 3435 3844 quia
3481 3790 3586 3827 non
3632 3784 3806 3844 potest

2219 3880 2340 3929 esse
2370 3865 2624 3935 templum
2650 3865 2881 3937 Spiritus
2909 3866 3075 3919 sancti
3102 3875 3238 3935 Opus
3273 3865 3530 3936 principis
3557 3866 3805 3921 tenebra-
3831 3853 3839 3859 ’

2220 3974 2381 4013 rum:
2415 3958 2710 4029 Pelagianis
2755 3957 2968 4024 dicens,
3035 3955 3101 4011 In
3148 3957 3494 4027 iniquitatibus
3543 3967 3808 4029 conceptus

2220 4057 2322 4115 est,
2349 4058 2395 4101 et
2419 4050 2471 4103 in
2493 4050 2707 4118 peccatis
2733 4065 2853 4104 eum
2885 4058 3046 4103 mater
3071 4048 3186 4119 ejus
3238 4050 3290 4102 in
3313 4060 3454 4104 utero
3482 4051 3609 4105 aluit
3631 4049 3805 4123 (Psal.

2223 4155 2274 4203 ι,
2304 4140 2382 4208 7),
2410 4154 2567 4208 quem
2596 4141 2903 4208 conspicitis
2933 4141 3231 4210 parvulum.
3254 4139 3389 4210 Quid
3406 4157 3527 4197 eum
3557 4151 3805 4213 tanquam

2223 4230 2292 4283 ab
2309 4232 2452 4284 omni
2482 4244 2619 4285 noxa
2645 4231 2865 4285 liberum
2883 4231 3233 4296 defendendo,
3250 4248 3356 4286 non
3379 4233 3683 4302 permittitis
3715 4249 3811 4303 per

2226 4321 2601 4391 indulgentiam
2631 4322 2882 4376 liberari?
2914 4320 3078 4376 Nemo
3114 4322 3334 4376 mundus
3361 4339 3394 4375 a
3414 4322 3581 4386 sorde,
3617 4339 3707 4377 nec
3732 4324 3810 4376 in-

2226 4415 2342 4485 fans
2360 4416 2505 4474 cuius
2529 4422 2598 4467 est
2627 4412 2727 4466 diei
2751 4413 2902 4467 unius
2921 4413 3022 4467 vita
3046 4429 3198 4481 super
3224 4423 3408 4467 terram
3454 4412 3572 4486 (Job
3618 4428 3729 4480 xw,
3754 4413 3811 4481 5,

2225 4510 2325 4556 sec.
2377 4501 2568 4571 LXX).
2618 4503 2789 4558 Sinite
2846 4504 3099 4558 miserum
3142 4503 3515 4559 remissionem
3567 4504 3813 4574 accipere

2227 4602 2563 4661 peccatorum
2584 4633 2599 4655 ,
2651 4608 2746 4659 per
2771 4608 2891 4649 eum
2922 4593 3012 4662 qui
3039 4593 3186 4649 solus
3205 4608 3305 4648 nec
3340 4608 3538 4665 parvus
3561 4609 3659 4650 nec
3701 4610 3814 4649 ma-

2228 4696 2362 4753 gnus
2390 4685 2560 4763 potuit
2588 4684 2783 4739 habere
2807 4695 3103 4755 peccatum.
3414 4756 3421 4763 I

2299 4762 2514 4839 5.0M]
2555 4776 2632 4829 eis
2660 4775 2818 4846 igitur
2860 4775 3096 4845 prodest,
3146 4775 3287 4845 quod
3328 4762 3540 4843 dicunt,
3591 4795 3611 4829 s
3642 4776 3814 4834 Omne

2231 4875 2503 4933 peccatum
2531 4878 2634 4919 non
2663 4865 2729 4919 de
2766 4877 2972 4931 natura,
3015 4866 3110 4920 sed
3136 4867 3203 4921 de
3225 4867 3496 4923 voluntate
3520 4868 3815 4925 descende-

2230 4972 2329 5021 re;
2366 4977 2385 5011 ι
2430 4968 2483 5014 et
2515 4958 2817 5015 Maniclnnis
2844 4960 3037 5014 malam
3077 4970 3317 5013 naturam
3357 4958 3655 5015 dicentibus
3689 4975 3813 5013 cau-

2231 5068 2344 5107 sam
2372 5066 2493 5108 esse
2521 5050 2749 5122 peccati,
2784 5050 2937 5120 hujus
2961 5052 3241 5105 sententia:
3265 5051 3491 5106 veritate
3517 5049 3767 5105 resistere
3796 5067 3810 5104 :

2232 5143 2444 5212 quando
2473 5143 2714 5197 nolentes
2746 5142 3028 5196 admittere
3071 5140 3331 5211 originale
3359 5150 3658 5212 peccatum,
3690 5155 3810 5195 cum

2233 5246 2285 5288 et
2311 5237 2482 5305 ipsum
2515 5235 2630 5288 sine
2654 5232 2816 5286 dubio
2852 5232 2918 5287 de
2946 5232 3102 5301 primi
3148 5232 3379 5287 hominis
3400 5231 3671 5287 voluntate
3718 5232 3813 5287 de-

2234 5326 2474 5391 scendat,
2524 5323 2724 5377 faciunt
2770 5336 2893 5377 reos
2939 5322 3187 5392 parvulos
3236 5323 3304 5379 de
3355 5338 3582 5394 corpore
3630 5323 3813 5379 exire?

2299 5499 2315 5531 ι
2341 5497 2480 5587 Ρωιὲ
2503 5493 2739 5559 pertinent
2762 5494 3047 5587 respucpda.
3073 5497 3355 5547 (‘oncinnitts
3375 5502 3503 5558 itm,
3530 5494 3814 5557 pertinentia

2235 5560 2523 5622 respuenda.
2920 5560 2961 5627 ᾗ
2988 5619 2997 5629 .
3129 5617 3138 5627 _

2300 5625 2318 5653 ³
2338 5630 2384 5670 In
2409 5632 2528 5677 Mss.,
2557 5625 2821 5675 accusator,
2848 5631 2958 5678 quia
2980 5632 3028 5670 tn
3057 5631 3345 5669 universum.

2302 5684 2323 5717 ³
2347 5692 2392 5733 In
2420 5691 2544 5740 διεδ..
2567 5679 2871 5731 medicimm.
