4096 6514
325 352 429 405 MS

322 462 458 531 Quid
486 460 566 516 eis
597 460 832 531 prodest,
861 479 880 513 ι
908 460 1231 531 Baptismum
1259 460 1506 515 omnibus
1525 461 1767 516 aetatibus
1798 476 1897 516 ne-

322 552 616 609 cessarium
642 552 921 618 cnnliteri;
950 570 970 605 ι
997 551 1139 622 quod
1170 552 1442 607 Manichmi
1469 552 1652 608 dicunt
1683 554 1735 608 in
1755 555 1900 609 omni

321 654 481 701 artato
509 645 528 678 ¹
557 645 883 714 superﬂuum
911 662 925 698 :
954 660 1073 699 cum
1101 645 1186 699 isti
1214 645 1395 701 dicant
1420 661 1540 712 esse
1583 647 1635 702 in
1670 647 1901 716 parvulis

319 735 533 801 falsum,
561 745 816 806 quantum
833 735 901 790 ad
928 737 1294 791 remissionem
1317 739 1505 793 attinet
1522 741 1899 809 peccatorum?

321 824 457 892 Quid
486 823 567 879 eis
594 824 830 893 prodest,
857 842 878 877 ι
909 825 1050 894 quod
1068 841 1283 882 carnem
1311 827 1527 892 Christi,
1564 845 1584 880 ι
1614 845 1769 896 quam
1798 828 1898 882 hia-

323 916 511 972 nichmi
545 916 745 971 nullam
776 917 860 971 vel
903 917 1202 972 simulatam
1234 920 1395 979 fuisse
1419 919 1765 985 contendunt,
1804 918 1902 975 ad-

320 1023 508 1065 versus
555 1024 650 1064 eos
700 1009 787 1063 isti
825 1024 934 1064 non
985 1011 1157 1064 solum
1200 1026 1403 1075 veram,
1451 1011 1547 1066 sed
1589 1020 1644 1066 et
1674 1030 1693 1064 t
1728 1013 1897 1080 ipsam

318 1098 551 1154 animam
622 1099 761 1154 nulla
818 1100 1020 1169 peccati
1067 1103 1272 1156 macula
1327 1117 1624 1171 respersam
1678 1103 1840 1158 fuisse
1871 1122 1889 1156 ι

319 1187 612 1243 defendunt
640 1206 654 1242 :
687 1204 808 1245 cum
847 1191 925 1244 sic
953 1189 1069 1259 ejus
1094 1190 1343 1245 infantiaz-
1365 1194 1543 1248 ueteri
1573 1193 1640 1248 ab
1668 1194 1746 1249 eis
1765 1210 1899 1249 coae-

260 1286 261 1289 ‘
318 1286 556 1348 queritur
585 1277 834 1341 infantes,
860 1295 965 1332 non
993 1279 1181 1348 impari
1208 1281 1474 1350 puritate;
1505 1291 1563 1336 ut
1584 1291 1637 1337 et
1668 1283 1754 1337 illa
1788 1298 1892 1338 non

325 1368 568 1424 videatur
583 1384 798 1425 servare
823 1370 1043 1425 istorum
1077 1374 1471 1442 comparatione
1494 1374 1762 1442 propriam
1777 1389 1896 1428 san-

322 1461 585 1521 ctitatem,
610 1470 664 1516 et
692 1462 778 1517 isti
798 1477 863 1516 ex
895 1461 982 1516 illa
1001 1464 1193 1517 nullam
1221 1473 1614 1533 consequantur
1640 1466 1893 1521 salutem?

386 1550 443 1608 6.
482 1552 541 1606 1n
570 1567 634 1606 eo
660 1566 788 1607 sane
812 1552 954 1623 quod
981 1553 1181 1621 dicunt,
1209 1571 1228 1605 ι
1259 1554 1361 1608 Per
1378 1555 1547 1608 Adam
1576 1566 1802 1610 mortem
1827 1556 1896 1611 ad

315 1657 416 1699 nos
443 1643 721 1706 transisse,
744 1659 848 1698 non
873 1644 1117 1709 crimina,
1151 1664 1172 1697 ι
1207 1661 1311 1699 non
1342 1646 1540 1701 habent
1561 1648 1896 1704 adversarios

317 1734 637 1789 hlanichtnos
660 1752 672 1788 :
697 1735 819 1803 quia
860 1750 959 1790 nec
1005 1736 1103 1805 ipsi
1142 1745 1387 1791 astruunt
1424 1738 1680 1807 originale
1706 1753 1893 1808 pecca-

318 1833 427 1879 tum
454 1839 520 1881 ex
549 1824 763 1879 homine
802 1825 972 1895 primo
1006 1827 1152 1894 prius
1178 1842 1310 1895 puro
1335 1835 1393 1883 et
1415 1835 1562 1882 recto
1583 1843 1807 1898 corpore
1830 1843 1896 1884 ac

316 1916 525 1985 spiritu,
566 1924 620 1970 et
656 1923 838 1985 postea
878 1930 973 1986 per
1012 1916 1291 1972 arbitrium
1328 1918 1554 1973 liberum
1581 1919 1890 1989 depravata,

315 2004 569 2074 deinceps
608 2002 663 2059 in
709 2019 899 2060 omnes
940 2020 1061 2060 cum
1103 2015 1274 2063 morte
1303 2009 1556 2064 transisse
1586 2017 1640 2064 et
1668 2011 1895 2067 transire

318 2104 591 2164 peccatum
621 2113 635 2150 :
663 2094 758 2150 scd
802 2110 1019 2151 carnem
1064 2096 1246 2152 dicunt
1289 2096 1359 2153 ab
1401 2097 1553 2154 initio
1597 2100 1789 2155 malam
1824 2101 1894 2157 dc

314 2186 457 2240 malo
480 2200 724 2254 corpore,
755 2195 810 2240 et
834 2200 863 2239 a
892 2186 1033 2241 malo
1054 2188 1073 2218 ⁸
1094 2187 1283 2256 Spiritu
1308 2196 1507 2244 etcum
1538 2190 1681 2244 malo
1704 2192 1893 2262 spiritu

310 2285 579 2341 creatam;
610 2277 843 2332 animam
870 2293 999 2334 vero
1029 2278 1220 2333 bonam
1241 2321 1257 2348 ,
1290 2289 1497 2350 partem
1537 2282 1743 2337 scilicet
1772 2284 1889 2351 Dei,

316 2381 412 2435 pro
440 2367 644 2422 meritis
675 2367 1053 2437 iuqninatiouis
1082 2383 1194 2424 suae
1223 2384 1319 2441 per
1342 2370 1492 2427 cibos
1519 2381 1572 2427 et
1603 2382 1805 2442 potum,
1836 2373 1891 2430 in

299 2458 503 2527 .quibus
528 2467 686 2515 antea
717 2460 964 2531 colligata
991 2470 1092 2526 est,
1123 2463 1305 2519 venire
1332 2462 1386 2518 in
1413 2463 1705 2534 hominem,
1732 2476 1894 2539 atque

302 2550 385 2603 vita
411 2563 505 2619 per
529 2550 869 2605 concubitum
893 2550 915 2583 ⁸
935 2552 1113 2606 carnis
1140 2553 1352 2610 vinculo
1388 2557 1647 2628 colligari.
1676 2559 1755 2614 Ac
1795 2574 1893 2630 per

300 2639 415 2695 'boc
466 2638 740 2695 Παπίοὴωί
787 2642 1126 2698 consentiunt
1167 2644 1489 2716 Pelagianis,
1534 2662 1639 2704 non
1686 2649 1892 2707 crimen

297 2729 469 2800 ,printi
513 2730 746 2787 hominis
792 2733 1049 2790 transisse
1086 2734 1138 2790 in
1177 2751 1345 2807 genus
1375 2737 1687 2805 humanum,
1716 2757 1891 2813 neque

306 2835 407 2892 per
449 2814 687 2889 carnem,
728 2838 887 2895 quam
932 2840 1200 2896 nunquam
1245 2826 1406 2883 fuisse
1446 2828 1630 2885 dicunt
1668 2831 1887 2901 bonam,

296 2925 483 2980 neque
504 2927 608 2983 per
634 2914 888 2979 animam,
909 2929 1067 2986 quam
1098 2916 1382 2986 perhibent
1410 2932 1531 2974 cum
1561 2921 1767 2977 meritis
1808 2922 1891 2978 in-

306 3001 771 3071 quinamentorum
799 3019 1038 3069 suorum,
1067 3006 1261 3076 quibus
1283 3008 1484 3076 polluta
1509 3018 1593 3065 est
1615 3019 1740 3067 ante
1766 3026 1888 3069 car-

306 3108 453 3159 nem,
480 3095 665 3150 venire
703 3096 754 3150 in
786 3093 1019 3151 hominis
1043 3111 1279 3154 carnem.
1309 3098 1415 3155 Sed
1456 3101 1723 3174 Pelagiani
1751 3119 1914 3174 quo--

304 3182 468 3238 modo
501 3182 719 3253 dicunt,
751 3204 771 3239 ι
803 3185 970 3241 solam
1014 3196 1246 3244 mortem
1273 3189 1342 3245 ad
1370 3206 1466 3247 nos
1509 3194 1763 3251 transisse
1789 3211 1889 3268 per

303 3272 512 3328 Adam?
538 3293 559 3326 ι
584 3272 640 3329 Si
671 3276 819 3331 enim
841 3285 1120 3348 propterea
1156 3268 1434 3354 morimur,
1471 3283 1591 3353 quia
1626 3284 1714 3342 ille
1740 3302 1885 3340 rnor-

305 3372 426 3419 tuus
450 3372 534 3418 est
556 3382 571 3427 ;
603 3365 691 3421 ille
718 3374 896 3423 autem
922 3378 1165 3424 mortuus
1193 3380 1295 3439 est,
1321 3373 1443 3444 quia
1465 3376 1704 3444 peccavit
1728 3394 1741 3430 :
1771 3391 1886 3447 pm-

302 3468 428 3508 nam
464 3454 650 3510 dicunt
678 3458 906 3513 transire
934 3459 1051 3514 sine
1075 3460 1254 3531 culpa,
1279 3472 1334 3517 et
1357 3464 1667 3521 innocentes
1688 3482 1884 3538 parvu-

299 3546 453 3601 vulos
473 3545 671 3617 injuste
697 3549 955 3619 supplicio
978 3548 1001 3582 ⁸
1021 3553 1216 3621 puniri,
1241 3554 1501 3611 trahendo
1521 3567 1746 3614 mortem
1764 3561 1884 3618 sine

292 3635 508 3691 meritis
550 3638 757 3692 mortis.
785 3638 938 3708 Quod
974 3639 1043 3696 de
1084 3657 1192 3697 uno
1225 3643 1345 3700 solo
1386 3635 1680 3704 mediatore
1707 3648 1799 3705 Dei
1828 3659 1884 3706 et

298 3726 581 3782 hominum
608 3727 826 3785 homine
848 3728 1062 3785 Christo
1089 3730 1216 3788 Jesu
1252 3733 1512 3790 catholica
1553 3735 1685 3792 lides
1710 3740 1879 3807 novit,

293 3820 388 3889 qui
425 3833 523 3888 pro
561 3819 715 3875 nobis
753 3830 1001 3886 mortem.
1031 3822 1131 3879 hoc
1166 3834 1269 3891 est,
1295 3827 1496 3896 peccati
1522 3843 1736 3899 pcenam
1764 3833 1882 3892 sine

295 3921 519 3980 peccato
558 3912 738 3968 subire
779 3912 1025 3985 dignatus
1065 3924 1166 3970 est.
1198 3916 1347 3972 Sicut
1387 3919 1532 3974 enim
1575 3921 1723 3977 solus
1760 3924 1881 3981 ideo

292 4001 474 4057 factus
492 4011 575 4057 est
600 4003 832 4060 hominis
863 4005 1021 4071 lilins,
1046 4015 1103 4061 ut
1129 4023 1226 4063 nos
1256 4025 1349 4079 per
1373 4010 1519 4066 illum
1546 4012 1641 4071 Dei
1667 4014 1758 4070 ﬁlii
1785 4015 1878 4073 lie-

292 4098 478 4146 remus
501 4108 517 4145 :
543 4092 616 4146 ita
637 4091 783 4147 solus
808 4107 904 4163 pro
929 4095 1080 4151 nobis
1102 4097 1337 4168 suscepit
1361 4100 1477 4156 sine
1502 4102 1657 4158 malis
1677 4106 1879 4162 meritis

293 4196 542 4253 pariam,
573 4193 630 4237 ut
655 4198 755 4237 nos
783 4200 878 4254 per
915 4185 1061 4241 illum
1100 4188 1217 4244 sine
1259 4189 1410 4247 bonis
1451 4192 1656 4249 meritis
1683 4211 1875 4254 conse-

290 4286 586 4342 queremur
612 4272 635 4305 ⁸
653 4276 898 4343 gratiam.
921 4275 1053 4343 Quia
1095 4278 1233 4333 sicut
1272 4281 1423 4337 nobis
1454 4299 1558 4338 non
1585 4283 1879 4344 debebatur

291 4363 491 4434 aliquid
540 4365 683 4428 boni,
715 4365 785 4420 ita
812 4381 912 4423 nec
953 4369 1028 4422 illi
1069 4370 1268 4441 aliquid
1313 4372 1876 4440 mali.Commendans

288 4469 422 4524 ergo
449 4454 789 4512 dilectionem
819 4471 969 4513 suam
996 4458 1048 4514 in
1078 4476 1172 4516 eos
1192 4463 1385 4532 quibus
1409 4474 1526 4521 erat
1544 4466 1766 4526 daturus
1791 4473 1875 4527 in-

291 4545 522 4600 debitam
549 4546 734 4613 vitam,
760 4548 866 4618 pati
896 4564 993 4621 pro
1015 4551 1093 4606 eis
1119 4552 1287 4608 voluit
1313 4554 1599 4613 indebitam
1625 4571 1871 4618 mortem.

291 4635 440 4691 llanc
481 4637 807 4708 singularem
841 4639 1145 4698 Mediatoris
1176 4648 1576 4718 prmrogativam
1605 4651 1873 4726 Pelagiani

285 4743 547 4785 evacuare
590 4741 871 4799 conantur,
915 4742 973 4787 ut
1015 4733 1118 4790 hoc
1156 4735 1269 4804 jam
1310 4754 1415 4794 non
1454 4740 1524 4795 sit
1563 4742 1614 4797 in
1647 4745 1873 4803 Domino

285 4819 575 4891 singulare,
614 4821 657 4876 si
694 4822 861 4878 Adam
902 4824 972 4879 ita
1014 4836 1231 4896 propter
1258 4830 1468 4899 culpam
1497 4844 1719 4891 mortem
1748 4854 1870 4907 pas-

284 4923 379 4965 sus
415 4918 498 4965 est
534 4910 792 4977 debitam,
825 4921 882 4968 ut
917 4917 1120 4984 parvuli
1150 4931 1213 4972 ex
1246 4918 1337 4972 illo
1365 4921 1560 4976 nullam
1599 4922 1870 4984 trahentes

284 5000 518 5071 culpam,
550 5010 779 5058 mortem
809 5005 1076 5073 patiantur
1105 5007 1415 5063 indebitam.
1439 5010 1694 5077 Quamvis
1722 5019 1865 5073 enim

286 5091 441 5146 bonis
476 5090 788 5148 conferatur
826 5110 921 5165 per
959 5110 1185 5153 mortem
1227 5099 1512 5168 plurimum
1550 5103 1695 5171 boni,
1730 5110 1867 5166 unde

282 5182 526 5236 nonnulli
549 5196 904 5254 congruenter
923 5186 1082 5242 etiam
1103 5187 1172 5244 de
1191 5190 1332 5245 bono
1353 5193 1540 5247 mortis
1558 5195 1866 5265 disputave-
1898 5236 1899 5239 η

281 5290 442 5344 runt;
475 5289 650 5338 tamen
679 5296 732 5339 et
753 5284 877 5342 hinc
900 5304 1019 5359 qua:
1046 5292 1379 5360 prmdicanda
1407 5308 1488 5352 est
1526 5299 1625 5353 nisi
1659 5300 1863 5353 miscri-

340 5412 358 5474 ξ
384 5409 608 5462 Gallicani
631 5419 761 5474 Mss,
786 5415 954 5468 dicunt
968 5419 1100 5471 omni
1118 5423 1269 5474 tutati.

339 5471 363 5537 ξ
385 5474 467 5537 llic
487 5479 562 5537 Er.
591 5482 643 5523 et
661 5471 768 5526 Lov.
793 5481 1078 5537 omiserunt,
1104 5471 1247 5533 mulo.

340 5532 516 5609 flgiti2
539 5532 1231 5609 ﬂaper_concubitt_tm__etimi.
1258 5547 1422 5608 Abest,
1458 5549 1523 5599 eti
1536 5562 1620 5609 tm,
1641 5563 1668 5600 a
1689 5558 1797 5601 Mss.

339 5595 360 5664 ξ
382 5599 457 5664 ac
479 5603 587 5647 uss.
614 5595 731 5649 Editi
754 5611 937 5657 autem,
953 5604 1160 5664 judiao.

337 5655 564 5709 'Aberat.
590 5655 1007 5725 consequeremur,
1041 5679 1068 5715 a
1106 5675 1246 5722 1155.:
1271 5679 1323 5720 ιιι
1364 5669 1517 5720 lector
1557 5673 1857 5738 subaudiret,

275 5728 631 5773 summarum,

1667 348 1865 403 LIBER
1905 346 2246 415 QUARTUS.

3460 373 3584 431 ’ΒΗ

2009 462 2188 517 cordia
2237 464 2348 532 Dei,
2393 466 2531 536 quod
2583 468 2634 524 in
2681 470 2849 527 bonos
2889 490 3015 531 usus
3056 483 3384 540 convertitur
3428 504 3585 558 posita

2006 556 2205 623 peceati
2230 556 2252 608 ?

2079 643 2129 696 7.
2169 643 2272 699 Sed
2306 644 2406 700 hoc
2444 647 2562 703 ideo
2586 649 2770 707 dicunt
2808 654 2913 720 isti,
2941 656 3068 713 dum
3099 662 3282 717 volunt
3306 680 3370 720 ex
3400 669 3580 725 verbis

2004 731 2243 811 apostoli
2288 735 2343 789 in
2380 751 2531 792 suum
2563 755 2776 796 sensum
2820 745 3063 802 homines
3108 750 3446 822 detorquere.
3483 757 3581 813 Ubi

2003 819 2146 876 enim
2177 825 2250 878 ait
2274 828 2582 897 Apostolus,
2608 831 2711 886 Per
2741 850 2895 888 unum
2925 837 3177 895 hominem
3212 857 3470 907 peccatum
3498 850 3580 903 iu-

2003 915 2152 967 traoit
2193 916 2244 969 in
2295 920 2563 988 mundum,
2602 932 2646 976 et
2692 942 2783 993 per
2827 939 3082 997 peccatum
3127 950 3298 999 mors;
3339 947 3385 990 et
3422 939 3492 992 ita
3532 941 3584 995 in

2003 1019 2175 1059 onmes
2195 1007 2419 1065 homines
2444 1016 2766 1080 pertransiit;
2791 1017 2861 1071 ibi
2885 1020 3064 1075 volunt
3094 1023 3308 1094 intelligi
3335 1043 3440 1083 non
3462 1046 3584 1098 pec-

2000 1105 2175 1149 catum
2207 1092 2582 1166 pertransisse,
2611 1104 2706 1157 scd
2738 1115 2983 1162 mortem.
3008 1110 3143 1177 Quid
3175 1092 3411 1186 est—ergo
3438 1120 3579 1187 quod

2001 1188 2259 1255 sequitur,
2292 1189 2342 1243 in
2379 1208 2477 1261 quo
2516 1210 2687 1249 omnes
2716 1203 3086 1266 peccaverunt?
3107 1204 3211 1281 Aut
3238 1207 3380 1261 enim
3407 1210 3456 1262 in
3489 1211 3582 1266 illo

2000 1290 2106 1328 uno
2137 1277 2349 1333 homine
2377 1297 2622 1350 peccasse
2652 1286 2780 1342 dicit
2820 1304 3009 1345 omnes
3041 1277 3345 1363 Apostolus,
3378 1299 3446 1353 de
3473 1317 3581 1370 quo

1999 1366 2223 1433 dixerat,
2249 1368 2350 1425 Per
2382 1390 2535 1427 unum
2564 1377 2817 1433 hominem
2842 1395 3101 1451 peccatum
3126 1387 3328 1442 intravit
3356 1392 3409 1443 in
3431 1409 3579 1445 inuno

2003 1457 2281 1513 dum:aut
2329 1462 2381 1515 in
2430 1464 2519 1518 illo
2561 1480 2798 1535 peccato,
2841 1481 2934 1527 aut
2978 1484 3124 1530 certe
3166 1477 3216 1531 in
3254 1488 3443 1536 morte.
3464 1483 3580 1539 Non

2001 1547 2143 1600 enim
2177 1564 2390 1605 morere
2417 1552 2594 1619 debet,
2629 1558 2751 1627 quia
2785 1576 2890 1615 non
2927 1563 3081 1628 dixit,
3120 1567 3175 1620 ln
3219 1583 3342 1638 qua,
3371 1573 3488 1637 sed,
3528 1576 3580 1628 in

1998 1652 2098 1706 quo
2127 1655 2298 1694 omnes
2340 1657 2667 1711 peccaverunt
2688 1662 2709 1704 :
2730 1666 2874 1705 mors
2894 1655 3088 1723 quippe
3118 1658 3170 1711 in
3200 1674 3370 1729 gru'ca
3399 1663 3574 1735 lingua

1997 1729 2211 1797 generis
2240 1733 2518 1789 masculini
2549 1745 2632 1791 est
2659 1737 2755 1811 (a).
2778 1740 3061 1809 Quodlibet
3082 1762 3211 1818 ergo
3234 1751 3429 1821 eligant
3453 1729 3576 1811 εἶμι

1997 1819 2140 1873 enim
2170 1820 2222 1874 in
2252 1820 2344 1876 illo
2372 1823 2588 1882 homine
2614 1842 2967 1897 peccaverunt
3001 1851 3208 1905 omnes,
3252 1819 3328 1896 etv
3349 1843 3469 1899 ideo
3493 1846 3576 1900 di-

2000 1916 2145 1964 ctum
2175 1921 2278 1976 est,
2310 1916 2562 1982 quoniam
2590 1921 2802 1989 quando
2831 1923 2919 1979 ille
2945 1930 3202 1997 peccavit,
3230 1932 3282 1985 in
3310 1933 3403 1988 illo
3427 1945 3578 1991 erant

1997 2012 2184 2057 omnes
2207 2019 2221 2056 :
2243 2011 2335 2058 aut
2358 2005 2413 2059 in
2464 2006 2555 2062 illo
2585 2020 2803 2079 peccato
2833 2030 3183 2083 peccaverunt
3210 2036 3426 2089 omnes,
3448 2028 3570 2097 quia

1996 2091 2317 2158 generaliter
2344 2096 2582 2152 omnium
2620 2097 2816 2157 factum
2843 2112 2946 2170 est,
2982 2108 3122 2177 quod
3159 2125 3439 2170 nascentes
3464 2091 3581 2171 ira:

1997 2180 2133 2236 cturi
2174 2192 2327 2238 erant
2363 2200 2590 2243 omnes:
2618 2199 2710 2246 aut
2736 2202 2900 2249 restat
2924 2206 2981 2251 ut
3008 2198 3206 2270 dicant,
3231 2206 3373 2274 quod
3403 2208 3454 2263 in
3486 2209 3573 2265 illa

1996 2279 2171 2328 morte
2210 2278 2548 2343 peccaverint
2591 2296 2797 2337 omnes.
2837 2283 2942 2341 Sed
2989 2288 3091 2345 hoc
3130 2296 3577 2361 quemadmodum

1999 2360 2165 2429 possit
2190 2362 2433 2435 intelligi,
2462 2382 2566 2422 non
2592 2369 2750 2441 plane
2767 2373 2939 2430 video.
2961 2375 3021 2432 In
3046 2360 3265 2448 peccato
3288 2386 3428 2442 enim
3460 2404 3578 2444 mo-

1999 2453 2211 2509 riuntur
2234 2470 2423 2513 omnes
2449 2459 2487 2525 ί,
2519 2474 2624 2515 non
2651 2460 2702 2517 in
2726 2476 2898 2521 morte
2927 2479 3148 2537 peccant
3174 2490 3187 2527 :
3217 2490 3337 2530 nam
3363 2490 3578 2547 peccato

1996 2545 2354 2616 praecedente,
2396 2562 2542 2606 mors
2569 2553 2841 2625 sequitur;
2872 2574 2979 2614 non
3017 2572 3189 2619 morte
3221 2545 3575 2639 pra-cedente,

1996 2647 2295 2707 peccatum.
2318 2641 2538 2699 Aculeus
2561 2647 2759 2718 quippe
2787 2650 2959 2705 mortis
2983 2662 3055 2707 est
3078 2666 3333 2725 peccatum
3360 2657 3381 2733 (
3410 2659 3430 2715 l
3458 2661 3576 2716 Cor.

1994 2742 2087 2794 xv,
2107 2728 2224 2818 533),
2249 2730 2302 2785 id
2330 2740 2436 2800 est,
2457 2735 2674 2792 aculeus
2701 2737 2853 2810 cujus
2878 2743 3162 2811 punctione
3190 2748 3247 2802 lit
3272 2728 3438 2818 mors,
3470 2769 3576 2808 non

1995 2804 2212 2876 aculeus
2251 2836 2358 2893 quo
2396 2826 2582 2896 pungit
2620 2842 2782 2886 mors.
2815 2830 2964 2888 Sicut
2991 2850 3252 2894 venenum
3281 2842 3328 2897 si
3358 2842 3574 2913 bibitur,

1993 2910 2290 2979 appellatur
2325 2914 2570 2983 poculum
2611 2919 2820 2988 mortis,
2851 2923 2992 2993 quod
3028 2941 3093 2981 co
3122 2930 3313 2998 poculo
3345 2932 3479 2989 facta
3507 2910 3577 2991 sit

1993 3016 2174 3069 mors;
2203 3021 2309 3062 non
2343 3010 2486 3078 quod
2527 3020 2702 3068 morte
2748 3014 2818 3069 sit
2863 3017 3108 3085 poculum
3155 3020 3373 3088 factum,
3413 3036 3504 3081 aut
3543 3043 3574 3082 τι

1991 3103 2165 3151 morte
2209 3096 2282 3151 sit
2310 3097 2514 3157 datum.
2552 3102 2704 3170 Quod
2749 3106 2791 3161 si
2823 3119 3102 3178 propterea
3130 3128 3238 3168 non
3268 3124 3440 3185 potest
3470 3118 3575 3174 illis

1992 3184 2169 3240 verbis
2193 3187 2434 3257 Apostoli
2460 3201 2740 3261 peccatum
2771 3195 3013 3269 intelligi,
3037 3200 3090 3255 in
3117 3217 3225 3273 quo
3244 3184 3429 3262 omnes
3449 3223 3574 3279 pec-

1991 3285 2270 3346 caverunt,
2301 3278 2424 3350 quia
2454 3280 2505 3336 in
2532 3298 2728 3353 gnsco,
2757 3282 2901 3343 unde
2933 3291 3184 3347 translata
3210 3303 3293 3349 est
3312 3278 3569 3365 Epistula,

1992 3374 2269 3434 peccatum
2300 3368 2555 3427 feminino
2592 3388 2787 3444 genere
2817 3378 3044 3448 positum
3075 3391 3156 3437 est
3184 3383 3255 3454 (b)
3283 3396 3485 3442 :restat
3516 3398 3573 3443 ut

1989 3455 2044 3511 in
2088 3454 2198 3512 illo
2223 3460 2396 3529 primo
2437 3461 2651 3520 homine
2677 3481 2927 3537 peccasse
2954 3486 3142 3528 omnes
3168 3473 3568 3547 intelligantur;

1987 3549 2110 3621 quia
2134 3551 2188 3606 in
2218 3552 2312 3607 illo
2336 3552 2550 3611 fuerunt
2573 3572 2760 3614 omnes
2780 3561 2992 3631 quando
3021 3563 3112 3620 ille
3142 3569 3398 3636 peccavit,
3429 3571 3570 3628 unde

1989 3653 2266 3713 peccatum
2308 3646 2575 3703 nascendo
2617 3650 2879 3719 trahitur,
2919 3656 3058 3725 quod
3100 3658 3200 3712 nisi
3242 3663 3571 3718 renascendo

1988 3748 2094 3788 non
2123 3734 2363 3791 solvitur.
2396 3736 2527 3792 Nam
2571 3748 2625 3794 et
2665 3741 2741 3796 sic
2769 3753 2986 3799 sanctus
3033 3746 3263 3805 Hilarius
3311 3750 3571 3808 intellexit

1987 3827 2128 3897 quod
2154 3828 2407 3898 scriptum
2435 3840 2536 3897 est,
2558 3832 2611 3885 in
2631 3849 2729 3901 quo
2753 3850 2922 3890 ontnes
2936 3850 3260 3907 peccaverunt
3280 3845 3384 3896 :ait
3403 3844 3566 3908 enim,

1992 3932 2012 3966 ι
2038 3914 2104 3970 1η
2126 3933 2244 3987 quo,
2277 3917 2326 3972 id
2349 3927 2427 3974 est
2455 3921 2510 3977 in
2535 3921 2726 3990 Adam,
2754 3940 2924 3981 omnes
2949 3942 3295 3996 peccaverunt.
3321 3951 3339 3984 ι
3370 3933 3571 3991 Deinde

1985 4007 2183 4064 addidit
2210 4027 2224 4065 :
2253 4028 2273 4064 ι
2300 4010 2633 4069 Manifestum
2657 4015 2709 4070 in
2735 4017 2901 4073 Adam
2928 4034 3115 4078 omnes
3142 4039 3393 4093 peccasse
3417 4031 3569 4101 quasi

1985 4094 2038 4151 in
2075 4112 2271 4154 massa.
2303 4100 2421 4170 lpse
2449 4102 2592 4157 enim
2623 4119 2715 4172 per
2745 4118 3014 4176 peccatum
3045 4124 3346 4184 corruptus,
3379 4131 3570 4175 omnes

1984 4202 2119 4257 quos
2143 4190 2345 4260 genuit,
2370 4193 2475 4246 nati
2505 4203 2628 4249 sunt
2650 4195 2750 4251 suh
2775 4209 2990 4266 peccato
3020 4220 3038 4253 ι
3069 4189 3165 4272 (ε)ῖ
3183 4203 3306 4259 llzec
3329 4208 3568 4264 scribens

1985 4276 2215 4334 Hilarius
2242 4282 2356 4336 sine
2381 4281 2725 4354 ambiguitate
2748 4291 3091 4355 commonuit,
3114 4296 3380 4362 quomodo
3405 4296 3565 4354 intel-

1983 4366 2250 4440 ligendum
2277 4380 2440 4438 esset,
2468 4374 2518 4427 in
2544 4391 2645 4445 quo
2673 4393 2843 4432 omnes
2865 4393 3206 4449 peccaverunt.

2055 4459 2108 4513 8.
2153 4456 2380 4530 Propter
2405 4464 2530 4533 quid
2569 4475 2748 4521 autem
2796 4467 2934 4524 idem
2971 4475 3244 4542 apostolus
3278 4476 3436 4549 dicit,
3464 4495 3565 4537 nos

1982 4561 2079 4618 per
2124 4548 2395 4606 Christum
2448 4555 2777 4612 reconciliari
2823 4557 2955 4626 Deo,
3006 4564 3108 4618 nisi
3162 4575 3378 4637 prapter
3420 4572 3562 4640 quod

1981 4634 2107 4693 facti
2140 4637 2336 4696 fuimus
2365 4641 2598 4699 inimici?
2623 4645 2690 4700 Et
2715 4646 2815 4703 hoc
2837 4649 2962 4719 quid
2991 4662 3092 4719 est,
3121 4634 3222 4710 nisi
3249 4634 3563 4725 peccatum?

1979 4724 2134 4783 Unde
2163 4738 2216 4784 et
2247 4731 2501 4801 propheta
2531 4733 2695 4802 dicit,
2736 4736 2949 4797 Peccata
2977 4753 3138 4797 vestra
3164 4724 3401 4816 separant
3429 4750 3560 4805 inter

1979 4831 2064 4871 eos
2087 4827 2131 4872 et
2152 4816 2313 4873 Deum
2347 4821 2495 4893 (Isai.
2529 4840 2635 4891 ιιι,
2661 4825 2739 4896 2).
2770 4827 2993 4900 Propter
3020 4832 3156 4888 hanc
3184 4850 3313 4906 ergo
3337 4853 3558 4909 separa-

1978 4906 2178 4962 tioncm
2220 4909 2478 4967 Mediator
2524 4923 2606 4969 est
2653 4918 2866 4983 misSus,
2911 4931 2970 4974 ut
3021 4923 3228 4979 tolleret
3280 4906 3551 4997 peccatum

1975 4997 2181 5062 mundi,
2212 5012 2307 5068 per
2337 5002 2476 5070 quod
2501 5006 2882 5074 separahamur
2910 5009 3129 5075 inimici,
3151 5022 3206 5068 et
3231 5018 3556 5074 reconciliati

1974 5101 2042 5141 ex
2084 5088 2312 5145 inimicis
2353 5091 2689 5151 el‘liccrcmur
2728 5098 2842 5152 lilii.
2876 5100 3010 5158 liinc
3051 5104 3232 5176 utique
3265 5109 3555 5178 Apostolus

1975 5179 2289 5249 loquebatur
2315 5199 2330 5237 :
2355 5183 2478 5240 hinc
2503 5185 2699 5242 factum
2728 5200 2811 5244 est
2835 5200 2894 5245 nt
2916 5192 3276 5265 interponeret
3295 5200 3437 5271 quod
3459 5203 3552 5271 ait,

2036 5369 2293 5443 tqaliicani
2317 5382 2370 5425 et
2389 5380 2597 5431 Vaticani
2618 5387 2747 5443 ιω,
2767 5382 2999 5440 homines.

2051 5435 2103 5488 a)
2135 5442 2172 5488 ο
2194 5435 2430 5488 tironum.

2051 5447 2081 5482 a
2135 5442 2172 5482 0
2194 5435 2414 5488 "tunam

2030 5433 2103 5616 Eb;
2134 5486 2171 5545 ἐ
2191 5498 2414 5549 autat-tia.

2051 5568 2077 5605 ε
2132 5564 2414 5616 Intenretal

2051 5562 2099 5641 ξ)
2122 5562 2479 5641 interit-etaim
2508 5562 2586 5636 illa
2610 5565 2768 5641 nauli,
2811 5581 2956 5641 quam
2995 5574 3156 5641 Hilarii
3177 5580 3368 5628 nomine
3398 5582 3543 5641 citat,

2162 5617 2599 5711 lienam-inuentam?
2616 5617 2859 5704 Ambrosio

2005 5694 2013 5711 .
2152 5693 2190 5711 -.
2316 5695 2326 5711 .
2397 5695 2527 5711 οηη...
2605 5696 2851 5711 ..λ..η-.----
2933 5703 3005 5711 ,.
3122 5706 3141 5711 -

1967 5655 2217 5725 ..τῗηπηεη
2240 5655 2599 5691 “mamma...”
2616 5655 2859 5704 Λιιιμιγδιρ
2890 5655 3144 5707 aliquando
3174 5655 3435 5711 Iuscrtpus,
3464 5655 3546 5723 qui

1964 5679 2360 5790 gititlmhzzgu,
2397 5695 2529 5736 secta
2576 5694 2882 5754 Lucuertaut,
2930 5703 3082 5756 patria
3120 5700 3392 5760 sardenSts,
3435 5716 3547 5755 esse

1966 5753 2027 5789 εχ
2036 5752 2315 5792 tsumantur.
