4088 6510
597 352 704 411 615

599 465 705 521 Per
730 479 887 518 unum
908 462 1162 516 hominem
1190 462 1418 517 intrasse
1442 468 1718 532 peccatum.
1748 457 1875 512 Hirc
1897 456 2037 510 enim
2063 463 2190 510 sum

598 557 876 629 superiora
903 555 1063 610 verba
1089 555 1226 625 ejus.
1251 552 1581 610 Commendat
1607 560 1794 615 autem,
1822 550 2013 620 inquit,
2042 563 2188 603 suam

596 649 895 703 choritatem
924 645 1061 701 Deus
1088 647 1143 700 in
1171 646 1332 709 nobis,
1356 646 1596 714 quoniam
1621 661 1735 698 cum
1764 642 1932 696 adhuc
1959 649 2187 709 peccato-

596 756 678 795 res
704 755 940 803 essemus,
966 737 1196 794 Christus
1222 755 1313 809 pro
1348 737 1488 792 nobis
1515 746 1739 791 mortuus
1764 743 1871 800 est;
1897 733 2055 787 multo
2078 747 2187 785 ma-

601 833 677 903 gis
707 832 980 903 justiﬁcoti
1015 846 1148 884 nunc
1178 831 1231 884 in
1265 830 1511 901 sanguine
1537 829 1717 899 ipsius,
1750 825 1876 880 solvi
1913 824 2097 877 erimus
2121 821 2185 876 ab

593 924 673 979 ira
702 941 791 996 per
819 926 1004 994 ipsum.
1034 922 1094 977 Si
1132 922 1267 976 enim
1304 939 1420 976 cum
1460 920 1654 975 inimici
1687 933 1926 982 essemus,
1957 914 2184 969 reconci—

596 1017 707 1072 liati
748 1033 920 1071 sumus
958 1014 1067 1069 Deo
1111 1031 1201 1085 per
1245 1023 1455 1069 mortem
1487 1012 1612 1067 Filii
1648 1013 1797 1082 ejus;
1824 1010 1984 1063 multo
2023 1008 2183 1078 magis

592 1107 922 1171 reconciliati,
947 1108 1071 1162 salvi
1097 1108 1283 1161 erimus
1306 1108 1357 1160 in
1384 1107 1484 1159 vita
1512 1105 1691 1175 ipsius.
1722 1101 1844 1155 Non
1882 1101 2046 1154 solum
2081 1115 2181 1152 au-

595 1211 716 1265 tem,
745 1198 833 1253 sed
859 1208 907 1252 et
934 1198 1205 1269 gloriantes
1230 1198 1283 1250 in
1322 1196 1424 1250 Deo
1450 1212 1538 1267 per
1562 1195 1740 1249 Iesum
1776 1192 2033 1246 Christum
2074 1190 2184 1244 Do-

595 1290 787 1342 minum
813 1300 1060 1353 nostrum,
1086 1305 1172 1358 per
1196 1304 1342 1357 quem
1371 1297 1416 1340 et
1448 1303 1579 1339 nunc
1607 1283 2066 1339 reconciliationem
2096 1297 2182 1335 ac-

592 1383 837 1452 cepimus.
881 1380 1080 1436 Deinde
1127 1380 1398 1449 subjungit
1442 1397 1456 1433 :
1508 1377 1725 1447 PrOpter
1771 1376 1865 1429 hoc
1911 1376 2041 1429 sicut
2092 1390 2181 1441 per

587 1489 747 1529 unum
774 1473 1026 1526 hominem
1052 1482 1309 1541 peccatum
1340 1472 1391 1523 in
1417 1470 1550 1523 hunc
1584 1468 1831 1521 mundum
1864 1468 2068 1521 intravit
2086 1507 2101 1533 ,
2131 1477 2179 1522 et

597 1584 689 1639 per
715 1576 972 1633 peccatum
998 1581 1170 1630 mors;
1195 1574 1241 1618 et
1269 1564 1341 1617 ita
1377 1563 1429 1617 in
1459 1579 1629 1616 omnes
1661 1561 1885 1615 homines
1919 1570 2178 1630 pertrans-

588 1662 670 1727 iit,
711 1659 765 1713 in
809 1675 908 1727 quo
947 1673 1116 1711 omnes
1158 1664 1486 1725 peccaverunt
1519 1652 1538 1724 (
1566 1652 1716 1708 Rom.
1740 1668 1794 1717 v,
1823 1651 1953 1707 8-12
1974 1651 2016 1721 ).
2040 1650 2176 1718 Quid

589 1750 1004 1820 tergiversantur
1046 1743 1347 1817 Pelagiani?
1375 1744 1430 1800 Si
1471 1744 1719 1798 omnibus
1768 1742 2066 1797 necessaria
2095 1750 2177 1797 est

586 1838 948 1895 reconciliatio
979 1853 1074 1907 per
1098 1837 1387 1899 Christum,
1417 1851 1517 1907 per
1542 1848 1728 1889 omnes
1757 1833 1964 1888 transiit
1985 1848 2174 1902 pecca-

587 1940 721 1994 tum,
751 1946 856 1999 quo
902 1927 1102 1983 inimici
1148 1927 1363 1993 fuimus,
1397 1935 1454 1979 ut
1479 1938 1612 1994 opus
1645 1922 1979 1979 reconciliari
2012 1922 2175 1978 habe-

586 2037 787 2076 remus.
809 2021 936 2075 lltec
956 2018 1321 2075 reconciliatio
1343 2026 1424 2072 est
1445 2017 1496 2071 in
1524 2015 1735 2071 lavacro
1757 2014 2173 2085 regenerationis

576 2112 638 2168 ’ἐι
679 2111 874 2168 Christi
919 2126 1081 2165 carne
1122 2120 1173 2166 et
1220 2108 1498 2179 sanguine,
1532 2108 1647 2162 sine
1684 2122 1791 2177 quo
1834 2121 1933 2161 nec
1966 2106 2170 2175 parvuli

583 2211 811 2274 possunt
843 2202 1043 2257 habere
1072 2201 1232 2255 vitam
1264 2200 1316 2254 in
1346 2198 1669 2268 semetipsis.
1702 2197 1853 2253 Sicut
1888 2198 2029 2251 enim
2078 2195 2174 2250 fuit

580 2311 720 2351 unus
745 2294 811 2350 ad
843 2303 1068 2349 mortem
1103 2302 1318 2363 propter
1345 2303 1646 2362 peccatum,
1678 2290 1756 2345 sic
1782 2300 1864 2345 est
1892 2289 1910 2321 ³
1938 2305 2074 2344 unus
2101 2289 2169 2345 ad

582 2386 749 2440 vitam
794 2392 1013 2455 propter
1055 2383 1334 2453 justitiam.
1366 2381 1503 2450 Quia
1541 2382 1671 2435 sicut
1706 2380 1761 2434 in
1795 2380 1959 2434 Adam
2001 2395 2171 2435 omnes

579 2480 887 2543 moriuntur,
913 2478 986 2531 ita
1015 2486 1062 2530 ct
1087 2477 1137 2529 in
1157 2474 1356 2532 Christo
1385 2491 1555 2530 omnes
1575 2473 1958 2544 viviﬁcabuntur
1982 2471 2023 2544 (l
2046 2470 2164 2527 Cor.

578 2585 669 2636 xv,
697 2569 794 2639 22)
822 2585 836 2622 :
867 2575 921 2621 et
947 2568 1076 2622 sicut
1102 2583 1191 2638 per
1218 2566 1369 2621 unius
1396 2564 1634 2619 delictum
1659 2564 1712 2618 in
1741 2580 1913 2617 omnes
1939 2563 2168 2617 homines

577 2661 647 2713 od
687 2658 1175 2723 condemnationem,
1203 2659 1275 2711 ita
1311 2666 1358 2711 et
1388 2673 1477 2727 per
1498 2655 1650 2710 unius
1668 2655 2086 2728 justiﬁcationem
2111 2655 2165 2710 in

510 2786 513 2791 ι
577 2767 751 2806 omnes
796 2750 1023 2805 homines
1067 2749 1135 2803 ad
1171 2747 1590 2819 justiﬁcationem
1627 2749 1742 2801 vita
1775 2745 1949 2818 (Rom.
1970 2761 2022 2812 ν,
2050 2742 2161 2818 18).

579 2843 711 2911 Quis
735 2842 992 2897 adversus
1021 2840 1136 2896 hinc
1163 2840 1454 2910 apostolica
1484 2839 1647 2894 verba
1680 2847 1823 2892 tanta
1848 2838 2042 2893 duritia
2071 2852 2166 2893 ne-

579 2936 751 2993 fandae
795 2935 1080 3007 impietatis
1125 2934 1424 2999 obsurduit,
1467 2942 1526 2988 ut
1567 2933 1650 2988 his
1696 2932 1893 3016 auditis
1934 2942 2163 2990 mortem

577 3031 695 3085 sine
733 3040 954 3100 peccato
996 3029 1046 3082 in
1088 3042 1184 3082 nos
1222 3042 1320 3098 per
1345 3025 1513 3081 Adam
1562 3027 1820 3083 transisse
1853 3025 2160 3094 contendat,

583 3122 687 3177 nisi
726 3130 1119 3192 oppugnatores
1146 3121 1327 3189 gratia:
1361 3120 1474 3186 Dei,
1504 3118 1702 3173 inimici
1732 3120 1907 3174 crucis
1929 3118 2164 3175 Christi?

577 3218 816 3283 Quorum
849 3215 967 3270 ﬁnis
995 3213 1337 3271 estinteritus
1357 3212 1614 3283 (Philipp.
1642 3227 1719 3278 ut,
1751 3211 1817 3267 18
1831 3222 1876 3266 et
1896 3210 2007 3283 19),
2031 3212 2074 3266 si
2108 3210 2160 3267 in

579 3306 682 3362 hac
710 3305 1069 3362 obstinatione
1095 3304 1426 3359 duraverint.
1456 3302 1654 3359 Verum
1685 3303 1799 3359 haec
1823 3302 2020 3358 dixisse
2044 3300 2161 3358 suf-

576 3402 736 3466 ﬁciat,
768 3409 988 3470 propter
1022 3413 1207 3454 eorum
1255 3397 1400 3451 illam
1442 3396 1731 3451 versutiam
1771 3396 2155 3467 serpentinam,

570 3508 674 3562 qua
705 3492 889 3546 volunt
930 3499 1135 3545 mentes
1167 3504 1515 3560 corrumpere
1554 3489 1825 3559 simplices
1847 3490 1891 3558 ',
1919 3500 1973 3544 et
1999 3504 2158 3545 aver-

573 3595 686 3639 tere
712 3599 740 3637 a
767 3582 1045 3639 catholica:
1071 3581 1193 3636 ﬁdei
1221 3581 1483 3646 castitate,
1507 3581 1671 3636 veluti
1698 3580 1852 3637 laude
1879 3589 2155 3637 creaturae.

643 3672 872 3730 CAPUT
914 3672 973 3727 V.
1040 3702 1111 3713 —
1161 3671 1215 3728 9.
1283 3670 1363 3725 De
1430 3670 1584 3725 laude
1626 3671 1938 3743 nuptiarum.
1990 3671 2158 3728 Porro

570 3775 746 3822 autem
774 3765 842 3820 de
871 3763 1027 3819 laude
1056 3762 1358 3833 nuptiarum
1414 3763 1540 3833 quid
1590 3761 1668 3817 eis
1718 3761 1970 3833 prodest,
2016 3762 2156 3833 quod

569 3858 829 3913 adversus
874 3854 1194 3910 Manichazos
1217 3895 1237 3929 ,ψ
1282 3853 1371 3922 qui
1419 3853 1627 3922 nuptias
1678 3866 1784 3905 non
1814 3850 1923 3906 Deo
1953 3866 2077 3905 vero
2102 3859 2160 3907 et

570 3950 716 4007 bono
744 3950 1034 4020 assignant,
1079 3945 1173 4002 sed
1205 3945 1428 4017 principi
1471 3943 1832 4010 tenebrarum,
1863 3942 1949 3997 isti
1979 3942 2157 3999 verbis

569 4058 715 4099 verte
767 4041 977 4112 pietatis
1025 4040 1291 4096 obsistunt
1342 4038 1600 4104 dicentes,
1659 4054 1678 4088 ι
1737 4036 1858 4106 quia
1901 4034 2158 4090 Dominus

569 4136 624 4190 in
655 4133 943 4205 Evangelio
992 4132 1244 4203 loquitur,
1302 4129 1401 4196 Qui
1451 4129 1570 4200 fecit
1616 4124 1678 4181 ob
1738 4127 1905 4194 initio,
1953 4143 2157 4180 mascu-

570 4228 676 4281 lum
726 4235 773 4279 et
820 4224 1060 4295 [eniinam
1103 4223 1221 4293 fecit
1264 4238 1347 4276 eos
1394 4219 1624 4292 (Matth.
1652 4219 1820 4286 nx,‘
1845 4216 1889 4291 ),
1920 4229 1968 4275 et
2011 4218 2154 4286 dicit,

569 4313 806 4380 Crescite,
836 4322 880 4368 et
910 4310 1339 4382 multiplicamini,
1381 4320 1427 4362 et
1464 4308 1654 4378 replete
1697 4318 1880 4361 terram
1918 4306 2087 4381 (Cen.
2114 4324 2153 4375 ι,

566 4408 682 4477 23).
715 4407 864 4475 Quod
903 4422 1019 4475 ergo
1060 4403 1196 4458 Deus
1240 4402 1532 4472 conjunxit,
1561 4401 1712 4455 homo
1756 4417 1858 4454 non
1903 4408 2098 4470 separet
2131 4419 2150 4453 ι

568 4503 586 4568 (
619 4499 802 4552 Matth.
831 4514 947 4562 XIX,
976 4494 1091 4566 6)?
1128 4493 1263 4563 Quid
1304 4493 1382 4548 eis
1422 4492 1524 4547 hoc
1564 4491 1814 4563 prodest,
1846 4507 1941 4562 per
1969 4506 2155 4546 verum

567 4589 825 4644 seduci-re
850 4591 913 4641 ad
947 4585 1174 4641 falsum?
1205 4584 1317 4638 Hoc
1363 4584 1504 4638 enim
1549 4584 1753 4651 dicunt,
1799 4593 1857 4638 ut
1900 4583 1967 4638 ab
2010 4583 2156 4638 omni

567 4696 705 4734 noxa
744 4678 894 4734 liberi
926 4677 946 4709 ³
969 4676 1113 4731 nasci
1154 4673 1442 4731 credantur
1482 4671 1816 4739 infantes,ac
1843 4675 1918 4729 sic
1942 4691 2049 4730 non
2076 4676 2156 4731 eis

566 4785 701 4840 opus
730 4769 800 4823 sit
829 4769 940 4823 Deo
960 4765 983 4799 ⁸
1004 4764 1334 4821 reconciliari
1368 4749 1462 4836 per
1489 4764 1777 4830 Christum,
1812 4781 1914 4820 non
1948 4765 2151 4822 haben-

568 4862 711 4917 tibus
741 4860 907 4916 ullum
936 4858 1194 4928 originale
1226 4869 1523 4927 peccatum,
1554 4868 1769 4927 propter
1793 4858 1932 4927 quod
1964 4873 2155 4913 recon-

567 4953 766 5009 ciiiatio
787 4951 1088 5007 necessaria
1130 4959 1213 5003 est
1258 4948 1503 5004 omnibus
1553 4965 1646 5019 per
1689 4966 1875 5015 unum,
1911 4951 1999 5020 qui
2038 4952 2154 5006 sine

568 5051 790 5115 peccato
814 5042 960 5096 venit
989 5042 1040 5095 in
1074 5039 1326 5095 mundum
1354 5057 1368 5095 :
1394 5040 1529 5096 sicut
1553 5041 1791 5096 omnium
1818 5041 1840 5073 ⁵
1872 5040 2022 5096 facta:
2052 5042 2152 5096 ini-

568 5133 785 5189 micitia:
813 5141 933 5188 sunt
964 5147 1058 5203 per
1083 5148 1268 5199 unum,
1301 5148 1395 5203 per
1420 5148 1576 5203 quem
1616 5142 1891 5203 peccatum
1937 5135 2153 5192 intravit

632 5375 649 5405 ί
675 5373 881 5423 Vaticani
908 5381 1034 5433 Mss.,
1058 5373 1131 5425 sic
1148 5378 1214 5425 et.

631 5433 902 5503 {gemeam
961 5442 1102 5495 ωδε-ν
1160 5448 1256 5500 qua
1297 5442 1528 5503 conantur
1570 5437 2083 5503 αεεερεπεηδίειιριιορ..

635 5497 656 5528 ³
678 5495 835 5566 ﬁdem
874 5503 1004 5566 ωδε..
1037 5510 1124 5559 per
1160 5495 1327 5566 rerum
1366 5498 1595 5550 seducere
1630 5495 1695 5553 ad
1733 5495 1932 5566 fallaces
1955 5505 2153 5565 decipu-

568 5558 672 5616 las,
706 5564 755 5607 ut
786 5557 847 5607 ab
878 5558 1004 5609 omni
1034 5557 1133 5608 no.2:
1153 5558 1343 5619 aliberi,
1371 5570 1465 5610 etc.

630 5621 651 5685 ξ
674 5619 809 5685 uetiti,
832 5633 949 5682 opus
966 5620 1026 5671 iit
1037 5620 1348 5685 reconciliari
1376 5634 1394 5672 :
1420 5624 1611 5685 omisso,
1642 5633 1753 5675 nco.
1780 5631 1859 5676 Est
1875 5626 1925 5676 in
1950 5635 2054 5678 Mss.

629 5683 740 5751 {sic
786 5689 891 5752 Mss.
932 5683 1047 5730 aditi
1083 5697 1216 5752 ,νει-ο
1259 5694 1358 5734 Am.
1383 5693 1433 5735 et
1479 5691 1570 5751 Era,
1600 5683 1738 5737 sicut
1758 5688 1904 5739 enim.
1929 5696 2061 5752 min,
2082 5692 2151 5742 sic

564 5755 693 5793 ctum
714 5754 729 5799 ζ
754 5756 945 5800 οηιιδδο.
966 5756 1193 5795 omnium.

1201 347 1474 405 CONTRA
1513 345 1693 404 DUAS
1729 341 2103 401 EPISTOLAS
2143 340 2703 411 PELAGIANOHUM,
2744 344 2802 401 5.
2844 320 3211 403 AUGﬁSTlNI

3762 354 3857 411 616

2301 452 2355 507 in
2396 453 2671 509 mundum.
2709 454 2859 525 Quod
2903 458 3168 515 catholico
3206 460 3459 525 creditur.
3490 475 3589 533 pro
3617 463 3857 523 silvamin
3930 472 3931 485 ‘

2298 554 2485 599 natura
2512 545 2787 601 hominum
2814 548 2957 604 salva
2984 551 3139 607 laude
3161 553 3464 623 nuptiarum
3491 572 3505 609 :
3527 546 3648 625 quia
3670 560 3858 627 nuptia-

2299 653 2415 691 rum
2445 637 2561 695 laus
2589 648 2670 694 est
2691 640 2831 710 justa
2864 644 3129 714 copulatio
3168 660 3414 714 sexuum,
3445 663 3549 703 non
3581 649 3748 719 iniqua
3774 651 3860 706 de-

2294 726 2468 782 fensio
2510 730 2776 785 vitiorum.
2817 733 2887 787 At
2921 749 3020 805 per
3056 734 3158 790 hoc
3194 753 3315 792 cum
3357 738 3440 793 isti
3485 739 3742 793 laudando
3774 759 3862 796 nu-

2291 818 2454 889 ptias,
2484 835 2513 874 a
2537 820 2843 877 Manicbceis
2875 825 3113 880 homines
3138 828 3206 882 ad
3233 843 3292 883 se
3320 829 3463 899 ipsos
3485 831 3667 884 volunt
3692 833 3862 888 tradu-

2288 922 2446 975 cere;
2477 921 2687 966 mutare
2714 914 2818 969 illis
2844 916 3087 970 morbum
3110 918 3350 987 cupiunt,
3384 936 3488 975 non
3518 923 3729 977 sanare.

2377 1000 2465 1054 10.
2506 999 2584 1054 De
2606 1002 2918 1074 laudelegis.
2942 1005 3147 1062 Rursus
3177 1009 3229 1062 in
3267 1010 3423 1065 laude
3465 1011 3596 1081 legis
3634 1012 3752 1082 quid
3788 1014 3860 1070 eis

2288 1089 2528 1158 prodest,
2548 1092 2687 1161 quod
2704 1104 2887 1149 contra
2908 1096 3227 1153 Manicharos
3244 1116 3426 1155 verum
3443 1102 3644 1168 dicunt,
3664 1105 3861 1172 quando

2287 1196 2352 1237 ex
2385 1182 2487 1238 hoc
2516 1185 2581 1238 ad
2606 1185 2734 1241 illud
2755 1188 2938 1244 volunt
2964 1188 3180 1257 ducere,
3204 1194 3342 1263 quod
3363 1193 3548 1249 falsum
3566 1206 3745 1250 contra
3774 1212 3830 1252 ca
3852 1236 3857 1240 ς

2288 1274 2517 1331 tholicos
2546 1279 3020 1337 sentiuntiDicunt
3044 1288 3187 1338 enim
3216 1302 3229 1338 :
3264 1303 3283 1338 ι
3313 1284 3506 1357 Legem
3536 1289 3693 1342 etiam
3724 1298 3858 1344 vete-

2267 1380 2398 1420 'rem
2415 1369 2706 1423 secundum
2725 1372 3264 1445 Apostolum,justam
3283 1385 3336 1430 et
3350 1386 3586 1431 sanctam
3603 1390 3659 1434 ct
3680 1380 3856 1438 bonam

2283 1458 2513 1514 fatemur
2543 1459 2718 1534 (Rom.
2741 1479 2833 1528 vn,
2865 1464 2976 1535 12),
3016 1482 3135 1536 quae
3166 1469 3585 1525 custodientibus
3624 1472 3856 1530 mandata

2284 1566 2401 1614 sua,
2425 1568 2487 1606 ac
2516 1568 2612 1622 per
2640 1553 2796 1610 ﬁdem
2823 1556 2969 1625 juste
2995 1558 3313 1624 viventibus,
3341 1560 3478 1615 sicut
3506 1560 3780 1631 Prophctis
3805 1573 3854 1619 et

2286 1640 2630 1709 Patriarchis,
2654 1644 3008 1717 omnibusque
3030 1649 3228 1703 sanctis
3246 1652 3405 1703 vitam
3430 1652 3603 1722 potuit
3624 1653 3856 1710 conferre

2285 1744 2617 1805 perpetuam.
2648 1755 2666 1789 ι
2693 1737 2898 1803 Quibus
2918 1741 3095 1795 verbis
3116 1741 3458 1799 callidissime
3487 1747 3672 1813 positis
3695 1747 3853 1818 legem

2281 1834 2470 1882 contra
2492 1830 2719 1898 gratiam
2748 1831 2984 1887 laudant.
3007 1833 3190 1903 Neque
3211 1836 3351 1889 enim
3380 1837 3463 1892 lex
3492 1838 3600 1900 illa,
3628 1841 3856 1909 quamvis

2275 1916 2417 1987 justa
2448 1927 2504 1973 et
2529 1929 2714 1974 sancta
2744 1931 2797 1975 et
2827 1924 2987 1989 bona,
3016 1925 3263 1980 omnibus
3292 1926 3393 1981 illis
3424 1926 3722 1985 hominibus
3748 1930 3851 1997 Dei,

2278 2008 2372 2063 sed
2416 2008 2549 2067 ﬁdes
2590 2026 2709 2081 quae
2750 2011 2802 2067 in
2842 2013 3054 2070 Christo
3082 2025 3183 2080 est,
3213 2016 3372 2071 vitam
3415 2021 3586 2087 potuit
3620 2019 3854 2076 conferre

2278 2110 2609 2171 perpetuam.
2642 2103 2766 2160 llasc
2793 2105 2935 2159 enim
2964 2105 3097 2161 ﬁdes
3127 2122 3220 2177 per
3247 2107 3586 2164 dilectionem
3616 2119 3854 2182 operatur

2278 2189 2488 2261 (Colat.
2514 2208 2565 2259 v,
2589 2191 2686 2264 6),
2730 2210 2837 2249 non
2886 2196 3182 2252 secundum
3225 2197 3454 2253 litteram
3491 2215 3610 2271 qua:
3646 2201 3849 2270 occidit,

2275 2281 2371 2337 sed
2400 2283 2692 2339 secundum
2722 2286 2965 2354 Spiritum
2995 2287 3082 2357 qui
3113 2288 3345 2343 viviﬁcat
3373 2290 3391 2360 (
3416 2290 3456 2345 ll
3484 2288 3601 2345 Cor.
3636 2306 3715 2358 tu,
3743 2293 3810 2363 6)
3835 2310 3849 2346 :

2273 2375 2341 2430 ad
2373 2391 2531 2446 quam
2556 2378 2648 2433 Dei
2675 2379 2900 2449 gratiam
2932 2380 3015 2435 lex
3047 2386 3113 2436 de
3144 2382 3579 2452 praevaricatione
3609 2385 3848 2440 terrendo

2276 2473 2528 2537 tanquam
2557 2470 2878 2541 paedagogus
2905 2471 3146 2540 perducit
3172 2473 3189 2538 (
3216 2470 3386 2528 Colat.
3416 2489 3492 2541 Ill,
3515 2474 3584 2530 24
3605 2474 3649 2548 ),
3693 2483 3747 2531 ut
3780 2475 3850 2530 sic

2272 2559 2577 2616 conferatur
2618 2561 2844 2630 homini,
2886 2564 3026 2634 quod
3071 2564 3315 2623 conferre
3361 2567 3476 2637 ipsa
3518 2584 3625 2622 non
3667 2566 3844 2639 potuit.

2272 2649 2407 2725 Istis,
2422 2667 2651 2723 namque
2678 2654 2854 2710 verbis
2892 2670 3078 2711 eorum
3099 2700 3114 2724 ,
3147 2658 3339 2728 quibus
3377 2660 3580 2725 dicunt,
3610 2678 3630 2713 ς
3663 2660 3846 2730 Legem

2271 2742 2555 2813 PrOphetis
2578 2752 2632 2798 et
2657 2744 2980 2802 Patriarchis
3006 2749 3358 2819 omnibusque
3380 2751 3579 2805 sanctis
3608 2751 3845 2806 mandata

2268 2834 2389 2905 ejus
2410 2835 2749 2891 servantibus
2765 2838 2926 2892 vitam
2944 2839 3183 2909 potuisse
3202 2832 3447 2897 conferre
3463 2853 3802 2912 perpetuam;
3824 2861 3842 2895 ι

2268 2924 2565 2996 respondet
2592 2927 2901 2997 Apostolus,
2929 2928 2992 2984 Si
3020 2946 3110 3000 per
3134 2931 3292 3002 legent
3309 2932 3532 3004 justitia,
3561 2949 3681 3004 ergo
3705 2931 3846 2988 Chri-

2267 3026 2376 3073 stus
2402 3019 2559 3089 gratis
2586 3029 2815 3074 ntortuus
2842 3030 2913 3075 est
2944 3020 3054 3094 (Id.
3085 3038 3145 3090 ιι,
3176 3023 3293 3095 21).
3326 3023 3390 3081 Si
3414 3042 3476 3080 ea:
3500 3026 3607 3097 lege
3632 3026 3842 3082 haeredi-

2267 3118 2370 3177 tos,
2385 3111 2500 3181 jam
2529 3127 2629 3165 non
2655 3128 2719 3167 ea:
2747 3114 3080 3184 promissione
3107 3114 3214 3188 (Id.
3242 3131 3322 3185 ut,
3354 3116 3464 3190 18).
3489 3119 3550 3174 Si
3574 3119 3630 3174 hi
3657 3119 3743 3190 qui
3764 3135 3847 3190 per

2266 3201 2446 3275 legem,
2476 3204 2698 3259 heredes
2717 3216 2874 3271 sunt;
2894 3207 3151 3262 exinanita
3177 3218 3251 3263 est
3278 3210 3423 3279 ﬁdes,
3448 3221 3493 3264 et
3519 3224 3759 3266 evocuata
3778 3221 3845 3267 est

2266 3295 2533 3360 promissio
2556 3293 2731 3366 (Rom.
2754 3311 2827 3363 tv,
2853 3296 2965 3366 14).
2993 3297 3126 3365 Quia
3144 3308 3312 3354 autem
3334 3301 3385 3354 in
3410 3301 3517 3372 lege
3537 3318 3684 3357 nemo
3698 3303 3845 3374 justi-

2265 3386 2450 3457 ﬁcatur
2475 3388 2616 3457 apud
2640 3385 2826 3454 Deum,
2854 3390 3180 3462 manifestum
3205 3399 3298 3457 est,
3329 3394 3447 3463 quia
3472 3395 3633 3461 iustus
3664 3410 3728 3449 ea:
3750 3394 3846 3465 ﬁds

2262 3476 2404 3533 vivit.
2439 3475 2550 3533 Lex
2587 3488 2754 3533 autem
2794 3496 2896 3534 non
2937 3490 3009 3534 est
3050 3497 3113 3536 ea:
3145 3481 3285 3552 ﬁde;
3310 3484 3415 3549 sed,
3447 3483 3546 3552 Qui
3568 3485 3740 3554 fecerit
3766 3501 3839 3551 eo,

2261 3570 2388 3625 vivet
2412 3570 2465 3625 in
2493 3570 2597 3625 illis
2614 3569 2810 3641 (Colat.
2833 3587 2911 3637 tu,
2934 3573 2992 3627 11
3016 3583 3061 3627 et
3088 3574 3195 3643 12).
3215 3574 3367 3644 Quod
3389 3590 3452 3630 ex
3473 3575 3589 3646 lege
3611 3577 3844 3632 testimo-

2263 3660 2412 3714 nium
2458 3670 2935 3716 commemoratum
2986 3662 3054 3717 ab
3097 3664 3354 3734 Apostolo
3400 3675 3619 3736 propter
3646 3668 3661 3699 ¹
3690 3669 3840 3721 vitam

2262 3751 2612 3821 temporalem
2641 3750 2974 3823 intelligitur,
3002 3762 3220 3825 propter
3245 3755 3396 3824 cujus
3433 3756 3741 3812 amittenda:
3778 3757 3842 3811 ti-

2261 3858 2469 3899 morem
2508 3842 2774 3900 faciebant
2818 3846 3062 3902 homines
3100 3846 3233 3918 legis
3261 3863 3443 3919 opera,
3476 3864 3581 3903 non
3613 3866 3678 3906 ex
3710 3850 3838 3914 fide;

2261 3936 2385 4007 quia
2406 3937 2427 3968 ⁸
2452 3945 2876 4007 transgressores
2903 3938 3035 4009 legis
3060 3940 3248 3995 eadem
3279 3941 3396 4013 lege
3421 3958 3450 3996 a
3479 3944 3678 4014 populo
3695 3944 3849 4015 jubeg

2260 4027 2459 4083 bantur
2480 4029 2672 4085 occidi.
2696 4030 2803 4085 Aut
2825 4031 2871 4087 si
2896 4032 3056 4087 altius
3077 4033 3476 4106 intelligendum
3498 4045 3602 4103 est,
3627 4045 3843 4109 propter

2260 4127 2422 4181 vitam
2453 4136 2706 4208 teterrijun
2738 4131 2993 4200 scriptum
3025 4149 3165 4200 esse,
3190 4135 3291 4203 Qui
3323 4138 3496 4207 fecerit
3523 4156 3605 4208 eo,
3637 4143 3760 4197 uiuet
3791 4141 3840 4196 in

2260 4217 2366 4272 illis
2409 4195 2776 4287 (Leuitf'xvm,
2809 4195 2864 4293 5)
2894 4241 2907 4277 :
2937 4223 3060 4280 ideo
3105 4195 3541 4298 sicwexp'ressum
3587 4195 3841 4303 estlcgis

2261 4308 2569 4380 imperium,
2592 4308 2668 4366 ‘ut
2707 4312 2991 4371 inﬁrmitas
3017 4315 3247 4375 hominis
3276 4320 3329 4375 in
3356 4337 3420 4384 se
3447 4323 3559 4393 ipsa
3588 4325 3839 4382 deﬁciens

2260 4399 2326 4455 ad
2360 4400 2597 4456 facienda
2627 4418 2745 4474 qua:
2773 4404 2859 4460 lex
2888 4407 3134 4476 imperat,
3164 4410 3233 4467 de
3257 4414 3424 4483 gratia
3450 4414 3547 4470 Dei
3576 4418 3751 4484 potius
3776 4431 3839 4471 es.

2262 4490 2368 4547 ﬁde
2409 4501 2677 4561 quiererct
2719 4495 3061 4565 adjutorium,
3091 4502 3241 4571 cujus
3279 4504 3644 4562 misericordia
3683 4508 3835 4562 etiam

2261 4580 2399 4635 fides
2444 4580 2555 4652 ipsa
2602 4582 2851 4639 donatur.
2897 4584 2972 4643 ita
3016 4590 3214 4661 quippe
3255 4591 3481 4650 habetur
3522 4597 3689 4663 fides,
3719 4600 3840 4653 sicut

2259 4672 2528 4743 unicuique
2552 4673 2690 4729 Deus
2719 4678 2932 4745 partitus
2962 4690 3034 4734 est
3063 4698 3349 4739 mensuram
3375 4687 3496 4754 ﬁdei
3522 4687 3542 4757 (
3565 4689 3715 4744 liam.
3746 4706 3837 4756 xu,

2259 4765 2293 4819 5
2319 4771 2359 4836 ).
2389 4764 2444 4819 Si
2474 4765 2616 4820 enim
2646 4782 2749 4822 non
2777 4785 2806 4822 a
2833 4783 2891 4824 se
2922 4771 3051 4841 ipsis
3082 4774 3298 4839 habent,
3327 4777 3421 4833 sed
3448 4779 3715 4848 accipiunt
3743 4780 3834 4835 ha-

2258 4856 2431 4911 mines
2461 4856 2706 4924 spiritum
2743 4860 2953 4915 virtutis
2988 4870 3042 4917 et
3079 4862 3354 4921 charitatis
3389 4877 3442 4922 et
3465 4870 3835 4929 continentiae:

2259 4949 2399 5004 unde
2423 4948 2550 5004 dicit
2573 4950 2713 5005 idem
2743 4951 2855 5022 ipse
2884 4953 3071 5009 doctor
3095 4955 3366 5023 Gentium,
3392 4958 3512 5015 Non
3540 4962 3674 5017 enim
3700 4979 3838 5017 acccc

2258 5040 2424 5110 pimus
2447 5039 2680 5111 spiritum
2709 5042 2921 5108 timoris,
2948 5046 3038 5099 sed
3062 5047 3258 5103 virtutis
3287 5059 3332 5102 et
3359 5050 3617 5107 charitatis
3644 5062 3694 5107 et
3717 5069 3839 5115 σοιν,

2257 5131 2480 5185 liuentia:
2508 5130 2588 5201 (ll
2625 5131 2754 5186 Tim.
2783 5149 2819 5198 ι,
2854 5135 2884 5189 7
2906 5136 2926 5204 )
2950 5155 2963 5187 :
2991 5136 3227 5207 profecto
3258 5141 3512 5211 accipitur
3538 5144 3699 5198 etiam
3729 5145 3821 5214 Spi

2257 5224 2391 5279 ritus
2407 5223 2548 5287 ﬁdei,
2573 5224 2641 5279 de
2662 5242 2763 5292 quo
2790 5227 2936 5291 dicit,
2967 5227 3216 5284 Habentes
3242 5243 3408 5287 autem
3433 5236 3664 5291 eumdem
3685 5236 3830 5304 spiria

2256 5325 2361 5370 tum
2391 5316 2512 5384 ﬁdei
2540 5317 2557 5387 (
2587 5317 2627 5371 ll
2661 5316 2776 5373 Cor.
2800 5335 2870 5385 IV,
2900 5321 2963 5374 15
2986 5318 3027 5392 )’.
3059 5321 3248 5377 Verum
3276 5339 3404 5394 ergo
3428 5326 3558 5383 dicit
3585 5327 3669 5382 lex
3697 5344 3710 5380 :
3737 5325 3830 5392 Qui

2254 5408 2423 5479 fecerit
2446 5425 2527 5474 ea,
2556 5409 2678 5462 vivet
2705 5409 2756 5463 in
2786 5412 2903 5465 illis.
2929 5411 3033 5466 Sed
3061 5420 3117 5466 ut
3147 5413 3299 5468 faciat
3324 5431 3384 5470 ea
3413 5426 3465 5470 et
3491 5418 3628 5471 vivat
3657 5419 3708 5471 in
3736 5418 3829 5482 eis,

2256 5514 2361 5554 non
2409 5499 2493 5555 lcx
2537 5516 2655 5572 qua:
2688 5502 2789 5557 hoc
2833 5500 3076 5574 imperat,
3111 5507 3206 5560 scd
3242 5505 3373 5563 ﬁdes
3409 5519 3488 5562 est
3516 5509 3832 5571 necessaria,

2319 5633 2334 5698 ξ
2360 5632 2580 5698 Gallicani
2599 5640 2725 5693 uss,
2750 5644 2831 5684 aut
2856 5643 3067 5698 promer.

2319 5695 2489 5803 =Eiti,
2538 5708 2647 5758 qute
2676 5709 2692 5745 :
2741 5706 2792 5747 et
2857 5695 2985 5747 intra
3011 5735 3025 5757 ,
3061 5698 3262 5762 jubebat
3313 5701 3489 5752 occidi.
3517 5701 3829 5751 Ειιιριιιιιιιιω

2319 5795 2321 5801 ,
2349 5763 2362 5779 ‘
2400 5770 2455 5803 η.

2259 5767 2321 5804 ex
2349 5763 2455 5805 113$.
