4088 6540
329 430 433 491 αιτ

326 565 447 621 qua:
475 547 575 604 hoc
601 546 867 619 impetrat.
892 544 1020 616 Qua:
1046 552 1224 605 nmen
1254 545 1408 614 Ides.
1431 556 1488 602 ut
1517 543 1631 602 haec
1660 555 1904 620 accipere

329 648 620 705 mereatur,
649 639 763 710 ipsa
785 640 951 708 gratis
974 638 1151 696 datur.

400 751 489 808 ii.
519 750 788 820 Nusquam
813 758 992 805 autem
1016 749 1102 805 isti
1132 750 1330 806 inimici
1354 751 1539 822 gratias
1571 751 1637 807 ad
1665 754 1905 809 eamdem

323 846 550 917 gratiam
601 841 970 899 vehementius
1015 841 1421 913 oppugnandam
1451 844 1767 901 occultiores
1795 862 1907 901 mo-

328 935 528 990 liuntur
548 932 765 989 insidias
786 972 799 998 .
827 948 984 1003 quam
1011 932 1102 988 ubi
1140 933 1310 1004 legem
1354 933 1605 1001 laudant,
1628 950 1746 1006 quae
1793 936 1908 991 sine

324 1024 654 1080 dubitatione
676 1021 933 1079 laudanda
957 1032 1057 1078 est.
1099 1023 1294 1093 Legem
1339 1024 1533 1095 quippe
1562 1025 1785 1081 diversis
1827 1028 1907 1081 lo-

325 1117 598 1171 cutionum
645 1113 818 1170 modis
841 1123 898 1169 et
948 1115 1203 1171 varietate
1256 1115 1540 1171 verborum
1581 1117 1634 1171 in
1663 1118 1908 1173 omnibus

325 1204 771 1277 disputationibus
792 1205 904 1261 suis
924 1206 1109 1261 volunt
1138 1207 1361 1279 intelligi
1389 1209 1612 1279 gratiam
1636 1246 1655 1276 ,
1697 1218 1753 1264 ut
1801 1210 1906 1265 sci-

328 1300 451 1355 licet
471 1313 500 1351 a
533 1298 756 1352 Domino
776 1297 887 1353 Deo
904 1297 1223 1367 adjutnrium
1252 1300 1567 1370 cognitionis
1596 1300 1905 1369 habeamus,

323 1404 431 1460 quo
451 1404 512 1444 ea
540 1404 659 1459 qua:
686 1387 922 1443 facienda
942 1397 1067 1444 sunt
1092 1390 1432 1453 noverimus;
1472 1405 1574 1445 non
1603 1391 1904 1461 inspiratio-

324 1494 446 1536 nem
474 1478 773 1534 dilectionis
796 1516 812 1543 ,
846 1485 903 1532 ut
939 1479 1151 1548 cognita
1179 1489 1364 1534 sancto
1400 1495 1584 1536 amore
1612 1480 1863 1537 faciamus
1885 1524 1902 1549 .

322 1585 444 1641 qua:
467 1569 681 1639 proprie
702 1570 719 1602 ί
745 1569 916 1640 gratia
940 1577 1043 1625 est.
1073 1568 1206 1624 Nam
1237 1570 1457 1625 scientia
1485 1571 1617 1642 legis
1641 1571 1756 1627 sine
1774 1574 1905 1628 cha-

322 1663 480 1718 ritate
504 1659 688 1728 inﬂat,
711 1676 815 1715 non
846 1658 1073 1715 mdilicat
1099 1701 1115 1727 ,
1157 1660 1734 1718 secundumeurndem
1771 1677 1905 1734 apo-

320 1751 516 1805 stolum
555 1749 887 1820 apertissime
910 1749 1172 1805 dicentem
1193 1788 1209 1818 ,
1239 1750 1463 1806 Scientia
1484 1752 1647 1823 inﬂat,
1685 1753 1905 1808 charitas

320 1858 437 1899 uero
459 1842 681 1911 wdiﬁcat
709 1840 752 1913 (l
780 1839 899 1896 Cor.
931 1857 1060 1907 vnt,
1115 1842 1191 1913 1).
1230 1841 1360 1910 Qum
1407 1844 1667 1898 sententia
1716 1844 1904 1899 similis

318 1942 404 1989 cst
420 1932 469 1987 ei
485 1974 501 1999 .
526 1947 629 2003 qua
649 1931 849 1986 dictum
866 1940 947 1987 est
967 1972 983 1998 ,
1009 1930 1198 1986 Littera
1218 1932 1436 1998 occidit‘,
1468 1934 1673 2003 spiritus
1687 1933 1903 2003 rivi/ient

320 2022 391 2095 (ll
417 2024 531 2078 Cor.
564 2038 648 2087 Ill,
677 2021 753 2095 6).
776 2022 944 2090 Quale
968 2032 1051 2077 est
1086 2022 1226 2078 enim
1251 2063 1266 2088 ,
1307 2023 1532 2079 Scientia
1574 2024 1720 2095 inﬂat
1739 2040 1760 2089 ;
1795 2027 1901 2080 tale

316 2122 435 2179 est,
466 2112 657 2168 Littera
690 2114 872 2168 occidit
901 2129 921 2169 :
948 2123 1002 2169 et
1030 2115 1186 2182 quale
1222 2123 1335 2181 est,
1367 2115 1590 2170 choritas
1633 2116 1854 2187 ludiﬁcat
1882 2136 1899 2182 ,-

320 2204 425 2258 lale
446 2212 562 2265 est,
617 2202 840 2273 Spiritus
867 2204 1119 2272 uiviﬁrat;
1151 2204 1273 2275 quia
1302 2202 1535 2260 charitas
1575 2205 1666 2261 Dei
1711 2206 1898 2261 diffusa

316 2303 400 2349 est
424 2293 478 2349 in
499 2292 747 2348 cordibus
769 2295 963 2349 nostris
982 2309 1078 2364 per
1095 2293 1348 2363 Spiritum
1374 2303 1614 2350 sanctum
1639 2336 1654 2361 ,
1684 2297 1772 2367 qui
1802 2298 1900 2353 da-

316 2393 402 2440 tus
426 2393 510 2440 est
531 2384 683 2439 nobis
705 2382 879 2453 (Rom.
913 2401 943 2437 ν
967 2425 982 2451 ,
1025 2383 1101 2456 5).
1130 2386 1376 2456 Cognitio
1407 2388 1584 2459 itaque
1606 2388 1738 2460 legis
1776 2388 1899 2445 facit

313 2460 601 2546 superbum
632 2474 1093 2544 praevaricatorem
1127 2494 1140 2529 :
1171 2492 1266 2546 per
1286 2477 1482 2532 donum
1513 2487 1690 2534 autem
1717 2480 1894 2535 chari-

314 2564 440 2619 tatis
469 2562 695 2618 delectat
726 2563 859 2633 legis
899 2578 1020 2620 esse
1062 2565 1335 2622 faetorem.
1379 2566 1495 2623 Non
1552 2583 1680 2640 ergo
1727 2569 1894 2640 legem

309 2668 627 2711 evacumnus
653 2668 747 2723 per
770 2653 926 2709 iidem
951 2695 967 2721 ,
1018 2656 1111 2710 sed
1141 2656 1312 2727 legem
1339 2657 1620 2714 statuimus
1648 2659 1759 2731 (Id.
1790 2676 1843 2716 ιιι
1873 2701 1892 2727 ,

308 2745 404 2819 Si)
437 2765 449 2800 :
478 2762 597 2815 qua:
623 2745 870 2802 terrendo
909 2746 1055 2802 ducit
1081 2747 1147 2803 ad
1178 2748 1356 2805 tidem.
1413 2749 1536 2806 ideo
1578 2751 1774 2823 quippe
1810 2754 1893 2810 lex

308 2840 442 2894 iram
472 2847 719 2907 operatur
744 2836 851 2910 (Id.
885 2855 937 2892 Iv
958 2881 973 2901 ,
1007 2841 1094 2910 l5)
1120 2882 1134 2903 ,
1164 2851 1221 2896 ut
1248 2843 1433 2899 territo
1447 2853 1606 2916 atque
1632 2860 1895 2903 converso

309 2928 644 2999 adjustitiam
692 2930 821 3002 legis
869 2930 1190 3002 implendam
1213 2977 1228 3001 ,
1262 2935 1352 2992 Dei
1382 2938 1746 2996 misericordia
1772 2955 1896 3011 gra-

306 3022 436 3077 tiam
467 3021 716 3093 largiatur
742 3026 763 3056 '
786 3064 801 3087 .
832 3039 929 3095 per
954 3023 1132 3079 .lesum
1161 3025 1429 3082 Christum
1456 3028 1736 3086 Dominum
1790 3047 1890 3087 no-

304 3120 481 3167 strum
511 3127 527 3167 :
553 3113 643 3183 qui
667 3123 750 3169 est
778 3114 871 3169 Dei
891 3115 1146 3184 sapientia
1188 3115 1233 3178 (l
1260 3115 1375 3171 Cor.
1423 3134 1470 3185 r,
1516 3118 1642 3191 30),
1669 3121 1738 3177 de
1788 3137 1891 3192 qua

301 3204 559 3272 scriptum
575 3211 686 3271 est,
717 3202 899 3276 Legem
925 3213 971 3259 et
997 3205 1393 3261 misericordiam
1425 3209 1478 3263 in
1523 3210 1695 3283 lingua
1724 3220 1891 3283 portat

304 3292 485 3365 (Prov.
515 3311 571 3351 Ill
592 3337 608 3363 ,
637 3313 737 3351 sec.
767 3295 940 3370 LXX)
970 3315 983 3351 :
1022 3298 1190 3368 legem
1211 3340 1226 3363 ,
1254 3315 1355 3371 qua
1402 3309 1626 3367 terreat;
1675 3305 1886 3360 miscri-

301 3385 539 3441 cordiam
558 3426 577 3453 ,
608 3402 708 3458 qua
729 3389 1009 3445 subveniat
1039 3407 1052 3441 :
1082 3390 1250 3463 legem
1274 3407 1370 3462 per
1396 3408 1606 3450 servum
1634 3437 1646 3459 ,
1680 3398 1889 3453 miseri-

301 3477 538 3532 cordiam
586 3494 683 3550 per
719 3494 778 3536 se
811 3481 981 3551 ipsum
1015 3499 1031 3534 :
1063 3482 1230 3554 legem
1272 3493 1520 3555 tanquam
1568 3489 1618 3542 in
1648 3490 1837 3544 baculo
1868 3531 1884 3556 .

302 3583 462 3637 quem
493 3569 635 3624 misit
664 3570 883 3627 Elismus
903 3572 971 3627 ad
1002 3573 1166 3629 ﬁlium
1198 3575 1369 3630 vidua:
1408 3579 1770 3635 suscitandum
1790 3621 1805 3648 ,
1833 3593 1888 3637 ct

302 3673 409 3712 non
433 3661 759 3727 resurrexit;
792 3661 851 3718 Si
877 3662 1007 3717 enim
1033 3664 1151 3719 data
1177 3676 1301 3720 esset
1330 3668 1441 3736 lex,
1482 3686 1596 3740 qua:
1624 3682 1787 3740 posset
1810 3676 1884 3727 vi-

302 3749 507 3816 uiﬁcare
524 3791 539 3812 .
566 3751 770 3805 omnino
797 3768 860 3807 ex
888 3752 996 3824 lege
1017 3765 1141 3809 esset
1158 3756 1363 3825 justitia
1397 3756 1590 3829 (Galat.
1625 3777 1711 3829 nt,
1750 3763 1843 3832 21)
1866 3780 1882 3830 ;

302 3839 721 3896 misericordiam
742 3858 869 3898 vero
900 3853 1145 3915 tanquam
1191 3846 1243 3901 in
1274 3847 1389 3916 ipso
1420 3849 1647 3918 Elisu-o,
1688 3856 1778 3924 qui
1827 3855 1887 3909 li-

298 3944 483 4001 guram
511 3930 705 3985 Christi
734 3948 926 4002 gerens
947 3975 963 4001 ,
992 3944 1202 3990 mortuo
1239 3937 1552 3995 vivilicando
1592 3945 1768 4014 magni
1798 3959 1883 4000 sa-

299 4022 557 4076 cramenti
591 4022 734 4077 velut
778 4023 909 4078 Novi
948 4025 1271 4083 Testamenti
1328 4030 1710 4099 significatione
1751 4051 1882 4092 con-

295 4110 507 4181 junctus
527 4121 611 4167 est
632 4114 717 4182 (IV
752 4114 877 4186 Reg.
907 4132 963 4171 tv
983 4159 998 4182 ,
1031 4118 1248 4191 29-35).

367 4202 593 4259 CAPUT
621 4204 708 4259 Vl.
747 4235 819 4246 --
844 4206 930 4261 12.
964 4206 1039 4262 De
1059 4208 1210 4265 laude
1236 4212 1379 4267 liberi
1422 4216 1638 4272 arbitrii.
1666 4218 1880 4275 Inseru-

298 4292 465 4347 tubilis
487 4295 711 4364 qua'stt'o.
739 4294 869 4350 item
893 4298 1032 4367 quod
1056 4299 1312 4358 adversus
1331 4303 1650 4363 Maniclneos
1667 4310 1882 4368 laudant

299 4382 522 4438 liberum
552 4385 828 4440 arbitrium
857 4387 1210 4449 .adhihentes
1249 4395 1612 4466 pr0pheticum
1640 4404 1881 4458 testimo-

298 4475 476 4539 nium,
508 4475 571 4531 Si
594 4477 850 4533 volueritis
890 4489 938 4534 et
983 4482 1246 4539 audieritis
1288 4502 1406 4554 me,
1461 4505 1576 4555 qute
1598 4491 1729 4546 bona
1765 4505 1881 4549 sunt

294 4575 440 4621 teme
463 4567 619 4623 edetis
644 4585 663 4635 ;
689 4570 733 4623 si
753 4579 920 4625 autem
940 4573 1203 4631 nolueritis
1247 4586 1296 4630 et
1320 4593 1421 4633 non
1460 4582 1718 4638 audieritis
1762 4603 1840 4640 me
1861 4612 1891 4653 ,ι

294 4657 494 4725 gladius
522 4675 607 4714 uos
634 4650 888 4739 consumet
913 4660 1063 4734 (Isoi.
1096 4681 1136 4732 ι,
1168 4666 1234 4722 i9
1263 4677 1309 4722 et
1333 4669 1426 4739 ΞΟ)
1463 4689 1475 4725 :
1507 4673 1632 4742 quid
1674 4676 1751 4732 eis
1780 4650 1879 4734 hoc

293 4747 549 4817 prodest?
574 4750 1006 4824 quandoquidem
1057 4770 1164 4811 non
1202 4766 1307 4812 tam
1332 4770 1515 4815 contra
1562 4763 1878 4823 Manichacus

291 4840 613 4909 defendunt,
641 4858 796 4915 quam
830 4855 1013 4902 contra
1043 4848 1339 4906 Catholicos
1366 4854 1624 4910 extollunt
1653 4856 1875 4915 liberum

289 4933 587 4988 arbitrium.
620 4935 708 4990 Sic
737 4938 878 4992 enim
908 4939 1092 4995 volunt
1120 4942 1338 5014 intelligi
1363 4946 1504 5016 quod
1531 4946 1728 5003 dictum
1751 4962 1832 5006 est
1858 4996 1872 5016 .

290 5021 355 5075 Si
385 5023 633 5079 nolueritis
656 5035 703 5080 et
730 5027 990 5083 audieritis
1017 5046 1130 5095 me;
1161 5041 1408 5104 tanquam
1435 5036 1487 5091 in
1533 5037 1643 5107 ipsa
1673 5055 1874 5109 praece-

285 5110 450 5169 dente
471 5114 739 5172 voluntate
764 5117 833 5173 sit
860 5124 1234 5193 consequentis
1264 5127 1508 5181 meritum
1546 5131 1758 5199 gratiae;
1812 5149 1876 5189 ac

287 5204 368 5260 sic
390 5205 557 5276 gratia
577 5206 688 5275 jam
736 5224 842 5264 non
880 5210 950 5265 sit
972 5215 1136 5282 gratia
1157 5253 1173 5277 .
1201 5228 1319 5284 quae
1343 5231 1447 5271 non
1479 5228 1561 5274 est
1600 5224 1825 5291 gratuita
1847 5265 1870 5293 ,

285 5309 409 5352 cum
438 5296 677 5354 redditur
696 5298 897 5357 debita.
942 5301 998 5359 Si
1024 5313 1199 5360 autem
1229 5307 1307 5363 sic
1335 5306 1689 5381 intelligerent
1729 5315 1871 5386 quod

283 5385 485 5442 dictum
508 5396 591 5441 est
609 5430 625 5450 .
668 5388 730 5445 Si
774 5391 1027 5448 volueritis
1045 5436 1059 5458 ,
1088 5404 1144 5450 ut
1173 5396 1332 5454 etiam
1363 5397 1530 5471 ipsam
1559 5385 1758 5462 bonam,
1782 5423 1873 5464 vo-

286 5476 542 5534 luntatem
569 5477 714 5533 illum
749 5496 1045 5553 praeparare
1061 5487 1550 5559 coniiterentur,dc
1588 5511 1694 5566 qun
1736 5498 1870 5554 scri-

351 5701 369 5785 :
406 5708 486 5785 fr.
611 5710 755 5785 tm...
794 5707 1248 5785 propriathsmnct
1270 5722 1420 5785 'Stss._,
1469 5721 1676 5785 proprie.

347 5764 475 5846 me
521 5771 626 5817 ttae.
687 5774 741 5816 ,ιι
786 5764 939 5828 me,
988 5768 1075 5821 Dei
1119 5764 1708 5846 ηιεπιτεεονάὲωἵι’⁷ᾗὲὸὶὶα
1762 5783 1862 5837 lar-

285 5824 460 5886 ωτι.

610 5905 884 5966 Panos.
926 5907 1140 5985 XLIV.

1657 428 1854 493 LIBER
1893 435 2231 505 Qmu'rus.

3492 465 3593 521 ωε

2017 562 2257 620 ptumcst
2282 596 2295 619 .
2335 555 2662 627 Praeparetur
2689 563 2916 623 voluntas
2949 584 2982 621 α
3026 567 3239 627 Domino
3265 568 3446 636 (Prov.
3476 590 3594 640 vru.
3644 565 3657 586 ’

2017 660 2115 697 sre.
2150 644 2316 718 LXX)
2347 665 2360 700 :
2392 658 2639 721 tanquam
2660 653 2909 714 catholici
2938 670 3212 717 uterentur
3234 670 3335 720 nec
3362 668 3598 722 tesnmo-

2015 734 2133 802 nio,
2163 747 2217 792 et
2256 752 2362 794 non
2411 743 2581 797 solum
2633 745 2875 803 hurresim
2911 760 3143 810 veterem
3188 755 3596 813 Manichaeorum

2017 829 2285 886 vincerent
2308 875 2323 897 ,
2354 833 2448 889 sed
2475 851 2665 891 novam
2688 838 3085 912 Pelagianorum
3109 862 3212 902 non
3232 851 3527 909 conderent
3558 858 3593 901 ‘-

2088 921 2175 978 l3.
2200 921 2336 989 Quid
2363 923 2440 980 eis
2485 928 2697 996 prodest
2714 933 2897 1001 {quod
2945 934 2997 990 in
3044 937 3201 996 laude
3256 941 3419 1012 ipsius
3446 944 3599 1002 liberi

2013 1011 2252 1080 arbitrii,
2282 1032 2301 1065 ι
2333 1017 2555 1087 gratiam
2584 1019 2766 1078 dicunt
2792 1024 3046 1095 adjuvare
3072 1032 3485 1108 uniuscujusque
3505 1037 3602 1093 bo-

2014 1119 2140 1196 num
2165 1109 2533 1177 propositum?
2563 1129 2583 1165 ι
2613 1112 2729 1170 Hoc
2749 1116 2865 1174 sine
2888 1122 3136 1191 scrupulo
3155 1125 3486 1196 acciperetur
3512 1145 3602 1186 ca-

2013 1193 2212 1251 tholice
2235 1196 2473 1270 dictum,
2526 1202 2574 1261 si
2613 1220 2719 1260 non
2769 1205 2822 1263 in
2847 1207 2989 1265 bono
3036 1193 3305 1284 proposito
3351 1221 3597 1278 n'critum

2013 1298 2303 1354 ponerent,
2328 1293 2412 1347 cui
2437 1295 2629 1352 merito
2647 1297 2757 1366 jam
2785 1315 2991 1358 merces
3013 1308 3307 1365 secundum
3328 1310 3564 1369 debitum
3581 1357 3598 1380 .

2012 1391 2117 1432 non
2169 1381 2458 1437 secundum
2487 1385 2707 1454 gratiam
2745 1389 3090 1460 redderetur;
3121 1398 3214 1453 sed
3247 1400 3600 1475 intelligerent

2010 1468 2457 1528 etconliterentur
2476 1477 2633 1532 etiam
2661 1480 2831 1549 ipsum
2862 1483 3056 1541 bonum
3079 1468 3438 1561 prepositum:
3456 1499 3597 1567 qtrod

2009 1572 2342 1629 consequens
2367 1562 2581 1634 adjuvat
2611 1570 2808 1638 gratia,
2839 1588 2942 1630 non
2988 1592 3106 1634 esse
3137 1582 3373 1651 potuisse
3421 1562 3486 1641 in-
3505 1589 3599 1643 ho-

2010 1648 2187 1714 liniue,
2217 1651 2262 1705 si
2290 1667 2394 1707 non
2430 1658 2754 1725 pra-cederet
2800 1665 2989 1733 gratia.
3018 1648 3296 1737 Quomodo
3347 1678 3488 1733 enim
3515 1689 3598 1737 cst

2008 1738 2239 1798 hominis
2267 1744 2462 1802 bonum
2488 1753 2820 1820 propositum
2843 1757 2961 1815 sine
3003 1762 3289 1823 miserante
3315 1770 3463 1838 prius
3490 1771 3597 1829 Do-

2007 1829 2185 1898 mino;
2213 1847 2332 1889 cum
2361 1836 2472 1906 ipsa
2492 1839 2564 1894 sit
2590 1841 2724 1898 bona
2748 1846 3023 1918 voluntas,
3063 1868 3182 1925 qua:
3218 1829 3542 1928 prie-paratur
3564 1878 3594 1918 a

2008 1921 2270 2025 Domino!
2296 1925 2447 1995 Quod
2468 1940 2646 1987 autem
2673 1950 2794 1990 cum
2823 1921 3117 2013 dixissent,
3152 1966 3173 2000 r
3208 1921 3433 2020 gratiam
3463 1969 3599 2025 quo-

2003 2025 2106 2081 que
2151 2013 2405 2113 adjuvare
2446 2020 2857 2098 uniuscujusque
2902 2013 3237 2105 propositum
3278 2013 3511 2113 bonum;
3568 2061 3590 2100 ς

2006 2114 2125 2155 mox
2156 2102 2500 2179 addiderunt,
2538 2129 2558 2165 r
2594 2128 2700 2170 non
2731 2102 2915 2176 tamen
2928 2102 3206 2185 reluctanti
3233 2134 3465 2193 Studium
3494 2102 3595 2195 iir-

2009 2194 2138 2292 tutis
2169 2194 2492 2258 immittere:
2539 2221 2560 2257 ι
2590 2218 2771 2277 posset
2821 2211 2957 2268 bene
3004 2216 3259 2292 intelligi,
3299 2224 3343 2280 si
3394 2244 3497 2285 non
3526 2194 3596 2285 ah

2004 2280 2117 2337 istis
2136 2325 2150 2351 ,
2178 2300 2403 2356 quorum
2432 2306 2620 2349 sensus
2648 2308 2805 2357 notus
2826 2313 2939 2371 est,
2966 2280 3251 2366 diceretur.
3292 2314 3592 2378 Reluctanti

2001 2376 2142 2429 enim
2174 2378 2319 2446 prius
2347 2381 2559 2440 additus
2588 2389 2609 2420 ³
2630 2388 2823 2448 divina:
2844 2397 3135 2456 vocationis
3163 2402 3272 2474 ipsa
3303 2403 3396 2464 Dei
3425 2376 3592 2481 gratia

2001 2477 2315 2533 procuratur
2332 2512 2347 2538 ,
2369 2485 2431 2527 ac
2456 2473 2649 2531 deinde
2677 2479 2729 2534 in
2757 2480 2848 2538 illo
2866 2483 2975 2555 jam
3000 2503 3103 2544 non
3150 2473 3451 2556 reluctante
3473 2511 3591 2559 stu-

1999 2554 2144 2612 dium
2192 2560 2401 2619 virtutis
2451 2570 2777 2627 accenditur.
2818 2575 3197 2640 Verumtamen
3243 2588 3295 2643 in
3344 2595 3591 2653 omnibus

1997 2663 2116 2719 quas
2143 2652 2369 2724 quisque
2386 2656 2496 2728 agit
2533 2662 2824 2721 secundum
2857 2669 3020 2726 Deum
3038 2713 3056 2742 ,
3090 2678 3452 2741 misericordia
3474 2686 3590 2758 ejus

2000 2743 2253 2808 pnevenit
2270 2759 2402 2849 eum
2425 2748 2597 2849 (erat.
2630 2769 2787 2822 ινηι,
2817 2759 2871 2814 ιι
2884 2760 2926 2830 ).
2947 2763 3097 2830 Quod
3124 2768 3207 2824 isti
3235 2774 3441 2843 nolunt,
3464 2743 3587 2849 quia

1998 2845 2102 2887 non
2127 2846 2245 2890 esse
2266 2833 2555 2909 Catholici,
2588 2845 2680 2900 sed
2697 2846 2964 2920 Pelagiani
2985 2856 3183 2915 volunt.
3204 2833 3585 2928 Multum'citini

1997 2920 2226 2980 delectat
2252 2925 2575 2997 impietatem
2602 2938 2882 3005 superbam
2905 2983 2920 3007 ,
2953 2954 3011 2999 ut
3036 2949 3196 3005 etiam
3245 2954 3296 3008 id
3320 2920 3586 3026 quod

1994 3012 2133 3083 gitur
2160 3017 2400 3074 conﬁteri
2452 3037 2480 3073 a
2533 3023 2755 3082 Domino
2805 3031 3020 3101 datum,
3055 3055 3159 3097 non
3203 3044 3302 3102 sibi
3330 3012 3583 3110 donatum

1994 3105 2235 3165 videatur
2252 3125 2372 3168 esse
2394 3153 2409 3179 ,
2440 3114 2535 3170 scd
2589 3118 2855 3178 redditum
2885 3142 2898 3177 :
2928 3137 2985 3182 ut
3037 3131 3240 3190 scilicet
3283 3138 3373 3195 lilii
3402 3105 3582 3211 perdi:

1996 3199 2154 3255 tionis
2173 3242 2189 3269 ,
2209 3218 2313 3258 non
2335 3208 2735 3277 promissionis,
2763 3216 2861 3285 ipsi
2890 3221 3178 3282 creduntur
3195 3243 3256 3285 sc
3308 3199 3479 3289 borios
3505 3236 3584 3293 le-

1990 3290 2163 3355 cisse.
2190 3300 2246 3347 et
2261 3292 2402 3351 Deus
2421 3296 2531 3367 jam
2559 3299 2710 3358 bonis
2739 3319 2770 3360 a
2791 3321 2852 3363 se
2895 3308 3024 3381 ipsis
3063 3316 3297 3386 ell‘ectis,
3342 3339 3439 3392 pro
3483 3290 3584 3383 isto

1990 3397 2177 3439 eorum
2207 3400 2365 3456 opere
2391 3388 2626 3448 debitum
2652 3400 2926 3466 praemium
2955 3407 3269 3471 reddidisse.

2064 3474 2151 3531 ﬂ.
2187 3475 2261 3532 Ita
2293 3485 2641 3552 namqueillis
2660 3497 2832 3546 tumor
2854 3493 2968 3563 ipse
2992 3488 3151 3556 aures
3171 3494 3581 3569 cordis'obstru-

1990 3566 2106 3635 xit,
2135 3576 2193 3623 ut
2213 3584 2317 3624 non
2340 3572 2588 3642 audiant,
2619 3578 2755 3646 Quid
2778 3584 2908 3638 enim
2936 3586 3087 3646 habes
3118 3596 3254 3665 quod
3305 3616 3403 3656 non

1992 3656 2111 3761 pisti
2132 3656 2174 3727 (1
2191 3658 2317 3761 Ιςον.
2345 3677 2396 3717 tv
2418 3703 2435 3730 ,
2590 3683 2693 3724 non
2717 3672 3096 3745 audiant,Sine
3115 3656 3194 3740 nte
3213 3687 3341 3744 nihil
3373 3656 3580 3761 potestis

1990 3747 2157 3841 facere
2185 3747 2361 3841 (Joan.
2387 3768 2456 3806 xv
2480 3796 2492 3816 ,
2525 3754 2579 3825 5)
2610 3775 2625 3811 :
2654 3773 2758 3816 non
2800 3763 3052 3835 audiant,
3096 3772 3328 3833 Charitas
3372 3747 3436 3837 ea:

1989 3847 2062 3890 est
2101 3838 2143 3907 (l
2169 3839 2324 3894 Joan.
2360 3858 2412 3938 tv
2434 3886 2448 3907 ,
2470 3844 2536 3938 ἶ)
2564 3865 2576 3899 :
2606 3863 2710 3905 non
2747 3854 2996 3927 audiant,
3058 3859 3198 3919 Deus
3241 3838 3579 3938 partitus

1991 3942 2281 4036 mensuram
2310 3933 2431 4036 ﬁdei
2460 3935 2634 4007 (Rom.
2665 3956 2738 3996 xu
2759 3986 2772 4008 .
2798 3944 2854 4015 5)
2880 3964 2893 4002 :
2918 3963 3023 4005 non
3054 3933 3301 4027 audiant,
3353 3963 3578 4036 Spiritus

1988 4019 2073 4073 ubi
2096 4022 2198 4131 uult
2219 4024 2378 4131 spirat
2403 4025 2578 4131 (lo-an:
2603 4047 2690 4131 ,
2716 4033 2772 4106 8)
2806 4053 2820 4102 ;
2847 4047 2902 4095 ct
2921 4082 2936 4108 ,
2966 4041 3068 4110 Qui
3092 4049 3273 4119 spiritu
3287 4019 3579 4131 'Dei'agnn;

1987 4119 2101 4215 tur.
2134 4112 2187 4165 hi
2212 4114 2307 4181 ﬁlii
2332 4126 2448 4171 sunt
2472 4117 2572 4174 Dei
2596 4122 2769 4193 (Rom.
2811 4145 2905 4184 vttt
2925 4174 2941 4199 ,
2987 4134 3075 4209 Η)
3108 4112 3131 4193 ε,
3159 4157 3264 4199 non
3311 4112 3574 4215 audia’uti.

1991 4199 2335 4300 Nemo-potest
2354 4210 2519 4266 venire
2536 4213 2604 4266 ad
2632 4231 2710 4270 me
2731 4259 2745 4281 ,
2777 4220 2871 4275 nisi
2893 4199 3117 4293 fuerit'ei
3150 4234 3325 4291 datum
3354 4256 3386 4293 a
3420 4199 3578 4300 Patre

1985 4305 2094 4395 illeo
2114 4290 2291 4395 (icon.
2329 4311 2379 4351 Vl
2399 4299 2579 4395 L66):
2613 4318 2718 4361 non
2744 4290 3117 4387 audiantquod
3146 4290 3345 4383 Esdras

1985 4378 2284 4440 Benedictus
2303 4398 2374 4441 est
2404 4388 2647 4450 Dominus
2666 4409 2865 4466 patrum
2885 4378 3189 4479 nostrorum,
3215 4419 3302 4487 qui
3323 4421 3419 4475 hoc
3439 4378 3575 4480 (tedii

1982 4472 2037 4525 in
2056 4488 2143 4527 cor
2157 4476 2287 4543 regis
2309 4518 2325 4538 .
2348 4478 2630 4551 clari/icore
2654 4487 2858 4548 domum
2882 4511 3028 4552 suam
3049 4543 3065 4567 ,
3096 4521 3209 4575 quin
3226 4472 3302 4564 est
3336 4512 3387 4566 in
3411 4513 3570 4571 Jeru-

1983 4563 2137 4664 solent
2161 4564 2435 4673 (IllnE'sd'r.
2465 4588 2591 4673 vin,
2634 4576 2726 4648 28)
2761 4598 2774 4635 :
2804 4599 2909 4640 non
2936 4563 3151 4650 audiant
3189 4563 3568 4673 quod

1984 4654 2201 4714 rentiam
2231 4656 2360 4713 dicit
2387 4660 2639 4722 Dominus
2660 4710 2673 4731 ,
2710 4670 2773 4725 lit
2799 4676 3023 4735 timorem
3043 4654 3223 4740 meum.
3244 4654 3385 4748 dabor
3409 4697 3458 4751 in
3484 4716 3566 4753 cor

1983 4760 2155 4799 eorum
2178 4788 2192 4810 ,
2217 4759 2321 4803 uta
2350 4767 2428 4805 me
2455 4770 2556 4809 non
2575 4762 2809 4817 recedant
2828 4808 2842 4832 ,
2870 4779 2916 4822 et
2935 4771 3143 4831 uisitabo
3171 4796 3256 4835 eos
3279 4824 3294 4849 ,
3340 4796 3393 4840 ut
3414 4788 3569 4846 bonos

1982 4849 2065 4890 eos
2090 4838 2511 4947 fraciarnlzlerem.
2539 4863 2678 4947 xvxrt
2700 4893 2715 4918 ,
2744 4854 2812 4910 40
2831 4867 2879 4911 et
2904 4859 2993 4932 di)
3028 4879 3045 4918 :
3076 4838 3566 4947 maximeque'illiid

1984 4926 2424 5033 per-illechiclem
2455 4937 2765 5005 prophetam
2788 4987 2802 5010 ,
2831 4948 2918 5004 ubi
2940 4926 3158 5022 prorsus

1982 5018 2143 5073 nullis
2172 5033 2231 5076 se
2271 5021 2543 5081 hominum
2577 5029 2728 5089 bonis
2768 5018 2972 5100 meritis
3019 5057 3327 5126 provocari,
3366 5018 3427 5121 ut

1983 5109 2148 5215 bonos
2170 5111 2364 5224 iactata
2383 5116 2433 5173 id
2473 5125 2926 5190 est.obedicntes
2980 5109 3427 5224 mandatisstiis:

1978 5203 2154 5273 potius
2178 5203 2292 5260 lucc
2316 5206 2395 5261 eis
2420 5223 2479 5265 se
2507 5214 2801 5277 retribuere
2825 5224 2958 5280 bona
2997 5247 3092 5300 pro
3120 5238 3272 5295 malis
3290 5283 3305 5307 ,
3348 5203 3564 5319 ρέορῖιῑ

1978 5307 2036 5319 ,Α
2066 5293 2233 5319 :.....--..
2270 5295 2366 5319 Ι---
2400 5299 2424 5319 ι·
2457 5302 2519 5319 ,οῖ
2589 5304 2600 5319 ι

1977 5307 2037 5348 sc
2065 5293 2236 5363 ipsum
2267 5295 2369 5355 hoc
2398 5299 2667 5372 faciendo,
2718 5326 2824 5367 non
2856 5293 3071 5389 propter
3092 5293 3559 5398 illos.ii'it'erii'in‘.:

1980 5383 2105 5501 ila-4:
2129 5386 2248 5501 digit
2279 5385 2520 5501 Dominus
2550 5393 2687 5453 Deus
2711 5443 2724 5466 ,
2753 5383 2868 5477 Ego
2887 5383 3022 5478 facio
3043 5454 3059 5480 ,
3086 5383 3186 5474 non
3636 5402 3649 5424 .

1976 5475 2154 5551 domus
2178 5476 2345 5537 Israel
2369 5482 2390 5516 ³
2408 5527 2423 5552 ,
2445 5489 2533 5541 sed
2558 5502 2761 5561 propter
2780 5513 2956 5556 nomen
2978 5521 3139 5562 meum
3159 5475 3409 5589 sa'nctrrrm,
3426 5475 3562 5594 quod

2012 5611 2591 5715 ml,
2615 5630 2844 5690 [anicula
2867 5648 3067 5702 negans,
3095 5651 3147 5695 et
3166 5654 3421 5713 mutatum,
3445 5666 3557 5715 cott-

1976 5671 2161 5737 άυτεηι.
2193 5677 2263 5737 in.
2296 5671 2629 5736 maererentf
2647 5671 2844 5682 “""
3167 5671 3421 5713 nmmum.
3445 5671 3575 5727 me

2036 5734 2955 5831 I‘gguugzﬁtupaul‘opost.loco,
2987 5767 3203 5831 studium
3234 5760 3447 5831 uirtutis.
3466 5760 3563 5825 ha-i

2247 5798 2258 5809 .
2392 5801 2426 5827 ,⁸
2507 5794 2526 5818 ,ι
2550 5794 2650 5828 --τν
2682 5794 2805 5814 1’“““’“ν
2832 5794 2955 5817 ὐνυν
2987 5794 3203 5816 “manus
3236 5794 3438 5831 ωιιιιησ.

1974 5794 2221 5891 “il-1:3."
2238 5806 2568 5891 “eamme:
2585 5816 2792 5891 itaque
2819 5815 2926 5891 ιροο
2957 5825 3014 5891 ³ε¹
3041 5831 3462 5891 mmmam

2077 5859 2219 5919 nlui,
2261 5870 2354 5927 Eyo
2392 5867 2592 5932 ﬁtciam,
2640 5859 3268 5958 axitisVELeiinE'xm,
3306 5903 3399 5941 non
3439 5907 3549 5958 pro.

2973 5950 3270 6045 ﬁrmari.)
