4088 6526
579 341 686 400 619

577 457 880 526 profanastis
907 454 958 509 in
985 451 1214 524 gentibus
1233 495 1248 519 ,
1278 469 1375 523 quo
1399 448 1624 504 intrastis
1647 449 1806 510 illuc:
1832 457 1878 503 et
1926 447 2156 516 sanctiﬁ-

573 561 697 604 cabo
733 561 910 600 nomen
943 560 1106 599 ineunt
1149 559 1386 614 maguum
1407 583 1422 606 ,
1452 541 1586 608 quod
1637 542 1958 611 profanatum
1988 548 2062 592 est
2106 539 2158 592 in

575 638 800 708 gentibus
819 677 832 700 ,
858 645 905 690 et
931 633 1239 706 profanastis
1264 633 1316 686 in
1343 632 1505 686 medio
1531 645 1705 685 eorum
1731 646 1751 685 :
1779 639 1824 683 et
1843 631 1996 683 scient
2035 645 2160 700 gen-

577 742 646 784 tes
674 728 792 799 quia
818 743 907 798 ego
925 742 1036 782 sum
1067 724 1342 788 Dominus,
1368 722 1492 776 dicit
1515 721 1713 774 Adonei
1739 720 1982 774 Dominus
2004 761 2018 786 ,
2047 735 2161 772 cum

575 819 916 888 sanctiﬁcatus
936 815 1080 886 fuero
1098 814 1152 870 in
1175 812 1314 868 vobis
1331 821 1448 866 ante
1466 811 1637 865 oculos
1671 826 1842 864 eorum
1863 849 1879 874 ,
1927 819 1974 863 et
2022 809 2160 862 oeci.

575 911 712 978 riam
754 923 840 961 vos
879 906 942 960 de
977 903 1202 977 gentibus
1225 945 1240 970 ,
1267 912 1316 959 et
1359 901 1672 972 congregabo
1713 915 1800 955 vos
1841 915 1906 954 ea:
1929 900 2160 956 omnibus

576 999 718 1054 terris
739 1041 754 1065 ,
783 1007 828 1052 et
856 996 1092 1050 inducam
1117 1009 1204 1049 vos
1225 995 1278 1048 in
1323 1001 1509 1048 terram
1532 999 1786 1056 vestram;
1815 997 1863 1044 et
1895 1007 2159 1061 aspergam

574 1105 722 1157 super
743 1104 828 1141 vos
847 1101 1028 1158 aquam
1055 1083 1296 1138 mundam
1317 1124 1331 1148 ,
1363 1092 1410 1136 et
1443 1079 1805 1134 mundabimini
1829 1079 1894 1132 ab
1931 1081 2158 1134 omnibus

573 1178 906 1232 immunditiis
927 1176 1102 1232 vestris
1119 1215 1136 1242 ,
1162 1185 1208 1230 et
1240 1173 1490 1228 mandabo
1507 1187 1594 1227 vos
1615 1188 1636 1238 ;
1663 1181 1712 1226 et
1739 1171 1870 1226 dabo
1909 1171 2044 1226 vobis
2071 1187 2160 1225 cor

575 1286 754 1324 novum
777 1309 792 1334 ,
831 1277 878 1322 et
895 1267 1128 1340 spiritum
1153 1283 1330 1320 novum
1359 1264 1490 1320 dabo
1525 1264 1576 1318 in
1602 1263 1780 1328 vobis;
1809 1272 1856 1317 et
1899 1267 2159 1332 auferetur

575 1377 660 1414 eor
687 1358 941 1430 lapideum
965 1355 1030 1412 de
1072 1372 1223 1411 carne
1261 1365 1422 1410 vestra
1442 1395 1458 1420 ,
1499 1363 1544 1408 et
1579 1353 1708 1407 dabo
1735 1353 1870 1408 vobis
1911 1368 2002 1407 cor
2047 1369 2161 1406 car-

574 1464 758 1513 neum;
783 1457 828 1503 et
857 1447 1088 1518 spiritum
1107 1460 1266 1501 meum
1287 1443 1418 1498 dabo
1436 1445 1486 1498 in
1513 1441 1648 1498 vobis
1667 1483 1680 1506 ,
1714 1451 1760 1496 et
1811 1443 1998 1514 faciam
2023 1451 2077 1496 ut
2105 1443 2158 1496 in

505 1569 512 1578 ι
575 1539 1010 1614 ιιιδιὶίὶεαιὶοηίὺω
1029 1539 1150 1594 meis
1169 1535 1430 1591 ambuletis
1453 1577 1466 1602 ,
1493 1544 1538 1588 ct
1555 1533 1748 1604 judicia
1765 1551 1874 1588 mea
1893 1533 2158 1589 observetis

574 1641 620 1684 et
645 1631 860 1701 faciatis.
889 1629 956 1686 Et
981 1636 1098 1698 post
1123 1627 1386 1698 aliquanta
1414 1640 1508 1695 per
1536 1623 1783 1678 eumdem
1811 1624 1980 1694 ipsum
2029 1639 2154 1693 pro-

577 1721 790 1792 phetam
822 1739 834 1774 :
867 1719 986 1774 Non
1028 1727 1232 1791 propter
1257 1733 1344 1772 vos
1367 1759 1382 1783 ,
1441 1716 1643 1788 inquit,
1687 1732 1777 1788 ego
1820 1716 1953 1784 facio
1975 1757 1991 1781 ,
2037 1716 2158 1770 dicit

581 1815 824 1868 Dominus
875 1813 1047 1878 Deus;
1089 1821 1262 1866 notum
1297 1811 1389 1866 erit
1437 1809 1618 1863 vobis:
1657 1808 2054 1876 confundimini,
2109 1817 2158 1861 et

573 1904 840 1958 erubescite
867 1903 929 1958 de
957 1903 1048 1958 viis
1072 1901 1277 1968 vestris,
1305 1901 1484 1952 domus
1522 1895 1704 1950 Israel.
1733 1895 1857 1952 Hac
1882 1896 2002 1950 dicit
2043 1896 2154 1950 Do-

573 1995 738 2050 minus
759 1993 893 2048 Deus
923 2009 943 2048 :
975 1991 1037 2048 In
1058 1993 1139 2046 die
1165 2007 1264 2062 quo
1292 1989 1544 2043 mandabo
1571 2003 1658 2042 vos
1697 1987 1760 2040 ab
1801 1987 2028 2042 carnibus
2053 1987 2154 2041 ini-

571 2083 838 2152 quitatibus
859 2083 1028 2140 vestris
1052 2123 1064 2146 ,
1097 2091 1142 2136 et
1163 2081 1462 2135 constituam
1481 2078 1744 2144 civitates,
1765 2087 1814 2131 et
1827 2075 2156 2146 wdiﬁcabun-

571 2185 652 2228 tur
683 2176 906 2241 deserta,
939 2184 982 2228 et
1009 2183 1142 2227 terra
1170 2172 1500 2226 exterminata
1526 2169 1822 2240 operabitur
1847 2169 1865 2200 ί
1895 2209 1909 2235 ,
1957 2185 2048 2238 pro
2096 2184 2156 2223 eo

569 2265 706 2334 quod
735 2265 1063 2319 exterminata
1082 2271 1154 2316 est
1173 2271 1288 2315 ante
1309 2262 1481 2315 oculos
1507 2261 1672 2315 omnis
1701 2259 2057 2330 prctereuntis.
2088 2257 2156 2312 Et

571 2355 736 2410 dicent
767 2371 786 2409 :
833 2353 991 2409 Terra
1037 2354 1126 2407 illa
1151 2353 1476 2406 exterminata
1495 2393 1510 2418 ,
1542 2353 1680 2422 facta
1705 2359 1775 2404 est
1803 2350 1930 2403 sicut
1981 2349 2154 2404 hortus

573 2446 866 2516 voluptatis,
889 2455 934 2498 et
958 2444 1180 2498 civitates
1199 2443 1408 2496 deserta:
1427 2450 1470 2495 et
1495 2440 1837 2495 exterminant!
1863 2449 1912 2496 et
1935 2438 2150 2508 effosste,

573 2537 778 2590 munitae
800 2534 1053 2590 sederunt.
1089 2533 1150 2586 Et
1193 2533 1344 2586 scient
1389 2539 1558 2601 gentes
1601 2545 1923 2599 quaecumque
1971 2529 2157 2582 relictae

577 2628 760 2698 fuerint
787 2627 839 2682 in
868 2627 1078 2680 circuitu
1132 2635 1321 2691 vestro,
1372 2623 1490 2694 quia
1517 2638 1608 2694 ego
1637 2621 1882 2675 Dominus
1907 2619 2156 2689 sedi/icavi

572 2722 848 2773 destructas
871 2760 886 2784 ,
905 2717 1140 2790 .plantavi
1161 2715 1534 2770 exterminatus.
1559 2711 1668 2783 Ego
1689 2711 1938 2766 Dominus
1963 2711 2154 2765 locutus

577 2827 683 2864 vum
708 2852 724 2876 ,
755 2820 799 2863 et
827 2810 939 2880 feci.
971 2807 1098 2862 Ila'c
1117 2807 1235 2861 dicit
1261 2805 1510 2862 Dominus
1539 2819 1560 2860 .'
1587 2803 1764 2856 Adhuc
1787 2803 1879 2856 Itoc
1907 2802 2154 2874 inquiram

576 2901 749 2956 domui
771 2899 937 2956 Israel
967 2909 1020 2954 ttt
1048 2901 1229 2970 faciant
1255 2899 1324 2952 eis
1347 2915 1365 2964 ;
1413 2895 1752 2967 multiplicabo
1778 2911 1862 2950 eos
1888 2899 2015 2948 sicut
2042 2909 2156 2950 oves

577 2995 834 3060 homines,
877 2994 1004 3046 sicut
1038 3008 1150 3046 oves
1169 2999 1404 3055 sanctas,
1451 2989 1582 3043 sicut
1623 3004 1736 3042 oves
1779 2985 2062 3042 Jerusalem
2101 2988 2154 3042 in

575 3084 744 3136 diebus
771 3083 908 3155 festis
929 3083 1037 3153 ejus
1053 3097 1073 3137 :
1098 3082 1168 3142 sic
1180 3089 1326 3136 erunt
1343 3079 1562 3134 civitates
1577 3078 1682 3132 illo:
1699 3077 1956 3142 desolata,
1993 3077 2156 3150 plena:

576 3175 739 3226 ovium
768 3174 1052 3237 hominum,
1095 3181 1142 3226 et
1170 3172 1323 3225 scient
1365 3169 1482 3240 quia
1511 3185 1602 3240 ego
1645 3166 1896 3222 Dominus
1942 3166 2147 3238 (Eucti.

586 3279 742 3316 xvvvt
765 3304 776 3322 .
799 3260 1008 3334 22-38).
1677 3323 1684 3330 .

652 3355 736 3407 15.
778 3352 912 3419 Quid
963 3351 1216 3407 remansit
1257 3350 1382 3421 pelli
1425 3349 1754 3416 morticinae,
1805 3348 1943 3404 unde
1988 3349 2157 3418 possit

583 3443 752 3498 inﬂari
773 3484 788 3510 ,
829 3452 880 3496 et
914 3441 1262 3512 dedignetur,
1294 3440 1504 3511 quando
1527 3439 1784 3510 gloriatur
1803 3480 1818 3504 ,
1849 3439 1902 3494 in
1933 3439 2155 3494 Domino

579 3533 832 3603 gloriari?
862 3531 996 3599 Quid
1025 3533 1070 3586 ei
1110 3531 1397 3598 remansit,
1427 3529 1640 3602 quando
1682 3529 1934 3601 quidquid
1963 3529 2158 3584 dixerit

579 3645 634 3680 se
659 3626 874 3690 fecisse,
899 3633 956 3678 ut
999 3639 1062 3678 eo
1105 3623 1438 3692 prmcedente
1467 3621 1694 3676 hominis
1733 3623 1925 3677 merito
1949 3620 2016 3674 ab
2055 3621 2154 3675 ho-

581 3717 723 3772 mine
769 3725 988 3780 exorto,
1024 3715 1162 3768 Deus
1204 3714 1590 3784 subsequenter
1617 3713 1776 3768 faciat
1817 3727 1924 3783 quo
1967 3713 2155 3782 dignus

579 3818 660 3864 est
707 3807 868 3861 homo
885 3847 900 3872 ,
928 3804 1334 3880 respondebitur
1353 3847 1368 3872 ,
1393 3804 1796 3869 reclamabitur,
1821 3803 2156 3858 contradice-

585 3913 696 3966 tur,
732 3899 836 3969 Ego
867 3897 1018 3968 facio,
1039 3897 1128 3952 sed
1153 3907 1354 3968 propter
1381 3913 1558 3950 nomen
1582 3911 1746 3950 meum
1771 3905 1996 3949 sanctum
2013 3936 2028 3961 ,
2057 3911 2156 3948 non

585 4001 787 4060 propter
827 4003 912 4042 vos
937 4003 1027 4058 ego
1055 3987 1222 4058 facio,
1265 3987 1384 4040 dicit
1421 3985 1668 4042 Dominus
1697 3985 1872 4039 Deus?
1915 3985 2056 4040 Nihil
2081 3985 2158 4041 sic

584 4080 774 4135 evertit
807 4077 1116 4146 Pelagianos
1152 4076 1416 4142 dicentes,
1465 4075 1690 4146 gratiam
1733 4075 1826 4130 Dei
1869 4075 2156 4130 secundum

586 4173 770 4228 merita
798 4179 977 4226 nostra
1005 4167 1140 4224 dari.
1171 4167 1320 4236 Quod
1343 4166 1552 4237 quidem
1585 4165 1699 4236 ipse
1727 4165 1998 4234 Pelagius,
2030 4174 2084 4220 et
2113 4166 2156 4220 si

587 4279 690 4318 non
735 4259 1047 4332 corrigendo
1071 4261 1114 4325 ⁸,
1143 4266 1320 4312 tamen
1357 4255 1646 4312 orientales
1681 4254 1889 4324 judices
1927 4253 2160 4310 timendo

587 4355 873 4412 damnavit.
929 4353 1068 4410 Nihil
1109 4351 1186 4407 sic
1228 4349 1418 4406 evertit
1461 4347 1734 4402 homirnam
1785 4349 2158 4417 prmsumptio-

592 4465 712 4504 nem
734 4447 1020 4502 dicentium
1037 4485 1054 4510 ,
1087 4443 1194 4500 Nos
1219 4441 1438 4498 facimus
1457 4483 1474 4508 ,
1495 4449 1554 4495 ut
1575 4453 1873 4494 mercamur
1897 4454 2014 4493 eum
2047 4439 2162 4508 qni-

593 4543 689 4596 bus
724 4537 878 4594 faciat
901 4537 1058 4592 Deus.
1107 4532 1414 4604 Respondet
1450 4531 1601 4586 vobis
1631 4545 1736 4584 non
1771 4529 2044 4599 Pelagius,
2067 4529 2160 4585 sed

591 4637 704 4702 ipse
732 4629 983 4684 Dominus
1003 4669 1017 4694 ,
1045 4624 1160 4696 Ego
1177 4623 1309 4694 facio
1325 4664 1341 4689 ,
1362 4631 1408 4674 et
1437 4637 1536 4674 non
1557 4629 1760 4692 propter
1785 4634 1896 4683 vos,
1923 4623 2010 4672 sed
2046 4635 2163 4688 pro-

594 4734 698 4796 pter
719 4738 896 4776 nomen
923 4734 1086 4772 meum
1122 4723 1368 4770 sanctum.
1398 4712 1532 4781 Quid
1557 4712 1698 4766 enim
1737 4711 1956 4780 potestis
1988 4711 2163 4766 facere

595 4817 720 4873 boni
762 4814 828 4870 de
853 4811 1013 4867 corde
1038 4823 1145 4864 non
1175 4806 1354 4864 bono?
1380 4805 1447 4861 Ut
1471 4814 1649 4858 autem
1679 4803 1915 4858 habeatis
1947 4818 2042 4858 eor
2063 4805 2162 4860 bo-

597 4921 720 4962 num
742 4947 756 4972 ,
791 4901 960 4968 Dabo,
987 4900 1190 4970 inquit.
1222 4895 1356 4952 vobis
1387 4911 1475 4949 cor
1499 4909 1682 4948 novum
1701 4935 1717 4957 ,
1745 4902 1792 4947 et
1815 4893 2046 4964 spiritum
2065 4911 2162 4948 no-

595 5015 710 5053 vum
767 4995 787 5027 ⁸
817 4995 943 5050 dabo
986 4994 1142 5050 vobis.
1184 4987 1444 5058 Numquid
1489 4986 1712 5056 potestis
1753 4985 1962 5050 dicere,
2011 4985 2164 5040 Prius

593 5171 834 5276 |‘vos,
855 5161 982 5225 quod
1007 5167 1170 5208 tamen
1189 5157 1236 5206 in
1265 5153 1600 5216 mnuseriptis
1633 5159 1686 5202 et
1721 5152 1770 5200 in
1802 5151 2050 5202 Ezechiele
2077 5152 2164 5202 ha-

613 5237 834 5348 ’Ἣὸων
860 5277 1230 5348 ρτωρατᾳῡέιιιν.
1271 5284 1328 5348 At
1357 5283 1500 5348 ηερ-ν
1537 5271 1828 5348 emetitur:
1861 5281 2023 5348 erce
2061 5283 2161 5348 est.

591 5335 947 5412 θπθαδιιιέἐεῖαιε
961 5335 1038 5412 ζει
1067 5339 1188 5390 illi”
1211 5351 1284 5412 ,ει
1309 5337 1526 5412 1’00}???
1539 5335 1651 5412 ἔφη
1664 5335 1927 5412 ΞέθεΨεΕε
1949 5340 2165 5412 διὶευξιί·

596 5397 688 5459 ini's
704 5407 906 5458 verbum
927 5404 1061 5455 idem
1099 5402 1292 5465 passive
1311 5397 1520 5465 positum
1537 5399 1736 5461 repetit,
1776 5404 1820 5448 et
1841 5397 2163 5463 operabuntar

594 5479 636 5521 et
661 5467 948 5530 "initientur.
1161 5525 1173 5530 _
1267 5523 1279 5530 _
1331 5529 1336 5530 ί
1549 5525 1560 5530 ,
1636 5520 1646 5530 ,

659 5533 678 5563 ι
711 5529 932 5578 eameam
977 5535 1029 5578 et
1059 5523 1282 5587 vatiam!
1327 5529 1466 5587 uss,
1515 5525 1560 5570 et
1603 5523 1646 5572 si
1689 5533 1782 5570 non
1825 5535 1876 5572 se
1920 5533 2162 5587 corrigen-

596 5593 676 5644 tto.
703 5597 754 5640 Et
777 5590 902 5652 intra
915 5627 930 5652 ,
943 5586 1085 5652 nihil
1111 5586 1180 5636 sic
1201 5581 1369 5652 evertit
1382 5583 1523 5652 time.

631 5651 838 5710 suam,
877 5645 1100 5715 spiritum
1137 5660 1309 5697 meum.
1357 5650 1484 5704 3135.,
1520 5655 1718 5704 narrari;
1741 5645 1978 5708 quomodo
2001 5657 2159 5708 su;ra,

594 5727 676 5766 εον
703 5725 892 5764 novum.

1177 337 1448 396 ('DNTRA
1491 334 1668 392 DUAS
1709 335 2074 391 EPISTULAS
2105 335 2157 388 ΡΙ

2260 335 2656 406 tGlAN'JltUM,
2701 339 2758 395 S.
2801 339 3162 400 Αυσυετιλνι
3542 348 3578 392 θ

3729 351 3824 407 620

2269 449 2650 506 ambulavimus
2693 468 2745 506 In
2791 451 3255 522 justifieatiouibus
3301 455 3447 525 ejus,
3493 470 3544 512 et
3581 460 3825 528 judicium

2265 541 2380 608 ejus
2404 540 2797 596 observavimus
2816 584 2830 608 ,
2856 553 2908 596 et
2937 542 3158 598 fecimus
3178 554 3235 598 ut
3261 543 3402 615 digni
3431 561 3694 617 essemus,
3715 555 3826 621 qui-

2265 629 2365 684 bus
2391 629 2407 662 ¹
2434 630 2656 700 gratiam
2703 644 2852 685 suam
2891 632 3078 687 daret?
3101 631 3238 702 Quid
3275 635 3414 688 enim
3447 635 3568 690 boni
3599 636 3828 696 faceretis

2265 719 2509 776 homines
2539 722 2699 786 mali;
2742 733 2795 776 et
2825 723 3094 792 quomodo
3133 724 3232 778 ista
3265 724 3408 778 bona
3429 725 3699 794 faceretis,
3737 733 3827 786 nisi

2265 813 2386 868 boui
2416 815 2643 870 essetis?
2670 813 2734 871 Ut
2764 823 2938 868 autem
2970 815 3212 872 homines
3235 816 3344 872 sint
3364 817 3518 884 boui,
3549 819 3667 888 quis
3695 821 3824 884 facit,

2264 905 2364 958 nisi
2394 905 2480 960 ille
2501 907 2588 976 qui
2617 905 2772 972 dixit,
2803 905 2869 958 Et
2899 907 3108 960 visitabo
3126 923 3210 962 eos
3227 949 3244 975 ,
3267 918 3322 962 ut
3339 924 3424 962 eos
3447 911 3600 963 bonos
3623 913 3830 978 faciam;

2264 1004 2318 1050 et
2341 997 2429 1066 qui
2457 997 2625 1061 dixit,
2655 998 2904 1068 Spiritum
2943 1015 3108 1052 meum
3133 999 3262 1053 dabo
3301 1001 3354 1054 in
3377 1002 3542 1068 vobis,
3583 1013 3628 1056 et
3654 1007 3829 1074 faciam

2262 1094 2316 1138 ut
2343 1087 2396 1140 in
2433 1087 2880 1156 justi/icationibus
2917 1091 3038 1144 meis
3078 1090 3366 1158 ambuletis,
3414 1102 3458 1145 et
3488 1094 3684 1162 judicia
3729 1109 3830 1147 mea

2262 1175 2526 1231 observetis
2563 1188 2610 1230 et
2637 1179 2877 1248 faciatis?
2917 1178 3062 1234 Itane
3107 1179 3341 1234 nondum
3385 1183 3678 1251 evigilatis?
3701 1199 3828 1240 non-

2261 1265 2386 1320 dum
2407 1267 2628 1330 auditis,
2665 1267 2872 1322 Faciam
2905 1277 2960 1322 ut
2996 1269 3292 1336 ambuletis,
3317 1271 3506 1338 faciam
3543 1283 3596 1325 ut
3617 1273 3830 1328 observo.

2263 1355 2360 1421 tis,
2406 1365 2708 1424 postremo,
2757 1359 2942 1428 faciam
2985 1369 3040 1411 ut
3085 1360 3325 1430 faciatis?
3363 1360 3500 1428 Quid
3543 1361 3716 1418 adhuc
3743 1379 3832 1418 vos

2261 1444 2494 1500 inﬂatis?
2519 1447 2626 1502 Nos
2650 1448 2862 1517 quidem
2887 1448 3242 1516 ambulamus,
3265 1465 3448 1505 verum
3477 1460 3590 1516 est;
3621 1468 3716 1507 nos
3745 1454 3832 1508 ob-

2259 1552 2535 1594 servamus
2557 1579 2570 1602 ,
2601 1555 2698 1594 nos
2727 1539 2945 1593 facimus
2972 1557 2986 1592 :
3017 1540 3110 1595 sed
3139 1541 3228 1595 ille
3253 1539 3376 1596 facit
3405 1549 3462 1596 ut
3481 1543 3828 1610 ambulemus,

2261 1635 2320 1680 ut
2339 1627 2684 1684 observemus
2702 1671 2716 1694 ,
2751 1635 2809 1684 ut
2849 1628 3120 1684 lizciamus.
3151 1628 3276 1684 Haec
3303 1639 3386 1686 est
3411 1633 3578 1702 gratia
3621 1633 3716 1687 Dei
3745 1635 3833 1688 bo.

2261 1733 2358 1774 nos
2405 1719 2600 1774 faciens
2644 1734 2770 1786 nos,
2801 1719 2912 1774 haec
2955 1729 3040 1775 est
3079 1721 3440 1776 misericordia
3485 1724 3604 1791 eius
3629 1739 3830 1791 praeve-

2259 1808 2412 1862 niens
2459 1823 2574 1863 nos.
2599 1808 2736 1876 Quid
2767 1817 3038 1864 merentur
3078 1811 3320 1876 deserta,
3360 1821 3424 1866 et.
3451 1815 3828 1882 exterminata,

2259 1906 2312 1952 et
2339 1897 2565 1960 effossa;
2611 1914 2729 1968 quae
2759 1907 2936 1954 tamen
2976 1900 3408 1966 mdilicabuntur,
3444 1909 3500 1956 et
3538 1905 3830 1972 operabun-

2255 1995 2372 2053 tur,
2405 1997 2458 2044 et
2501 1991 2839 2043 muniuntur?
2867 1989 3134 2062 Numquid
3160 1991 3274 2046 hate
3301 2007 3397 2062 pro
3419 1994 3621 2048 meritis
3645 1994 3826 2050 descr-

2257 2079 2450 2146 tionis,
2481 2081 2964 2144 exterminationis,
3011 2081 3312 2138 et'fossiouis
3349 2085 3499 2138 suae?
3527 2085 3698 2140 Absit.
3733 2088 3826 2143 ista

2257 2170 2396 2222 enim
2425 2169 2610 2222 merita
2641 2169 2776 2224 mala
2805 2179 2956 2235 sunt,
2987 2169 3100 2224 lucc
3129 2186 3346 2226 munera
3377 2172 3534 2226 bona.
3581 2173 3828 2231 Reddun-

2257 2267 2344 2314 tur
2373 2259 2551 2329 itaque
2579 2259 2733 2314 malis
2763 2260 2902 2316 bona
2933 2279 2944 2314 :
2973 2261 3195 2330 gratuita
3217 2277 3346 2332 ergo
3365 2303 3379 2327 ,
3405 2278 3508 2316 non
3537 2263 3752 2331 debita;
3781 2278 3830 2322 et

2259 2350 2378 2404 ideo
2430 2352 2618 2421 gratia.
2659 2351 2806 2422 Ego,
2853 2353 3022 2423 inquit
3065 2353 3350 2420 Dominus,
3401 2353 3514 2426 Ego
3565 2355 3824 2414 Dominus.

2255 2441 2442 2498 Nonne
2484 2453 2534 2498 te
2579 2445 2680 2500 ista
2707 2459 2810 2500 vox
2849 2443 3183 2514 comprimit,
3231 2460 3266 2499 ο
3296 2445 3522 2500 humana
3551 2449 3826 2516 superbia,

2257 2549 2374 2603 quae
2398 2533 2564 2600 dicis,
2598 2534 2712 2604 Ego
2751 2533 2922 2602 facio,
2957 2545 3014 2588 ut
3041 2549 3248 2590 merear
3274 2549 3304 2588 a
3337 2537 3555 2590 Domino
3585 2539 3826 2594 :vditiezri

2255 2631 2414 2694 atque
2446 2625 2708 2690 plantari?
2734 2624 2918 2680 Nonne
2945 2625 3124 2691 audis,
3158 2623 3278 2679 Non
3305 2635 3508 2696 propter
3525 2643 3610 2681 vos
3635 2645 3727 2699 ego
3755 2634 3822 2698 fa-

2257 2717 2336 2770 cio
2361 2733 2380 2772 :
2409 2714 2522 2787 Ego
2555 2716 2802 2772 Dominus
2837 2718 3084 2786 mdificavi
3123 2717 3431 2784 destructas,
3476 2721 3700 2788 plantavi
3744 2737 3828 2776 ea:-

2259 2809 2550 2863 terminatas
2569 2825 2588 2864 :
2619 2808 2732 2878 Ego
2775 2807 3022 2863 Dominus
3061 2811 3258 2864 locutas
3283 2827 3396 2865 sum
3417 2851 3431 2876 ,
3461 2821 3506 2865 et
3535 2814 3630 2883 feci
3679 2829 3698 2867 :
3737 2831 3828 2866 non

2259 2907 2432 2954 tamen
2463 2910 2664 2971 prapter
2686 2916 2770 2954 vos
2789 2941 2805 2967 ,
2833 2900 2922 2954 sed
2947 2911 3151 2970 propter
3180 2918 3360 2956 nomen
3381 2919 3544 2956 meum
3563 2904 3830 2958 sanctum?

2257 2990 2386 3058 Quis
2411 2991 2722 3060 multiplicat
2746 2993 2882 3048 sicut
2917 3007 3048 3046 oves
3071 2991 3344 3058 homines,
3377 2993 3512 3046 sicut
3540 3009 3666 3048 oves
3707 3010 3830 3048 san-

2257 3091 2405 3149 ctas,
2453 3085 2588 3138 sicut
2624 3098 2752 3140 oves
2781 3083 3073 3140 Jerusalem
3107 3099 3122 3136 :
3151 3084 3270 3151 quis
3321 3083 3442 3137 facit
3485 3094 3540 3138 ut
3593 3086 3830 3140 civitates

2257 3173 2360 3230 illae
2390 3174 2638 3230 desolata:
2665 3175 2832 3244 plene
2851 3175 2956 3228 sint
2975 3175 3152 3229 ovium
3177 3173 3446 3228 hominum
3467 3217 3480 3240 ,
3513 3175 3612 3229 nisi
3635 3177 3724 3230 ille
3746 3177 3828 3244 qui

2256 3268 2496 3336 Sequitur
2534 3275 2588 3322 et
2629 3267 2786 3332 dicit,
2837 3267 2902 3320 Et
2934 3267 3092 3321 scient
3134 3269 3251 3336 quia
3288 3283 3377 3337 ego
3411 3265 3694 3322 Dominus?
3731 3267 3828 3324 Srd

2257 3359 2448 3428 quibus
2475 3358 2660 3413 ovibus
2683 3357 2982 3412 hominibus
3007 3359 3223 3427 implet,
3256 3359 3406 3412 sicuti
3429 3369 3510 3413 est
3535 3360 3797 3428 pollicitus
3813 3403 3828 3422 ,

2257 3449 2530 3516 civitates,
2575 3460 2750 3504 utrum
2789 3464 2924 3520 quas
2967 3449 3200 3522 invenit,
3245 3464 3310 3502 an
3340 3464 3471 3520 quas
3498 3451 3830 3505 facit?Psal-

2258 3557 2402 3596 mum
2434 3543 2850 3611 interrogemus;
2877 3556 3000 3596 ecce
3029 3541 3316 3610 respondet
3335 3581 3348 3602 ,
3378 3541 3654 3594 audiamus
3681 3559 3694 3594 :
3734 3540 3830 3594 Ve-

2259 3625 2390 3690 nite,
2447 3625 2712 3678 adoremus
2749 3633 2794 3678 et
2833 3623 3152 3694 procidamus
3177 3624 3260 3690 ei,
3299 3633 3346 3676 et
3385 3625 3638 3694 plorcmus
3676 3627 3832 3678 ante’

2261 3715 2534 3768 Dominum
2573 3715 2659 3786 qui
2684 3715 2802 3784 fecit
2843 3731 2965 3782 nos;
2999 3714 3120 3785 quia
3142 3715 3250 3784 ipse
3281 3723 3352 3768 est
3379 3713 3514 3766 Deus
3543 3725 3710 3768 noster
3731 3757 3746 3780 ,
3789 3723 3833 3768 et

2259 3823 2350 3862 nos
2389 3805 2606 3878 populus
2645 3821 2846 3876 pascua:
2890 3805 3033 3872 ejus,
3071 3813 3118 3859 et
3141 3821 3254 3859 oves
3285 3821 3462 3858 manus
3509 3805 3616 3875 ejus
3659 3805 3830 3873 (Psul.

2260 3914 2414 3964 χειν,
2447 3899 2479 3955 6
2506 3909 2550 3952 et
2575 3899 2654 3968 7).
2683 3897 2799 3966 Ipse
2827 3898 2986 3968 igitur
3007 3894 3134 3952 facit
3166 3911 3296 3950 oves
3314 3939 3330 3963 ,
3355 3897 3544 3966 quibus
3569 3897 3834 3950 desolatas

2260 3989 2744 4059 impleatcivitates.
2772 3987 2908 4055 Quid
2927 3988 3158 4042 mirum?
3178 3987 3608 4056 Quandoquidem
3629 3987 3700 4040 illi
3721 3987 3834 4040 uui-

2259 4094 2338 4134 cre
2379 4080 2460 4134 ovi
2509 4079 2734 4144 dicitur,
2767 4077 2868 4132 hoc
2911 4085 3024 4140 est.
3071 4077 3357 4142 Ecclesiai,
3395 4076 3544 4144 cujus
3598 4077 3832 4131 membra

2260 4179 2382 4226 sunt
2432 4185 2620 4225 omnes
2644 4185 2771 4225 oves
2801 4169 3040 4224 homines
3086 4186 3098 4221 :
3145 4167 3404 4235 Quoniam
3435 4181 3532 4235 ego
3587 4181 3703 4220 sum
3735 4167 3834 4220 Do-

2261 4263 2436 4328 minus
2459 4263 2547 4333 qui
2577 4261 2710 4316 facio
2741 4271 2812 4317 te.
2844 4261 2979 4329 Quid
3013 4261 3138 4314 mihi
3165 4259 3410 4314 obtendis
3440 4259 3662 4313 liberum
3689 4257 3834 4312 arbi-

2263 4354 2458 4419 trium,
2505 4353 2646 4422 quod
2694 4351 2762 4407 ad
2806 4351 3100 4407 faciendam
3142 4351 3396 4419 justitiam
3443 4351 3662 4403 liberum
3725 4365 3832 4403 non

2262 4447 2380 4510 erit,
2415 4445 2514 4500 nisi
2541 4445 2655 4500 ovis
2681 4443 2842 4498 fueris
2868 4443 2926 4497 "i
2953 4443 3050 4510 Qui
3079 4441 3200 4496 facit
3231 4441 3388 4511 igitur
3409 4455 3536 4494 oves
3561 4439 3831 4504 homines,

2264 4537 2377 4606 ipse
2407 4535 2474 4590 ad
2503 4533 2858 4592 obedientiam
2873 4534 3094 4604 pietatis
3133 4532 3388 4586 humanas
3433 4530 3620 4585 liberat
3647 4531 3832 4585 volun-

2263 4635 2414 4680 tates.

2338 4717 2421 4772 16.
2456 4715 2560 4772 Sed
2600 4731 2762 4787 quare
2791 4716 2921 4770 istos
2965 4715 3206 4770 homines
3244 4727 3374 4769 oves
3408 4711 3562 4774 facit,
3609 4720 3662 4765 et
3705 4710 3835 4764 istos

2265 4824 2374 4862 non
2400 4806 2556 4874 facit,
2587 4806 2722 4876 apud
2751 4821 2907 4876 quem
2951 4820 3058 4870 non
3102 4813 3180 4858 est
3210 4803 3445 4872 acceptio
3487 4815 3832 4872 personarum

2270 4899 2442 4969 (Rom.
2474 4916 2538 4964 tt,
2571 4899 2698 4968 ii)?
2743 4900 2856 4968 Ipsa
2883 4908 2964 4953 est
3005 4899 3259 4967 quazstio,
3304 4913 3459 4966 quam
3489 4897 3672 4949 in-ntus
3695 4897 3834 4963 Apo-

2265 4991 2433 5046 stolus
2457 4991 2715 5046 curiosius
2741 5005 2898 5059 quam
2940 4989 3182 5056 capacius
3207 4987 3619 5062 proponet-tibus
3649 4985 3714 5037 ait
3735 5028 3748 5048 ,
3795 4983 3837 5036 Ο

2267 5082 2414 5135 homo
2434 5123 2449 5148 ,
2497 5093 2550 5136 tu
2593 5081 2704 5150 quis
2726 5096 2776 5134 es
2813 5087 2865 5132 ut
2897 5077 3198 5148 respondeas
3227 5076 3331 5130 Deo
3352 5076 3378 5129 ?
3421 5075 3682 5144 Numquid
3721 5075 3839 5126 dicit

2267 5174 2554 5244 ﬁgmentum
2575 5172 2618 5225 ei
2644 5171 2730 5241 qi
2759 5186 2812 5224 se
2841 5169 2984 5238 ﬁnxit
3004 5209 3020 5233 ,
3049 5167 3215 5234 Quare
3241 5169 3310 5222 sic
3335 5184 3412 5220 me
3434 5167 3591 5236 fecisti
3615 5165 3718 5234 (Μ.
3751 5181 3800 5218 is
3823 5205 3838 5228 ,

2265 5263 2394 5336 20)?
2419 5261 2534 5333 Ipsa
2565 5269 2648 5317 est
2677 5261 2899 5331 quaestio
2919 5301 2936 5326 ,
2958 5275 3074 5329 qua:
3095 5259 3160 5312 ad
3184 5257 3328 5312 illam
3357 5257 3580 5327 pertinet
3603 5254 3836 5310 altitudi-

2331 5464 2346 5494 ι
2374 5467 2424 5510 tn
2445 5467 2514 5518 Β..
2539 5466 2592 5511 ut
2617 5459 2756 5523 digni
2771 5471 2997 5519 essemus,
3021 5465 3072 5509 ut
3093 5457 3279 5522 quibus.
3319 5463 3392 5505 Er.
3431 5455 3576 5518 Lugd.
3605 5463 3722 5505 Ven.
3760 5467 3839 5504 so-

2267 5526 2362 5574 cuti
2387 5536 2568 5572 sumus.
2633 5529 2690 5570 ut.

2331 5587 2348 5615 ³
2375 5591 2503 5646 tum,
2528 5583 2610 5632 ad.
2641 5584 2722 5632 Αιὶἱ
2748 5581 2863 5646 editi
2890 5589 2940 5631 et
2958 5588 3087 5646 atas"
3107 5587 3230 5646 ante.
3295 5640 3304 5646 _
3403 5641 3412 5646 _
3679 5636 3689 5645 _
3727 5635 3758 5646 η

2333 5646 2352 5676 ³
2375 5635 2592 5694 Gallicani
2619 5651 2744 5704 uss,
2769 5644 2864 5696 nisi
2906 5643 3000 5694 oris
3023 5635 3183 5704 fuerit.
3211 5640 3424 5690 Vaticani"
3453 5646 3576 5692 διες..
3597 5636 3689 5688 nni
3721 5635 3836 5687 litae

2271 5715 2424 5756 ratum
2445 5711 2536 5765 [uel
2553 5709 2612 5755 tt.
3169 5713 3181 5726 '
