4088 6546
291 526 388 584 Gil

292 650 445 708 nem,
476 655 633 712 quam
661 639 959 712 perspicere
988 633 1172 692 volens
1218 634 1357 691 idem
1398 634 1704 705 apositolus,
1737 648 1872 706 quo.

291 733 415 791 dam
442 731 601 789 modo
623 733 866 802 expavit,
888 739 943 787 et
968 729 1283 785 exclamavit
1310 744 1323 781 :
1361 726 1405 782 ο
1427 727 1640 783 altitudo
1676 728 1874 781 dii-itin-

294 842 403 878 rnm
439 824 700 893 sapientia:
725 831 769 875 et
793 820 1013 876 scientia:
1051 818 1181 873 Dei!
1206 834 1359 888 quam
1383 817 1729 872 inscrntnlnlia
1759 823 1874 870 sunt

286 916 483 987 judicia
511 916 655 987 ejus,
702 924 746 966 et
772 910 1133 983 iiwestignbiles
1156 911 1249 966 nia
1277 910 1423 981 ejus!
1455 909 1579 976 Quis
1617 910 1755 962 enim
1788 925 1876 961 co-

294 1006 462 1077 gnorit
519 1020 721 1060 sensum
784 1002 1031 1058 Domini?
1089 1012 1176 1056 ant
1223 1002 1338 1072 quis
1388 1002 1707 1056 consiliarius
1767 1016 1878 1070 eius

297 1099 391 1169 fuit
413 1098 437 1151 .9
461 1095 560 1150 Aut
596 1097 709 1165 quis
735 1094 875 1165 prior
897 1093 1033 1147 dedit
1071 1093 1180 1159 illi,
1208 1104 1256 1150 et
1280 1093 1578 1148 retribuetur
1614 1094 1695 1147 ei?
1735 1092 1877 1158 Quo—

303 1187 440 1242 niam
479 1203 541 1241 ex
567 1188 709 1257 ipso,
752 1195 798 1240 et
841 1202 928 1257 per
965 1185 1158 1255 ipsum,
1209 1193 1259 1240 et
1284 1184 1339 1239 in
1382 1184 1494 1253 ipso
1517 1195 1633 1237 sunt
1675 1183 1881 1237 omnia:

299 1278 396 1349 ipsi
413 1277 576 1349 9.’oria
597 1276 649 1329 in
668 1274 854 1329 swcnla
880 1273 1178 1330 saeculorum
1205 1272 1381 1344 (Rom.
1416 1286 1495 1339 st,
1526 1273 1737 1339 53-56).
1764 1272 1878 1327 Non

304 1370 481 1440 itaque
511 1369 664 1424 istam
696 1366 920 1422 scrutari
948 1365 1177 1419 audeant
1201 1365 1598 1421 inscrutabilem
1625 1365 1881 1435 qumstio—

300 1476 425 1519 nem
447 1502 465 1527 ,
494 1458 583 1533 qui
619 1458 867 1512 meritum
888 1467 1013 1512 ante
1036 1456 1292 1527 gratiam,
1320 1464 1376 1511 et
1414 1455 1533 1511 ideo
1557 1455 1666 1525 jam
1695 1463 1881 1511 contra

301 1553 526 1624 gratiam
567 1549 963 1615 defendentes,
1000 1548 1206 1618 priores
1251 1547 1436 1603 volunt
1479 1546 1609 1602 dare
1632 1546 1776 1612 Deo,
1829 1555 1887 1601 ut

304 1647 630 1703 retribuatur
651 1643 764 1711 eis;
796 1641 1002 1714 priores
1042 1641 1221 1710 utique
1261 1639 1391 1696 dare
1426 1638 1700 1709 quodlibet
1729 1653 1797 1693 es
1825 1638 1886 1692 li-

303 1738 436 1796 bero
460 1735 683 1793 arbitrio
703 1777 720 1803 ,
752 1744 812 1790 ut
849 1735 919 1789 sit
943 1733 1115 1804 gratia
1138 1731 1479 1791 retribucnda
1507 1747 1607 1802 pro
1629 1731 1883 1802 prmmio:

302 1839 357 1884 et
400 1827 667 1897 sapienter
693 1823 1027 1894 intelligant,
1070 1822 1153 1878 vel
1182 1821 1410 1880 ﬁdelitrr
1446 1821 1697 1889 credant,
1723 1822 1885 1877 etiam

303 1917 446 1989 quod
472 1932 535 1973 se
560 1924 782 1987 putant,
808 1914 1019 1986 priores
1041 1912 1285 1977 dedisse,
1316 1912 1385 1967 ab
1411 1913 1503 1968 illo
1529 1928 1595 1969 ex
1624 1928 1731 1984 quo
1766 1923 1889 1968 sunt

306 2009 519 2074 omnia,
559 2021 655 2063 uer
679 2020 837 2077 quem
875 2012 1001 2060 sunt
1041 2004 1219 2060 omnia
1240 2044 1255 2069 ,
1288 2002 1341 2059 in
1370 2017 1477 2074 quo
1504 2012 1628 2059 sunt
1669 2005 1845 2059 omnia
1871 2045 1886 2069 ,

308 2099 631 2172 percepisse.
659 2095 765 2154 Cur
785 2105 960 2151 autem
990 2095 1092 2150 iste
1110 2094 1370 2165 accipiat,
1399 2094 1491 2150 ille
1515 2110 1621 2151 non
1646 2096 1887 2165 accipiat,

305 2207 430 2261 cum
454 2191 613 2247 ambo
659 2205 768 2245 non
807 2196 1114 2245 mereantur
1138 2188 1384 2257 accipere
1402 2227 1417 2252 ,
1448 2193 1503 2242 et
1530 2188 1767 2256 quisquis
1795 2201 1889 2242 eo-

309 2300 430 2340 rum
472 2283 738 2354 acceperit
764 2283 815 2351 ι,
845 2280 1084 2338 indebita
1124 2281 1384 2351 accipiat,
1432 2280 1575 2336 vires
1612 2293 1741 2334 suas
1783 2296 1893 2332 nie-

310 2376 527 2440 tiantur,
560 2383 614 2431 et
643 2373 861 2430 fortiora
888 2387 947 2428 se
979 2387 1083 2427 non
1107 2379 1411 2426 scrutentur
1444 2369 1630 2442 (Eccli.
1659 2387 1749 2435 nt,
1775 2369 1891 2441 ‘22):

308 2466 549 2522 Sufﬁciat
582 2467 663 2521 eis
691 2466 828 2521 scire
850 2464 990 2536 quod
1017 2479 1123 2519 non
1154 2463 1224 2518 sit
1263 2462 1514 2534 iniquitas
1538 2463 1679 2533 apud
1709 2463 1891 2518 Demn.

309 2557 442 2613 Cum
470 2557 615 2612 enim
639 2555 783 2611 nulla
816 2556 1009 2610 merita
1034 2554 1327 2610 invenisset
1352 2554 1675 2624 Apostolus,
1707 2554 1896 2624 quibus

310 2646 477 2702 Jacob
520 2646 790 2717 gemimnu
840 2644 981 2715 apud
1037 2644 1202 2700 Deum
1259 2644 1586 2714 praecederet
1632 2642 1892 2697 fratrem:

317 2736 457 2805 Quid
494 2753 621 2806 ergo
642 2735 891 2798 diamus,
937 2734 1144 2803 inquit?
1173 2734 1417 2804 numquid
1460 2742 1531 2787 est
1572 2734 1711 2804 apud
1738 2732 1900 2787 Deum

311 2828 590 2898 iniquitas?
624 2826 782 2881 Absit.
811 2824 983 2897 Moysi
1006 2826 1143 2881 enim
1167 2826 1286 2880 dicit
1315 2840 1333 2880 :
1368 2824 1646 2879 Miserebor
1673 2825 1755 2878 cui
1804 2824 1899 2878 ini.

314 2928 477 2975 sertas
519 2933 640 2982 ero;
683 2927 729 2971 et
775 2916 1171 2972 misericordiam
1210 2916 1458 2986 pi'a'stabo
1497 2916 1581 2969 cui
1617 2916 1899 2967 misericors

316 3016 479 3083 fuero.
505 3009 672 3082 Igitur
712 3025 810 3064 non
830 3010 1067 3076 volatilis,
1094 3026 1265 3078 neque
1302 3008 1578 3071 currentis,
1632 3008 1720 3060 scd
1751 3008 1898 3059 mise-

315 3105 472 3159 rentis
494 3114 564 3158 est
590 3096 706 3158 Dei.
734 3103 901 3159 Grata
922 3102 994 3158 sit
1018 3117 1147 3173 ergo
1172 3102 1325 3157 uobis
1368 3101 1489 3172 ejus
1529 3100 1753 3172 gratuita
1798 3102 1868 3153 mi
1885 3130 1900 3140 -

318 3197 548 3261 scratio,
574 3196 782 3252 etiamsi
824 3195 940 3253 haec
964 3194 1225 3273 profunda
1280 3194 1506 3249 insoluta
1553 3194 1625 3249 sit
1650 3192 1898 3264 quaestio.

320 3289 450 3357 Qua:
493 3297 668 3344 tamen
710 3296 936 3344 eatenus
977 3287 1240 3353 solvitur,
1283 3295 1542 3357 quatenus
1585 3298 1704 3340 eam
1747 3283 1907 3339 solvit

318 3381 461 3436 idem
490 3381 761 3450 apostolus
779 3422 795 3446 ,
828 3380 1063 3437 dicens:
1094 3379 1155 3435 Si
1179 3386 1345 3433 autent
1373 3377 1511 3432 Dens
1537 3376 1706 3432 volens
1737 3386 1905 3431 ostcno

319 3474 440 3532 dare
488 3477 621 3529 imm
658 3484 708 3529 et
735 3473 1083 3529 deinoastrare
1111 3472 1385 3543 potentiam
1420 3487 1598 3537 suam,
1645 3470 1813 3524 attulit
1852 3470 1906 3523 in

324 3565 485 3619 multa
508 3565 751 3635 patientia
775 3580 896 3619 uasa
935 3565 1027 3617 ira:
1044 3605 1060 3630 ,
1101 3578 1213 3633 qua!
1260 3566 1481 3633 perfecta
1506 3570 1622 3614 sunt
1652 3560 1703 3613 in
1730 3559 1905 3631 perdi-

323 3657 541 3724 tionem,
577 3665 623 3710 et
650 3666 700 3710 ut
722 3665 867 3711 notas
892 3659 1077 3728 [acuet
1115 3653 1316 3707 divitias
1360 3652 1537 3723 gloric
1574 3666 1680 3706 sua
1705 3651 1757 3704 in
1789 3667 1909 3704 uasa

325 3748 711 3815 misericordia,
748 3762 862 3818 qua
885 3745 1189 3817 preparavit
1231 3745 1284 3798 in
1318 3744 1537 3815 gloriam
1588 3741 1763 3813 (Rom.
1813 3756 1868 3796 ix
1890 3782 1906 3808 ,

329 3841 511 3909 lt-l6,
533 3840 624 3909 29,
640 3841 752 3912 23).
772 3840 853 3897 ira
869 3840 1065 3911 quippe
1090 3854 1195 3894 non
1220 3838 1481 3904 redditur,
1498 3837 1599 3892 nisi
1615 3836 1813 3899 debita,
1843 3852 1912 3892 ne

324 3934 397 3989 sit
415 3934 662 4005 iniquitas
677 3932 819 4005 apud
840 3934 1007 3990 Deum
1036 3950 1050 3985 :
1083 3929 1450 3987 misericordia
1465 3944 1595 3985 vero
1612 3929 1770 3984 etiam
1788 3944 1909 3983 cum

326 4026 593 4094 prazbetur
622 4025 883 4088 indebita,
915 4040 1020 4080 non
1047 4032 1129 4079 est
1170 4023 1419 4092 iniquitas
1460 4020 1596 4091 apud
1627 4020 1815 4075 Deum.
1849 4020 1913 4072 lit

326 4114 455 4171 hinc
498 4115 794 4186 intelligunt
839 4129 963 4169 vasa
991 4111 1370 4169 misericordias
1391 4151 1406 4176 ,
1459 4125 1619 4180 quam
1640 4110 1864 4180 gratuita
1890 4109 1915 4140 ⁸

327 4206 436 4262 illis
456 4203 820 4262 misericordia
849 4204 1166 4274 prmbeatur,
1191 4201 1332 4271 quod
1360 4201 1451 4255 ira:
1479 4199 1620 4255 rasis
1644 4214 1764 4254 cum
1792 4198 1912 4267 qui-

328 4296 432 4351 bus
456 4304 539 4351 est
584 4295 662 4350 eis
710 4293 1022 4364 perditionis
1065 4307 1222 4347 causa
1253 4300 1306 4345 et
1358 4304 1530 4344 massa
1577 4290 1909 4353 communis,

328 4388 408 4441 ira
438 4386 614 4442 debila
638 4396 691 4441 ct
715 4386 854 4456 juxta
885 4383 1211 4454 rependitur.
1245 4383 1370 4437 llaec
1390 4382 1499 4451 jam
1530 4383 1659 4435 satis
1688 4382 1789 4435 sint
1816 4380 1915 4433 ad-

336 4494 521 4535 versus
559 4492 684 4545 eos,
729 4483 817 4548 qui
845 4492 941 4546 per
967 4474 1169 4530 arbitrii
1198 4474 1492 4528 libertatem
1519 4472 1794 4527 destruere
1824 4487 1919 4524 vo-

332 4571 450 4627 lunt
474 4572 659 4641 gratias
688 4570 1003 4642 largitatem.

406 4662 827 4724 CAPUTNIL—
841 4662 862 4715 l
874 4659 926 4715 7.
950 4658 1022 4713 De
1037 4658 1187 4713 laude
1199 4666 1505 4710 sanctorum.
1526 4652 1659 4708 Eccl.
1675 4655 1750 4707 sin
1766 4654 1918 4723 Ii-ejns

332 4756 572 4825 temporis
597 4771 699 4807 non
724 4765 796 4807 est
819 4753 929 4807 sine
951 4750 1148 4804 uincula
1174 4758 1221 4802 et
1263 4763 1410 4819 ruga.
1443 4745 1655 4801 Insidiae
1682 4743 1919 4814 Pelagia-

332 4862 531 4900 norum.
578 4843 730 4911 Quod
761 4859 888 4898 vero
916 4841 1069 4896 laude
1096 4847 1430 4905 sanctorum,
1477 4839 1663 4891 nolunt
1708 4854 1803 4891 nos
1840 4836 1919 4891 af-

336 4937 483 4992 fectu
526 4936 667 4991 illius
698 4934 964 4990 l’ublieaui
992 4930 1194 4987 esurire
1236 4939 1289 4985 et
1315 4931 1461 4983 sitire
1499 4928 1790 4999 justitiam,
1824 4927 1919 4983 Sed

338 5028 572 5081 vanitate
598 5027 736 5080 illius
767 5023 1020 5079 Pharisaei
1046 5032 1297 5091 tauquam
1326 5027 1590 5074 saturatos
1628 5019 1921 5088 plenusque

340 5128 551 5175 motare
594 5115 742 5187 (Luc.
777 5130 948 5180 xrttt,
978 5112 1197 5184 iO-M);
1244 5111 1367 5181 quid
1413 5112 1493 5165 eis
1522 5109 1737 5181 prodest
1778 5108 1919 5178 quod

322 5209 594 5266 adversus
635 5207 988 5271 Manicliznos,
1038 5205 1124 5274 qui
1170 5204 1435 5274 Baptisms
1489 5201 1795 5263 destruunt,
1836 5199 1920 5253 isti

338 5304 552 5365 dicunt,
587 5319 606 5351 ε
638 5299 905 5369 Baptismo
946 5296 1174 5367 perfecte
1204 5294 1447 5348 homines
1472 5292 1741 5354 innovari,
1773 5309 1792 5343 ι
1841 5297 1924 5344 at-

337 5407 446 5461 que
474 5392 539 5447 ad
568 5391 668 5446 hoc
689 5389 927 5459 Apostoli
957 5387 1209 5441 adhibent.
1233 5384 1593 5439 testiinouiinn
1611 5424 1625 5445 ,
1658 5400 1677 5433 ι
1708 5381 1796 5453 qui
1829 5393 1923 5449 per

336 5485 611 5539 iavaerum
637 5496 787 5551 aqua:
831 5479 1123 5535 Ecclesium
1148 5477 1216 5531 de
1250 5476 1494 5549 gentibus
1533 5482 1770 5528 sanctam
1807 5470 1923 5526 ﬁeri

338 5573 840 5641 immaculatamqne
881 5579 1101 5624 testatur
1131 5585 1150 5621 ι
1180 5560 1394 5637 (Ep/tes.
1426 5581 1457 5618 ι·
1477 5606 1493 5632 ,
1522 5564 1650 5635 26);
1680 5578 1799 5617 cum
1829 5575 1923 5615 su-

343 5666 513 5736 perbo
555 5679 716 5721 sensu
762 5672 920 5735 atque
948 5676 1197 5733 perverso
1225 5667 1409 5715 contra
1453 5659 1721 5712 oratioms
1759 5654 1925 5725 ἰξιςῑιιε

412 5857 427 5886 ι
454 5854 592 5911 mliti,
627 5855 901 5912 acceperat,
933 5850 1097 5912 Artius
1129 5856 1231 5912 uss.
1253 5881 1267 5903 ,
1301 5844 1580 5912 acceperit._
1789 5910 1799 5912 _
1868 5902 1900 5912 Α

411 5917 431 5947 ⁸
452 5904 590 5972 uim,
614 5927 723 5964 enni
794 5904 982 5982 attrita:
1003 5917 1055 5960 Et
1084 5910 1222 5969 inira,
1263 5904 1435 5973 gratia}
1460 5904 1748 5971 largitorem.
1781 5904 1927 5951 Casti-

350 5987 523 6038 cantur
543 5990 606 6025 ex
633 5981 886 6035 minusca;
904 5981 981 6022 Ls.

1631 519 1831 576 LIBER
1870 515 2216 585 QUARTUS.

1984 632 2235 688 Ecclesia)
2261 647 2389 687 suas
2413 639 2657 688 arserant
2683 630 3109 702 disputationes?
3131 632 3243 689 lioc
3272 633 3415 689 enim
3440 651 3563 705 pm-

1987 736 2165 794 pterea
2219 724 2433 791 dicunt,
2465 735 2517 779 ut
2570 724 2815 779 credatur
2865 723 3101 780 Ecclesia
3144 732 3267 794 post
3315 734 3557 782 sanctum

1987 814 2338 885 Baptismurn,
2374 815 2426 870 in
2456 831 2560 887 quo
2586 814 2645 869 fit
2667 815 2902 869 omnium
2933 814 3175 871 remissio
3202 827 3565 886 peccatorum,

1986 908 2209 963 ulterius
2245 922 2351 964 non
2398 910 2593 965 habere
2641 918 2916 979 peccatum
2959 924 3122 963 :cuin
3169 909 3424 965 adversus
3469 925 3566 966 eos

1989 1000 2075 1053 ilia
2097 1015 2127 1053 a
2158 1001 2293 1057 solis
2306 1010 2424 1056 ortu
2446 1015 2613 1072 usque
2638 1001 2703 1056 ad
2734 1016 2979 1056 occasum
3001 1001 3244 1056 omnibus
3270 1001 3378 1055 suis
3401 1017 3568 1056 mem-

1990 1091 2098 1145 bris
2136 1093 2331 1147 clamet
2376 1092 2440 1146 ad
2488 1092 2683 1156 Deum,
2736 1092 2944 1146 Dimitte
2989 1091 3131 1147 nobis
3185 1091 3348 1145 debita
3395 1102 3569 1146 nostra

1989 1182 2200 1255 (Matth.
2248 1200 2334 1244 τι.
2385 1182 2492 1253 12).
2524 1182 2694 1250 Quid,
2723 1182 2862 1252 quod
2906 1183 3064 1237 etiam
3094 1183 3111 1215 ³
3138 1181 3204 1239 de
3251 1199 3309 1237 se
3356 1183 3484 1252 ipsis
3514 1182 3569 1237 in
3618 1236 3634 1248 ,

1989 1274 2089 1330 hac
2117 1289 2275 1329 causa
2321 1274 2365 1329 si
2414 1273 2841 1343 interrogentur,
2888 1272 3011 1342 quid
3059 1273 3417 1342 respondeant
3463 1288 3573 1328 non

1990 1367 2300 1422 inveniunt?
2320 1366 2375 1422 Si
2404 1366 2545 1421 enim
2574 1364 2807 1421 dixerint
2831 1381 3014 1420 senon
3034 1364 3228 1419 habere
3254 1376 3526 1436 peccatum
3553 1384 3566 1416 ι

1989 1459 2278 1528 respondet
2317 1460 2396 1513 eis
2424 1459 2691 1523 Joannes,
2722 1456 2863 1528 quod
2907 1471 2974 1525 se.
3010 1458 3151 1527 'psos
3188 1455 3489 1526 (incipiant,
3519 1464 3573 1511 et

1991 1551 2185 1605 veritas
2216 1550 2265 1603 in
2293 1550 2373 1604 eis
2396 1565 2499 1604 non
2541 1551 2611 1605 sit
2640 1548 2686 1623 (1
2726 1548 2881 1603 Joan.
2912 1564 2962 1612 I,
2991 1548 3070 1618 8).
3100 1548 3156 1603 Si
3185 1556 3360 1602 autem
3401 1547 3574 1601 conii-

1993 1648 2169 1694 tentur
2198 1649 2409 1708 peccata
2437 1655 2565 1706 sua;
2598 1654 2717 1695 cum
2766 1656 2823 1695 se
2868 1639 3031 1694 velint
3057 1653 3176 1694 esse
3201 1638 3396 1693 Clu-isti
3450 1653 3572 1692 cor-

1995 1731 2139 1799 poris
2181 1730 2453 1796 membra,
2501 1730 2767 1801 quomodo
2817 1731 2919 1784 crit
2968 1730 3094 1785 illud
3145 1744 3366 1799 corpus,
3400 1728 3450 1784 id
3493 1738 3576 1783 est

1994 1822 2264 1888 Ecclesia,
2293 1822 2345 1876 iu
2374 1822 2477 1877 isto
2522 1822 2697 1877 adhuc
2723 1829 2962 1892 tempore
2993 1821 3223 1891 perfecte
3247 1823 3291 1889 ’,
3326 1822 3460 1877 sicut
3490 1821 3576 1877 isti

1993 1915 2238 1987 sapiunt,
2281 1914 2397 1971 sine
2448 1915 2656 1969 macula
2701 1923 2755 1970 et
2801 1931 2959 1986 ruga,
2989 1915 3139 1985 cuius
3185 1916 3423 1971 membra
3470 1930 3574 1972 non

1995 2008 2672 2063 mendaciter-conﬁtentur
2718 2023 2776 2063 se
2818 2007 3017 2064 habere
3056 2008 3303 2079 peccata?
3332 2008 3576 2079 Quapro-

1997 2107 2113 2168 pter
2136 2106 2191 2154 et
2226 2099 2277 2153 in
2308 2098 2633 2169 Baptismate
2669 2098 3006 2153 dimittuntur
3030 2110 3217 2155 cuneta
3249 2110 3459 2170 peccata
3483 2142 3496 2163 ,
3525 2110 3576 2159 ct

2000 2205 2094 2260 per
2124 2191 2293 2260 ipsum
2326 2190 2592 2246 lavacrum
2620 2204 2770 2261 aqua:
2800 2190 2851 2245 in
2878 2191 3043 2244 verbo
3066 2192 3343 2246 exhibetur
3366 2191 3576 2247 Christo

2000 2281 2236 2337 Ecclesia
2281 2282 2397 2337 sine
2438 2281 2640 2336 macula
2684 2289 2738 2337 et
2783 2296 2911 2350 ruga
2942 2280 3155 2352 (Epiros.
3200 2298 3264 2346 v,
3291 2280 3405 2353 27).
3448 2283 3579 2350 Quin

1968 2374 2099 2427 ‘ni~i
2161 2381 2305 2427 esset
2354 2372 2656 2443 baptizata,
2712 2371 3038 2427 infructuose
3090 2372 3326 2440 diceret,
3376 2373 3584 2428 Dimitte

2000 2466 2143 2518 nobis
2192 2465 2358 2519 debita
2409 2473 2581 2519 nostra
2607 2481 2626 2519 :
2654 2464 2824 2520 donec
2862 2463 3180 2534 perducatur
3215 2465 3279 2520 ad
3324 2466 3579 2535 gloriam,

2000 2557 2088 2610 ubi
2119 2556 2166 2610 ei
2199 2554 2484 2625 perfectius
2516 2556 2654 2611 nulla
2685 2556 2806 2611 insit
2830 2556 3033 2611 macula
3066 2567 3117 2611 et
3149 2572 3296 2627 ruga.

2077 2648 2162 2703 18.
2198 2668 2216 2701 ε
2260 2649 2321 2703 Et
2344 2646 2597 2718 Spiritum
2628 2657 2870 2703 sanctum
2905 2666 2923 2700 ι
2957 2647 3224 2703 fatendum
3254 2658 3334 2702 est
3366 2666 3385 2700 ε
3424 2649 3583 2703 etiam

2002 2740 2231 2809 antiquis
2260 2738 2584 2809 temporibus
2616 2757 2635 2792 ι
2670 2755 2774 2793 non
2802 2740 2975 2794 solum
3009 2758 3028 2792 t
3067 2749 3271 2795 mentes
3298 2739 3466 2795 bonas
3493 2741 3587 2795 ad-

1998 2832 2235 2903 jnvisse,
2271 2851 2290 2884 ι
2322 2833 2463 2903 quod
2499 2841 2555 2887 et
2601 2833 2686 2887 isti
2730 2832 2947 2899 volunt;
2998 2847 3179 2887 rerum
3224 2832 3383 2888 etiam
3422 2833 3588 2891 bonas

2005 2941 2095 2977 ens
2125 2922 2313 2979 fecisse
2332 2964 2345 2985 ,
2376 2923 2514 2993 quod
2547 2923 2751 2977 nolunt.
2785 2939 2804 2973 ι
2832 2923 3030 2978 Omnes
3059 2938 3269 2994 quoque
3296 2923 3591 2993 Prophetas

2006 3024 2059 3069 et
2089 3016 2372 3083 Apostolos
2397 3014 2479 3070 vel
2522 3027 2735 3070 sanctos
2761 3024 2814 3070 ct
2851 3015 3187 3085 evangelieos
3219 3026 3273 3071 et
3301 3019 3546 3085 antiquus
3568 3057 3584 3084 ,

2006 3106 2197 3175 quibus
2223 3107 2366 3163 Deus
2389 3107 2748 3163 testimonium
2780 3106 3051 3177 perbibet,
3083 3124 3188 3162 non
3222 3109 3272 3163 in
3304 3125 3581 3179 C(tmparao

2008 3201 2151 3253 tione
2173 3200 2572 3266 sceleratorum,
2600 3198 2692 3254 sed
2711 3198 2890 3267 regula
2910 3200 3155 3253 virtutum
3170 3202 3344 3267 justus
3370 3201 3584 3263 fuisse.o

2007 3305 2112 3346 non
2144 3289 2359 3345 dubium
2389 3301 2503 3357 est;
2526 3290 2666 3361 quod
2704 3290 2985 3345 adversum
3012 3297 3094 3345 est
3134 3290 3436 3345 Manicba-is
3456 3334 3470 3358 ,
3499 3293 3588 3361 qui

2009 3380 2340 3436 l'atriarclias
2390 3380 2791 3450 Proplietasque
2829 3379 3198 3449 blasphemant
3250 3396 3265 3435 :
3312 3382 3404 3436 sed
3449 3383 3589 3454 quod

2010 3471 2292 3528 adversum
2316 3479 2403 3528 est
2444 3480 2499 3527 et
2528 3470 2824 3544 Pelagianis
2844 3512 2861 3539 ,
2890 3470 3197 3542 interrogati
3227 3486 3414 3527 omnes
3440 3474 3507 3527 de
3532 3490 3593 3529 se

2010 3566 2140 3633 ipsis
2162 3580 2289 3621 eum
2313 3566 2366 3620 in
2393 3565 2494 3620 hoc
2521 3579 2746 3636 corpore
2764 3563 3057 3636 degerent,
3088 3579 3188 3617 una
3212 3578 3341 3619 voce
3365 3579 3563 3619 concor
3579 3596 3593 3604 -

2011 3660 2227 3714 dissima
2281 3657 2705 3729 responderent,
2758 3656 2819 3712 Si
2869 3656 3144 3711 dixerimus
3180 3657 3299 3725 quia
3335 3666 3595 3725 peccatum

2013 3770 2114 3808 non
2139 3752 2376 3807 habemus
2396 3793 2411 3817 ,
2434 3766 2524 3806 nos
2548 3751 2685 3821 ipsos
2709 3748 2993 3804 reducimus
3012 3790 3027 3812 ,
3071 3757 3119 3803 et
3151 3749 3333 3802 veritus
3372 3748 3423 3801 in
3455 3749 3595 3802 nobis

2014 3863 2115 3901 non
2143 3854 2215 3900 est
2241 3844 2284 3917 (l
2315 3843 2471 3899 Joan.
2496 3860 2546 3910 I,
2573 3842 2653 3914 8).
2690 3859 2710 3894 ι
2751 3841 2804 3897 In
2852 3841 3028 3895 futuro
3051 3848 3227 3896 autem
3269 3849 3534 3911 tempore,
3570 3859 3590 3892 ι

2016 3934 2314 4009 negandum
2366 3952 2472 3991 non
2497 3944 2609 4000 est,
2647 3952 2667 3987 ι
2704 3932 3007 3989 mercedem
3052 3946 3170 3987 esse
3200 3940 3304 3986 tam
3337 3931 3595 3986 bonorum

2014 4044 2236 4101 operum
2262 4042 2419 4099 quam
2446 4027 2740 4088 malorum;
2767 4033 2820 4080 et
2848 4023 3047 4079 nemini
3078 4022 3290 4094 pra'cipi
3312 4066 3326 4086 ,
3356 4040 3473 4093 qua:
3513 4024 3599 4078 hie

2015 4120 2431 4190 contempserit,
2462 4119 2569 4174 illic
2613 4116 2859 4172 mandata
2903 4114 3204 4185 perlicere:
3244 4134 3263 4169 ι
3294 4114 3386 4170 sed
3426 4114 3598 4186 plenae

2012 4215 2231 4286 justitizc
2267 4212 2597 4268 saturitatem
2620 4210 2662 4270 ³.
2692 4209 2777 4263 ubi
2819 4215 3091 4279 peccatum
3117 4222 3238 4263 esse
3261 4223 3365 4261 non
3395 4208 3595 4277 possit,

2016 4325 2135 4380 qua:
2163 4307 2249 4362 hic
2296 4321 2325 4360 a
2373 4304 2570 4360 sanctis
2594 4301 2828 4359 esuritor
2869 4310 2923 4356 et
2960 4301 3170 4367 sititur,
3202 4299 3288 4354 hic
3312 4299 3513 4369 sperari
3543 4299 3595 4354 in

2021 4415 2305 4472 pra-cepto,
2334 4400 2403 4455 ibi
2429 4397 2629 4470 percipi
2670 4396 2724 4451 in
2749 4395 2997 4467 praemio,
3021 4395 3375 4467 eleemosynis
3401 4401 3451 4447 ri
3475 4409 3597 4448 ora-

2017 4494 2252 4550 tionibus
2278 4488 2718 4561 impetrantibus,
2752 4494 2809 4541 ut
2835 4484 2974 4557 quod
3003 4486 3089 4540 hic
3116 4486 3291 4539 minus
3327 4484 3598 4553 impletum

2022 4586 2179 4641 fuerit
2219 4583 2587 4638 mandatorum
2618 4577 3047 4650 fiat'impunitum
3086 4592 3181 4648 per
3222 4575 3598 4647 indulgentiam

2024 4685 2379 4748 peccatorum.

2095 4767 2184 4822 19.
2210 4765 2339 4833 Qum
2364 4778 2481 4819 cum
2509 4762 2579 4816 ita
2606 4759 2712 4816 sint
2733 4800 2746 4821 ,
2778 4758 3021 4814 desinant
3064 4756 3337 4827 Pelagiani
3367 4758 3601 4828 quinque

2025 4861 2243 4913 istarum
2272 4868 2447 4909 remm
2477 4846 2930 4906 insidiosiss7mis‘
2956 4845 3217 4912 laudibus,
3242 4846 3293 4901 id
3319 4854 3420 4912 est,
3450 4847 3605 4901 lamin

2023 4954 2314 5005 creatum,
2361 4941 2515 4997 laude
2554 4939 2893 5008 nuptiarum,
2924 4936 3075 4991 laude
3125 4935 3291 5006 legis,
3338 4935 3494 4991 laude
3545 4936 3609 4992 lic

2025 5040 2136 5109 beri
2166 5036 2400 5098 arbitrii,
2446 5034 2602 5090 lanio
2649 5041 2991 5097 sanctorum,
3037 5028 3186 5101 quasi
3226 5044 3255 5084 a
3284 5029 3606 5086 Manichae—

2026 5149 2142 5188 rum
2189 5128 2469 5185 tendiculis
2515 5127 2712 5197 lingere
2751 5140 2809 5179 se
2852 5123 3096 5181 homines
3122 5123 3261 5178 velle
3300 5139 3523 5189 eruere,
3550 5135 3608 5179 ut

2027 5223 2230 5293 possint
2255 5235 2348 5275 eos
2374 5218 2482 5274 suis
2510 5216 2711 5272 retibus
2742 5211 3013 5283 implicare
3043 5231 3056 5267 :
3090 5212 3141 5268 id
3187 5222 3299 5281 est,
3327 5226 3381 5268 ut
3409 5225 3609 5286 negent
3695 5256 3716 5276 .

2027 5313 2284 5383 originale
2314 5317 2622 5382 peccatum,
2655 5317 2709 5363 et
2734 5306 2963 5377 parvulis
2987 5305 3257 5362 invideant
3279 5304 3476 5363 Christi
3507 5323 3612 5364 mo»

2028 5406 2129 5461 dici
2160 5403 2447 5466 auxilium;
2495 5409 2550 5457 et
2592 5407 2648 5454 nt
2692 5398 2901 5463 dicant,
2932 5397 3151 5467 gratiam
3186 5396 3282 5457 Dei
3319 5398 3611 5455 secundum

2030 5497 2216 5553 merita
2248 5502 2426 5549 nostra
2456 5490 2600 5556 dari,
2627 5505 2689 5545 ac
2721 5489 2801 5546 sie
2834 5490 3003 5561 gratia
3038 5488 3148 5559 jam
3193 5505 3300 5544 non
3348 5491 3412 5545 sit
3442 5490 3608 5560 gratia

2095 5652 2110 5685 ι
2136 5648 2341 5699 Volicani
2363 5653 2491 5703 item,
2515 5649 2693 5693 rtamet
2722 5642 2789 5693 ad
2841 5639 3122 5701 ηαιιὺηση,
3154 5638 3343 5693 Dimitte
3367 5637 3503 5689 nobis
3523 5636 3613 5689 de-

2035 5712 2131 5764 bita
2153 5717 2331 5761 ucstra.
2356 5706 2443 5769 Qui
2466 5706 2661 5768 quiqu
2683 5705 2843 5769 eti'nn.

2096 5776 2116 5805 ’
2149 5776 2221 5821 ste
2242 5780 2345 5819 Mss.
2372 5768 2429 5831 at
2450 5769 2596 5831 editi.
2624 5768 2855 5831 perfecta.
2930 5825 2943 5831 _
3232 5822 3245 5831 ,
3404 5818 3416 5831 ,

2099 5836 2121 5867 ³
2150 5818 2297 5890 ὶίᾶἱέὶξ
2323 5818 2423 5881 ἐϐάί
2450 5828 2593 5892 pium
2625 5818 2771 5878 istam
2789 5825 3122 5883 summatm;
3149 5822 3326 5870 omisso
3343 5854 3356 5879 ,
3386 5818 3611 5881 jnstih'z.

2035 5899 2310 5953 nestiuiitur
2330 5894 2466 5960 locans
2487 5892 2542 5960 ad
2572 5892 2935 5960 niaunseriptos.
2964 5947 2974 5957 .

2104 5950 2123 5990 δ
2156 5960 2228 6007 sic
2250 5965 2352 6005 uss.
2390 5956 2507 6004 mliti
2530 5963 2665 6011 vero,
2691 5950 3083 6000 inridimierims's.
