4088 6510
567 413 671 467 625

567 635 624 676 se
645 627 939 687 peccatum,
962 630 1024 670 ac
1039 616 1117 671 sic
1136 625 1419 671 cvacuetur
1440 616 1607 668 oratio
1628 614 1814 684 ‘quam
1832 612 2028 668 sanctis
2053 622 2150 667 tra-

567 708 802 779 diditqui
826 722 927 763 non
970 706 1196 762 habebat
1228 716 1522 776 peccatum,
1559 714 1614 760 et
1654 719 1749 774 per
1768 720 1924 775 quem
1951 703 2148 759 sanctis

567 800 842 854 orantibus
860 797 1139 852 dimittitur
1157 812 1316 852 omne
1332 806 1622 866 peccatum.
1644 794 1722 848 Ad
1749 794 1864 849 hare
1886 793 1985 847 tria
2011 792 2148 847 mala

571 890 813 945 homines
834 888 1073 942 incautos
1093 896 1146 942 et
1165 885 1457 941 ineruditos
1485 886 1716 956 quinque
1741 882 1949 938 illorum
1978 883 2151 937 bono-

569 995 688 1034 rum
716 979 1046 1034 fraudulenta
1077 976 1231 1032 laude
1258 976 1534 1032 seducunt.
1564 976 1641 1030 De
1671 975 1862 1044 quibus
1899 974 2151 1031 omnibus

569 1072 695 1126 satis
726 1086 810 1126 me
835 1070 1079 1124 existimo
1105 1068 1443 1138 respondisse
1465 1082 1647 1122 eorum
1675 1066 2055 1121 crudelissima:
2095 1073 2150 1121 et

569 1163 894 1233 impiissimae
924 1170 976 1218 et
1003 1161 1394 1232 superbissima:
1420 1159 1656 1213 vanitati.

640 1253 865 1310 CAPUT
912 1253 1045 1307 \‘lll.
1078 1283 1149 1292 —
1175 1252 1261 1305 ΞΟ.
1300 1251 1603 1305 Testimouia
1648 1260 1862 1303 veterum
1909 1248 2149 1303 adversus

570 1346 892 1418 Pelagianos.
911 1346 1011 1400 Sed
1034 1345 1278 1414 quoniam
1303 1344 1499 1407 dicunt,
1533 1360 1551 1395 ‹
1582 1340 1828 1395 inimicos
1856 1354 1983 1394 suos
2005 1339 2149 1395 dieta

570 1450 751 1492 nostra
778 1437 829 1490 in
860 1435 1092 1490 veritatis
1120 1433 1298 1489 odium
1325 1432 1621 1501 suscepisse
1641 1472 1656 1497 ,
1698 1441 1753 1485 ct
1787 1438 1899 1484 toto
1941 1430 2149 1500 penitus

569 1524 858 1581 Occidente
888 1541 992 1579 non
1021 1526 1194 1578 minus
1222 1523 1439 1578 stultum
1480 1537 1641 1592 quam
1688 1522 1909 1591 impium
1956 1520 2147 1591 dogma

569 1629 688 1670 esse
717 1624 1040 1683 susceptum,
1064 1622 1118 1668 et
1144 1612 1474 1684 simplicibus
1499 1611 1762 1682 episcopis
1790 1612 1905 1666 sine
1930 1626 2152 1681 congre—

566 1703 780 1773 gatione
806 1702 992 1775 synodi
1021 1702 1073 1756 in
1107 1702 1235 1757 locis
1262 1701 1374 1755 suis
1401 1700 1706 1756 sedentibus
1727 1700 1793 1754 ad
1815 1700 1916 1756 hoc
1943 1700 2148 1756 confir-

569 1794 819 1850 mandunt
854 1792 1295 1863 subscriptionem
1318 1801 1615 1865 queruntur
1645 1801 1939 1859 extortam;
1976 1810 1994 1844 ι
2026 1808 2148 1848 cum

570 1886 742 1955 potius
770 1901 952 1939 eorum
972 1882 1219 1955 profanas
1244 1898 1433 1939 .vocum
1460 1884 1717 1938 novitates
1744 1883 1783 1954 (1
1806 1882 1940 1938 Tim.
1967 1899 2035 1949 νι,
2053 1881 2146 1956 20)

570 1975 805 2029 Ecclesia
831 1973 1023 2029 Christi
1040 1982 1096 2029 et
1120 1972 1461 2027 occidentalis
1482 1982 1535 2027 et
1553 1973 1826 2027 orientalis
1850 1972 2145 2027 horruerit:

568 2066 635 2121 ad
659 2082 835 2121 curam
856 2075 1089 2121 nostram
1108 2065 1356 2122 existimo
1383 2064 1667 2134 pertinere,
1692 2079 1796 2120 non
1818 2064 1988 2119 solum
2009 2064 2150 2120 Scri-

571 2172 751 2228 pun-as
772 2167 981 2213 sanctas
995 2158 1277 2213 canonicos
1297 2155 1551 2211 adversus
1575 2170 1670 2211 eos
1691 2164 1852 2211 testes
1871 2154 2144 2221 adhibere,

569 2250 710 2321 quod
749 2251 858 2319 jam
889 2249 1017 2304 satis
1054 2246 1310 2313 fecimus;
1341 2261 1522 2301 verum
1556 2247 1717 2301 etiam
1748 2246 1814 2301 de
1843 2255 2148 2300 sanctorum

570 2342 763 2397 litteris
781 2383 795 2405 ,
823 2341 908 2409 qui
937 2354 1027 2394 cas
1054 2347 1176 2393 aute
1204 2354 1301 2394 nos
1327 2338 1463 2392 fama
1490 2338 1834 2392 celeberrima
1866 2348 1920 2393 ct
1951 2339 2145 2408 ingenti

569 2435 735 2505 gloria
760 2439 1115 2487 tractaverunt
1136 2471 1150 2493 ,
1179 2431 1353 2500 aliqua
1385 2429 1700 2484 documenta
1730 2428 1967 2498 proferre
1995 2448 2008 2483 ;
2040 2446 2144 2484 non

570 2541 677 2597 quo
704 2523 972 2579 canonicis
1000 2522 1170 2576 Libris
1196 2536 1223 2573 a
1254 2520 1404 2574 nobis
1428 2520 1585 2574 ullius
1611 2520 1950 2589 diSputatoris
1974 2537 2150 2590 mque-

573 2628 659 2671 tur
682 2615 969 2670 auctoritas
993 2654 1006 2677 ,
1034 2622 1282 2682 tanquam
1315 2614 1534 2666 omnino
1560 2628 1663 2666 non
1694 2614 1762 2666 sit
1788 2613 1928 2683 quod
1960 2614 2149 2668 melius

570 2723 666 2762 seu
692 2707 867 2761 verius
892 2705 958 2760 ab
984 2704 1162 2774 aliquo
1189 2702 1481 2769 catholico,
1525 2720 1683 2775 quam
1714 2704 1781 2758 ah
1821 2705 1926 2757 alio
1970 2705 2147 2760 itidem

570 2796 833 2852 catholico
862 2796 1155 2862 sentiatur;
1184 2794 1277 2850 sed
1321 2803 1377 2848 ut
1403 2794 1809 2858 admoneamur,
1841 2795 1929 2866 qui
1968 2806 2149 2865 putant

572 2890 702 2943 istos
731 2887 925 2957 aliquid
950 2885 1146 2951 dicere,
1175 2885 1621 2954 quemadmodum
1652 2885 1719 2941 de
1742 2886 1824 2940 his
1846 2887 2005 2941 rebus
2025 2897 2147 2942 aute

573 2993 706 3033 nova
752 2978 974 3032 istorum
1001 2975 1297 3046 vaniloquia
1319 3019 1332 3040 ,
1364 2975 1605 3033 Catholici
1651 2977 1915 3032 antistites
1944 2978 2150 3050 eloquia

572 3071 745 3126 divina
778 3070 946 3124 secuti
977 3069 1112 3135 sint;
1147 3077 1199 3124 ct
1226 3072 1397 3124 sciant
1433 3085 1460 3123 a
1491 3070 1643 3126 nobis
1673 3081 1872 3124 rectam
1915 3081 1968 3125 et
2006 3076 2151 3127 anti-

571 3164 749 3235 quitus
778 3162 1046 3216 fundatam
1073 3160 1383 3216 catholicam
1414 3160 1567 3214 fidem
1605 3160 1861 3216 adversus
1888 3162 2148 3218 receden-

574 3264 679 3308 tem
710 3251 1109 3321 Pelagianorum
1140 3250 1508 3305 hzereticorum
1542 3250 2005 3320 priesumptionem
2029 3267 2151 3321 per-

575 3344 874 3413 nicicmque
897 3340 1139 3397 defendi.

640 3436 731 3490 2t.
763 3434 1166 3499 Beatissimnm,
1199 3448 1395 3488 corona
1424 3433 1581 3488 etiam
1609 3435 1846 3505 martyrii
1878 3435 2150 3505 gloriosis.

570 3529 763 3586 sianum
780 3525 1126 3598 Cyprianum,
1148 3539 1245 3581 nec
1274 3524 1535 3580 Africanis
1555 3534 1713 3596 atque
1735 3527 2152 3584 occidentalibus

574 3630 795 3687 tantum,
826 3634 1009 3676 verum
1037 3627 1088 3674 et
1115 3618 1463 3673 orientalibus
1485 3618 1756 3683 Ecclesiis,
1786 3618 1923 3673 fama
1956 3619 2150 3688 pradi-

573 3722 728 3769 cante
755 3721 810 3768 et
835 3712 1029 3782 scripta
1059 3710 1174 3781 ejus
1203 3710 1360 3781 longe
1388 3710 1596 3781 lateque
1626 3711 1952 3767 diffundente
1979 3713 2153 3768 notis-

572 3805 786 3871 simum,
811 3804 969 3859 etiam
993 3804 1105 3873 ipse
1125 3801 1505 3857 haeresiarehes
1526 3803 1745 3857 istorum
1767 3803 2011 3874 Pelagius
2031 3818 2155 3859 cum

574 3897 757 3954 debito
777 3905 923 3952 certe
951 3895 1154 3951 honore
1177 3902 1580 3961 commemorat,
1611 3894 1697 3948 ubi
1727 3896 2149 3951 testimoniorum

582 3988 774 4041 librum
806 3986 1043 4041 scribens
1068 4027 1082 4051 ,
1111 4001 1235 4041 eum
1272 4000 1332 4040 se
1369 3988 1558 4039 asserit
1587 3985 1813 4049 imitari,
1851 4004 1869 4037 ο
1906 3986 2006 4042 hoe
2034 4002 2090 4041 se
2126 4006 2146 4040 ι

578 4080 759 4133 dicens
791 4096 809 4129 ‹
843 4077 1017 4132 facere
1045 4075 1113 4131 ad
1151 4076 1483 4139 Romanum,
1531 4074 1668 4144 quod
1715 4075 1803 4129 ille
1848 4075 2043 4131 fecerat
2086 4076 2153 4132 ad

576 4168 873 4236 Quirinum.
906 4186 924 4219 ι
953 4165 1235 4221 Videamus
1254 4179 1380 4234 ergo
1406 4163 1529 4234 quid
1551 4163 1617 4218 de
1640 4164 1879 4235 originali
1911 4175 2150 4236 peccato,

577 4258 714 4330 quod
751 4273 843 4326 per
870 4270 1029 4310 unum
1056 4255 1327 4310 hominem
1361 4254 1575 4308 intrarit
1603 4255 1653 4308 in
1687 4256 1943 4311 mundum
1971 4256 2147 4328 (Rom.

580 4363 632 4412 v,
666 4348 790 4418 12),
834 4345 1059 4402 senserit
1085 4344 1402 4416 Cyprianus.
1441 4343 1497 4399 ln
1538 4346 1759 4415 epistola
1799 4346 1865 4403 de
1891 4348 2062 4418 Opere
2100 4357 2155 4404 et

582 4436 949 4511 lileemosyuis
975 4436 1046 4489 ita
1075 4434 1305 4505 loquitur
1329 4451 1342 4488 :
1376 4452 1394 4486 ι
1423 4433 1555 4489 Cum
1584 4434 1838 4490 Dominus
1864 4437 2153 4493 adveniens

581 4541 822 4585 satiasset
852 4529 938 4584 illa
965 4543 1081 4598 qua:
1108 4525 1274 4582 Adam
1304 4535 1601 4595 portaverat
1628 4527 1862 4594 vulnera,
1881 4539 1934 4585 et
1954 4546 2154 4587 venena

583 4620 846 4690 serpentis
866 4618 1078 4688 antiqua
1095 4618 1115 4650 ¹
1137 4625 1397 4684 curasset,
1419 4617 1589 4689 legem
1612 4618 1754 4697 dedit
1773 4635 1922 4687 sano,
1942 4633 1994 4677 et
2017 4638 2154 4692 prie-

583 4712 725 4782 cepit
752 4726 816 4766 ne
850 4710 989 4765 ultra
1010 4708 1120 4779 jam
1149 4717 1411 4780 peccaret,
1438 4724 1509 4763 ne
1528 4708 1652 4780 quid
1680 4713 1919 4781 peccanti
1942 4713 2157 4783 gravius

586 4804 818 4859 eveniret
849 4822 864 4853 ι
898 4800 1074 4873 (Joan.
1097 4817 1148 4864 v,
1175 4801 1284 4871 Μ).
1318 4818 1336 4852 t
1361 4799 1621 4857 Coat‘ctati
1643 4819 1873 4873 eramus,
1902 4816 1956 4862 et
1980 4807 2031 4861 in
2059 4822 2157 4860 an-

587 4906 797 4963 gustum
822 4891 1138 4948 innocentia:
1160 4892 1554 4962 praescriptione
1570 4895 1801 4950 conclusi
1828 4914 1841 4952 :
1865 4913 1965 4953 nec
1994 4897 2157 4952 habe-

589 4985 702 5041 rets
721 4985 841 5052 quid
863 4984 1158 5054 fragilitatis
1176 4983 1416 5038 humanm
1443 4983 1718 5040 infirmitas
1740 4997 1895 5056 atque
1916 4987 2154 5042 imbecil-

592 5080 706 5132 litas
738 5076 965 5140 faceret,
1011 5075 1107 5129 nisi
1140 5076 1329 5131 iterum
1357 5076 1527 5147 pietas
1568 5076 1743 5132 divina
1793 5078 2116 5134 subveniens
2138 5122 2154 5148 ,

586 5167 799 5238 iustitia:
848 5175 902 5222 et
950 5151 1327 5239 misericordia:
1384 5167 1633 5236 operibus
1688 5169 1959 5232 ostensis,
2014 5169 2152 5223 viain

498 5257 514 5273 ⁵
589 5256 865 5327 quamdam
898 5256 1102 5313 tuenda:
1128 5257 1311 5311 salutis
1335 5257 1599 5327 aperiret;
1629 5265 1687 5309 ut
1705 5258 1891 5313 sordes
1919 5269 2157 5327 postmo-

588 5350 710 5406 dum
740 5364 1094 5420 quascumque
1113 5348 1493 5415 contrahimus,
1513 5347 1865 5417 eleemosynis
1882 5344 2158 5408 abluantus

589 5438 737 5510 (Luc.
771 5456 825 5495 XI
852 5482 866 5506 ,
912 5438 1026 5513 41).
1073 5439 1184 5495 lloc
1209 5438 1509 5497 testimonio
1544 5434 1674 5492 duas
1705 5436 1926 5492 istorum
1954 5438 2158 5496 falsita-

651 5619 665 5651 ⁸
701 5614 861 5667 Gallic.
895 5624 1021 5676 Mss,
1043 5612 1209 5664 πρεώ
1229 5608 1500 5680 necggsaria
1529 5606 1703 5680 oratio:
1798 5670 1810 5680 .
1884 5652 1907 5680 τ

648 5680 666 5709 ⁸
700 5682 905 5742 sicam.
946 5669 1022 5742 Er;
1048 5683 1102 5742 et_
1122 5669 1469 5742 Msspallicani
1511 5681 1569 5719 ac
1608 5669 1832 5720 Vaticani.
1872 5678 1927 5722 Αι
1967 5678 2078 5726 Lor.
2104 5684 2157 5727 et

581 5750 702 5791 ttova
729 5739 873 5803 editio
892 5736 1123 5800 tertiani.
1159 5736 1382 5803 αἴαίθτέίο.
1424 5796 1439 5803 -
1592 5791 1605 5803 .
1680 5787 1712 5803 ..

649 5787 666 5832 ἐ
697 5787 833 5864 Apud
857 5787 1001 5849 ει-Ῐδι
1028 5787 1158 5855 ῑοίἸ
1178 5787 1396 5844 habebat.
1424 5796 1474 5839 ta
1499 5791 1631 5841 libris
1651 5787 1772 5855 aliis,
1800 5792 2005 5847 haberet.

1189 407 1453 464 CONTRA
1499 406 1675 464 DUAS
1716 405 2084 462 EPlS’fOl..\S
2124 403 2680 470 PliL'tClANORUM,
2723 406 2781 463 S.
2824 405 3188 463 AUGUSTI.“

449 526 463 539 ⁸
550 526 740 595 ’(Rom.
758 543 829 588 χι.
850 526 926 594 6);
945 533 995 579 et
1011 533 1064 578 ιιι
1081 522 1257 579 dicant
1276 534 1486 579 sanctos
1510 524 1561 577 iu
1582 522 1680 578 hac
1697 523 1799 577 vita
1818 536 1921 577 non
1942 521 2150 577 habuis-

3720 410 3819 464 624

2255 530 2334 576 tes
2381 525 2527 578 testis
2574 523 2673 578 iste
2716 522 3023 595 redarguit'
3059 542 3073 579 :
3103 540 3297 594 uuam,
3324 541 3427 596 qua
3473 522 3651 581 dicunt
3693 528 3821 581 nihil

2255 610 2500 667 vitiorum
2525 628 2589 668 ex
2616 612 2784 667 Adam
2813 612 3024 669 trahere
3051 629 3220 685 genus
3248 614 3559 681 humanum,
3587 616 3728 686 quod
3755 621 3820 674 sit

2252 704 2541 759 curandum
2570 704 2967 775 sanandumque
2998 722 3092 775 per
3114 705 3423 773 Christum;
3454 707 3694 771 alteram,
3724 710 3819 778 qua

2252 792 2435 849 dicunt
2457 793 2657 848 nullum
2690 802 2809 863 post
2833 793 3158 863 Baptismum
3187 803 3400 850 sanctos
3418 794 3614 852 habere
3642 812 3824 866 pecca-

2254 890 2386 937 tum.
2416 882 2643 938 Rursum
2673 885 2723 938 in
2754 883 2940 939 eadem
2976 885 3200 954 epistola
3226 901 3241 941 :
3272 908 3291 939 ι
3321 886 3524 954 Ponat,
3567 905 3587 940 ι
3621 888 3822 959 inquit,

2257 990 2279 1026 ι
2309 974 2668 1043 unusquisque
2709 982 2834 1029 ante
2866 975 3051 1028 oculos
3092 989 3218 1030 suos
3265 974 3534 1031 diabolum
3565 992 3683 1032 cum
3717 981 3822 1034 suis

2253 1064 2438 1129 servis,
2465 1062 2515 1118 id
2545 1072 2767 1118 cstcum
2814 1063 3008 1133 pepnlo
3055 1064 3367 1133 perditionis
3414 1081 3475 1120 ac
3516 1071 3739 1134 mortis,
3773 1069 3820 1122 in

2254 1154 2483 1208 medium
2515 1155 2778 1225 prosilire,
2810 1158 3015 1225 plebem
3042 1159 3063 1188 ⁸
3093 1157 3285 1213 Christi
3315 1169 3576 1228 prasente
3600 1175 3663 1215 ac
3685 1162 3823 1230 judi-

2252 1253 2407 1299 cante
2437 1245 2553 1314 ipso
2581 1248 2993 1316 comparationis
3023 1249 3267 1303 examine
3313 1264 3604 1318 provocare
3641 1252 3815 1307 diecav

2255 1343 2389 1398 tem,
2423 1334 2533 1405 Ego
2572 1351 2670 1405 pro
2710 1337 2826 1391 istis
2853 1353 2987 1408 quos
3029 1354 3235 1395 mecum
3281 1340 3426 1396 vides
3451 1384 3465 1406 ,
3511 1358 3608 1398 nec
3654 1344 3751 1413 ala;
3771 1361 3824 1400 as

2253 1423 2450 1494 accepi,
2482 1439 2579 1479 nec
2610 1424 2813 1496 flagella
2841 1427 3091 1494 sustinui,
3126 1442 3223 1484 nec
3248 1444 3459 1485 crucem
3491 1435 3701 1501 pertuli,
3730 1450 3822 1491 ncc

2253 1515 2562 1584 sanguinem
2594 1513 2735 1582 fudi,
2766 1532 2865 1572 nec
2893 1517 3146 1573 familiam
3173 1534 3346 1574 meam
3375 1521 3545 1589 pretio
3570 1524 3824 1593 passionis

2252 1615 2308 1663 et
2335 1607 2538 1662 cruoris
2563 1607 2794 1672 redemi;
2826 1608 2919 1664 sed
2955 1623 3055 1665 nec
3079 1625 3300 1681 regnum
3339 1611 3413 1665 illi
3442 1612 3662 1669 caeleste
3707 1631 3822 1685 pro-

2254 1700 2427 1768 mitto,
2446 1715 2545 1756 nec
2559 1699 2626 1754 ad
2645 1701 2945 1771 paradisum
2964 1701 3212 1757 restituta
3237 1702 3636 1761 immortalitate
3656 1705 3823 1761 denuo

2252 1805 2465 1847 revoco.
2491 1811 2510 1844 ι
2534 1791 2910 1862 Respondeant
2934 1792 3227 1864 Pelagiani,
3256 1794 3468 1865 quando
3496 1795 3751 1853 fuerimus
3776 1800 3821 1854 in

2254 1881 2649 1937 immortalitate
2695 1882 2957 1951 paradisi,
2999 1892 3055 1938 et
3099 1884 3372 1955 quomodo
3414 1886 3535 1941 inde
3576 1887 3823 1945 fuerimus

2252 1972 2492 2039 expulsi,
2521 1981 2579 2027 ut
2607 1987 2673 2027 eo
2706 1972 2902 2027 Chriin
2932 1975 3100 2044 gratia
3130 1990 3459 2032 revocemur.
3488 1977 3556 2033 Et
3590 1994 3715 2034 cum
3744 1983 3818 2035 in-

2254 2061 2434 2116 venire
2451 2062 2783 2132 nequiverint
2796 2063 2920 2134 quid
2936 2063 3022 2120 hic
3035 2079 3131 2134 pro
3147 2080 3239 2119 sua
3258 2070 3598 2135 perversitate
3612 2087 3822 2141 respon-

2251 2147 2439 2217 deant,
2467 2151 2740 2206 attendant
2775 2153 3219 2223 quemadmodum
3249 2156 3568 2214 intellexerit
3605 2161 3819 2232 Cypria-

2251 2253 2351 2295 nus
2393 2240 2532 2311 quod
2571 2241 2641 2297 ait
2683 2243 3000 2311 Apostolus,
3046 2243 3113 2298 In
3157 2262 3254 2319 quo
3295 2263 3465 2303 euntes
3506 2264 3823 2321 peccaverunt

2258 2328 2430 2399 (Rom.
2454 2347 2507 2397 ν,
2529 2332 2615 2403 12)
2645 2350 2659 2387 :
2683 2343 2734 2386 et
2760 2334 3023 2401 Pelagiani
3046 2336 3278 2391 lueretici
3304 2341 3423 2394 novi
3443 2341 3508 2397 de
3524 2342 3824 2400 Manichmis

2251 2421 2518 2487 Veteribus
2548 2421 2810 2477 hmreticis
2850 2423 2981 2478 nulli
3028 2425 3289 2483 catholico
3331 2430 3560 2487 audeant
3598 2434 3822 2504 irrogarc

2252 2511 2589 2579 calumniam,
2617 2528 2682 2567 ne
2713 2523 2815 2568 tam
2846 2515 3156 2571 sceleratam
3181 2519 3338 2573 etiam
3367 2523 3585 2593 martyri
3615 2526 3822 2596 antiquo

2252 2600 2514 2674 Cypriane
2541 2603 2715 2659 facere
2735 2606 3115 2661 convincantur
3142 2608 3409 2678 injuriam.

2322 2693 2409 2746 22.
2444 2694 2553 2749 lloc
2591 2695 2730 2750 enim
2760 2704 2813 2751 et
2855 2696 2906 2751 in
2933 2698 3152 2767 epiStola
3175 2741 3188 2761 .
3235 2700 3384 2771 cujus
3413 2702 3479 2758 de
3517 2703 3821 2762 Mortalitate

2254 2787 2434 2841 titulus
2464 2787 2785 2855 inscribitur,
2828 2790 2896 2843 ita
2936 2789 3102 2845 dicit:
3132 2809 3152 2843 ι
3183 2791 3424 2862 Regnum
3467 2795 3596 2863 Dei,
3641 2797 3819 2854 fratres

2252 2879 2580 2933 dilectiSsimi
2600 2921 2613 2945 ,
2643 2895 2762 2936 esse
2789 2882 2950 2953 cmpit
2979 2883 3033 2938 in
3062 2885 3332 2953 proximo,
3372 2889 3647 2955 prtemium
3677 2893 3817 2956 vitm,

2253 2977 2308 3023 ct
2326 2968 2572 3037 gaudium
2599 2970 2784 3025 salutis
2804 2980 3037 3038 arternze,
3064 2981 3117 3028 et
3139 2982 3387 3044 perpetua
3408 2976 3608 3045 lietitia,
3635 2990 3686 3036 et
3707 2996 3821 3052 pos-

2253 3058 2422 3112 sessio
2453 3058 2677 3125 paradisi
2709 3076 2875 3130 nuper
2894 3062 3088 3117 amissa
3108 3104 3123 3131 ,
3156 3065 3353 3119 mundo
3384 3076 3695 3125 transeunte
3717 3070 3818 3140 jam

2256 3150 2491 3205 veniunt.
2524 3169 2543 3202 ›
2570 3150 2680 3206 lloc
2719 3166 2903 3208 rursus
2946 3154 2998 3209 in
3036 3155 3263 3213 eadem:
3296 3174 3317 3210 r
3352 3159 3761 3230 Amplectamur,
3798 3182 3815 3214 ι

2257 3238 2445 3308 inquit.
2475 3257 2493 3291 ‹
2522 3239 2662 3297 diem
2692 3241 2780 3321 qui
2801 3243 3033 3313 assignat
3053 3245 3288 3315 singulos
3310 3246 3576 3305 domicilio
3598 3264 3714 3316 suo,
3737 3253 3818 3321 qui

2255 3343 2353 3382 nos
2382 3328 2574 3384 isthiuc
2611 3319 2828 3401 ereptos
2864 3341 2915 3387 ct
2960 3333 3160 3404 laqueis
3188 3337 3525 3393 sarcularibus
3564 3319 3829 3396 exsolutus

2254 3419 2497 3490 paradiso
2525 3421 2763 3476 restituat
2788 3431 2841 3477 et
2869 3437 3051 3493 regno.
3086 3442 3106 3476 ι
3140 3424 3270 3481 ltem
3298 3427 3349 3481 in
3377 3428 3600 3498 epistola
3627 3432 3694 3486 de
3720 3430 3815 3486 Pa-

2256 3511 2436 3565 tientia
2462 3529 2475 3565 :
2505 3529 2523 3563 r
2558 3511 2652 3567 Dei
2676 3513 2935 3569 sententia
2963 3514 3245 3585 cogitetur,
3276 3535 3295 3571 ι
3325 3517 3512 3590 inquit,
3540 3538 3561 3572 ι
3592 3536 3745 3591 quam
3772 3520 3817 3574 in

2255 3600 2456 3671 origine
2484 3601 2660 3656 statim
2686 3602 2869 3658 mundi
2888 3611 2942 3659 et
2961 3606 3172 3674 generis
3196 3607 3407 3662 humani
3429 3609 3596 3664 Adam
3628 3627 3820 3682 prtere-

2256 3692 2328 3761 pti
2359 3695 2634 3748 immemor
2660 3702 2714 3749 et
2736 3693 2871 3749 data:
2898 3696 3028 3767 legis
3046 3706 3404 3769 transgressor
3428 3706 3632 3770 accepit
3661 3720 3674 3756 :
3702 3712 3817 3756 tunc

2256 3783 2484 3838 sciemus
2498 3799 2656 3854 quam
2681 3784 2940 3855 patientes
2958 3801 3078 3842 esse
3103 3789 3153 3841 in
3177 3788 3277 3843 isto
3298 3790 3494 3844 smculo
3512 3790 3815 3855 debeamus,

2258 3876 2342 3944 qui
2372 3875 2450 3930 sic
2480 3876 2764 3943 nascimur,
2791 3885 2849 3932 ut
2870 3879 3128 3948 pressaris
3156 3880 3311 3936 isthic
3338 3891 3390 3936 et
3417 3883 3818 3939 conflictationi-

2258 3965 2355 4019 bus
2398 3964 2717 4021 laboremus.
2762 3968 2891 4034 Quia
2934 3971 3140 4038 audisti,
3171 3971 3357 4041 inquit,
3403 3989 3567 4027 vocem
3609 3973 3821 4028 mulieris

2257 4065 2374 4123 tuas,
2401 4065 2444 4111 et
2474 4059 2786 4111 manducasti
2813 4074 2875 4113 ea:
2898 4059 2986 4113 illa
3014 4060 3207 4125 arbore,
3236 4061 3299 4116 de
3316 4079 3415 4133 qua
3437 4065 3546 4117 sola
3574 4080 3817 4135 praecepe—

2256 4161 2367 4198 rant
2392 4144 2480 4198 tibi
2508 4163 2569 4200 ne
2594 4146 2946 4214 manducarcs,
2976 4150 3240 4203 maledicta
3260 4160 3391 4205 terra
3412 4154 3502 4206 erit
3523 4154 3574 4207 in
3596 4155 3813 4208 omnibus

2257 4236 2486 4305 aperibus
2514 4237 2631 4289 tuis.
2664 4234 2730 4290 lu
2756 4237 2956 4291 tristitia
2988 4248 3036 4292 et
3076 4240 3259 4310 gemitu
3293 4241 3407 4295 edes
3430 4258 3493 4297 ea:
3520 4259 3577 4296 ea
3602 4244 3818 4297 omnibus

2258 4326 2429 4381 diebus
2452 4326 2565 4381 vita:
2590 4336 2729 4380 tute:
2756 4328 2928 4395 spinas
2968 4338 3012 4381 ct
3055 4330 3262 4384 tribulos
3303 4332 3465 4401 ejiciet
3493 4332 3617 4400 tibi;
3645 4343 3689 4388 et
3717 4335 3820 4387 eda

2260 4415 2497 4484 pabulum
2521 4417 2650 4485 agri.
2684 4415 2745 4472 lu
2784 4419 2965 4474 sudore
3001 4420 3163 4474 ttufms
3193 4422 3265 4473 tui
3302 4423 3415 4477 edes
3452 4441 3631 4494 panem
3670 4434 3818 4488 tuum,

2259 4507 2416 4560 donec
2455 4509 2715 4561 revertaris
2752 4511 2801 4563 in
2847 4519 3029 4564 terram
3066 4512 3128 4565 de
3170 4530 3268 4582 qua
3309 4526 3536 4586 sumptas
3574 4534 3628 4570 cs
3660 4532 3810 4589 :guo-

2259 4599 2396 4654 niam
2421 4608 2554 4653 terra
2577 4617 2649 4669 es,
2677 4611 2721 4654 ct
2751 4602 2801 4655 in
2829 4612 3011 4657 terram
3034 4604 3125 4658 ibis
3152 4604 3302 4675 (Ceu.
3330 4621 3406 4669 tu.
3434 4609 3641 4679 i719).
3667 4608 3821 4678 llujuti

2260 4690 2536 4744 sententia:
2556 4692 2765 4746 vinculo
2790 4693 3016 4764 colligati
3045 4710 3229 4749 omnes
3255 4706 3305 4750 et
3326 4698 3597 4752 constricti
3622 4712 3812 4762 sumus,

2259 4780 2428 4837 donec.
2453 4790 2625 4836 morte
2653 4794 2910 4852 eXpttttcla
2956 4785 3022 4840 de
3068 4786 3169 4839 isto
3202 4788 3399 4842 saeculo
3440 4790 3766 4845 recedam-is.
3794 4806 3813 4840 ι

2263 4873 2495 4943 Itemque
2517 4874 2567 4927 in
2593 4873 2776 4929 eadem
2803 4893 2817 4929 :
2850 4874 3015 4951 «Nam
3032 4893 3149 4930 cuin
3173 4879 3224 4931 in
3249 4878 3389 4943 illa,»
3420 4880 3605 4949 inquit,
3638 4881 3820 4951 «prima

2261 4966 2678 5035 transgressione
2700 4981 2790 5035 pra
2809 4967 2946 5034 ccpti
2971 4968 3189 5022 firmitas
3212 4971 3453 5039 corporis
3468 4987 3588 5025 cum
3615 4974 3820 5025 immor-

2262 5054 2462 5108 talitate
2491 5055 2829 5122 discesserit,
2862 5064 2916 5110 et
2942 5071 3061 5111 cum
3090 5068 3265 5114 morte
3293 5059 3573 5116 infirmitas
3598 5059 3817 5120 venerit,

2248 5158 2358 5215 nec
2381 5143 2546 5213 possit
2568 5143 2789 5198 ﬁrmitas
2809 5147 2993 5216 recipi,
3025 5146 3124 5201 nisi
3151 5162 3271 5202 cum
3301 5159 3511 5217 recepta
3534 5158 3587 5206 et
3618 5150 3820 5203 immor-

2262 5238 2436 5292 talitas
2466 5226 2657 5304 fuerit;
2680 5248 2891 5309 Oportet
2919 5240 2969 5293 in
2995 5239 3093 5296 hac
3123 5239 3404 5311 fragilitate
3430 5251 3589 5312 atque
3611 5240 3822 5296 infirmi-

2262 5338 2369 5384 tate
2395 5331 2634 5399 corporis
2662 5328 2847 5384 luctari
2871 5345 3083 5399 semper
3102 5340 3157 5386 et
3174 5332 3444 5402 congredi.
3466 5332 3594 5400 Quae
3620 5330 3820 5386 luctatio

2262 5430 2313 5474 ct
2339 5420 2648 5490 rougressio
2676 5436 2778 5474 non
2807 5420 2905 5475 nisi
2939 5421 3202 5489 patientia:
3241 5430 3418 5492 potest
3448 5423 3647 5478 viribus
3672 5418 3821 5475 susti-

2265 5513 2399 5567 neri.
2431 5530 2451 5564 ι
3273 5498 3281 5505 ’

2333 5603 2511 5659 23.‘ln
2542 5603 2766 5673 epistola
2795 5614 2969 5659 autem
3001 5620 3157 5675 quam
3201 5605 3504 5677 scripsitad
3529 5607 3820 5677 episcopum

2330 5740 2345 5801 ξ
2381 5735 2603 5786 nallicani
2634 5743 2769 5801 uss.
2789 5738 3093 5801 oppugnati!-

2324 5792 2349 5832 δ
2383 5802 2529 5847 tidem
2560 5805 2686 5858 iam,
2719 5792 2870 5862 plebe.
