4088 6516
529 301 629 354 ϐίὶῚ

524 424 610 467 tua
628 411 679 463 iu
700 410 823 464 caelo
844 412 860 443 ⁸
890 418 938 464 et
966 409 1018 463 in
1047 420 1180 466 terra
1201 426 1222 465 :
1242 428 1346 466 non
1368 422 1424 466 ut
1450 411 1590 467 Deus
1616 411 1773 468 faciat
1797 412 1937 484 quod
1960 413 2089 480 vult,

523 502 618 558 sed
638 512 703 558 ut
730 517 827 557 nos
852 501 1025 560 facere
1050 503 1316 573 possimus
1340 504 1480 574 quod
1507 503 1643 559 Deus
1663 504 1792 560 vult.
1822 504 1952 561 Nam
1988 506 2093 558 Deo

521 593 641 663 quis
666 593 911 662 obsistit,
965 594 1248 664 quominus
1272 593 1417 666 quod
1458 594 1584 651 velit
1619 594 1810 651 faciat?
1836 595 1940 653 Sed
1971 598 2091 667 quia

523 686 733 742 nobisa
763 686 977 744 diabolo
1001 686 1310 754 obsistitur,
1365 688 1645 756 quominus
1673 704 1767 759 per
1794 689 1972 744 omnia
1997 704 2096 744 no-

522 787 633 834 ster
665 779 884 835 animus
903 789 1068 851 atque
1089 788 1239 837 actus
1270 779 1379 834 Deo
1418 778 1771 850 obsequatur,
1799 795 2013 836 oramus
2039 789 2093 837 et

522 869 752 938 petimus
772 878 833 924 ut
859 869 950 925 flat
972 869 1026 926 in
1050 868 1208 926 nobis
1232 868 1474 924 voluntas
1496 870 1614 927 Dei.
1642 869 1772 939 Qua:
1812 878 1873 926 ut
1908 871 1999 924 fiat
2038 871 2090 924 in

521 959 694 1027 nobis,
720 974 860 1030 opus
883 967 966 1016 est
992 960 1398 1027 Deivoiunlate,
1425 959 1480 1017 id
1499 969 1601 1027 est,
1626 975 1727 1033 ope
1753 960 1868 1031 ejus
1895 970 1946 1015 et
1972 976 2095 1030 pro-

522 1051 751 1107 lectione
782 1068 796 1104 :
826 1050 948 1121 quia
974 1064 1134 1106 nemo
1175 1052 1285 1127 suis
1310 1051 1509 1106 viribus
1536 1049 1689 1107 fortis
1714 1060 1828 1112 est,
1874 1049 1971 1106 sed
1996 1050 2090 1105 Dei

521 1140 844 1212 indulgentia
885 1152 942 1197 et
985 1142 1347 1199 misericordia
1389 1151 1531 1199 tutus
1568 1150 1667 1198 est.
1708 1160 1729 1195 ι
1765 1142 1893 1197 Item
1936 1143 2041 1199 alio
2074 1160 2087 1196 :

513 1258 545 1291 ,ι
582 1241 722 1298 Fieri
760 1251 939 1297 autem
976 1242 1242 1313 petimus,
1280 1260 1299 1295 ι
1333 1242 1534 1312 inquit,
1571 1258 1591 1294 ι
1630 1240 1952 1297 voluntatem
1999 1240 2092 1295 Dei

521 1330 575 1385 iu
603 1332 740 1386 coelo
768 1341 822 1387 et
850 1333 903 1388 in
928 1341 1091 1398 terra,
1121 1331 1259 1402 quod
1290 1339 1568 1402 utrumque
1590 1330 1657 1387 ad
1680 1331 2094 1386 consummatio-

520 1436 642 1477 nem
664 1431 860 1477 nostrae
880 1421 1253 1479 incolumitatis
1276 1423 1501 1491 pertinet
1518 1430 1575 1477 et
1593 1421 1797 1476 salutis.
1818 1419 1947 1474 Nam
1969 1435 2089 1475 cum

517 1526 713 1582 Corpus
738 1527 771 1568 e
801 1522 941 1568 terra
968 1521 1023 1567 et
1062 1511 1302 1582 spiritum
1339 1511 1702 1582 possideamus
1728 1526 1759 1567 e
1785 1511 1925 1567 caelo
1942 1551 1958 1579 ,
1992 1511 2091 1580 ipsi

519 1614 659 1661 terra
681 1616 733 1660 et
754 1605 946 1661 omium
971 1619 1187 1671 sumus,
1218 1613 1273 1659 et
1299 1603 1351 1659 in
1380 1592 1640 1676 utroque,
1673 1603 1726 1659 id
1750 1613 1832 1659 est
1851 1645 1865 1669 ,
1898 1603 1948 1657 in
1974 1618 2090 1658 cor-

521 1712 649 1765 pore
672 1705 726 1753 et
753 1698 942 1767 spiritu
972 1706 1030 1752 ut
1055 1697 1147 1753 Dei
1166 1696 1419 1754 voluntas
1445 1696 1536 1751 fiat
1559 1710 1793 1752 oramus.
1826 1696 1921 1752 Est
1948 1697 2089 1753 enim

521 1789 660 1843 inter
686 1802 897 1842 carnem
926 1796 984 1845 et
1000 1787 1266 1858 spiritum
1293 1787 1626 1855 colluctatio,
1644 1796 1711 1843 et
1732 1786 2090 1842 discordanti-

520 1879 618 1932 bus
636 1876 891 1931 adversus
909 1891 967 1934 se
986 1878 1210 1933 invicem
1231 1876 1532 1947 quotidiana
1550 1878 1880 1948 congressio,
1904 1886 1960 1932 ut
1983 1894 2088 1933 non

518 1980 635 2038 qua:
664 1967 904 2022 volumus
925 2008 940 2033 ,
971 1969 1084 2039 ipsa
1124 1967 1409 2033 faciamus,
1440 1966 1564 2021 dum
1595 1969 1812 2037 spiritus
1852 1968 2088 2023 cmlestia

520 2069 574 2112 et
596 2058 771 2113 divina
795 2059 1018 2129 qumrit,
1057 2073 1184 2114 caro
1214 2067 1425 2115 terrena
1456 2068 1511 2114 et
1530 2058 1807 2116 saecularia
1833 2061 2088 2130 concupi-

515 2150 635 2204 scit.
657 2149 722 2203 Et
751 2148 871 2204 idco
894 2149 1121 2221 petimus
1141 2149 1435 2206 iuter'duo
1456 2149 1555 2204 ista
1581 2164 1684 2220 ope
1707 2158 1762 2205 et
1780 2150 1976 2206 auxilio
1999 2150 2089 2206 Dei

514 2239 852 2296 concordiam
882 2241 1028 2307 tieri;
1056 2248 1115 2296 ut
1137 2240 1264 2297 dum
1286 2242 1419 2296 etin
1444 2240 1632 2311 spiritu
1648 2251 1711 2296 'ct
1737 2241 1786 2295 in
1816 2256 1976 2297 carne
2000 2258 2093 2297 vo-

516 2331 692 2385 luntas
721 2331 814 2386 Dei
845 2331 1080 2400 geritur,
1106 2347 1226 2402 qua:
1270 2347 1365 2402 per
1401 2346 1522 2386 eum
1547 2341 1728 2386 renata
1756 2340 1871 2396 est,
1915 2332 2088 2387 anima

516 2432 758 2477 servetur
772 2420 814 2476 ³.
837 2421 990 2490 Quod
1004 2433 1189 2493 aperte
1206 2432 1368 2493 atque
1383 2422 1663 2489 manifeste,
1671 2424 1941 2495 apostolus
1958 2425 2094 2480 Pau-

517 2513 602 2567 lus
630 2526 723 2567 sua
753 2527 883 2568 voce
907 2512 1145 2571 declarat
1174 2530 1189 2569 :
1220 2512 1350 2568 Caro
1370 2554 1384 2575 .
1417 2514 1589 2585 inquit
1608 2556 1621 2578 ,
1651 2515 1956 2584 concupiscit
1992 2515 2089 2569 ad-

516 2622 686 2659 versus
709 2605 955 2677 spiritum,
984 2616 1031 2661 et
1056 2606 1263 2678 spiritus
1289 2606 1525 2661 mersus
1552 2621 1755 2661 carnem
1784 2622 1805 2660 :
1832 2606 1938 2661 litae
1959 2608 2090 2662 enim

517 2696 726 2751 invicem
743 2696 1090 2764 adversantur;
1126 2706 1181 2751 ut
1218 2714 1315 2751 non
1342 2714 1457 2769 quia
1472 2698 1652 2763 vultis,
1688 2698 1799 2769 ipsa
1842 2699 2036 2769 faciatis
2063 2717 2082 2752 ι

518 2786 713 2858 (Colat.
738 2804 789 2853 v,
812 2789 920 2860 i7).
946 2789 1012 2843 Et
1036 2788 1191 2859 paulo
1213 2796 1329 2859 post
1359 2806 1374 2844 :
1401 2787 1611 2845 «Potest
1634 2796 1690 2843 et
1712 2789 1789 2842 sic
1810 2789 2083 2859 intelligi,»

519 2879 720 2948 inquit,
759 2897 776 2930 ι
815 2878 1004 2934 fratres
1031 2878 1394 2944 dilectissimi,
1422 2888 1479 2933 ut
1506 2878 1752 2949 quoniam
1798 2880 2010 2934 mandat
2037 2888 2092 2938 et

519 2970 673 3025 docet
695 2972 947 3026 Dominus
969 2972 1125 3027 etiam
1148 2971 1390 3028 inimicos
1408 2970 1645 3040 diligere,
1662 2981 1717 3026 et
1743 2986 1837 3041 pro
1860 2972 1941 3028 his
1960 2988 2092 3041 qun-

517 3079 619 3131 quc
646 3063 733 3133 qui
761 3079 856 3118 nos
885 3072 1269 3134 persequuntur
1296 3077 1450 3118 orare
1478 3061 1688 3134 (Matth.
1717 3078 1769 3128 v,
1796 3063 1904 3133 Η),
1940 3073 2090 3133 pcta-

521 3169 636 3208 nms
659 3163 714 3210 et
739 3172 832 3225 pro
859 3155 963 3209 illis
989 3155 1079 3226 qui
1105 3154 1279 3209 adhuc
1309 3162 1445 3209 terra
1476 3162 1617 3220 sunt,
1646 3161 1701 3208 et
1727 3153 1947 3208 necdum
1974 3168 2088 3210 cm-

520 3248 679 3302 leStcs
699 3262 817 3302 esse
836 3256 1131 3318 eruperunt,
1153 3255 1206 3302 ut
1225 3257 1279 3302 et
1295 3245 1434 3302 circa
1461 3247 1581 3302 illos
1600 3247 1841 3311 voluntas
1865 3246 1954 3302 Dei
1976 3248 2087 3313 liat,

518 3354 673 3409 quam
692 3339 932 3393 Christus
949 3338 1215 3393 hominem
1232 3338 1595 3393 conservando
1612 3349 1664 3393 et
1684 3338 2092 3410 redintegrando

517 3429 754 3500 perfecit.
779 3449 807 3484 θ
842 3429 1074 3501 Itemque
1101 3430 1207 3484 alio
1236 3445 1252 3484 :
1289 3447 1308 3482 ι
1328 3429 1485 3487 Hunc
1510 3439 1688 3485 autem
1721 3444 1932 3499 panem,
1964 3448 1982 3481 ι
2011 3430 2094 3483 in-

514 3521 645 3592 quit,
675 3540 695 3576 l
722 3520 837 3578 dari
866 3522 1016 3577 nobis
1035 3520 1270 3592 quotidie
1295 3521 1641 3592 postulamus,
1661 3536 1730 3576 ne
1754 3522 1843 3591 qui
1867 3522 1917 3576 in
1939 3521 2091 3577 Chri-

513 3622 598 3667 sto
625 3628 825 3678 sumus,
853 3622 908 3669 et
935 3611 1317 3671 Eucharistiam
1345 3613 1581 3683 quotidie
1607 3612 1673 3667 ad
1703 3612 1878 3667 cibum
1906 3613 2091 3668 salutis

513 3705 802 3777 accipimus
819 3746 835 3771 ,
866 3704 1225 3761 intercedente
1250 3704 1425 3775 aliquo
1462 3704 1713 3775 graviore
1736 3703 1935 3759 delicto
1962 3703 2088 3758 dum

513 3798 738 3853 absteuti
761 3796 782 3829 ⁸
808 3805 865 3853 et
889 3812 995 3853 non
1018 3797 1468 3854 communicantes
1494 3812 1525 3850 a
1554 3796 1757 3852 caelesti
1788 3812 1924 3865 pane
1960 3811 2090 3867 pro-

464 3896 467 3899 ’
515 3875 778 3955 iubentur,
800 3905 829 3945 a
849 3889 1045 3946 Christi
1068 3905 1290 3960 corpore
1314 3904 1640 3960 separemur.
1673 3907 1691 3943 ι
1727 3889 1796 3945 Ει
1820 3888 2091 3958 aliquanto

488 3993 634 4054 .pnst
659 3983 710 4038 in
732 3983 922 4041 eadem
955 3999 969 4037 :
1007 4001 1027 4037 ι
1062 3982 1284 4053 Quando
1303 3994 1483 4038 autem
1509 3996 1787 4050 rogamus,
1826 4000 1845 4033 ι
1881 3981 2047 4051 inquit
2070 4024 2086 4044 ,

525 4093 546 4125 ι
585 4090 653 4130 ne
710 4074 761 4128 in
810 4074 1157 4129 teutationem
1202 4073 1474 4128 veniamus
1520 4071 1631 4142 (Id.
1659 4088 1742 4136 vi,
1773 4072 1963 4140 9-15),
1994 4073 2091 4126 ad-

515 4179 793 4220 monemur
814 4164 1131 4220 iniirmilatis
1150 4172 1203 4219 et
1232 4161 1606 4218 imbecillitatis
1633 4170 1845 4229 nostrar,
1867 4162 1991 4216 dum
2013 4163 2089 4217 sic

515 4270 763 4325 rogamus
781 4295 796 4319 ,
822 4269 890 4309 ne
917 4253 1036 4325 quis
1061 4268 1121 4309 se
1163 4253 1452 4308 insolenter
1474 4251 1686 4307 extollat
1710 4291 1726 4316 ,
1754 4267 1822 4306 ne
1846 4251 1965 4322 quis
1987 4251 2090 4307 sibi

513 4332 744 4416 superbe
762 4354 921 4416 atque
944 4352 1254 4415 arroganter
1274 4342 1473 4412 aliquid
1494 4352 1752 4410 assumat,
1774 4359 1841 4398 ne
1864 4341 1982 4412 quis
2000 4352 2091 4399 aut

513 4435 863 4493 confessionis
889 4444 980 4490 aut
1004 4435 1268 4507 pas.~ionis
1294 4434 1516 4504 gloriam
1557 4449 1705 4488 suam
1735 4433 1928 4499 ducat;
1967 4448 2087 4490 cum

518 4529 773 4585 Dominus
808 4529 920 4599 ipse
948 4527 1296 4583 humilitatem
1322 4526 1518 4582 docens
1539 4525 1765 4592 dixerit,
1805 4525 2018 4596 Vigilate
2043 4534 2090 4579 et

514 4632 673 4686 orate,
695 4635 757 4673 ne
779 4618 984 4673 veniatis
1008 4617 1061 4672 in
1086 4618 1405 4672 tcutationem
1429 4631 1446 4670 :
1465 4616 1668 4686 spiritus
1693 4615 1893 4686 quidem
1918 4631 2092 4686 prom-

515 4720 630 4783 ptus
657 4720 762 4775 est,
792 4726 910 4764 caro
937 4719 1102 4763 autem
1129 4707 1332 4777 inﬁrma
1364 4705 1473 4779 (Id.
1506 4722 1628 4763 xxvr
1649 4746 1663 4770 ,
1694 4706 1784 4777 41)
1818 4724 1833 4764 :
1865 4714 1923 4761 ut
1962 4706 2088 4765 dum

517 4800 772 4871 pra'cedit
797 4799 1008 4854 humilis
1034 4808 1087 4852 et
1116 4798 1377 4853 submissa
1412 4796 1683 4853 confessio
1701 4838 1716 4864 ,
1743 4806 1797 4852 et
1822 4796 1978 4852 datur
2004 4805 2088 4850 too

517 4901 629 4950 tum
659 4890 767 4945 Deo
785 4930 800 4955 ,
827 4888 1075 4961 quidquid
1098 4881 1411 4956 Asuppliciter
1434 4902 1557 4943 cum
1594 4886 1784 4942 timore
1809 4896 1863 4942 et
1889 4886 2090 4942 honore

520 4979 614 5035 Dei
657 4978 851 5050 petitur
868 5018 884 5046 ,
912 4978 1075 5048 ipsius
1102 4978 1296 5047 pietate
1321 4984 1617 5046 praestetur.
1656 4994 1676 5028 ι
1712 4975 1840 5031 Item
1865 4975 1932 5031 ad
1958 4975 2090 5045 Qui-

516 5071 691 5126 rinum
714 5109 729 5135 ,
758 5067 810 5125 in
831 5084 937 5140 quo
960 5084 1121 5140 opere
1149 5084 1207 5124 se
1232 5068 1471 5139 Pelagius
1500 5069 1611 5124 vult
1635 5068 1750 5138 ejus
1774 5069 2089 5124 imitatorem

520 5160 708 5222 videri,
723 5159 793 5212 ait
811 5158 863 5214 in
882 5159 1014 5213 libro
1032 5158 1216 5214 tertio:
1241 5177 1259 5211 ι
1280 5159 1335 5214 in
1353 5160 1497 5215 nullo
1510 5158 1864 5228 gloriandum,
1880 5158 2092 5228 quando

522 5260 762 5306 nostrum
792 5250 921 5306 nihil
967 5251 1054 5307 sit.
1095 5269 1113 5305 ι
1146 5250 1243 5306 Cui
1274 5251 1543 5322 proposito
1585 5249 1887 5307 testimonia
1917 5250 2094 5305 divina

581 5472 594 5502 ¹
632 5467 749 5518 ttditi
771 5502 786 5526 ,
824 5465 943 5518 sicut
967 5466 1016 5517 in
1048 5464 1381 5528 cwlo.sbest,
1424 5466 1574 5523 sicut,
1597 5478 1622 5515 a
1648 5464 1996 5528 manuscriptis.

578 5534 599 5602 ξ
635 5530 764 5602 Apud
785 5531 1083 5602 Cyprianum,
1109 5527 1307 5602 petimus
1330 5527 1536 5593 imperis:
1559 5529 1701 5578 inter.

577 5592 599 5624 ³
633 5592 833 5640 vaticani
861 5599 982 5650 Mss,
1011 5596 1277 5650 rcparetur.

580 5654 601 5684 δ
635 5652 752 5702 illiti
777 5652 852 5703 hic
869 5659 920 5701 et
944 5652 1062 5700 infra
1087 5657 1363 5700 constanter
1401 5651 1607 5704 habent.
1634 5652 1859 5701 absentes.
1902 5656 1955 5698 At
1985 5654 2088 5698 Mss.

511 5715 734 5765 Gallicani
777 5722 828 5763 et
865 5714 1071 5763 Vaticani
1103 5724 1328 5775 semper,
1371 5713 1605 5773 abi-tertii;
1651 5722 1702 5763 ut
1747 5711 1870 5775 apud
1907 5712 2088 5773 Cypria-

1147 299 1417 356 CONTRA
1456 300 1634 357 ΒυᾹὸ
1672 299 2041 355 EPiS'i'OLAS
2079 300 2637 379 PELAGIANORUM,
2674 310 2731 365 S.
2765 311 3125 371 AUGUSTI?"

3674 329 3772 387 ωδ

2203 413 2547 516 subjungens,
2567 419 2705 478 inter
2728 435 2917 480 cmtera
2937 430 3112 498 posuit
3133 433 3481 502 apostolicum
3509 438 3653 507 illud,
3672 457 3775 510 quo

2205 512 2421 599 istorum
2444 512 2673 567 maxime
2691 529 2785 570 ora
2805 516 3097 573 claudenda
3119 532 3272 577 sunt:
3299 523 3434 591 Quid
3453 529 3580 582 enim
3601 529 3771 599 habet,

2200 597 2333 665 quod
2357 614 2458 653 non
2482 602 2761 671 accepisti?
2786 604 2851 661 Si
2874 616 3041 661 autem
3058 612 3292 681 commisti
3310 654 3326 678 ,
3359 616 3479 682 quid
3503 597 3769 688 gloriaris,

2201 689 2345 752 quasi
2374 707 2472 744 non
2498 696 2748 763 acceperis
2774 694 2820 767 (l
2844 696 2961 752 Car.
2992 714 3043 753 tv
3062 741 3076 765 ,
3106 701 3201 771 7)?
3228 701 3356 759 hem
3384 706 3436 761 in
3460 709 3681 778 epistola
3706 712 3774 767 de

2201 778 2458 836 Patientia
2484 800 2545 837 τι
2575 785 2667 839 Est
2689 788 2832 844 enim
2860 791 3032 855 nobis,
3062 811 3082 844 ι
3118 793 3306 864 inquit,
3332 815 3354 848 ι
3384 813 3502 853 cum
3530 801 3640 857 Deo
3660 802 3771 857 vir-

2200 879 2283 926 tus
2307 872 2403 926 ista
2426 879 2747 945 communis;
2763 880 2886 937 inde
2917 883 3166 951 patientia
3188 885 3398 956 incipit,
3418 889 3539 945 inde
3559 892 3774 949 claritas

2198 960 2315 1054 eius
2340 973 2396 1018 et
2419 965 2648 1036 dignitas
2678 980 2836 1040 caput
2859 974 3056 1041 sumit,
3087 975 3236 1045 origo
3259 986 3314 1032 et
3350 981 3654 1050 magnitudo
3678 993 3772 1054 pa-

2201 1051 2397 1107 tientia:
2419 1054 2531 1110 Deo
2549 1066 2767 1115 auctore
2787 1062 3045 1131 procedit.
3070 1081 3092 1115 ι

2268 1143 2357 1198 26.
2390 1144 2649 1217 Numquid
2692 1150 2791 1205 iste
2815 1164 3029 1207 sanctus
3068 1164 3171 1209 tam
3204 1159 3561 1215 memorabii's
3584 1161 3771 1220 Eccle-

2197 1235 2394 1289 siarum
2426 1236 2476 1290 iu
2520 1240 2681 1295 verbo
2725 1243 2962 1298 veritatis
3006 1245 3325 1314 instructor,
3374 1226 3597 1308 liberum
3623 1256 3765 1312 arbi-

2196 1325 2354 1378 trium
2386 1337 2539 1395 negot
2576 1344 2698 1386 esse
2734 1331 2787 1386 in
2828 1332 3160 1401 hominibus,
3190 1339 3311 1408 quia
3342 1341 3448 1396 Deo
3476 1352 3643 1399 totum
3674 1347 3770 1401 tri-

2197 1410 2308 1506 buit
2331 1416 2469 1484 quod
2494 1428 2638 1474 recte
2666 1420 2928 1478 vivimus?
2952 1424 3217 1497 Numquid
3244 1429 3413 1500 legem
3438 1433 3528 1489 Dei
3554 1436 3766 1506 culpat,

2195 1504 2316 1571 quia
2334 1521 2437 1559 non
2453 1522 2520 1561 ex
2547 1508 2655 1579 ipsa
2675 1510 2691 1543 ¹
2707 1510 2990 1581 justiﬁcari
3020 1515 3286 1573 hominem
3310 1521 3586 1591 significat;
3606 1504 3771 1595 quam

2194 1598 2478 1691 doquidem
2522 1606 2661 1674 quod
2692 1608 2781 1664 illa
2822 1610 3008 1680 jubet,
3038 1629 3070 1668 a
3101 1615 3326 1673 Domino
3364 1618 3483 1675 Deo
3524 1622 3768 1691 precibus

2195 1690 2582 1761 impetrandum
2608 1713 2729 1755 esse
2742 1700 2974 1758 declarat
2988 1704 3011 1759 ἲ
3025 1704 3289 1778 Numquid
3300 1710 3403 1765 sub
3420 1712 3633 1768 nomine
3648 1728 3768 1782 gra-

2197 1782 2282 1836 tia:
2310 1782 2473 1840 {suum
2502 1789 2728 1858 asserit,
2766 1795 3016 1863 quamvis
3042 1795 3220 1866 dicat,
3264 1799 3320 1855 in
3344 1802 3495 1857 nullo
3535 1803 3764 1873 glorian-

2194 1874 2319 1930 dum
2339 1917 2354 1939 ,
2382 1878 2594 1949 quando
2617 1891 2855 1936 nostrum
2883 1886 3011 1940 nihil
3032 1888 3139 1943 sit?
3160 1889 3457 1961 Numquid,
3474 1894 3617 1949 sicut
3641 1894 3727 1949 isti
3750 1936 3763 1961 ,

2195 1965 2447 2035 Spiritum
2476 1979 2716 2026 sanctum
2747 1972 3040 2043 adjutorem
3079 1977 3149 2032 ita
3177 1980 3348 2035 credit
3372 1996 3493 2037 esse
3522 1985 3729 2037 virtutis
3749 2025 3764 2049 ,

2197 2064 2445 2125 tanquam
2475 2058 2586 2128 ipsa
2630 2062 2799 2117 virtus
2840 2080 2960 2134 quae
3003 2066 3070 2122 ab
3099 2066 3201 2125 hoc
3226 2070 3534 2141 adjuvatur,
3565 2075 3767 2130 oriatur

2195 2162 2263 2200 ex
2292 2148 2476 2214 nobis,
2517 2153 2728 2220 quando
2757 2164 2995 2213 nostrum
3026 2158 3158 2214 nihil
3182 2175 3302 2216 esse
3324 2148 3573 2220 asserens
3591 2206 3607 2233 ,
3640 2180 3766 2237 pro-

2197 2246 2314 2306 pter
2335 2237 2435 2293 boc
2461 2241 2771 2311 Apostoium
2799 2244 2995 2302 dixisse
3016 2261 3433 2317 commemorat,
3467 2253 3604 2322 Quid
3638 2256 3768 2310 enim

2195 2329 2346 2383 habes
2365 2371 2378 2393 ,
2410 2333 2545 2400 quod
2570 2350 2669 2387 non
2693 2336 2931 2406 accepisti
2945 2339 2971 2391 .’
2998 2338 3349 2410 virtutemque
3382 2345 3767 2399 excellentissi-

2194 2434 2354 2485 mam,
2381 2421 2480 2476 hoc
2503 2433 2600 2485 est,
2626 2426 2954 2498 patientiam,
2984 2444 3087 2485 non
3116 2445 3147 2485 a
3179 2432 3331 2488 nobis
3359 2432 3488 2490 dicit
3512 2435 3766 2505 incipere,

2194 2527 2257 2567 ac
2281 2512 2471 2570 deinde
2495 2516 2733 2585 adjuvari
2763 2518 2962 2589 Spiritu
2997 2521 3087 2575 Dei
3110 2539 3124 2586 ;
3157 2523 3252 2580 sed
3271 2525 3340 2579 ab
3369 2526 3482 2596 ipso
3505 2537 3683 2596 caput,
3706 2528 3770 2583 ab

2195 2603 2310 2676 ipso
2337 2606 2593 2677 originem
2623 2611 2875 2666 sumere?
2902 2611 3180 2670 Postremo
3204 2630 3303 2671 nec
3330 2618 3654 2687 propositum
3680 2619 3765 2673 bo~

2195 2712 2318 2750 num
2340 2738 2354 2761 ,
2387 2713 2485 2753 nec
2527 2699 2758 2756 studium
2786 2702 3032 2768 virtutis,
3076 2717 3176 2760 nec
3215 2714 3421 2761 mentes
3462 2706 3627 2761 bonas
3654 2708 3769 2764 sine

2192 2789 2359 2858 gratia
2385 2789 2473 2844 Dei
2500 2790 2731 2863 incipere
2746 2806 2866 2849 esse
2879 2795 2901 2826 '
2924 2794 2976 2849 in
3002 2793 3304 2851 hominibus
3327 2798 3629 2866 conﬁtetur,
3647 2813 3767 2855 cum

2194 2880 2356 2947 dicit,
2383 2881 2437 2938 in
2464 2882 2613 2937 nullo
2635 2884 2968 2953 gloriandum
2988 2928 3004 2952 ,
3033 2888 3244 2957 quando
3264 2898 3503 2944 nostrum
3530 2890 3660 2946 nihil
3680 2892 3766 2947 sit.

2192 2970 2328 3039 Quid
2359 2980 2462 3025 tam
2490 2972 2541 3027 in
2587 2974 2755 3029 libero
2780 2975 2999 3032 arbitrio
3036 2979 3380 3034 constitutum
3399 3021 3415 3047 ,
3444 2996 3601 3050 quam
3618 2981 3768 3052 quod

2196 3060 2280 3115 lex
2300 3061 2457 3126 dicit,
2488 3078 2592 3119 non
2613 3063 2939 3119 adorandum
2964 3066 3160 3121 idolum
3179 3109 3193 3131 ,
3221 3083 3329 3124 non
3355 3070 3727 3126 mtecbandum
3750 3111 3767 3139 ,

2194 3167 2299 3206 non
2339 3150 2680 3207 homicidium
2700 3156 3286 3224 perpetrandum?‘lsta
3314 3169 3494 3215 autem
3523 3168 3644 3216 sunt
3687 3172 3768 3216 at-

2194 3255 2297 3310 que
2324 3239 2625 3310 hujusmodi
2653 3244 2874 3298 crimina
2893 3284 2911 3313 ,
2942 3261 3060 3315 qua:
3086 3247 3135 3301 si
3177 3248 3766 3319 quisquam'commise-

2196 3331 2279 3398 rit,
2304 3347 2331 3384 a
2353 3334 2590 3402 corporis
2614 3332 2814 3390 Christi
2840 3338 3214 3394 communione
3239 3350 3565 3396 removetur.
3598 3341 3665 3396 Et
3694 3352 3767 3397 ta-

2195 3436 2315 3477 men
2341 3422 2386 3477 si
2415 3423 2749 3480 beatissimus
2791 3426 3085 3497 Cyprianus
3126 3428 3210 3484 his
3239 3445 3344 3484 non
3374 3432 3768 3488 committernlis

2193 3513 2523 3570 existimaret
2546 3526 2783 3571 nostram
2812 3517 3060 3575 sufficere
3087 3520 3435 3589 voluntatem,
3460 3540 3561 3577 non
3591 3526 3668 3581 sic
3690 3527 3769 3580 iu-

2196 3604 2451 3675 telligcret
2479 3606 2618 3676 quod
2648 3607 2699 3662 in
2726 3610 2967 3663 oratione
2990 3609 3253 3665 dominica
3279 3612 3504 3667 dicimus
3523 3655 3539 3680 ,
3570 3613 3764 3669 Panem

2192 3704 2417 3750 nostrum
2441 3697 2784 3768 quotidianum
2803 3700 2871 3753 da
2895 3700 3037 3755 nobis
3062 3700 3238 3769 hodie;
3260 3712 3318 3757 ut
3337 3702 3438 3759 hoc
3466 3719 3564 3761 nos
3589 3716 3768 3776 petere

2192 3797 2558 3855 asseveraret,
2585 3805 2653 3845 ne
2680 3790 3041 3848 intercedente
3062 3793 3240 3863 aliquo
3258 3797 3501 3865 graviore
3528 3797 3725 3854 delicto
3751 3841 3764 3861 ,

2192 3878 2318 3934 dum
2333 3881 2558 3936 abstenti
2574 3892 2627 3937 et
2644 3899 2748 3937 non
2764 3885 3219 3944 communicantes
3233 3902 3264 3942 a
3279 3888 3481 3944 cmiesti
3504 3904 3639 3959 pane
3657 3907 3769 3961 pro-

2193 3963 2470 4040 hibemur,
2500 3989 2531 4026 a
2561 3972 2756 4030 Christi
2782 3990 3006 4047 corpore
3032 3992 3361 4048 separemur.
3391 3979 3770 4053 Respondcant

2192 4070 2337 4116 certe
2365 4060 2599 4119 ha:retici
2642 4066 2764 4122 novi
2783 4108 2800 4133 ,
2830 4067 2955 4137 quid
2985 4068 3242 4123 bonorum
3284 4070 3595 4126 meritorum
3626 4087 3766 4142 pra:-

2192 4152 2346 4207 ccdat
2375 4153 2427 4208 in
2472 4154 2776 4210 hominibus
2804 4156 3033 4212 inimicis
3072 4159 3274 4213 nomini
3316 4159 3622 4216 christiano.
3654 4161 3767 4216 Non

2193 4245 2366 4300 solum
2382 4247 2524 4302 enim
2551 4263 2659 4303 non
2686 4247 2882 4303 habent
2909 4248 3125 4314 bonum,
3144 4249 3239 4304 sed
3260 4250 3449 4305 habent
3471 4252 3631 4307 etiam
3651 4267 3769 4322 pes-

2192 4336 2384 4391 simum
2409 4340 2678 4394 meritum.
2708 4339 2777 4394 Et
2800 4348 2976 4396 tamen
3006 4341 3165 4396 etiam
3190 4341 3269 4397 sic
3292 4340 3589 4413 Cyprianus
3608 4344 3766 4400 intel-

2194 4426 2339 4497 ligit,
2368 4428 2512 4497 quod
2542 4430 2595 4483 in
2633 4430 2874 4486 oratione
2901 4430 3160 4507 dicimus,
3188 4431 3308 4486 Fiat
3335 4433 3564 4488 voluntas
3592 4444 3681 4488 tua
3715 4434 3766 4488 in

2192 4517 2316 4571 caelo
2341 4527 2387 4571 et
2410 4518 2462 4571 in
2486 4526 2620 4572 terra
2643 4535 2664 4571 :
2694 4527 2753 4573 ut
2775 4528 2830 4574 et
2853 4535 2950 4590 pro
2976 4521 3124 4591 ipsis,
3140 4522 3227 4592 qui
3257 4533 3470 4592 propter
3497 4524 3599 4578 hoc
3626 4532 3766 4578 terra

2194 4607 2557 4678 intelliguntur
2578 4609 2598 4640 ³
2617 4651 2632 4676 ,
2665 4626 2898 4665 oremus.
2926 4610 3152 4668 Oramus
3179 4628 3306 4683 ergo
3330 4628 3437 4667 non
3461 4611 3631 4669 solum
3672 4627 3767 4684 pro

2194 4698 2496 4753 nolentibus
2512 4738 2532 4764 ,
2565 4715 2746 4755 verum
2771 4700 2930 4758 etiam
2957 4715 3053 4770 pro
3079 4703 3495 4772 repugnantibus
3519 4710 3573 4757 et
3597 4717 3767 4772 Oppu-

2191 4792 2494 4864 gnantibus.
2521 4792 2657 4860 Quid
2685 4808 2813 4864 ergo
2844 4794 3104 4863 petimus,
3133 4794 3236 4849 nisi
3263 4802 3317 4848 ut
3349 4796 3475 4849 [iant
3497 4809 3563 4849 ex
3587 4795 3768 4848 nolen-

2197 4883 2334 4939 tibus
2374 4884 2645 4949 volentes,
2693 4898 2759 4938 ex
2790 4886 3204 4954 repugnantibus
3242 4885 3668 4950 consentientes,
3700 4899 3764 4938 ex

2196 4974 2618 5045 oppugnantibus
2660 4974 2937 5031 amantes?
2966 4976 3007 5029 A
3040 4989 3146 5044 quo
3164 5013 3181 5039 ,
3225 4975 3326 5029 nisi
3353 4974 3421 5029 ab
3450 4974 3543 5029 illo
3569 4974 3635 5029 de
3662 4986 3771 5044 quo

2195 5057 2448 5139 scriptum
2503 5077 2605 5131 est,
2643 5064 2967 5138 Pra’paratur
3008 5066 3237 5121 voluntas
3264 5083 3296 5120 a
3324 5065 3540 5121 Douu'uo
3584 5064 3765 5136 (Prov.

2197 5177 2283 5218 vin
2309 5202 2324 5226 ,
2367 5176 2469 5215 sec.
2497 5159 2717 5230 LXX)?
2760 5158 2974 5214 Discant
3017 5172 3146 5227 ergo
3189 5172 3310 5213 esse
3348 5157 3633 5222 catholici,
3678 5155 3765 5226 qui

2196 5250 2587 5321 dedignantur,
2625 5249 2671 5303 si
2710 5248 2834 5318 quid
2878 5248 2999 5303 mali
3040 5263 3146 5303 non
3189 5247 3425 5314 faciunt,
3465 5255 3521 5302 et
3560 5247 3605 5302 si
3644 5244 3764 5315 quid

2198 5341 2319 5396 boni
2360 5340 2592 5407 faciunt,
2632 5354 2737 5393 non
2778 5339 2830 5394 in
2870 5354 2929 5393 se
2964 5337 3131 5409 ipsis,
3173 5336 3267 5393 sed
3302 5338 3353 5392 in
3391 5336 3617 5391 Domino
3653 5335 3768 5407 glo-

2197 5449 2343 5490 Harl.-

2264 5588 2277 5618 ι
2314 5584 2462 5647 aditi,
2490 5584 2708 5647 quando
2744 5596 2836 5634 non
2878 5595 2943 5634 ex
2985 5583 3103 5646 ipso.
3142 5582 3462 5636 Emendantur
3502 5581 3561 5633 ad
3602 5589 3704 5630 uss.

2262 5648 2281 5710 ξ
2316 5652 2362 5694 tn
2381 5645 2622 5710 _editis‘,et
2646 5658 2762 5695 esse.
2789 5646 2963 5710 abest,
2986 5645 3103 5710 et,a
3123 5653 3227 5694 Mss.
3244 5704 3256 5710 _
3462 5703 3490 5710 __
3614 5700 3624 5710 ,
3654 5692 3659 5699 .

2264 5708 2284 5740 ³
2315 5706 2534 5769 Gallicani
2570 5713 2695 5761 5133.,
2720 5705 2800 5768 qm'.
2823 5716 3013 5769 propter
3034 5706 3139 5767 hoc,
3173 5704 3284 5768 quia
3307 5703 3561 5755 cam-diter
3581 5703 3729 5752 rivum
3746 5730 3765 5759 ,

2198 5776 2330 5825 terra
2355 5768 2697 5828 intelitgtmtnr.
