4088 6534
250 442 352 500 69.9

319 550 543 609 CAPUT
573 548 641 605 Χ.
664 576 734 590 --
751 546 842 601 27.
865 538 1105 615 Cypriani
1124 534 1403 593 testimonia
1428 533 1489 588 de
1502 531 1716 605 justitite
1738 547 1831 585 no-

256 654 373 700 rma:
396 640 794 715 imperfectiouc.
821 634 959 693 Illud
984 633 1094 705 jam
1121 629 1335 706 tertium
1360 626 1634 682 videamus
1652 665 1667 689 ,
1693 622 1835 695 quod

253 752 360 792 non
389 735 564 790 minus
589 734 641 788 in
685 731 801 791 istis
843 741 1002 785 omne
1024 722 1222 782 Christi
1250 719 1549 776 membrum
1587 726 1642 774 et
1668 726 1836 773 totum

254 828 584 899 cjuscOrpus
605 822 881 887 exhorret,
899 818 1023 889 quia
1037 811 1364 872 contendunt
1378 824 1502 867 esse
1522 809 1573 863 in
1594 808 1694 864 hac
1709 808 1838 875 vita,

258 918 342 974 vel
385 916 549 972 fuisse
583 914 793 984 justus,
839 909 1044 966 nullum
1088 904 1349 961 habentes
1388 900 1609 955 omnino
1648 912 1840 969 pecca-

262 1018 372 1065 tum
404 1006 499 1080 (a).
530 1004 644 1076 Qua
674 999 1092 1075 praesumptione
1117 994 1454 1066 apertissime
1478 990 1704 1046 orationi
1741 988 1844 1044 ὀο-

262 1100 471 1157 ininiciti-
492 1094 898 1157 contradicunt,
928 1090 982 1145 in
1007 1102 1111 1159 qua
1132 1085 1309 1141 omnia
1337 1082 1575 1140 membra
1602 1080 1799 1136 Christi
1824 1118 1844 1147 ,

268 1192 472 1247 Dimitte
495 1188 635 1244 nobis
658 1186 826 1242 debita
849 1192 1023 1239 nostra
1039 1221 1056 1249 ,
1088 1177 1266 1235 veraci
1295 1175 1457 1232 corde
1482 1184 1538 1229 et
1575 1169 1845 1245 qu0tidia--

267 1283 351 1338 nis
365 1281 579 1337 vocibus
595 1279 843 1334 clamant.
859 1273 1148 1329 Videamus
1163 1284 1291 1339 ergo
1306 1265 1432 1339 quid
1447 1265 1605 1319 etiam
1623 1278 1688 1317 ex
1707 1261 1808 1316 hoc
1828 1262 1844 1293 ί

266 1375 563 1450 Cyprianus
589 1373 640 1428 in
664 1370 889 1427 Domino
913 1362 1326 1438 gloriosissimus
1351 1356 1607 1421 senserit;
1629 1354 1756 1427 quid
1780 1352 1844 1407 ad

268 1442 603 1522 instruendus
628 1459 913 1523 Ecclesias,
943 1470 1047 1511 non
1078 1454 1258 1523 utique
1290 1447 1722 1509 Maniclncorum,
1753 1442 1849 1498 sed

267 1558 660 1615 Catholicorum
679 1596 696 1622 ,
722 1568 830 1608 non
850 1550 1025 1606 solum
1044 1545 1244 1602 dixerit
1264 1584 1279 1609 ,
1308 1556 1495 1597 verum
1522 1537 1683 1595 etiam
1710 1536 1853 1591 litte-

270 1650 368 1715 ris,
391 1647 769 1717 memoriaeque
798 1639 1145 1697 mandaverit.
1177 1635 1234 1691 lu
1261 1633 1484 1705 epistola
1514 1630 1582 1686 de
1604 1629 1777 1699 Opere
1797 1634 1853 1682 et

272 1738 643 1811 Eleemosynis
673 1752 689 1792 :
724 1753 744 1789 ι
781 1735 1146 1804 Agnoscamus
1189 1728 1401 1796 itaque,
1447 1723 1673 1787 fratres,
1715 1739 1732 1773 ι
1770 1719 1852 1773 in-

269 1830 423 1903 quit,
458 1847 480 1884 ι
512 1808 876 1888 dilectissimi,
906 1822 1100 1878 divinae
1125 1815 1468 1888 indulgentia:
1495 1808 1709 1869 salubre
1736 1825 1856 1903 mu-

273 1901 376 1976 nus
394 1962 408 1983 ,
438 1927 494 1975 et
517 1915 869 1976 emundandis
886 1915 908 1947 ¹
940 1909 1330 1983 purgandisqne
1356 1905 1590 1976 peccatis
1614 1901 1813 1958 nostris
1836 1942 1853 1967 ,

271 2012 364 2083 qui
393 2012 510 2068 sine
547 2010 726 2079 aliquo
753 2005 1091 2063 conscientia:
1117 2001 1339 2058 vulnere
1378 2012 1501 2053 esse
1528 2011 1634 2052 non
1666 2008 1858 2065 passu-

276 2118 431 2167 mus,
476 2101 700 2158 medelis
726 2097 1089 2172 spiritualibus
1112 2094 1331 2149 vulnera
1362 2098 1545 2145 nostra
1586 2099 1855 2142 curemus.

277 2194 389 2251 Nec
425 2194 705 2265 quisquam
745 2191 824 2246 sic
848 2190 947 2245 sibi
974 2187 1042 2244 de
1081 2199 1214 2256 puro
1240 2193 1400 2253 atque
1424 2180 1491 2235 de
1519 2176 1859 2234 immaculato

234 2330 244 2337 .
279 2293 493 2357 pectore
521 2281 851 2344 blandiatur,
892 2288 950 2333 ut
979 2272 1278 2332 innocentia
1299 2287 1400 2327 sua
1430 2270 1598 2326 fretus
1637 2265 1860 2323 medici-

232 2420 237 2423 ε
282 2391 405 2431 nam
423 2390 527 2429 non
553 2379 704 2445 putet
725 2367 1078 2426 adhibendam
1096 2380 1215 2421 esse
1230 2361 1572 2418 vulneribus:
1591 2374 1711 2414 cum
1730 2357 1864 2413 scri-

282 2476 430 2539 ptum
448 2466 536 2531 sit,
558 2464 683 2529 Quis
698 2460 992 2535 gloriabitur
1014 2466 1208 2513 castum
1233 2472 1285 2509 se
1308 2452 1487 2508 habere
1510 2450 1634 2506 cor?
1651 2459 1736 2503 aut
1752 2448 1863 2522 quis

283 2538 580 2631 gloriabitur
603 2552 848 2608 mundum
872 2567 927 2606 se
965 2565 1071 2605 esse
1096 2563 1128 2600 α
1156 2545 1371 2614 peccatis
1415 2541 1595 2609 (Prov.
1625 2557 1695 2595 xx
1714 2581 1729 2606 ,
1762 2538 1864 2607 9)?

285 2661 341 2707 et
378 2653 566 2707 iterum
592 2648 644 2703 in
677 2646 911 2717 Epistula
936 2657 1033 2698 sua
1057 2639 1291 2697 Joannes
1328 2646 1490 2708 ponat
1516 2644 1570 2691 et
1595 2635 1772 2699 dicat,
1805 2632 1866 2688 Si

286 2745 559 2800 dixerimus
578 2744 699 2817 quia
721 2750 978 2812 percolunt
1001 2755 1103 2794 non
1138 2736 1378 2791 habemus
1396 2774 1411 2801 ,
1441 2748 1531 2786 nos
1565 2730 1703 2799 ipsos
1725 2727 1866 2780 deci-

289 2837 473 2909 pimus,
498 2845 547 2915 et
564 2816 744 2888 veritas
769 2832 820 2886 in
840 2829 981 2885 nobis
1001 2846 1100 2884 non
1121 2838 1194 2884 est
1216 2827 1236 2860 ³
1270 2823 1313 2897 (l
1339 2822 1495 2881 Joan.
1520 2837 1561 2889 ι,
1583 2820 1666 2892 8).
1690 2816 1747 2875 Si
1773 2833 1869 2872 au-

290 2937 396 2983 tem
427 2911 581 2983 nemo
606 2938 723 2981 csse
749 2923 866 2981 sine
893 2931 1109 2994 peccno
1138 2927 1330 2992 potest,
1359 2928 1412 2973 ct
1438 2915 1676 2988 quisquis
1700 2928 1758 2967 se
1787 2911 1870 2967 in.

289 3017 556 3087 eulpatum
586 3015 799 3082 dixerit,
826 3023 913 3069 aut
946 3012 1205 3083 superbus
1230 3017 1323 3065 aut
1348 3008 1543 3063 stultus
1569 3013 1651 3060 est
1673 3020 1687 3057 :
1710 3017 1875 3073 quam.

292 3107 609 3171 necessaria,
630 3120 786 3175 quam
815 3104 1039 3174 benigna
1067 3110 1150 3156 est
1175 3100 1349 3154 divina
1376 3095 1828 3164 clementia;quze
1848 3091 1871 3123 ⁸

292 3212 412 3253 cum
428 3198 561 3252 sciat
588 3212 691 3250 non
713 3195 902 3251 deesse
917 3192 1117 3249 sanatis
1132 3190 1375 3262 quaedam
1405 3185 1737 3258 postmodum
1758 3183 1874 3238 vul-

294 3303 421 3343 nera
443 3328 457 3348 ,
486 3286 634 3341 dedit
659 3285 906 3341 curandis
932 3285 1110 3339 denuo
1137 3280 1494 3350 sanandisque
1515 3277 1535 3310 ⁸
1566 3274 1874 3331 vulneribus

293 3380 529 3437 remedia
557 3378 841 3435 salutaria?
870 3398 888 3432 ι
916 3378 1120 3433 Rursus
1147 3376 1197 3430 in
1222 3373 1412 3430 eadem
1437 3389 1451 3425 :
1489 3389 1510 3425 ι
1540 3370 1608 3426 Et
1623 3368 1872 3440 quoniam

293 3472 560 3543 quotidie,
599 3490 619 3525 ι
654 3471 857 3542 inquit,
893 3488 912 3522 ι
948 3470 1136 3525 deesse
1159 3483 1266 3523 non
1304 3472 1479 3537 potest
1515 3463 1656 3534 quod
1684 3475 1874 3532 pecce-

296 3572 385 3618 tur
429 3563 479 3617 in
520 3572 805 3633 conspectu
832 3561 961 3626 Dei;
1001 3558 1257 3615 sacrificia
1285 3555 1586 3627 quotidiana
1632 3568 1737 3608 non
1779 3550 1875 3608 de-
1922 3622 1935 3634 .

293 3652 493 3718 erant“,
516 3653 708 3723 quibus
734 3658 951 3724 possent
976 3658 1187 3721 peccata
1213 3647 1362 3719 tergi.
1377 3665 1398 3701 ι
1420 3645 1553 3701 item
1580 3645 1631 3699 in
1654 3642 1876 3714 epistola

293 3745 363 3800 de
406 3745 719 3800 Hortalitatc
749 3761 763 3799 :
800 3742 988 3797 (Cum
1030 3740 1289 3804 avaritia,
1330 3758 1350 3790 ι
1384 3737 1588 3807 inquit,
1623 3754 1646 3789 ‹
1683 3733 1834 3791 nobis
1857 3773 1873 3799 ,

294 3852 416 3894 cum
442 3837 768 3909 impudicitia
785 3878 802 3903 ,
830 3851 949 3891 cum
975 3835 1051 3889 ira
1068 3875 1087 3902 ,
1113 3848 1233 3889 cum
1258 3830 1545 3885 ambitione
1570 3826 1878 3898 congressio

292 3936 412 3993 est;
438 3944 558 3983 cum
582 3926 884 3982 carnalibus
908 3925 1068 3992 vitiis,
1099 3939 1218 3980 cum
1244 3921 1510 3979 illecebris
1535 3919 1878 3977 sarcularibus

293 4017 505 4075 assidua
525 4027 583 4075 et
610 4019 832 4072 molesta
876 4016 1095 4072 luctatio
1117 4023 1201 4071 est
1231 4032 1245 4067 :
1270 4014 1495 4070 obsessa
1521 4026 1673 4067 mens
1701 4010 1877 4066 homi-

295 4110 418 4177 nis,
454 4119 515 4165 et
550 4109 786 4181 nudique
809 4108 1008 4165 diaboli
1036 4105 1375 4162 infestatione
1402 4104 1628 4170 vallata,
1660 4104 1746 4157 vix
1783 4116 1876 4158 oc-

294 4202 464 4258 currit
496 4201 749 4271 singulis,
777 4201 863 4255 vix
890 4200 1111 4255 resistit.
1141 4198 1198 4253 Si
1222 4196 1443 4252 avaritia
1469 4203 1732 4266 prostrata
1755 4203 1874 4258 est,

294 4294 536 4365 exsurgit
558 4293 757 4358 libido;
786 4294 830 4347 si
857 4292 1024 4347 libido
1046 4304 1353 4360 compressa
1378 4298 1481 4354 est,
1507 4286 1743 4343 succedit
1764 4302 1880 4340 am-

297 4387 464 4454 bitio;
489 4387 536 4441 si
560 4385 781 4441 ambitio
806 4393 1108 4453 contempta
1126 4391 1251 4449 cst,
1280 4382 1356 4436 ira
1378 4387 1702 4450 exasperat,
1733 4378 1880 4434 inﬂat

295 4476 567 4546 superbia,
595 4476 881 4532 vinolentia
909 4475 1116 4537 invitat,
1145 4473 1339 4528 invidia
1364 4470 1702 4528 concordiam
1728 4486 1877 4527 rum.

298 4570 411 4640 pit,
437 4568 720 4624 amicitiam
747 4568 892 4623 zelus
910 4568 931 4601 "
957 4566 1220 4621 abscindit
1250 4583 1264 4618 :
1294 4561 1837 4635 cogerismaledicerc
1858 4603 1877 4629 ,

296 4663 441 4734 quod
467 4663 645 4718 divina
687 4662 776 4717 lex
819 4660 1100 4731 prohibet;
1130 4657 1466 4726 compelleris
1490 4656 1709 4725 jurare,
1737 4654 1879 4726 quod

299 4772 409 4812 non
434 4756 575 4812 licet.
603 4755 705 4811 Tot
730 4754 1126 4826 persecutiones
1152 4751 1360 4806 animus
1384 4748 1620 4821 quotidie
1645 4739 1881 4819 patitur,

376 4974 392 5005 ί
422 4971 554 5030 Fditi,
572 4971 623 5022 in
644 4969 751 5020 hoc.
783 4977 916 5028 Mss,
939 4979 1003 5030 ex
1025 4965 1130 5016 hac.

371 5024 1013 5145 'eml-ld’izttit',,t‘t1t_scrmutdutidis.
1057 5035 1111 5078 At
1147 5029 1195 5076 in
1218 5032 1325 5075 Mss.
1351 5032 1402 5075 et
1423 5024 1549 5088 apud
1579 5025 1880 5088 Curiatium,

456 5110 478 5142 ‘t
549 5108 610 5143 ιιι
648 5108 662 5142 i
692 5130 704 5142 .

301 5102 350 5147 et
374 5102 704 5146 emundanda.

362 5144 391 5189 λέ
422 5158 504 5206 ttic
527 5144 650 5217 manu
681 5153 965 5217 Cyprianum
1000 5149 1206 5217 additur,
1228 5146 1300 5217 (si
1342 5153 1499 5217 autem
1536 5144 1736 5217 gany'essi
1759 5145 1883 5215 ﬁte-

303 5217 457 5280 rimus
479 5205 673 5280 peccata
691 5205 870 5280 auara,
894 5211 1053 5277 ﬁdelis
1072 5217 1117 5261 et
1130 5205 1292 5274 justus
1323 5216 1393 5259 est
1422 5205 1663 5265 Dominus,
1689 5205 1770 5272 qui
1801 5219 1884 5256 no-

303 5279 379 5330 bis
400 5275 595 5342 peccatu
617 5275 844 5327 dimittat.

372 5342 391 5372 δ
401 5328 471 5388 ἰη
495 5342 637 5389 «litis
649 5349 877 5387 omissum
892 5342 1017 5392 erat,
1035 5346 1179 5397 quam
1201 5330 1500 5397 necessaria,
1515 5343 1656 5393 quam
1683 5328 1885 5392 baiigna

305 5408 377 5453 est
413 5401 574 5451 dicina
609 5398 888 5456 clrntentiu,
924 5390 1058 5460 quer:
1092 5396 1303 5444 ltabetur
1326 5396 1373 5442 in
1407 5390 1655 5443 Gallicanis
1690 5390 1796 5440 Mss.
1835 5400 1887 5441 et

306 5464 432 5526 apud
453 5466 749 5527 Cyprianum.

370 5526 391 5558 ³
426 5513 592 5574 Ετῖ“ι·ι
627 5530 758 5581 I.ov.,
796 5516 1148 5579 salvandisquc.
1207 5526 1304 5565 Am.
1351 5524 1403 5566 et
1445 5523 1550 5565 Mss.
1573 5549 1589 5576 ,
1632 5513 1885 5565 sanandi;-

306 5598 571 5704 quirem,
596 5645 815 5695 deerunt.
838 5642 1137 5704 Castiganlur
1164 5652 1225 5689 ex
1251 5646 1352 5688 ηδε.

371 5709 391 5739 ⁷
427 5716 497 5757 llr.
526 5701 577 5757 ut
605 5714 734 5763 I.ov.,
759 5704 913 5755 scelus
938 5701 1240 5751 ftnendos‘c.

372 5771 443 5832 (τι)
477 5777 651 5828 Dngma
676 5761 790 5815 illud
815 5765 1122 5817 Pelagianum
1135 5765 1233 5871 5iam
1256 5762 1530 5810 damnatum
1554 5761 1708 5808 fuerat
1735 5775 1758 5805 a
1778 5774 1888 5807 cnti-

376 5834 419 5871 in
461 5833 623 5871 Al'r'mm
670 5826 925 5871 universali
981 5826 1092 5871 anui
1166 5826 1231 5871 l8.
1284 5826 1391 5871 title
1437 5826 1583 5871 inuia.
1633 5826 1676 5869 lu
1706 5831 1837 5871 tartc
1864 5821 1888 5869 Ξ

310 5821 623 5880 εἰΙὶοἈ1ἰ·ἰὰιξ
670 5826 925 5877 universali
981 5826 1092 5873 anui
1135 5821 1231 5871 ΗΒ.
1284 5826 1391 5872 title
1437 5826 1583 5881 Lilia,
1633 5826 1676 5869 lu
1705 5821 1891 5883 gat-tui

314 5893 608 5955 «(-pcntlicis.

1594 420 1793 476 LIBER
1834 414 2175 486 QUARTUS.

3416 406 3519 463 650

1942 536 2021 583 tot
2046 527 2296 598 periculis
2314 535 2496 597 peetus
2523 533 2741 595 urgetur
2760 523 2799 589 ‘,
2818 531 2874 578 et
2897 520 3126 577 delectat
3150 518 3237 574 hic
3260 518 3398 574 inter
3415 518 3518 573 dia-

1943 619 2048 673 boli
2089 616 2296 690 gladios
2315 618 2336 650 ³
2364 615 2452 672 diu
2480 614 2653 682 stare’;
2681 627 2803 669 cum
2847 610 3015 682 magis
3040 607 3525 680 concupiscendum

1942 711 2012 766 sit
2054 719 2109 765 et
2149 709 2473 781 optandum,
2501 707 2566 762 ad
2595 706 2865 762 Christum
2906 703 3255 761 subveniente
3291 701 3526 757 velocius

1945 810 2116 859 morte
2145 816 2453 873 properare.
2485 820 2505 854 ι
2540 800 2670 856 Item
2698 799 2750 854 in
2778 799 2893 868 ipsa
2926 814 2939 852 :
2977 814 2997 850 ι
3035 796 3302 862 Beatus,»
3338 792 3527 864 inquit.

1951 894 2277 966 «apostolus
2301 892 2499 948 Paulus
2523 892 2577 947 in
2602 889 2838 961 Epistula
2864 904 2957 944 sua
2979 887 3127 958 ponit
3151 898 3206 944 et
3231 884 3379 951 dicit,
3399 882 3531 939 Mihi

1946 989 2105 1044 viuere
2129 984 2358 1042 Christus
2383 993 2476 1049 est,
2502 992 2550 1038 et
2572 983 2699 1037 mori
2722 981 2921 1036 lucrum
2945 977 3206 1049 (Philipp.
3230 992 3270 1044 ι,
3287 976 3385 1044 21)
3412 992 3424 1027 :
3449 975 3531 1029 lu«

1947 1093 2096 1134 crum
2121 1077 2415 1132 maximum
2439 1079 2754 1144 computans
2774 1071 2884 1141 jam
2922 1066 3264 1126 saecularibus
3281 1064 3489 1137 laqueis
3512 1064 3532 1095 ⁸

1950 1184 2056 1223 non
2100 1169 2303 1233 teneri,
2322 1167 2437 1238 jam
2482 1166 2641 1221 nullis
2681 1162 2914 1235 peccatis
2952 1170 3007 1219 et
3034 1162 3179 1217 vitiis
3217 1159 3396 1216 carnis
3434 1158 3533 1215 ob-

1952 1261 2165 1317 noxium
2191 1260 2325 1315 ﬁeri.
2364 1278 2383 1313 ι
2419 1258 2551 1315 Item
2577 1258 2645 1314 de
2666 1256 2909 1313 oratione
2931 1253 3197 1311 dominica
3210 1280 3233 1318 ~,
3259 1266 3532 1322 exponens

1951 1351 2088 1419 quod
2115 1352 2343 1424 petimus
2366 1350 2605 1407 dicentes
2624 1390 2640 1417 ,
2671 1332 3032 1418 Sanctiﬁcetur
3055 1361 3237 1401 nomen
3265 1353 3443 1409 tuum;
3464 1342 3538 1397 ait

1953 1444 2092 1501 inter
2117 1454 2308 1499 caetera
2340 1461 2352 1496 :
2377 1446 2411 1497 ἰ
2446 1442 2592 1514 Opus
2621 1449 2703 1498 est
2731 1441 2872 1497 enim
2898 1438 3055 1495 nobis
3079 1437 3384 1508 quotidiana
3411 1452 3535 1491 san-

1953 1534 2273 1591 ctiﬁcatione
2290 1577 2305 1601 ,
2334 1544 2392 1589 ut
2418 1534 2507 1605 qui
2533 1532 2771 1604 quotidie
2794 1530 3153 1602 delinquimus
3173 1568 3188 1595 ,
3206 1526 3409 1583 'delieta
3439 1543 3538 1581 no-

1955 1636 2063 1680 stra
2088 1624 2507 1680 sanctiﬁcatione
2530 1622 2742 1679 assidua
2779 1635 3148 1691 rcpurgcmus.
3188 1637 3206 1670 ι
3243 1618 3449 1673 Rursus
3488 1618 3538 1670 in

1955 1717 2141 1773 eadem
2161 1758 2178 1785 ,
2206 1732 2326 1772 cum
2354 1724 2646 1787 exponeret
2684 1714 2826 1787 quod
2853 1714 3113 1777 dicimus,
3150 1711 3356 1767 Dimitte
3400 1711 3541 1764 nobis

1958 1807 2121 1862 άώὶια
2146 1817 2318 1862 nostra
2361 1806 2570 1880 (Matth.
2600 1822 2684 1873 vt,
2713 1804 2782 1874 9,
2811 1803 2899 1877 12)
2935 1823 2948 1860 :
2985 1822 3003 1857 ι
3042 1803 3209 1873 Quam
3240 1803 3541 1857 necessarie

1957 1908 2155 1964 autem,
2187 1919 2209 1953 ι
2241 1899 2428 1969 inquit,
2468 1916 2488 1951 ι
2516 1913 2673 1969 quam
2702 1897 3044 1968 providenter
3067 1904 3121 1951 et
3147 1894 3431 1950 salubriter
3450 1894 3543 1947 ad-

1960 2008 2272 2061 monemur,
2300 1993 2443 2064 quod
2481 1999 2791 2063 peccatores
2814 2005 3001 2045 sumus
3021 2031 3036 2055 ,
3063 1988 3153 2056 qui
3183 2004 3277 2059 pro
3313 1988 3545 2059 peccatis

1962 2102 2150 2158 rogare
2190 2086 2591 2156 compellimur;
2623 2092 2684 2140 ut
2704 2083 2834 2139 dum
2861 2082 3182 2154 indulgentia
3214 2080 3282 2136 de
3310 2081 3421 2135 Deo
3449 2095 3544 2150 pe-

1964 2179 2127 2243 titur,
2169 2176 2511 2233 conscientia:
2538 2192 2650 2231 sute
2688 2175 2898 2230 animus
2923 2173 3267 2230 recordetur!
3309 2171 3386 2227 Ne
3427 2170 3545 2242 quis

1963 2269 2061 2324 sibi
2088 2273 2236 2340 quasi
2266 2267 2841 2339 innocens-placeat,et
2864 2281 2922 2322 se
2944 2264 3251 2321 extollendo
3276 2265 3396 2334 plus
3421 2280 3547 2334 pcr-

1965 2370 2050 2416 eat
2068 2402 2084 2427 ,
2132 2359 2409 2416 instruitur
2434 2367 2494 2415 ct
2530 2359 2752 2413 docetur
2776 2372 2997 2429 peccare
3022 2371 3082 2411 se
3122 2355 3357 2427 quotidie
3376 2397 3391 2422 ,
3420 2354 3547 2410 dum

1966 2450 2202 2522 quotidie
2220 2465 2314 2520 pro
2326 2450 2559 2520 peccatis
2573 2449 2786 2520 iubetur
2799 2464 2974 2503 orare.
2988 2448 3075 2504 Sic
3092 2447 3320 2519 denique
3334 2447 3554 2503 etJoan-

1970 2558 2063 2597 nes
2107 2543 2160 2596 in
2189 2541 2424 2610 Epistula
2464 2556 2562 2597 sua
2589 2549 2769 2597 monet
2793 2539 2975 2597 dicens
2998 2583 3013 2608 ,
3045 2540 3105 2596 Si
3133 2540 3407 2595 dixerimus
3434 2540 3557 2611 quia

1969 2642 2225 2705 peccatum
2252 2648 2352 2688 non
2377 2630 2647 2699 habemus,
2675 2630 2766 2687 nos
2789 2632 2925 2703 ipsos
2964 2630 3240 2702 decipimus
3261 2671 3276 2697 ,
3305 2638 3351 2684 et
3374 2628 3557 2685 ueritas
3656 2652 3659 2655 ν

1970 2726 2021 2779 in
2049 2726 2188 2780 nobis
2208 2734 2428 2781 nonest.
2457 2725 2520 2781 Si
2546 2734 2712 2779 autem
2735 2724 2950 2798 confessi
2974 2726 3219 2796 fuerimus
3244 2730 3447 2793 peccata
3467 2737 3565 2775 no»

1972 2828 2095 2886 atra,
2116 2819 2288 2889 ﬁdelis
2308 2828 2356 2874 et
2368 2819 2545 2889 justus
2564 2826 2636 2872 est
2654 2816 2689 2879 ⁸,
2702 2818 2790 2889 qui
2816 2816 2959 2871 nobis
2988 2824 3193 2887 peccata
3216 2815 3431 2868 dimittat
3461 2832 3479 2866 ι
3515 2814 3559 2883 (ι

1971 2909 2126 2965 Joan.
2158 2926 2209 2975 t,
2237 2910 2271 2965 8
2299 2918 2345 2964 et
2368 2909 2447 2982 9).
2485 2909 2673 2965 Merito
2697 2918 2751 2964 et
2775 2907 2839 2963 ad
2865 2907 3143 2975 Quirinum
3170 2905 3234 2960 de
3261 2906 3360 2960 hac
3385 2919 3445 2960 re
3465 2904 3559 2958 ah-

1975 3000 2353 3057 solutissiinam
2383 3001 2703 3057 sententiam
2743 3014 2893 3055 suam
2938 2998 3247 3070 preposuit,
3290 2997 3375 3053 cui
3407 2998 3558 3052 testi-

1975 3095 2151 3153 monia
2178 3094 2356 3150 divina
2394 3093 2770 3165 subjungeret,
2807 3111 2828 3145 ε
2862 3090 3139 3147 Neminem
3167 3091 3283 3147 sine
3322 3089 3477 3145 sorde
3503 3100 3566 3146 et

1976 3186 2091 3241 sine
2117 3195 2333 3257 peccato
2357 3200 2478 3242 esse
2512 3204 2534 3239 ι
2570 3184 2707 3257 (Lib.
2736 3184 2803 3251 5,
2833 3200 2947 3255 cap.
2975 3182 3084 3254 δι)
3121 3201 3135 3243 :
3167 3182 3257 3238 ubi
3281 3182 3439 3237 etiam
3469 3182 3556 3235 ilta

1980 3279 2277 3336 testimonia
2317 3279 2525 3349 posuit,
2555 3278 2746 3350 quibus
2769 3277 3112 3333 confirmatur
3137 3276 3393 3346 originale
3428 3290 3560 3348 pec-

1978 3378 2151 3425 catu-n
2174 3412 2191 3437 ,
2217 3385 2335 3441 quae
2365 3378 2625 3424 conantur
2647 3369 2732 3424 isti
2761 3369 2811 3422 in
2854 3368 3195 3437 nescio-quos
3217 3366 3351 3420 alios
3389 3380 3561 3421 novos

1980 3475 2170 3516 sensus
2211 3474 2506 3532 pravosque
2530 3469 2841 3515 convertere
2873 3477 2887 3513 :
2920 3458 3032 3513 sive
3068 3455 3208 3527 quad
3231 3456 3306 3511 ait
3347 3466 3561 3511 sanctus

1979 3552 2081 3608 Job
2099 3593 2113 3618 ,
2140 3551 2415 3609 Neminem
2440 3566 2560 3607 esse
2596 3551 2707 3606 sine
2732 3549 2914 3616 sorde,
2956 3564 3043 3603 nec
3077 3548 3224 3620 cujus
3248 3548 3312 3601 sit
3336 3547 3435 3601 vita
3462 3547 3561 3600 diei

1980 3644 2130 3698 unius
2153 3652 2305 3713 super
2330 3652 2514 3698 terram
2540 3640 2662 3712 (Job
2688 3657 2794 3707 xiv,
2821 3642 2857 3697 5
2878 3682 2895 3707 ,
2921 3656 3021 3696 sec.
3052 3638 3253 3711 LXX);
3279 3640 3391 3695 sive
3416 3640 3568 3710 quod

1981 3736 2035 3790 in
2061 3734 2272 3790 Psalmo
2295 3734 2503 3805 legitur,
2533 3731 2598 3787 In
2620 3732 2846 3803 facinore
2864 3740 3131 3801 conceptus
3155 3747 3284 3793 sum,
3311 3739 3355 3785 et
3375 3731 3426 3785 in
3449 3746 3562 3801 pec-

1981 3827 2104 3881 catis
2129 3843 2208 3882 me
2241 3835 2398 3880 mater
2421 3841 2533 3880 mea
2555 3825 2607 3879 in
2636 3835 2776 3879 utero
2799 3823 2925 3879 aluit
2950 3822 3122 3893 (Paul.
3152 3838 3183 3877 ι.
3201 3865 3217 3889 ,
3246 3822 3321 3894 7).
3361 3820 3576 3890 Quibus-

1984 3916 2334 3985 testimoniis,
2362 3922 2580 3987 propter
2603 3928 2698 3971 eos
2738 3914 2897 3969 etiam
2925 3914 3013 3984 qui
3031 3913 3140 3983 jam
3169 3913 3221 3968 in
3248 3921 3407 3969 aetate
3444 3928 3561 3968 ma-

1977 4008 2081 4078 jori
2121 4018 2243 4063 sunt
2268 4007 2470 4070 sancti,
2495 4006 2619 4078 quia
2656 4020 2755 4061 nec
2783 4004 2882 4077 ipsi
2910 4011 3036 4059 sunt
3061 4004 3178 4059 sine
3204 4002 3362 4060 sorde
3403 4013 3564 4076 atque
3639 4048 3647 4057 .

1984 4106 2223 4168 peccato,
2245 4096 2485 4167 adjunin
2510 4095 2668 4151 etiam
2695 4093 2822 4150 illud
2848 4092 3139 4150 beatissimi
3159 4092 3401 4157 Joannis,
3423 4094 3564 4165 quod

1983 4188 2165 4243 multis
2186 4196 2240 4243 et
2261 4187 2380 4242 aliis
2408 4186 2540 4242 locis
2564 4199 2710 4255 stupe
2736 4172 3124 4240 commemorat
3153 4201 3167 4237 :
3201 4184 3262 4241 Si
3289 4184 3566 4239 dixerimus

1981 4282 2099 4348 quin
2128 4288 2387 4350 peccatum
2412 4295 2513 4333 non
2551 4276 2822 4345 habemus;
2850 4284 2906 4332 et
2941 4284 3138 4332 cratera
3163 4275 3400 4346 ejusdem
3440 4291 3565 4331 sen-

1986 4372 2163 4426 lentim
2182 4411 2196 4434 ,
2225 4386 2342 4440 qua:
2371 4369 2439 4424 ab
2463 4368 2710 4423 omnibus
2733 4365 3023 4425 Catholicis
3067 4379 3174 4421 non
3203 4374 3444 4422 tacentur
3467 4367 3562 4421 ad-

1982 4450 2171 4517 versus
2198 4463 2326 4516 isms
2344 4501 2361 4526 ,
2391 4461 2477 4532 qui
2503 4474 2561 4514 se
2605 4459 2747 4530 ipsus
2772 4458 3046 4529 decipiunt
3064 4499 3085 4527 ,
3108 4466 3163 4514 et
3188 4458 3238 4513 in
3266 4458 3343 4514 eis
3372 4459 3578 4514 veritas.

1994 4567 2093 4609 non
2124 4562 2225 4609 erit.

2042 4667 2149 4722 '28.
2188 4666 2400 4727 Dicant,
2446 4663 2490 4719 si
2534 4663 2731 4719 audent
2768 4662 3066 4734 Pelagiani,
3110 4662 3251 4719 hunc
3294 4663 3580 4719 hominem.

1990 4757 2518 4817 Dtifalaniclueorum
2552 4766 2736 4811 errare
2766 4771 3072 4825 per-versum
3092 4797 3108 4823 ,
3138 4754 3259 4826 quia
3290 4756 3360 4811 ita
3391 4757 3569 4811 laudat

1985 4858 2233 4915 sanctos,
2256 4858 2321 4904 'ut
2362 4858 2535 4903 tamen
2567 4848 2792 4903 fateatur
2829 4846 3099 4903 nemiuem
3138 4846 3193 4901 in
3220 4846 3322 4901 hac
3355 4846 3461 4902 vita
3500 4848 3579 4903 ad:

1988 4953 2184 5000 tantum
2221 4940 2599 5013 perfectionem
2632 4939 2906 5011 pervenire
2930 4940 2952 4972 ⁸
2985 4939 3201 5009 iustitia:
3221 4980 3237 5006 ,
3265 4947 3323 4994 ut
3366 4940 3583 4996 nullum

1968 5035 2180 5092 habent
2202 5034 2424 5089 orttnino
2446 5040 2724 5103 peccatum
2749 5071 2765 5097 ,
2793 5031 3112 5085 sententiam
3145 5043 3295 5085 suam
3328 5031 3570 5085 testimo-

1989 5131 2197 5186 niorum
2215 5125 2586 5183 canonicorum
2602 5124 2880 5196 perspicua
2895 5124 3123 5180 veritate
3133 5124 3376 5181 et'divina
3389 5134 3569 5183 aucto.

1989 5222 2147 5277 ritate
2166 5218 2506 5274 conﬁrmans.
2535 5215 2795 5287 Numquid
2821 5216 2962 5272 enim
2985 5225 3143 5288 negat
3168 5235 3197 5269 ι.
3224 5217 3274 5271 in
3302 5216 3584 5287 Baptismo-

1992 5313 2235 5366 tttiiversa
2264 5318 2476 5379 pccettta
2511 5307 2743 5373 dimitti,
2770 5326 2789 5360 ι
2822 5307 2944 5379 quia
2973 5306 3163 5362 fatetur
3206 5322 3422 5363 manere
3462 5307 3572 5363 fra-

1990 5404 2245 5472 gilitatem
2273 5410 2429 5470 atque
2459 5398 2817 5453 infimitatem
2843 5441 2857 5464 ,
2886 5398 3028 5455 unde
3068 5415 3166 5454 nos
3193 5400 3325 5455 dicit
3353 5416 3578 5470 precare

2058 5514 2076 5583 ξ
2110 5511 2327 5583 Gallicani
2355 5518 2481 5583 5:55.,
2505 5515 2570 5559 tot
2595 5507 2821 5583 periculis
2844 5516 2888 5561 et
2912 5510 3118 5574 peccatis
3138 5519 3353 5575 urgetur.

2058 5576 2078 5605 ⁸
2111 5575 2184 5635 sic
2208 5572 2385 5635 iniiss.
2414 5579 2464 5621 et
2484 5570 2611 5634 apud
2635 5570 2934 5635 Cyprianum.
2974 5580 3027 5621 At
3053 5582 3153 5621 Am.
3181 5570 3253 5620 tia
3278 5582 3327 5620 et
3351 5580 3441 5619 I.ov
3467 5604 3481 5627 ,
3506 5570 3577 5618 in-

1997 5642 2069 5686 ter
2093 5632 2272 5684 diaboli
2306 5631 2515 5696 laqueos.

1998 5704 2009 5721 ‘
2058 5698 2080 5729 ³
2113 5696 2242 5757 Αιύα
2272 5692 2572 5757 Cyprianum,
2595 5693 2768 5746 surculi
2791 5692 2986 5755 laqueis.

1997 5758 2087 5864 βξ.
2118 5746 2587 5864 ,Δῃῇἑέτίλίῖξμίἃιιιιηι’,
2608 5757 2768 5819 justus
2790 5746 2863 5807 esi
2888 5750 3144 5813 Dominus;
3187 5756 3240 5802 ut
3277 5760 3353 5807 sui
3369 5760 3437 5809 ra,
3480 5746 3573 5797 cut.

2016 5836 2069 5864 )Li
2093 5856 2105 5864 .
2220 5854 2231 5864 .
2282 5855 2292 5864 ι

2016 5823 2105 5877 3'29,
2133 5828 2231 5867 not.
2256 5823 2292 5866 ³.
2880 5864 2893 5865 ,

2063 5884 2081 5913 ⁸
2120 5888 2249 5937 lanx,
2282 5878 2535 5941 t'crli'x’re.
