4096 6506
534 337 629 397 631
1171 336 1443 394 CONTRA
1486 337 1662 394 DUAS
1698 336 2069 393 El‘lSTOLAS
2108 335 2657 405 PELAGIANORUM,
2698 338 2753 394 S.
2798 338 3159 399 AUGUSTINI

528 460 651 521 post
678 450 1035 519 Baptismum,
1064 462 1118 505 et
1154 458 1319 521 usque
1349 450 1402 505 in
1440 449 1596 521 Irujus
1638 451 1758 504 vit-.c
1793 450 1950 503 Iinctn
1988 463 2108 505 cum

526 540 827 595 carnalibus
866 540 1005 595 vitiis
1049 540 1439 597 iudesinentem
1482 542 1499 573 ¹
1528 540 1725 596 habere
1766 540 2111 595 conﬂictum?

530 632 635 688 Aut
659 628 777 685 ideo
805 646 913 686 non
955 629 1300 695 meminerat,
1332 630 1457 699 quid
1492 647 1509 681 ι
1549 629 1615 685 de
1645 630 1973 684 immaculata
2005 628 2109 682 Ec-

531 721 691 776 clesia
724 740 741 772 ι
773 720 995 775 dixi-set
1026 720 1316 791 Apostolus
1341 719 1559 793 (Ephes.
1590 734 1654 786 v,
1679 719 1793 789 Ξῖ),
1822 719 1943 790 quia
1974 734 2107 788 pre-

533 809 668 878 ccpit
716 810 981 866 neminem
1029 813 1108 866 sic
1146 811 1244 866 sibi
1288 810 1356 866 de
1397 826 1529 881 puro
1571 819 1729 881 atque
1777 810 2112 865 immaculato

534 910 744 968 pectore
781 900 976 956 debere
1021 900 1273 966 blandiri,
1326 910 1382 956 ut
1424 902 1723 957 innocentia
1771 915 1863 954 sua
1910 900 2108 961 fretus,

534 991 847 1047 medicinam
880 1009 983 1046 non
1028 1003 1171 1063 putet
1211 993 1563 1049 adhibendam
1608 1008 1726 1049 esse
1771 991 2113 1046 vul.;erihus?

533 1085 667 1139 Puto
691 1083 831 1154 quod
873 1083 1170 1139 concedant
1211 1082 1330 1139 novi
1362 1082 1595 1138 hrcretiei
1624 1081 1750 1138 huic
1777 1080 1979 1137 homini
2018 1095 2112 1134 ca-

529 1174 728 1230 tholico
750 1174 908 1240 scire,
942 1193 960 1226 ι
988 1174 1240 1244 Spiritum
1268 1183 1508 1230 sanctum
1536 1183 1740 1228 mentes
1762 1173 1929 1229 bonas
1950 1172 2111 1227 etiam

528 1266 759 1338 antiquis
786 1268 1111 1338 temporibus
1135 1266 1434 1338 adjuvisse:
1470 1284 1490 1319 ι
1523 1266 1629 1322 imo
1658 1266 1815 1322 etiam
1841 1264 1981 1337 quod
2011 1263 2110 1337 ipsi

529 1358 749 1425 uolunt,
776 1374 877 1415 nec
906 1368 1110 1415 mentes
1138 1360 1304 1415 bonas
1327 1374 1421 1416 eos
1451 1360 1549 1415 nisi
1578 1373 1676 1431 per
1698 1358 1950 1429 Spiritum
1990 1372 2113 1414 san-

527 1456 671 1505 ctum
702 1448 901 1506 habere
927 1451 1179 1520 potuisse.
1216 1450 1347 1504 Puto
1376 1449 1518 1520 quod
1552 1467 1572 1502 ι
1605 1464 1791 1504 omnes
1817 1448 2112 1518 PrOphetas

528 1549 583 1594 et
612 1537 897 1611 Apostolos
926 1539 1006 1595 vel
1034 1539 1297 1610 quoslibet
1324 1546 1536 1594 sanctos
1560 1580 1574 1604 ,
1608 1539 1696 1609 qui
1725 1538 1948 1593 Domino
1978 1555 2112 1609 quo-

529 1644 757 1699 cumque
799 1638 1035 1701 tempore
1080 1630 1419 1697 placuerunt,
1465 1644 1570 1683 non
1617 1628 1668 1683 in
1717 1630 2114 1699 comparatione

527 1717 931 1786 sceleratorum,
954 1737 973 1771 ι
992 1718 1124 1775 sicut
1147 1733 1242 1774 nos
1260 1717 1343 1772 isti
1360 1718 1537 1774 dicere
1552 1719 1961 1783 calumniantur,
1982 1735 1998 1767 ι
2020 1717 2111 1772 sed

529 1809 708 1879 regula
737 1809 1012 1875 virtutum,
1047 1827 1066 1861 ι
1096 1810 1232 1865 sicut
1257 1825 1318 1866 se
1346 1808 1526 1865 dicere
1552 1810 1861 1881 gloriantur,
1894 1827 1912 1860 ι
1941 1809 2113 1879 justos

528 1902 693 1959 fuisse
722 1921 740 1955 ι
771 1910 991 1957 novctat
1014 1902 1312 1976 Cyprianus
1332 1944 1347 1969 ,
1378 1902 1467 1973 qui
1496 1910 1670 1957 tamen
1701 1903 1863 1957 dicit:
1897 1920 1915 1953 ι
1946 1900 2113 1955 Nemo

526 2006 648 2047 esse
684 1992 800 2049 sine
827 2004 1044 2063 peceato
1084 2005 1290 2063 potest;
1329 2002 1385 2050 ct
1422 1993 1657 2064 quisquis
1692 2008 1749 2048 se
1790 1993 2110 2062 inculpatqu

526 2082 758 2153 dixerit,
786 2093 877 2139 aut
905 2085 1165 2154 superbus
1184 2128 1198 2152 ,
1230 2094 1320 2141 attt
1348 2085 1543 2143 stultus
1571 2093 1672 2141 est.
1704 2103 1721 2137 ι
1753 2084 1860 2140 Nec
1896 2094 2115 2156 propter

526 2175 668 2231 aliud
705 2176 943 2247 intelligit
987 2176 1272 2246 scriptum,
1324 2176 1450 2245 Quis
1487 2176 1784 2249 gloriabitur
1820 2186 2013 2230 castum
2061 2193 2115 2229 se

528 2265 711 2321 habere
731 2267 858 2321 cor?
881 2276 968 2320 aut
996 2268 1107 2338 quis
1130 2267 1429 2339 gloriabitur
1452 2268 1697 2321 mundum
1725 2285 1778 2321 se
1804 2283 1911 2321 esse
1934 2284 1965 2320 a
1993 2284 2111 2337 pce-

525 2359 653 2413 catis
680 2358 860 2430 (Prov.
891 2374 961 2413 xx
979 2401 995 2427 ,
1023 2358 1122 2428 9)?
1150 2360 1285 2415 Puto
1313 2358 1454 2429 quod
1480 2374 1585 2415 non
1614 2359 1682 2414 ab
1710 2358 1823 2414 istis
1844 2357 2114 2414 docendus

528 2450 702 2504 fuerat
736 2448 1062 2523 Cyprianus,
1104 2450 1241 2521 quod
1289 2451 1487 2521 optime
1523 2448 1764 2517 sciebat,
1792 2468 1813 2504 ι
1850 2450 1902 2505 ia
1938 2450 2114 2505 futuro

528 2548 773 2610 tempore
801 2538 1099 2594 mercedem
1127 2554 1246 2595 esse
1279 2540 1535 2595 bonorum
1570 2554 1822 2610 operum,
1853 2540 2112 2595 malorum

529 2637 707 2684 autem
735 2628 1051 2699 supplicium
1072 2647 1087 2697 ;
1108 2640 1357 2685 cmterum
1386 2630 1651 2685 neminem
1675 2644 1850 2701 posse,
1882 2646 1998 2701 qua:
2026 2630 2112 2686 hic

528 2720 943 2790 contempserit,
972 2719 1078 2774 illic
1105 2721 1127 2752 ⁸
1159 2720 1404 2775 mandata
1450 2721 1739 2790 perlicere:
1788 2740 1808 2773 ι
1842 2729 1896 2777 et
1936 2730 2110 2777 tamen

530 2812 691 2867 etiam
734 2812 904 2883 ipsum
948 2813 1244 2882 apostolum
1275 2812 1527 2879 Paulum,
1574 2814 1942 2869 mandatorum
1970 2814 2111 2881 divi.

531 2918 721 2956 norum
749 2920 854 2957 nou
883 2904 1059 2974 utique
1086 2914 1528 2974 contemptorem,
1557 2917 1662 2960 non
1690 2906 1759 2960 ob
1783 2905 1926 2961 aliud
1956 2907 2112 2961 intelo

531 2992 647 3063 ligit
679 2995 973 3064 asseritque
1009 2994 1239 3062 dixisse,
1272 2994 1405 3050 Mihi
1446 2997 1605 3051 vivere
1642 2994 1872 3051 Christus
1914 3006 2014 3063 est,
2067 3006 2113 3052 et

530 3084 660 3138 mori
687 3084 881 3151 lucrmn
911 3083 1165 3157 (Philipp.
1198 3102 1249 3153 ι,
1280 3086 1402 3157 2|);
1434 3087 1534 3141 nisi
1563 3087 1683 3157 quia
1713 3088 1917 3143 lucrum
1947 3089 2114 3142 maxi-

530 3192 675 3231 mum
719 3177 1053 3247 compntabat
1080 3219 1092 3242 ,
1117 3178 1225 3247 jam
1257 3186 1376 3248 post
1402 3178 1542 3234 hanc
1576 3180 1732 3234 vitam
1771 3180 2111 3236 stecularihus

531 3269 732 3339 laqueis
760 3283 862 3322 non
893 3269 1082 3335 teucri,
1111 3269 1219 3337 jam
1252 3269 1410 3324 nullis
1440 3271 1671 3340 peccatis
1699 3279 1753 3325 et
1774 3269 1914 3325 vitiis
1934 3272 2111 3325 carnis

527 3361 812 3417 obnoxium
845 3361 979 3416 ﬁeri.
1024 3362 1200 3418 Sensit
1236 3376 1363 3433 ergo
1406 3362 1742 3418 beatissimus
1781 3359 2107 3434 Cyprianus,

526 3461 687 3524 atque
725 3454 777 3508 in
806 3453 1101 3507 divinarum
1132 3452 1522 3525 Scripturarum
1554 3454 1777 3511 veritate
1804 3455 2069 3525 perspexit
2093 3496 2107 3518 ,

526 3546 687 3599 etiam
708 3544 942 3614 ipsorum
964 3544 1342 3613 Apostolorum
1356 3545 1597 3615 quamvis
1611 3543 1830 3611 bonam,
1848 3552 2108 3611 sanctam,

521 3639 829 3709 justamque
869 3637 1060 3703 vitam,
1114 3638 1400 3693 nonnullos
1436 3651 1606 3692 nexus
1648 3635 1983 3692 smcularium
2029 3635 2109 3690 la-

525 3743 784 3799 queorum
811 3728 972 3784 fuisse
999 3742 1326 3799 perpessam,
1354 3727 1623 3782 nonnullis
1648 3727 1878 3797 peccatis
1897 3733 1951 3781 et
1971 3726 2111 3781 vitiis

526 3818 704 3875 miritis
730 3818 1048 3883 obnoxiam;
1070 3827 1125 3873 ct
1154 3817 1273 3872 ideo
1295 3831 1389 3872 eos
1414 3825 1639 3872 mortem
1669 3815 2025 3881 desiderasse,
2054 3826 2111 3871 ut

527 3910 613 3965 his
638 3909 793 3966 malis
816 3918 1081 3976 carerent,
1112 3915 1166 3963 et
1196 3918 1251 3963 ut
1279 3907 1344 3963 ad
1370 3908 1537 3975 illam,
1564 3922 1685 3979 qua:
1710 3908 1807 3962 ista
1836 3923 1938 3962 non
1964 3917 2111 3979 pate—

527 4007 708 4063 retur,
741 4013 839 4053 nec
857 3997 966 4067 jam
997 3998 1048 4052 in
1076 3997 1325 4053 mandato
1350 3996 1610 4062 facienda,
1643 3998 1736 4052 sed
1766 3998 1816 4051 in
1845 3998 2062 4067 prmmio
2089 3996 2110 4028 ³

529 4087 867 4160 percipienda
903 4096 1078 4152 esset,
1128 4087 1414 4158 perfectam
1449 4087 1704 4157 justitiam
1750 4087 2106 4160 pervenirent.

527 4179 711 4249 Neque
739 4179 880 4235 enim
909 4194 1027 4235 cum
1052 4180 1256 4235 venerit
1283 4178 1423 4250 quod
1452 4193 1667 4234 oramus
1695 4177 1930 4235 dicentes
1952 4219 1967 4244 ,
2013 4178 2107 4232 νε-

530 4272 637 4326 niot
664 4270 683 4302 ⁸
711 4287 917 4343 regnum
947 4280 1087 4325 tuum
1124 4270 1336 4342 (.llatth.
1368 4287 1455 4337 vt,
1488 4269 1616 4343 I0),
1657 4285 1763 4325 non
1793 4270 1895 4325 erit
1938 4270 1990 4325 in
2020 4271 2111 4326 illo

530 4364 625 4419 Dei
652 4378 815 4434 regno
844 4363 944 4417 ulla
967 4362 1166 4432 justitia
1193 4381 1207 4418 :
1239 4377 1360 4418 cum
1386 4363 1526 4418 dicat
1552 4363 1858 4433 Apostolus,
1893 4361 2012 4418 Non
2038 4372 2111 4419 est

528 4455 663 4509 enim
696 4470 902 4525 regnum
932 4452 1028 4508 Dei
1065 4469 1179 4508 esca
1213 4462 1261 4508 et
1291 4463 1467 4523 potus,
1496 4453 1583 4509 sed
1604 4454 1805 4524 justitia
1842 4465 1890 4509 et
1918 4471 2022 4524 paa:
2063 4466 2110 4510 et

530 4539 775 4617 gaudium
799 4545 851 4598 in
878 4543 1077 4615 Spiritu
1103 4554 1277 4598 sancto
1300 4542 1473 4616 (Rom.
1506 4558 1622 4611 xw,
1648 4543 1757 4615 I7).
1787 4542 1986 4615 Nempe
2009 4545 2108 4600 ista

529 4637 630 4691 tria
659 4635 799 4691 inter
825 4645 1015 4690 caetera
1065 4641 1326 4705 prmecpta
1370 4633 1544 4689 divina
1579 4634 1972 4705 prazcipiuntur.
2012 4634 2109 4691 llic

532 4726 685 4781 nobis
713 4725 1015 4797 praecipitur
1038 4724 1239 4794 justitia
1265 4740 1385 4781 cum
1412 4724 1603 4780 dicitur
1620 4766 1635 4790 ,
1668 4723 1844 4779 Facite
1857 4726 2111 4797 justitiam

530 4818 681 4886 (Isai.
711 4833 825 4882 ωσι,
880 4817 954 4890 l).
1007 4817 1318 4888 l’rmcipitur
1338 4831 1457 4887 'pax
1500 4830 1619 4872 eum
1659 4816 1870 4881 dicitur,
1920 4814 2109 4870 Pacem

528 4914 706 4964 habete
743 4910 872 4964 inter
902 4925 987 4963 vos
1018 4908 1209 4981 (Marc.
1236 4923 1294 4963 ιι
1320 4949 1334 4974 ,
1366 4908 1476 4979 49).
1509 4908 1825 4978 Prrecipitur
1859 4909 2109 4979 gaudium

526 5016 648 5055 cum
692 5000 885 5055 dicitur
909 5038 924 5064 ,
974 4997 1199 5052 Gaudete
1226 4998 1280 5051 in
1323 4996 1540 5052 Domino
1581 5014 1776 5069 semper
1822 4996 2106 5068 (Philipp.

528 5107 582 5146 tv
596 5132 610 5155 ,
636 5091 717 5159 4).
738 5089 943 5159 Negent
962 5103 1089 5157 ergo
1110 5087 1373 5157 Pelagiani
1399 5086 1513 5142 lucc
1534 5085 1706 5142 futura
1731 5086 1787 5141 in
1807 5101 1972 5157 regno
1994 5087 2105 5151 Dei,

530 5182 618 5236 ubi
646 5181 761 5234 sine
801 5179 905 5232 line
932 5178 1206 5240 vivemus;
1238 5186 1328 5231 aut
1375 5190 1542 5255 usque
1568 5176 1738 5261 adeo,
1777 5177 1819 5231 si
1862 5175 2103 5243 videtur,

530 5272 797 5327 insaniant
825 5280 880 5323 ut
901 5268 1156 5338 justitiam
1216 5282 1396 5336 pacem
1426 5308 1442 5334 ,
1470 5267 1716 5339 gaudium
1738 5307 1752 5332 ,
1781 5264 1954 5337 qualia
1983 5280 2109 5322 sunt

529 5364 619 5421 hic
641 5360 800 5433 justis
822 5400 838 5423 ,
869 5356 992 5414 talia
1035 5369 1087 5412 et
1115 5358 1221 5413 ilhc
1246 5357 1413 5413 futura
1441 5371 1561 5414 esse
1584 5357 1924 5414 contendant.
1955 5357 2105 5424 Quod

593 5498 608 5527 '
647 5502 695 5544 In
716 5492 878 5549 editis,
897 5490 1234 5541 indesinenter.

589 5558 610 5590 ι
644 5554 787 5622 fditi,
820 5550 1151 5622 contempserit
1184 5551 1411 5600 mandata
1443 5550 1705 5615 per/icere,
1746 5555 1951 5612 omisso,
1984 5552 2100 5607 illic,

684 5622 790 5666 διεδ.
818 5628 882 5664 ex
908 5621 1196 5662 restituitur.

593 5682 612 5711 ³
644 5685 719 5728 Er.
745 5682 874 5735 ιον..
912 5671 1379 5742 primumcum.
1409 5681 1459 5724 et
1483 5681 1607 5733 3:55.,
1629 5673 1678 5726 in
1703 5677 1917 5737 privatio.

589 5746 611 5770 ”
646 5751 742 5789 an).
769 5743 841 5786 Er.
870 5744 919 5785 et
943 5734 1073 5797 Mss,
1095 5734 1335 5783 adveniat.

3706 348 3811 405 632

2224 447 2268 502 si
2300 457 2352 503 et
2378 458 2550 513 erunt,
2580 460 2632 504 et
2664 466 2764 504 non
2789 449 2910 505 talia
2939 462 3092 506 erunt
3119 469 3132 515 ;
3166 448 3403 520 profecto
3430 469 3614 509 eorum
3643 454 3729 511 hic
3754 459 3805 512 in

2222 548 2486 609 przecepto
2512 540 2742 594 curanda
2774 550 2855 595 est
2878 543 3038 607 actio,
3072 542 3180 596 illic
3207 542 3258 597 iu
3297 544 3515 613 prtemio
3544 547 3806 614 speranda

2220 628 2473 699 perfectio
2501 646 2513 681 :
2547 630 2633 682 ubi
2666 630 3003 687 s:ecularibus
3034 632 3156 687 ullis
3183 633 3383 703 laqueis
3408 648 3512 689 non
3541 636 3734 690 retenti
3763 640 3805 704 ⁸,

2221 720 2477 789 nullisque
2526 722 2753 789 peccatis
2789 733 2844 777 ct
2885 724 3025 778 vitiis
3068 727 3242 779 carnis
3286 726 3501 781 obnoxii
3546 728 3810 798 (propter

2218 809 2363 881 quod
2377 811 2680 879 Apostolus,
2707 811 2843 866 sicut
2864 813 2962 868 hoc
2984 816 3342 871 testimonium
3363 819 3572 888 accepit
3590 816 3807 890 Cypria-

2221 912 2319 952 nus
2339 939 2352 963 ,
2383 899 2517 954 mori
2549 900 2753 954 lucrum
2784 901 2884 955 sibi
2911 916 3031 958 esse
3058 903 3266 959 dicebat
3286 906 3324 973 ),
3355 906 3590 975 perfecte
3622 908 3809 979 diliga-

2222 1001 2337 1043 mus
2371 989 2535 1045 Deum
2557 1032 2570 1056 ,
2621 992 2773 1061 cujus
2806 992 2907 1047 crit
2945 992 3079 1049 facie
3103 994 3167 1049 ad
3201 994 3385 1051 faciem
3427 1000 3809 1069 contemplatio

2221 1080 2264 1151 (Ι
2297 1080 2414 1136 Cor.
2449 1079 2543 1138 xui
2563 1127 2576 1151 ,
2623 1083 2751 1153 I2);
2783 1084 3017 1155 perfecte
3058 1086 3337 1157 diligamus
3383 1098 3436 1144 et
3464 1091 3815 1161 proximum;

2219 1186 2340 1226 cum
2369 1168 2719 1229 manifestati§
2743 1176 3151 1246 cogitationibus
3177 1179 3352 1233 cordis
3383 1180 3522 1234 nulla
3551 1180 3715 1236 ullum
3739 1180 3810 1238 de

2221 1263 2328 1319 ullo
2359 1263 2481 1318 mali
2512 1264 2671 1320 ullius
2695 1267 2863 1337 possit
2887 1267 3176 1323 sollicitare
3199 1269 3450 1339 suspicio.

2289 1353 2515 1409 CAPUT
2544 1354 2631 1409 XI.
2648 1386 2718 1396 —-
2736 1355 2825 1411 29.
2860 1357 3110 1412 Ambrosii
3135 1367 3309 1413 contra
3339 1358 3639 1431 Pelagianos
3663 1364 3808 1416 testio

2220 1445 2416 1511 monia,
2445 1443 2508 1498 de
2542 1445 2779 1516 originali
2813 1456 3013 1515 peccato
3036 1490 3049 1511 ,
3078 1448 3143 1501 de
3163 1450 3327 1517 gratia
3377 1449 3471 1505 Dei
3507 1460 3552 1505 ct
3580 1452 3644 1505 de
3670 1467 3809 1523 prm-

2219 1533 2370 1586 sentis
2387 1534 2602 1603 justitiw
2621 1535 3014 1606 impcrfertione.
3038 1535 3145 1591 Sed
3171 1548 3224 1591 et
3250 1540 3269 1568 ¹
3285 1538 3394 1607 jam
3419 1540 3808 1609 gloriosissimo

2222 1622 2439 1693 martyri
2465 1622 2732 1693 Cypriano
2758 1667 2771 1690 ,
2801 1624 2866 1678 ad
2897 1625 3025 1680 istos
3053 1627 3372 1683 cumulatius
3410 1629 3807 1699 redarguendos
3906 1668 3919 1673 -

2220 1713 2583 1768 beatissimum
2605 1714 2859 1769 addamus
2880 1715 3217 1771 Ambrosium
3246 1738 3259 1773 :
3285 1720 3534 1789 quoniam
3555 1732 3611 1777 et
3632 1722 3806 1791 ipsum

2220 1800 2465 1872 Pelagius
2487 1803 2553 1857 ita
2582 1804 2834 1869 laudavit,
2860 1813 2918 1860 ut
2940 1821 3007 1860 ne
3031 1806 3099 1862 ab
3124 1807 3352 1864 inimicis
3376 1809 3588 1880 quidem
3612 1811 3662 1865 iu
3691 1812 3807 1881 ejus

2220 1890 2369 1947 libris
2406 1893 2547 1963 quod
2587 1894 3071 1965 reprehenderetur
3092 1938 3107 1963 ,
3136 1897 3340 1954 diceret
3370 1900 3615 1957 inveniri.
3656 1903 3806 1969 Quo-

2221 1986 2361 2041 niam
2391 2002 2519 2057 ergo
2547 1987 2809 2060 Pelagiani
2839 1988 3021 2044 dicunt
3046 2006 3149 2045 non
3180 2007 3298 2046 esse
3325 1993 3582 2064 originale
3613 2010 3803 2065 percu-

2221 2087 2351 2145 tum,
2379 2092 2498 2133 cum
2524 2094 2629 2149 quo
2656 2089 2940 2135 nascantur
2961 2081 3204 2147 infantes,
3229 2093 3279 2138 et
3305 2083 3587 2141 Catholicis
3614 2087 3702 2157 qui
3728 2090 3805 2143 eis

2220 2182 2315 2238 pro
2339 2168 2700 2239 antiquissima
2733 2169 2985 2226 Ecclesia:
3018 2171 3117 2227 lide
3144 2175 3414 2240 resistunt,
3443 2175 3661 2231 hmresis
3691 2178 3803 2232 Ma-

2220 2258 2437 2312 nichmte
2472 2260 2672 2315 crimen
2712 2260 3005 2330 objiciunt:
3051 2265 3368 2332 respondeat
3396 2267 3473 2321 eis
3515 2267 3582 2322 de
3612 2268 3711 2324 hac
3747 2287 3806 2326 re

2220 2346 2382 2403 homo
2414 2349 2504 2404 Dei
2552 2342 2877 2419 catholicus,
2917 2363 2969 2407 et
3006 2353 3075 2408 ab
3103 2353 3218 2424 ipso
3243 2354 3460 2427 Pelagio
3499 2358 3551 2413 in
3582 2360 3806 2417 veritate

2221 2439 2342 2496 Iidei
2381 2440 2401 2473 '
2428 2441 2668 2497 laudatus
2698 2443 3039 2509 Ambrosius;
3082 2446 3169 2516 qui
3198 2460 3319 2501 cum
3351 2447 3537 2504 Isaiam
3576 2452 3807 2521 prophe-

2221 2538 2326 2585 tam
2356 2542 2644 2600 exponeret
2677 2531 2751 2604 (a)
2772 2574 2787 2600 ,
2819 2532 2929 2588 ait:
2972 2553 2992 2585 ι
3029 2534 3227 2590 Idcirco
3255 2535 3498 2593 Christus
3541 2539 3801 2595 immacu.

2219 2621 2375 2688 latus,
2401 2623 2524 2692 quia
2550 2638 2647 2679 nec
2670 2624 2780 2694 ipsa
2806 2625 3018 2696 quidem
3042 2628 3289 2684 nascendi
3320 2631 3472 2687 solita
3497 2634 3806 2689 conditione

2219 2714 2509 2769 maculatus
2540 2724 2642 2770 est.
2674 2733 2694 2768 ι
2719 2715 2786 2771 Et
2811 2717 2916 2771 alio
2941 2717 3060 2773 loco
3081 2719 3131 2772 iu
3156 2720 3345 2776 eodem
3373 2737 3553 2792 opere,
3579 2723 3804 2794 loquens

2217 2803 2285 2861 de
2311 2805 2551 2875 apostolo
2579 2806 2734 2861 Petro
2760 2824 2772 2860 :
2803 2825 2821 2860 ι
2857 2807 2971 2878 Ipse
2999 2824 3078 2875 se,
3111 2832 3129 2861 ι
3160 2810 3345 2881 inquit,
3378 2833 3396 2864 ι
3425 2814 3633 2879 obtulit,
3660 2817 3802 2884 quod

2219 2905 2342 2951 ante
2370 2896 2585 2966 putabat
2626 2912 2745 2953 esse
2792 2908 3099 2968 peccatum,
3131 2902 3292 2955 lavari
3337 2902 3437 2957 sibi
3480 2920 3583 2958 non
3630 2906 3801 2960 solum

2222 2986 2423 3057 pedes,
2452 2988 2545 3043 sed
2589 2997 2644 3044 et
2684 2999 2841 3061 caput
2886 3005 3110 3061 poscens
3136 2990 3312 3066 (Joan.
3353 3009 3478 3061 xm,
3526 2994 3621 3067 9):
3662 3014 3729 3066 qu
3757 2998 3801 3052 -d

2219 3078 2361 3133 illico
2392 3080 2759 3149 intellexisset,
2791 3081 3003 3137 lavacro
3029 3082 3243 3154 pedum,
3275 3086 3363 3154 qui
3393 3087 3443 3140 iu
3472 3086 3642 3156 primo
3671 3088 3799 3160 lapsi

2218 3183 2342 3228 sunt
2371 3173 2602 3238 homine,
2630 3174 2839 3230 sordem
2867 3175 3110 3232 obnoxiae
3140 3178 3492 3235 successionis
3518 3180 3737 3235 aboleri.
3777 3201 3796 3234 ι

2219 3264 2346 3320 Item
2375 3263 2427 3319 in
2451 3265 2638 3321 eodem
2661 3280 2825 3335 opere
2851 3284 2864 3320 :
2896 3284 2915 3318 ‹
2943 3265 3221 3322 Servatum
3248 3277 3327 3323 est
3356 3268 3530 3339 igitur,
3564 3288 3580 3319 ι
3611 3271 3796 3341 inquit,

2224 3375 2243 3409 ι
2278 3368 2333 3413 ιιι
2370 3373 2432 3412 ex
2461 3358 2574 3412 viro
2604 3365 2657 3414 et
2686 3358 2907 3412 muliere
2928 3400 2942 3423 ,
2977 3358 3026 3413 id
3056 3367 3172 3426 est,
3206 3374 3301 3429 per
3330 3360 3472 3414 illam
3514 3376 3798 3430 corporum

2216 3448 2647 3504 conmiixtionem
2672 3462 2829 3503 nemo
2852 3448 3093 3503 videatur
3116 3463 3306 3519 expers
3332 3466 3450 3505 esse
3478 3451 3683 3517 delicti;
3709 3455 3797 3523 qui

2217 3549 2393 3595 autem
2420 3555 2610 3610 expers
2630 3539 2807 3596 delicti
2836 3549 2949 3607 est,
2982 3555 3173 3610 expers
3197 3550 3279 3596 est
3306 3542 3465 3597 etiam
3498 3543 3797 3612 hujusmodi

2216 3632 2595 3702 conccptionis.
2622 3651 2642 3686 ι
2662 3632 2790 3688 Item
2812 3641 2995 3688 contra
3016 3632 3333 3689 Novatianos
3350 3635 3590 3691 scribens
3612 3636 3744 3707 (Lib.
3770 3638 3790 3693 Ι

2216 3723 2280 3777 de
2305 3721 2517 3790 Paruit,
2550 3738 2665 3793 cap.
2693 3722 2748 3792 5)
2776 3740 2788 3777 :
2825 3741 2843 3774 ι
2877 3722 3074 3779 Omnes
3105 3724 3395 3791 homines,»
3433 3726 3620 3796 inquit,
3653 3745 3671 3778 ι
3701 3728 3800 3783 sub

2218 3822 2437 3884 peccato
2477 3814 2762 3868 nascimur.
2812 3812 3048 3881 Quorum
3088 3814 3201 3885 ipse
3242 3824 3392 3870 ortus
3433 3816 3483 3869 iu
3516 3817 3641 3870 vitio
3679 3828 3793 3884 est,

2216 3905 2353 3960 sicut
2384 3904 2546 3959 habes
2575 3903 2790 3969 lectum,
2820 3901 3032 3959 dicente
3058 3903 3223 3958 David
3250 3922 3264 3957 :
3298 3904 3427 3960 Ecce
3454 3905 3585 3959 enim
3612 3907 3665 3960 in
3694 3907 3797 3959 iui-

2214 3995 2486 4068 quitatibus
2511 4004 2777 4065 conceptus
2802 4011 2934 4062 sum,
2960 4004 3008 4049 et
3031 3995 3083 4050 in
3102 3996 3296 4049 delictis
3324 3997 3512 4067 peperit
3539 4013 3615 4051 me
3641 4008 3799 4051 mater

2215 4105 2328 4143 mea
2354 4107 2372 4141 ι
2406 4086 2577 4161 (Psal.
2611 4102 2674 4155 ι,
2701 4084 2779 4160 7).
2829 4086 2957 4141 ltetu
3002 4086 3054 4141 in
3087 4086 3339 4157 Apologia
3379 4086 3648 4158 prophettc
3693 4089 3794 4142 Da-

2214 4181 2339 4236 vid:
2382 4198 2400 4231 ι
2433 4180 2728 4249 Antequam
2769 4193 3079 4242 nascamur,
3109 4196 3129 4230 ι
3163 4178 3362 4249 inquit,
3399 4199 3416 4231 ι
3469 4180 3798 4235 maculantur

2214 4272 2459 4344 contagio
2482 4312 2498 4337 ,
2524 4279 2580 4328 et.
2604 4279 2727 4326 ante
2757 4286 2970 4326 usuram
3000 4272 3132 4326 lucis
3156 4272 3374 4343 originis
3406 4274 3568 4344 ipsius
3598 4275 3797 4343 accipi-

2216 4378 2333 4419 mus
2375 4362 2620 4433 injuriam
2646 4402 2660 4429 ,
2706 4362 2758 4416 in
2793 4362 3066 4433 iniquitate
3111 4363 3458 4433 concipimur.
3498 4384 3517 4417 ι
3552 4366 3680 4423 Item
3729 4365 3798 4422 de

2214 4456 2442 4513 Domino
2462 4455 2719 4525 loquens:
2748 4472 2767 4506 ι
2794 4453 3017 4525 Dignum
3039 4453 3235 4509 etenim
3257 4453 3373 4522 fuit,
3410 4473 3428 4508 ι
3453 4455 3623 4526 inquit
3646 4497 3659 4522 ,
3690 4474 3709 4508 ι
3740 4466 3798 4512 ιιι

2213 4549 2304 4620 qui
2334 4562 2438 4603 non
2480 4555 2596 4601 erat
2632 4546 2907 4603 habiturus
2942 4561 3215 4617 corporeae
3253 4547 3276 4581 ⁸
3300 4557 3573 4619 peccatum
3613 4550 3796 4622 prola-

2214 4636 2415 4709 psiouis
2436 4677 2452 4704 ,
2478 4636 2679 4692 nullum
2705 4636 2927 4692 sentiret
2967 4638 3328 4708 generationis
3352 4641 3590 4696 naturale
3612 4650 3796 4696 conta.

2212 4730 2377 4800 gium.
2401 4728 2587 4783 Merito
2608 4743 2736 4799 ergo
2762 4728 2925 4784 David
2949 4728 3195 4785 ﬂebiliter
3215 4730 3267 4785 in
3289 4745 3349 4787 se
3370 4730 3662 4801 deploravit
3683 4734 3794 4803 ipsa

2215 4819 2606 4889 inquinamcnta
2655 4826 2897 4886 naturae,
2944 4827 2999 4874 et
3044 4820 3185 4890 quod
3233 4821 3381 4890 prius
3432 4820 3688 4891 inciperet
3743 4823 3793 4875 in

2215 4908 2429 4963 homine
2456 4907 2660 4962 macula
2688 4922 2845 4977 quam
2882 4907 2988 4962 vita
3017 4928 3035 4960 ι
3074 4909 3225 4979 (Cap.
3256 4907 3367 4981 II).
3397 4908 3528 4966 Item
3555 4909 3621 4965 de
3657 4912 3794 4966 Area

2212 4999 2325 5055 Noe
2353 5019 2367 5055 :
2397 5018 2416 5053 ι
2444 4999 2544 5055 Per
2574 5014 2735 5053 unum
2764 4998 2941 5069 igitur,
2979 5018 2997 5050 ι
3034 5000 3223 5069 inquit,
3254 5018 3273 5052 ι
3308 4999 3586 5055 Dominum
3613 5000 3794 5055 Jesutn

2214 5095 2359 5149 salus
2391 5102 2608 5149 ventura
2638 5093 2937 5149 nationibus
2964 5092 3263 5149 declaratur
3284 5134 3301 5161 ,
3330 5093 3419 5164 qui
3445 5092 3589 5150 solus
3628 5094 3797 5164 potuit

2276 5250 2291 5279 ¹
2330 5247 2444 5297 Editi
2470 5255 2566 5296 Am.
2592 5252 2667 5297 Er.
2695 5253 2746 5308 et
2768 5254 2897 5308 Lov.,
2921 5252 3015 5299 nan
3042 5256 3181 5300 mou
3211 5249 3381 5302 retenti
3409 5262 3427 5301 :
3461 5257 3513 5301 et
3532 5248 3661 5301 ﬂnlta
3682 5264 3790 5301 seu.

2212 5309 2440 5371 tentia‘in
2459 5308 2629 5367 verbo,
2655 5307 2877 5371 dicebat;
2900 5312 2970 5359 sic
3000 5311 3114 5361 inde
3152 5325 3323 5361 novam
3360 5313 3608 5371 imamaut,
3633 5312 3793 5361 reﬂe-

2212 5377 2285 5419 cte
2307 5367 2585 5436 diligamus,
2605 5369 2704 5430 vel,
2718 5378 2773 5436 ut
2793 5367 2920 5436 apud
2956 5377 3087 5433 Lov.,
3122 5371 3390 5436 diligemus.
3433 5367 3645 5436 vati/ani
3667 5373 3787 5421 codi-

2210 5444 2296 5501 ces
2316 5499 2321 5501 Α
2338 5429 2556 5501 ho'c‘loco
2586 5444 2695 5501 non
2730 5429 2945 5501 habent,
2975 5429 3114 5501 eruat
3141 5446 3158 5483 :
3181 5429 3267 5501 sed
3294 5442 3425 5497 post,
3452 5432 3676 5493 obitoﬁi;
3707 5440 3787 5483 ao-

2210 5494 2347 5551 dunt,
2366 5494 2560 5543 erimus.
2584 5499 2812 5543 Neutrum
2836 5500 2913 5543 est
2932 5496 2982 5542 in
2998 5494 3245 5545 Gallicanis
3264 5494 3366 5545 Mss.

2274 5557 2294 5618 ξ
2331 5562 2457 5611 Mss,
2480 5552 2565 5618 sed
2578 5552 3062 5618 jamgloriosissinto,
3087 5559 3192 5606 sine
3218 5554 3463 5618 lenticula,
3488 5564 3549 5606 ct.

2278 5615 2298 5681 ξ
2329 5621 2459 5681 Lina,
2483 5612 2789 5681 ﬁdelhtl‘elius
2809 5617 2974 5665 ceteri
2999 5612 3127 5675 libri,
3154 5612 3287 5681 ﬁdei.

2276 5675 2294 5740 ξ
2329 5676 2401 5723 sic
2416 5675 2662 5740 Mss.‘£diti
2696 5690 2832 5740 vero,
2855 5691 3069 5740 corpore.

2275 5738 2350 5795 (a)
2374 5736 2613 5797 [nouitio
2632 5738 2733 5788 haec
2759 5739 2805 5786 in
2826 5736 2990 5786 Isaiam
3015 5754 3105 5788 non
3134 5750 3309 5791 exstat.
