4096 6574
425 419 532 476 653

420 530 595 598 justus
640 540 777 589 esse,
828 539 948 580 cum
986 521 1256 593 generatio
1296 519 1468 575 omnis
1505 527 1739 583 erraret,
1787 530 1894 571 non
1934 514 2005 569 ob

422 619 564 676 aliud
599 621 647 685 ¹,
693 621 793 676 nisi
825 619 946 690 quia
986 626 1138 671 natus
1174 631 1239 671 ex
1280 613 1481 685 virgine
1511 611 1868 684 generationis
1911 609 2008 664 οὺς

423 716 592 769 noxia:
637 712 911 783 privilegio
948 708 1166 763 minime
1212 716 1497 762 teneretur.
1547 702 1678 757 Ecce
1701 746 1715 770 ,
1749 722 1767 754 ι
1804 702 2003 772 inquit,

426 826 448 861 ι
481 807 533 861 in
580 806 924 875 iniquitatibus
949 811 1218 872 conceptus
1241 816 1384 859 sum,
1416 808 1460 851 ct
1498 798 1551 850 in
1584 794 1779 849 delictis
1816 793 2007 863 peperit

422 913 501 951 me
528 907 686 948 mater
711 911 821 947 mea
840 893 995 958 ,dicit
1026 892 1069 946 is
1097 890 1185 961 qui
1209 889 1384 960 justus
1414 903 1520 957 pra:
1550 884 1756 939 czcteris
1780 882 2001 953 putaba-

423 998 526 1042 tur.
565 987 734 1056 Quem
777 987 934 1056 igitur
956 986 1066 1054 jam
1105 983 1306 1052 justum
1355 980 1613 1044 dixerim,
1665 977 1764 1031 nisi
1815 976 2004 1029 horum

423 1077 650 1132 liberum
682 1077 1034 1138 vinculorum,
1062 1090 1219 1145 quem
1246 1084 1446 1127 natura:
1474 1069 1770 1125 communis
1794 1067 2003 1122 vincula

425 1182 528 1223 non
576 1176 791 1222 teneant
837 1166 899 1219 ’τ
928 1185 947 1218 ι
982 1165 1118 1220 Ecce
1147 1164 1227 1218 vir
1260 1172 1511 1224 sanctus,
1558 1160 1752 1230 Pelagii
1794 1173 2005 1229 quoque

423 1258 729 1314 testimonio
797 1258 849 1312 in
894 1257 998 1312 fide
1050 1256 1306 1312 catholica
1361 1253 1795 1325 probatissimos,
1849 1251 2004 1306 Pela-

419 1350 605 1421 gianos
632 1358 886 1420 negantes
914 1347 1169 1419 originale
1206 1355 1476 1418 peccatum
1509 1354 1652 1400 tanta
1696 1340 2005 1397 manifesta-

416 1442 567 1497 tione
592 1440 862 1511 redarguit
888 1455 903 1505 ;
933 1454 1032 1495 nec
1059 1449 1236 1494 tamen
1261 1454 1379 1493 cum
1403 1435 1706 1491 Manichzeis
1727 1435 1809 1488 vel
1837 1434 2003 1489 Deum

420 1532 749 1586 nascentium
778 1531 1109 1586 conditorem
1138 1539 1314 1599 negat,
1344 1527 1427 1583 vel
1452 1527 1681 1597 nuptias,
1704 1539 1837 1596 quas
1865 1523 2005 1579 Deus

420 1622 648 1676 instituit
671 1631 727 1676 et
754 1620 1023 1676 benedixit
1047 1660 1061 1684 ,
1097 1629 1333 1674 accusat.

492 1711 581 1767 50.
622 1710 889 1780 Pelagiani
917 1710 1097 1765 dicunt
1121 1709 1189 1765 ab
1232 1708 1449 1764 homine
1492 1708 1727 1777 incipere
1758 1706 2003 1761 meritum

420 1817 518 1872 per
547 1803 768 1857 liberum
812 1803 1109 1867 arbitrium,
1157 1801 1240 1856 cui
1285 1801 1427 1855 Deus
1456 1799 1785 1869 subsequens
1820 1798 2005 1869 gratia:

421 1892 678 1947 retribuat
700 1893 1083 1962 adiumentum.
1116 1892 1289 1946 Etiam
1336 1891 1420 1945 hic
1459 1905 1551 1945 eos
1594 1889 1808 1944 refellat
1845 1903 2007 1944 vene-

419 1983 620 2038 randus
647 1986 982 2052 Ambrosius,
1010 1985 1195 2039 dicens
1238 1984 1288 2037 in
1324 1983 1663 2053 Expositione
1690 1980 1836 2036 lsaia:
1878 1996 2003 2050 pro-

422 2074 628 2143 phetae:
659 2095 678 2128 ι
712 2075 842 2142 Quia
871 2076 1101 2131 humana
1144 2075 1307 2131 cura’
1334 2076 1451 2130 sine
1494 2075 1669 2129 divina
1703 2089 1802 2144 ope
1834 2074 2003 2128 imbe-

418 2164 538 2219 cilla
561 2175 642 2220 est
667 2165 731 2219 ad
758 2166 1100 2228 medendum,
1135 2167 1298 2220 Deum
1325 2166 1691 2220 auxiliatorcm
1724 2163 1998 2234 requirit.)

419 2253 550 2309 item
569 2256 619 2308 in
654 2255 791 2309 lihro
815 2256 902 2325 qui
933 2256 1254 2322 inscribitur,
1275 2256 1341 2310 de
1369 2256 1507 2324 Fuga
1538 2256 1718 2310 smculi
1751 2252 1897 2327 (Cap.
1929 2253 2000 2325 l):

424 2365 445 2393 ο
470 2347 742 2416 Frequens
767 2349 973 2415 nobis,»
1002 2349 1190 2419 inquit,
1219 2368 1237 2400 ι
1260 2331 1341 2403 ’ἀρ
1369 2349 1668 2418 effugienda
1689 2350 1884 2403 sarculo
1904 2350 2005 2404 isto

419 2447 739 2504 estscrmo;
771 2450 928 2508 atque
974 2441 1171 2494 utinam
1219 2440 1375 2510 quam
1428 2440 1595 2494 facilis
1646 2456 1843 2507 sermo,
1897 2450 2004 2497 tam

420 2538 675 2584 cantuset
701 2530 959 2584 sollicitus
984 2528 1259 2585 alii-ctus".
1288 2529 1389 2586 Sed
1423 2532 1564 2601 quod
1593 2531 1743 2601 pejus
1774 2543 1874 2600 est,
1900 2532 2007 2588 fre-

424 2619 870 2693 quenterlirrepit
897 2629 1225 2674 terrenarum
1257 2620 1505 2676 illecebra
1537 2621 1901 2690 cupiditatum,
1951 2632 2007 2677 et

423 2708 733 2772 vanitatum,
762 2709 990 2765 offusio'
1015 2722 1246 2766 mentem
1273 2721 1516 2782 occupat,
1549 2723 1603 2765 ut
1629 2712 1767 2783 quod
1791 2711 2006 2767 studeas

419 2797 609 2865 vitare,
641 2799 740 2854 hoc
768 2803 968 2871 cogites
988 2804 1271 2874 animoque
1296 2805 1493 2859 volvas.
1525 2805 1673 2873 Quod
1696 2821 1883 2860 cavere
1905 2804 2006 2859 dif-

423 2889 563 2944 ficile
593 2899 673 2944 cst
695 2891 915 2960 homini,
944 2911 1007 2950 ex
1022 2911 1144 2950 uere
1184 2907 1359 2950 autem
1391 2897 1733 2965 impossibde.
1766 2898 2037 2968 Dcttique'

420 2982 529 3034 voti
559 2981 727 3051 magis
751 2998 865 3037 cam
894 3000 1011 3040 esse
1033 3002 1165 3050 rem,
1193 3003 1346 3056 quant
1369 2987 1607 3053 effectus,
1642 2998 1867 3044 testatur
1888 3005 2008 3059 pro-

419 3072 577 3141 pheta
599 3074 843 3132 dit-endo.
881 3076 1088 3131 Declina
1119 3095 1206 3132 cor
1232 3096 1394 3132 meum
1433 3081 1485 3133 in
1511 3082 1793 3134 testimonia
1831 3092 1932 3149 tua,
1958 3092 2006 3137 et

420 3183 523 3219 non
561 3167 612 3221 in
651 3170 915 3223 avaritiam
960 3169 1131 3240 (Psal.
1159 3186 1339 3239 cxvnt,
1369 3172 1481 3244 56).
1515 3173 1628 3227 Non
1658 3176 1797 3229 enim
1827 3176 1877 3229 in
1908 3191 2006 3245 po-

421 3267 612 3315 testate
642 3271 818 3316 nostra
845 3262 1005 3316 sunt‘
1025 3278 1119 3317 cor
1148 3274 1388 3319 nostrum
1415 3273 1470 3320 et
1499 3277 1694 3321 nostra:
1722 3267 2002 3338 cogitatio-

424 3366 542 3417 nes,
567 3368 685 3422 qua:
713 3353 1000 3423 improviso
1027 3355 1209 3410 offusa:
1238 3365 1471 3412 mentem
1501 3359 1841 3429 animumque
1869 3374 2003 3416 con-

420 3440 670 3509 fundunt,
703 3454 862 3513 atque
889 3445 992 3499 alio
1021 3446 1235 3501 trahunt
1259 3463 1417 3518 quam
1441 3458 1494 3502 tu
1522 3451 1864 3517 pmposueris
1890 3470 1902 3506 :
1933 3452 2005 3509 ad

419 3535 695 3589 szecularia
725 3546 996 3600 revocant,
1022 3537 1288 3594 mundana
1321 3539 1581 3603 inserunt,
1607 3541 1895 3609 voluptaria
1924 3543 2004 3598 in-

414 3632 627 3693 gerunt,
654 3624 962 3680 illecebrosa
990 3628 1265 3693 intexunt;
1289 3628 1508 3697 ipsoque
1535 3630 1586 3682 in
1619 3639 1874 3699 tempore,
1893 3648 2002 3704 quo

415 3715 628 3770 elevare
660 3725 889 3770 mentem
919 3732 1186 3784 paramus,
1221 3718 1435 3773 insertis
1461 3720 1701 3775 inanibus
1728 3724 2004 3793 cogitatio-

414 3804 575 3858 nibus
593 3802 658 3881 ad
682 3816 886 3859 terrena
911 3807 1217 3877 plerumque
1233 3808 1527 3879 dejicimur.
1549 3811 1678 3880 Quis
1697 3825 1872 3870 autem
1895 3826 2000 3871 tam

415 3892 626 3953 beatus,
654 3894 742 3963 qui
772 3895 822 3947 in
864 3895 1023 3949 corde
1068 3912 1164 3951 suo
1206 3913 1418 3968 semper
1452 3902 1738 3957 ascendat?
1767 3904 1869 3959 Sed
1901 3906 2001 3960 hoc

413 3982 534 4037 sine
550 3982 744 4036 auxilio
764 3982 943 4038 divino
964 3985 1050 4061 qui
1074 3987 1184 4040 fieri
1214 3988 1425 4056 potest?
1444 3988 1601 4044 Nullo
1624 3994 1863 4061 profecto
1888 4013 2002 4050 rno-

413 4074 506 4127 do.
538 4074 774 4145 Denique
803 4092 960 4145 supra
998 4078 1182 4133 eadem
1213 4079 1481 4150 Scriptura
1523 4082 1680 4139 dicit:
1712 4084 1896 4140 Beatus
1927 4089 2002 4140 vir

413 4167 562 4236 cujus
578 4176 647 4221 est
662 4167 907 4222 auxilium
930 4170 1035 4239 ejus
1056 4170 1144 4224 abs
1166 4181 1231 4239 te,
1261 4172 1504 4239 Domine;
1526 4191 1758 4232 ascensus
1778 4179 1830 4232 in
1847 4181 2000 4235 corde

411 4257 523 4326 ejus
552 4274 571 4308 ι
608 4255 779 4326 (Psal.
804 4274 1026 4325 cxxxzn,
1053 4260 1127 4330 6).
1158 4261 1293 4329 Quid
1323 4264 1556 4331 apertius
1577 4275 1632 4321 et
1651 4268 2001 4325 sufficientius

411 4347 517 4402 dici
546 4350 751 4416 potest?
781 4349 886 4404 Sed
932 4366 999 4405 ne
1039 4351 1307 4422 Pelagiani
1339 4353 1475 4412 forte
1520 4358 1895 4427 respondeant,
1930 4377 1996 4417 eo

411 4437 530 4505 ipso
558 4455 664 4509 quo
691 4438 928 4494 divinum
968 4442 1216 4495 auxilium
1244 4446 1477 4514 poscitur
1494 4448 1535 4514 ⁸,
1568 4450 1871 4517 praecedere
1899 4451 1998 4506 ho-

411 4529 578 4586 minis
595 4530 873 4592 meritum;
903 4533 1126 4602 idipsum
1155 4535 1400 4590 meritum
1431 4554 1550 4594 esse
1588 4540 1843 4608 dicentes,
1873 4546 1994 4614 quia

410 4620 616 4675 orando
646 4621 703 4675 fit
729 4621 920 4691 dignus
948 4624 1031 4677 cui
1070 4625 1236 4694 gratia
1263 4626 1443 4684 divina
1484 4630 1792 4688 subveniat:
1821 4643 1996 4691 alten-

410 4710 542 4764 dant
565 4711 690 4780 quid
723 4712 860 4767 idem
897 4714 978 4768 vir
998 4724 1212 4769 sanctus
1229 4716 1371 4771 dicat
1389 4718 1439 4772 in
1459 4720 1799 4790 Expositione
1824 4726 1990 4782 Isaiae.

415 4801 529 4857 «Et
554 4816 710 4857 orare
762 4802 947 4869 Deum,
982 4823 1000 4855 ι
1053 4805 1242 4876 inquit,
1279 4825 1299 4859 ι
1341 4810 1507 4878 gratia
1561 4813 1847 4881 spiritualis
1890 4827 1990 4873 est.

409 4888 579 4946 Nemo
626 4893 768 4947 enim
813 4893 942 4949 dicit
995 4895 1275 4952 Dominum
1300 4898 1503 4966 Iesum,
1538 4902 1638 4957 nisi
1688 4904 1738 4959 in
1792 4906 1991 4977 Spiritu

409 4990 595 5037 sancto
619 5001 639 5035 ι
679 4981 860 5056 (lCor.
900 5001 996 5051 xu,
1038 4986 1118 5058 5).
1153 4986 1307 5044 Unde
1350 4999 1403 5045 et
1446 5007 1718 5062 exponens
1754 4996 1996 5070 Evange-

471 5151 487 5222 ξ
524 5149 643 5202 mliti
668 5154 920 5222 omittunt,
945 5167 1037 5222 non
1076 5155 1133 5205 ob
1156 5156 1292 5222 aliud
1312 5171 1328 5217 ;
1376 5169 1423 5209 et
1448 5160 1628 5211 habent
1652 5165 1736 5222 sic,
1758 5165 1855 5218 nisi
1873 5174 1996 5220 esset

407 5218 546 5282 natus
566 5224 633 5262 ea:
654 5214 837 5275 virgine
856 5251 870 5274 ,
895 5217 978 5278 qui
993 5214 1320 5328 generationis
1338 5222 1383 5269 οἱ
1396 5223 1556 5273 uoaite
1578 5214 1857 5292 privilegio,
1876 5214 1989 5280 'éié:

408 5272 780 5328 Redintegratur
806 5279 937 5326 locus
965 5291 990 5326 a
1067 5279 1329 5328 Gallicanos
1351 5289 1459 5328 Mss.
1481 5291 1528 5328 tn
1548 5300 1608 5328 an
1624 5302 1791 5328 rumne
1809 5293 1989 5328 ι-ςινίαηι

408 5272 780 5342 Redintegratur
806 5272 937 5326 locus
965 5272 1024 5328 ad
1041 5340 1049 5342 Α
1067 5279 1329 5331 Gallicanos
1350 5289 1459 5333 Mss.
1481 5272 1529 5333 tn
1548 5272 1608 5335 eo
1624 5272 1994 5342 fastigi-iriiin

406 5333 1235 5402 codicesglihsScontratulianum,
1260 5356 1307 5390 ιι.
1335 5344 1380 5392 4.

470 5395 1022 5474 ξμςξςριιςξιιιῆιιεβηγηὶδὶ
1048 5400 1204 5474 solum
1224 5395 1810 5474 iliberanurincutortm,
1852 5426 1992 5473 quem

407 5460 594 5506 nature
615 5460 878 5510 mmmam’s
902 5460 1090 5513 t'iucula
1111 5476 1205 5515 non
1229 5466 1485 5518 tenebant?

470 5525 488 5592 ς
524 5527 571 5592 ta
595 5519 757 5592 editis,
784 5535 885 5592 pro,
914 5536 1050 5585 cura,
1078 5527 1389 5577 substitutum
1412 5528 1588 5592 fuerat,
1614 5542 1803 5584 natura.

471 5578 487 5645 ξ
524 5583 570 5629 ιιι
593 5585 721 5645 less.
746 5578 956 5645 cﬂ’ectus.

468 5638 486 5708 '_'
525 5638 916 5708 tn__ii_sdem"\tss..
943 5646 1123 5708 eﬂ'usio.

468 5699 490 5776 ξ.
522 5703 656 5776 (aliti.
674 5711 760 5756 est.
788 5699 916 5776 stas.
936 5699 1059 5776 sinu.

474 5763 485 5788 ⁷
521 5763 633 5815 [diti
649 5800 662 5821 ,
685 5767 847 5827 possit.
873 5776 951 5819 Ern
967 5772 1191 5822 mdmtur
1216 5781 1361 5824 μείς.

1765 400 1968 460 LIBER
2004 396 2347 466 QUARTUS.

3587 417 3689 476 05$

2116 513 2243 570 lium
2284 517 2574 574 secundum
2623 521 2815 576 Lucam
2865 541 2877 577 :
2930 543 2947 576 ς
2986 523 3143 580 Vides
3188 527 3390 597 utique,
3427 547 3444 580 ι
3500 529 3688 600 inquit,

2120 625 2140 660 ‹
2191 608 2311 678 quia
2376 609 2569 682 ubique
2635 612 2841 667 Domini
2894 615 3058 669 virtus
3122 615 3313 672 studiis
3371 630 3687 689 coaperatur

2114 697 2377 765 humanis,
2425 711 2480 755 ut
2535 718 2691 756 nemo
2751 705 2915 773 possit
2958 704 3225 764 mdificare
3277 708 3391 764 sine
3443 710 3687 776 Domino,

2113 805 2270 845 nemo
2325 793 2591 847 custodire
2640 794 2752 848 sine
2800 796 3038 862 Domino,
3088 814 3246 854 nemo
3285 799 3570 870 quidquam
3602 803 3686 857 in-

2112 881 2290 951 cipere
2319 883 2432 937 sine
2464 883 2685 938 Dotnino
2710 905 2729 937 ι
2763 884 2896 959 (Lib.
2933 887 2967 940 Ξ).
3000 889 3051 942 in
3089 905 3204 959 cap.
3242 890 3275 944 5
3300 888 3483 953 Lacte,
3516 909 3568 946 η.
3592 893 3683 961 ει,

2072 1032 2081 1039 ,
2111 975 2174 1027 de
2229 972 2354 1028 Iesu
2378 976 2674 1048 baptizata).
2722 977 2986 1049 Numquid
3014 982 3262 1052 quoniam
3293 982 3405 1038 lucc
3447 985 3574 1040 dicit
3613 986 3692 1041 vir

2113 1071 2288 1117 tantus
2314 1065 2648 1135 Ambrosius,
2676 1078 2730 1124 et
2759 1071 2981 1140 gratiam
3011 1071 3124 1138 Dei,
3158 1073 3293 1127 sicut
3323 1073 3430 1126 filio
3458 1076 3688 1145 promis—

2110 1155 2275 1211 sionis
2305 1160 2567 1229 congruit,
2595 1172 2744 1232 grata
2787 1163 2983 1233 pietate
3023 1164 3379 1230 commendat,
3428 1166 3546 1221 ideo
3591 1166 3690 1222 de-

2109 1248 2269 1303 struit
2296 1248 2520 1305 liberem
2542 1252 2854 1309 arbitrium?
2882 1267 2973 1310 aut
3009 1271 3126 1311 eam
3169 1257 3280 1311 vult
3319 1257 3536 1328 intelligi
3566 1273 3688 1329 gra-

2112 1338 2261 1407 tiam,
2292 1355 2449 1410 quam
2475 1340 2702 1399 diversis
2732 1344 3086 1399 locationibus
3104 1346 3366 1415 Pelagiani
3385 1348 3687 1403 nohtntnisi

2110 1428 2281 1500 legem
2305 1431 2496 1499 videri,
2526 1442 2585 1487 ut
2610 1434 2859 1489 videlicet
2888 1453 2990 1491 non
3018 1436 3084 1491 ad
3105 1435 3405 1493 faciendum
3431 1439 3571 1509 quod
3598 1455 3688 1495 co-

2107 1521 2464 1589 gnoverimus,
2493 1523 2586 1578 sed
2611 1524 2676 1578 ad
2697 1527 3120 1597 cognoscendum
3142 1529 3266 1596 quid
3292 1528 3563 1594 faciamus,
3591 1544 3690 1585 nos

2112 1611 2249 1665 Deus
2275 1613 2525 1681 adjuvare
2554 1615 2835 1670 credatur?
2862 1616 2917 1672 Si
2950 1618 3050 1672 hoc
3077 1618 3231 1672 istum
3279 1619 3547 1674 hominem
3595 1620 3688 1676 Dei

2109 1717 2297 1769 sapere
2322 1703 2647 1771 existimant,
2678 1706 2801 1774 quid
2828 1706 2896 1761 de
2927 1707 3036 1777 ipsa
3068 1709 3182 1778 lege
3207 1708 3420 1775 dixerit,
3452 1709 3691 1765 audiant.

2108 1790 2164 1845 ln
2188 1792 2323 1846 libro
2343 1793 2410 1848 de
2436 1794 2575 1864 Fuga
2608 1797 2786 1850 smculi
2810 1815 2821 1849 :
2849 1815 2866 1848 ι
2897 1798 3028 1863 Lex,
3055 1818 3074 1851 ι
3100 1799 3288 1870 inquit,
3318 1819 3337 1852 ‹
3366 1816 3426 1855 os
3452 1803 3689 1859 omnium

2109 1886 2277 1952 potuit
2328 1887 2640 1952 obstruere,
2701 1904 2803 1942 non
2834 1891 3002 1959 potuit
3053 1903 3284 1946 mentem
3325 1905 3636 1950 convertere
3665 1914 3684 1947 ι

2114 1974 2262 2047 (Cap.
2308 1978 2383 2049 5).
2433 1978 2562 2034 item
2606 1981 2711 2034 alio
2754 1981 2870 2036 loco
2914 1982 2965 2037 itt
3015 1984 3200 2038 codem
3235 1986 3367 2039 libro
3404 2004 3417 2039 :
3453 2005 3471 2038 ι
3503 1988 3630 2052 Lex,
3665 2007 3686 2041 ι

2110 2068 2294 2136 inquit,
2323 2089 2340 2122 ι
2367 2069 2560 2123 factum
2579 2070 2812 2137 damnat,
2832 2088 2935 2126 non
2954 2075 3123 2128 aufert
3139 2076 3423 2128 malitiam»
3447 2076 3595 2148 (Cap.
3611 2077 3688 2147 7).

2110 2157 2335 2214 Videant
2376 2160 2584 2215 fidelem
2623 2172 2673 2215 et
2714 2163 3031 2217 catholicum
3075 2166 3244 2219 virum
3278 2165 3530 2235 Apostolo
3559 2184 3692 2222 con-

2109 2250 2305 2303 sentire
2331 2249 2546 2315 dicenti,
2573 2251 2774 2306 Scimus
2800 2263 2965 2307 autem
2991 2255 3110 2324 quia
3135 2271 3462 2324 quacumque
3495 2257 3577 2310 lea:
3616 2257 3694 2312 ιο.

2107 2342 2294 2411 quitur,
2324 2341 2402 2394 Itis
2430 2343 2513 2412 qui
2534 2344 2585 2396 in
2614 2345 2722 2414 lege
2742 2355 2857 2398 sunt
2880 2346 3119 2417 loquitur,
3144 2357 3198 2401 ut
3219 2366 3365 2403 omne
3383 2366 3438 2404 os
3464 2349 3693 2404 obstrua-

2110 2440 2210 2496 tur,
2242 2442 2287 2485 et
2313 2448 2428 2485 reus
2445 2434 2534 2501 ﬁat
2560 2436 2721 2487 omnis
2747 2438 2962 2490 mundus
2988 2435 3094 2490 Deo
3108 2456 3127 2502 ;
3152 2440 3270 2508 quia
3304 2456 3404 2495 non
3439 2442 3690 2510 iusti/ica-

2109 2522 2240 2575 bitur
2263 2540 2325 2576 ex
2346 2522 2454 2594 lege
2477 2527 2639 2579 omnis
2664 2543 2781 2580 caro
2800 2543 2970 2581 coram
2994 2528 3084 2582 illo
3110 2528 3286 2600 (Rom.
3311 2545 3387 2597 nt,
3417 2531 3485 2586 i9
3508 2540 3553 2584 et
3573 2530 3690 2603 ΞΟ).

2109 2612 2189 2668 Ex
2217 2630 2282 2670 eo
2310 2617 2450 2670 enim
2481 2619 2774 2688 apostolico
2802 2634 2962 2675 sensu
3008 2620 3094 2674 illa
3143 2622 3366 2692 sumpsit
3396 2631 3450 2679 et
3476 2624 3691 2695 scripsit

2110 2709 2444 2764 Ambrosius.

2182 2800 2269 2855 3|.
2309 2800 2426 2857 Jam
2458 2817 2585 2856 vero
2615 2803 2863 2872 quoniam
2891 2803 3154 2873 Pelagiani
3196 2804 3397 2870 dicunt,
3435 2803 3607 2875 justos
3638 2806 3690 2860 in

2110 2888 2208 2943 hac
2236 2890 2340 2944 vita
2364 2890 2445 2944 vel
2462 2907 2581 2946 esse
2605 2892 2686 2946 vel
2718 2891 2904 2957 fuisse,
2934 2894 3020 2963 qui
3050 2894 3167 2948 sine
3194 2894 3301 2949 ullo
3324 2906 3537 2964 peccato
3551 2896 3694 2949 vixe-

2108 2982 2213 3037 rint
2237 2984 2277 3048 ί,
2315 2983 2368 3038 in
2410 2993 2611 3039 tantum
2641 2993 2697 3039 ut
2722 2985 2827 3040 vita
2858 2985 3050 3051 futura,
3095 3002 3212 3057 qua:
3243 2988 3292 3041 in
3326 2990 3544 3056 pratmio
3572 3004 3695 3056 spe-

2108 3074 2274 3130 randa
2321 3085 2425 3141 est,
2472 3076 2771 3141 provectior
2798 3085 2850 3130 et
2881 3076 3163 3145 perfectior
3196 3092 3314 3132 esse
3344 3092 3450 3131 non
3479 3080 3643 3149 possit
3676 3097 3689 3132 :

2109 3167 2268 3221 etiam
2297 3166 2385 3223 hic
2427 3167 2505 3222 eis
2544 3168 2864 3238 respondeat
2892 3184 3091 3239 e0~qne
3132 3168 3325 3225 refutet
3355 3171 3692 3227 Alltbl‘OsitlS.

2106 3257 2239 3311 Nam
2270 3273 2541 3328 exponens
2591 3259 2776 3313 lsaiam
2824 3260 3155 3328 prephctam.
3204 3270 3417 3329 preptcr
3457 3260 3509 3314 id
3549 3261 3691 3331 quod

2107 3351 2362 3419 scriptum
2393 3359 2492 3415 est,
2526 3349 2691 3405 Filios
2736 3350 2888 3421 genui
2924 3361 2971 3404 et
3009 3352 3245 3415 exaltavi,
3292 3353 3391 3421 ipsi
3418 3363 3586 3406 autem
3616 3370 3694 3407 me

2106 3453 2398 3513 spreverunt
2430 3442 2580 3514 (lsai.
2610 3459 2647 3507 ι,
2674 3443 2753 3513 2),
2785 3444 3102 3514 susccpitde
3122 3445 3554 3514 generationibus
3570 3461 3688 3514 quae

2108 3549 2171 3589 ex
2205 3533 2315 3588 Deo
2357 3542 2483 3588 sunt
2522 3533 2823 3603 disputare;
2871 3544 3029 3603 atque
3071 3534 3124 3588 in
3170 3535 3281 3604 ipsa
3330 3534 3693 3604 disputatione

2106 3625 2542 3680 commemoravit
2570 3624 2930 3679 testimonium
2956 3624 3196 3691 Joannis,
3231 3625 3317 3678 ubi
3348 3625 3440 3691 ait,
3471 3626 3570 3693 Qui
3591 3644 3691 3680 na-

2107 3724 2187 3770 tus
2211 3727 2280 3769 est
2300 3731 2364 3769 ea:
2391 3713 2520 3782 Deo,
2559 3731 2659 3768 non
2685 3725 2856 3784 peccat
2886 3714 2930 3786 (Ι
2959 3714 3111 3768 Joan.
3141 3731 3218 3781 ιιι,
3240 3713 3318 3787 9).
3354 3715 3419 3770 Et
3445 3714 3687 3772 eamdem

2106 3808 2453 3878 qutcstioncm
2510 3807 2874 3862 difficillimam
2923 3817 3203 3863 tractans:
3252 3827 3271 3861 ι
3308 3809 3436 3864 Cum
3485 3807 3585 3864 hoc
3633 3810 3687 3865 in

2108 3898 2323 3963 mundo,
2361 3917 2379 3951 ι
2410 3898 2600 3967 inquit,
2634 3917 2651 3950 ι
2688 3898 2865 3952 nullus
2891 3898 3075 3968 sitqui
3104 3898 3353 3954 immunis
3397 3900 3467 3954 sit
3491 3915 3517 3953 a
3559 3915 3689 3971 pec-

2106 3998 2246 4055 cato,
2274 4004 2393 4042 cum
2420 3988 2532 4059 ipse
2554 3988 2787 4044 Joannes
2808 3988 2971 4051 dicat.
2998 3988 3059 4044 Si
3079 3990 3293 4043 dicimus
3318 3990 3433 4059 quia
3454 4006 3553 4044 non
3573 4006 3692 4061 pec-

2105 4080 2347 4144 cavimus,
2372 4079 2661 4134 mendacem
2684 4080 2899 4150 facimus
2927 4080 3072 4133 illum
3099 4078 3208 4149 (Id.
3232 4096 3268 4144 ι,
3294 4079 3403 4152 10).
3431 4080 3484 4137 Si
3507 4090 3686 4137 autem

2106 4186 2168 4225 ex
2198 4170 2307 4225 Deo
2328 4170 2435 4225 nati
2465 4185 2570 4225 non
2598 4178 2839 4240 peccant,
2872 4179 2926 4226 et
2954 4170 3020 4226 de
3047 4170 3128 4225 bis
3156 4171 3495 4241 intelligimus
3516 4172 3601 4241 qui
3629 4173 3681 4227 in

2106 4262 2205 4317 hoc
2229 4260 2428 4316 mundo
2453 4271 2575 4315 sunt
2604 4261 2935 4329 innumeros,
2980 4276 3200 4316 necesse
3229 4275 3313 4317 cSt
3341 4262 3682 4327 a‘stimemus,

2104 4353 2192 4423 qui
2227 4368 2320 4422 per
2348 4352 2538 4407 lavacri
2570 4353 3023 4423 regenerationem
3049 4352 3141 4407 Dei
3166 4353 3385 4422 gratiam
3415 4354 3685 4408 consecuti

2103 4452 2247 4498 sunt.
2278 4443 2382 4500 Sed
2425 4455 2604 4500 tamen
2656 4460 2777 4500 cum
2828 4445 2968 4501 dicat
3032 4446 3285 4518 propheta
3310 4488 3325 4513 ,
3361 4443 3544 4501 Omnia
3571 4462 3604 4501 α
3641 4456 3690 4502 te

2104 4545 2411 4604 exspectant,
2444 4546 2499 4591 ut
2525 4539 2612 4592 des
2636 4538 2739 4592 illis
2766 4538 2932 4592 cibum
2957 4538 3011 4593 in
3035 4547 3292 4611 tempore:
3321 4541 3474 4594 dante
3514 4550 3560 4593 te
3581 4541 3643 4595 iis
3667 4585 3681 4605 ,

2103 4627 2338 4698 colligant
2365 4628 2489 4693 sibi;
2512 4630 2769 4699 aperiente
2792 4639 2840 4683 te
2864 4646 3069 4684 manum
3081 4640 3237 4698 tuam,
3258 4630 3490 4685 universa
3506 4630 3687 4699 imple-

2103 4717 2287 4771 bantur
2306 4719 2553 4785 bonitate;
2582 4728 2827 4774 avertente
2844 4730 3010 4775 autem
3036 4730 3084 4775 te
3108 4722 3289 4790 faciem
3313 4731 3473 4788 luant,
3509 4722 3685 4775 turba-

2103 4809 2529 4882 buntur:au[eres
2552 4812 2785 4881 spiritum
2814 4828 3005 4876 eorum,
3030 4822 3073 4865 et
3100 4812 3349 4879 deﬁcient,
3366 4822 3412 4866 et
3439 4813 3490 4866 in
3505 4814 3682 4883 pulve-

2100 4917 2205 4954 rem
2231 4918 2377 4955 suum
2399 4904 2987 4957 convertentur:emittes
3012 4903 3248 4972 spiritum
3278 4912 3434 4970 tuum,
3469 4914 3514 4958 et
3537 4920 3685 4958 στέαρ

2100 4989 2306 5053 buntur,
2337 4999 2384 5044 et
2412 4991 2672 5045 innovabis
2701 4992 2881 5063 facient
2910 4999 3058 5046 terrae
3081 4989 3252 5061 (Psal.
3296 5007 3409 5060 cut,
3440 4992 3639 5065 ‘27-'50)
3667 5011 3682 5049 :

2101 5090 2321 5152 possunt
2350 5097 2454 5136 non
2483 5081 2549 5137 de
2579 5098 2915 5154 quocumque
2942 5091 3184 5156 tempore
3211 5085 3375 5141 videri
3406 5086 3565 5155 dicta,
3588 5089 3685 5145 sed

2099 5172 2166 5229 de
2194 5173 2389 5241 futuro,
2420 5189 2527 5245 quo
2550 5175 2654 5231 erit
2681 5190 2815 5231 nova
2848 5185 2987 5232 terra
3013 5184 3289 5234 el’novum
3309 5179 3524 5235 coelum.
3551 5180 3686 5235 Tur-

2101 5263 2362 5319 babuntur
2390 5280 2539 5335 ergo,
2563 5276 2620 5321 ut
2651 5267 2967 5338 principium
2990 5279 3221 5334 sumant,
3247 5280 3405 5341 atque
3431 5273 3686 5342 aperiente

2099 5363 2145 5407 te
2163 5342 2367 5408 manum
2412 5365 2568 5421 tuam,
2606 5357 2945 5427 implebantur
2968 5361 3200 5416 universa
3236 5361 3457 5418 bonitate
3476 5365 3530 5430 ’ς
3553 5380 3680 5436 qua:

2099 5461 2202 5500 non
2236 5445 2385 5502 fache
2409 5446 2567 5519 hujus
2594 5449 2776 5505 steculi
2805 5459 2905 5507 est.
2939 5450 3071 5507 Nam
3099 5452 3166 5509 de
3194 5452 3295 5509 hoc
3323 5455 3518 5511 saeculo
3535 5456 3681 5513 Scri-

2162 5602 2178 5673 ξ
2212 5604 2288 5673 sic
2306 5609 2491 5673 Mssnnt
2517 5606 2651 5664 editi,
2688 5606 2738 5658 in
2762 5606 2853 5673 ttae
2876 5609 2972 5660 vita
3004 5608 3115 5662 ideo
3151 5609 3225 5662 vel
3254 5624 3355 5662 esse
3399 5609 3473 5661 vel
3514 5609 3679 5673 fuisse.

2094 5661 2207 5729 quia
2244 5664 2347 5729 sine
2385 5663 2483 5729 ullo
2525 5661 2716 5729 peccato
2749 5661 3014 5722 ﬁxerunt.
3062 5661 3098 5687 δέ
3161 5661 3168 5662 ί
3212 5696 3219 5705 ·

2158 5727 2178 5757 ⁸
2210 5725 2430 5797 pallium
2454 5725 2557 5797 Mss.
2581 5764 2596 5787 ,
2620 5740 2824 5797 sanauit.
2847 5744 2959 5790 quat
2978 5734 3217 5795 aperixnte
3239 5740 3285 5783 te
3308 5744 3502 5783 nimum
3525 5737 3661 5782 tuam

2095 5784 2386 5852 impleantur
2426 5784 2644 5839 universa
2668 5784 2871 5839 "manu;
