4096 6564
343 430 445 485 635

343 551 494 608 plura
525 536 650 606 quid
679 532 844 590 dicit?
871 530 990 587 Non
1016 540 1084 586 cst
1106 531 1192 602 qui
1214 529 1369 602 faciat
1397 530 1689 596 bonitatem,
1723 544 1822 582 non
1850 536 1923 580 est

342 644 496 695 usque
515 626 581 679 ad
608 642 766 678 unum
786 618 956 696 (Psal.
990 638 1106 687 xm,
1139 623 1215 692 1).
1246 621 1300 676 Si
1330 621 1485 692 igitur
1513 620 1736 675 diversae
1763 634 1927 689 gene-

344 719 577 774 rationes
607 726 753 782 sunt,
783 726 836 770 et
866 714 952 770 hic
978 713 1221 769 introitus
1247 714 1301 769 in
1333 712 1470 767 hanc
1491 714 1651 767 vitam
1679 720 1926 779 receptor

345 818 427 863 est
454 790 871 873 tlelietorumfiu
902 816 1105 861 tantum
1132 814 1188 860 ut
1211 813 1491 874 Spernatur
1519 803 1676 858 etiam
1707 802 1817 871 ipse
1836 800 1926 870 qui

345 902 548 970 genuit,
578 899 679 953 alia
707 908 888 953 autem
914 897 1182 968 generatio
1209 904 1425 966 peccata
1468 911 1570 949 non
1597 893 1811 963 recipit;
1842 891 1923 945 vi-

346 994 566 1047 deamus
596 1007 663 1047 ne
691 1007 794 1062 qua
821 991 891 1044 sit
926 999 1042 1059 post
1063 989 1218 1058 hujus
1247 989 1365 1041 vita:
1395 987 1715 1042 curriculum
1747 993 1926 1039 nostra

346 1083 698 1153 regeneratio,
721 1081 788 1135 de
817 1096 919 1151 qua
951 1081 1146 1135 dictum
1179 1089 1279 1143 est,
1310 1076 1375 1131 In
1398 1077 1789 1147 regeneratione,
1811 1093 1928 1129 cum

343 1174 526 1227 sederit
568 1171 735 1226 Filius
774 1172 990 1225 hominis
1032 1171 1081 1224 in
1125 1170 1306 1223 throno
1348 1169 1527 1238 gloria:
1565 1183 1672 1222 sure
1714 1165 1925 1236 (Matth.

344 1279 457 1324 xui,
484 1262 600 1332 ‘28).
636 1262 784 1317 Sicut
809 1262 948 1317 enim
978 1261 1307 1332 regeneratio
1357 1259 1546 1313 lavacri
1578 1257 1791 1324 dicitur,
1834 1273 1931 1327 per

347 1370 503 1425 quam
524 1355 733 1409 detersa
765 1362 1100 1423 peccatorum
1131 1352 1432 1407 colluvione
1475 1365 1796 1405 renovantur
1818 1367 1831 1403 :
1857 1349 1930 1404 ita

345 1445 676 1516 regeneratio
704 1445 809 1499 dici
836 1444 1060 1511 νίιιιοιιιιν,
1093 1459 1185 1512 per
1211 1457 1367 1513 quam
1394 1442 1461 1496 ab
1486 1442 1629 1495 omni
1657 1454 1929 1511 corporeae

349 1536 703 1594 concretionis
735 1536 992 1608 purificati
1033 1536 1171 1602 labe,
1222 1533 1419 1589 mundo
1465 1532 1658 1586 animm
1688 1548 1847 1586 sensu
1875 1530 1932 1585 in

351 1630 513 1685 vitam
551 1644 931 1701 regeneramur
956 1638 1255 1692 :eteruam;
1289 1641 1353 1682 eo
1378 1624 1538 1696 quod.
1566 1625 1748 1695 purior
1784 1638 1933 1693 qua:-

348 1725 469 1779 dam
495 1724 720 1795 qualitas
750 1723 819 1778 sit
846 1721 1282 1792 regenerationis,
1326 1736 1485 1790 quam
1518 1718 1710 1774 lavacri
1757 1718 1926 1784 istius,

348 1826 405 1871 ut
444 1833 548 1870 nou
588 1816 760 1870 solum
786 1816 837 1870 in
867 1825 1016 1870 actus
1055 1817 1189 1881 ejus,
1232 1813 1325 1868 sed
1369 1828 1434 1867 ne
1466 1813 1516 1866 in
1547 1812 1691 1881 ipsas
1718 1809 1932 1880 quidem

348 1909 700 1979 Cogitationes
739 1917 948 1963 nostras
988 1909 1161 1979 aliqua
1204 1907 1359 1962 cadit
1404 1905 1638 1973 suspicio
1681 1911 1929 1973 peccatu-

352 2014 490 2053 rum.
518 2018 537 2051 ι
569 1997 696 2053 Item
722 1999 826 2053 alio
845 1999 965 2053 loco
991 1997 1042 2051 in
1082 1999 1269 2053 eodem
1312 2010 1507 2063 opere:
1544 2012 1562 2045 ι
1602 1992 1874 2059 Videmus,
1906 2010 1925 2043 ι

355 2087 545 2157 inquit,
579 2105 598 2139 ι
636 2087 965 2159 impossibile
993 2102 1112 2142 esse
1143 2096 1198 2141 ut
1220 2085 1453 2156 perfecte
1477 2085 1594 2153 quis
1617 2082 1930 2137 immacula-

351 2184 433 2230 ιιις
450 2191 569 2231 esse
595 2176 760 2246 possit
787 2177 838 2231 in
865 2191 1090 2246 corpore
1106 2178 1454 2240 constitutus;
1481 2188 1601 2229 cum
1620 2173 1777 2227 etiam
1800 2172 1933 2225 Pan-

350 2266 437 2322 lus
466 2265 834 2337 imperl‘ectum
865 2282 923 2322 se
943 2267 1103 2322 dicat.
1131 2266 1221 2321 Sic
1255 2266 1397 2320 enim
1430 2263 1620 2318 habet:
1654 2263 1776 2317 Non
1801 2262 1936 2334 quod

351 2359 458 2422 iam
485 2359 782 2427 acceperim,
821 2367 907 2412 aut
924 2359 1039 2428 jam
1079 2361 1329 2429 perfectus
1366 2357 1482 2411 sim.
1517 2356 1585 2410 Et
1612 2365 1786 2410 tamen
1817 2364 1937 2423 post

354 2448 624 2517 paululum
642 2448 747 2521 pit:
779 2447 1092 2518 Quicumque
1115 2464 1233 2518 ergo
1255 2447 1464 2517 perfecti
1480 2464 1652 2500 sumus
1671 2445 1932 2515 (Philipp.

353 2553 437 2601 ιιι,
469 2538 556 2603 12,
589 2538 702 2609 15).
729 2538 838 2593 Nisi
867 2538 1003 2593 forte
1031 2538 1150 2608 quia
1174 2547 1258 2594 est
1297 2536 1550 2609 perfectio
1591 2537 1691 2591 alia
1734 2537 1785 2590 in
1837 2534 1938 2591 hoc

358 2629 578 2696 mundo,
610 2630 712 2684 alia
734 2639 853 2700 post
878 2630 1003 2684 illud
1028 2629 1318 2699 perfectum
1341 2629 1358 2661 ¹
1384 2628 1451 2683 de
1476 2643 1581 2699 quo
1606 2627 1734 2682 dicit
1752 2626 1817 2682 ad
1836 2627 1940 2682 Co-

356 2720 604 2786 rinthius,
652 2720 777 2775 Cum
806 2723 990 2775 venerit
1019 2719 1152 2791 quod
1193 2720 1469 2790 perfectum
1512 2728 1584 2773 est
1608 2718 1651 2790 (Ι
1681 2716 1799 2773 Cor.
1822 2733 1936 2784 xui,

354 2811 478 2882 40);
503 2822 556 2866 et
570 2811 715 2878 alibi,
743 2811 912 2866 Donec
927 2828 1248 2866 occurramus
1269 2827 1440 2866 omnes
1460 2810 1513 2863 in
1533 2810 1773 2863 unitatem
1794 2808 1936 2878 fidei,

355 2913 402 2957 et
428 2903 732 2974 agnitionem
758 2902 882 2957 Filii
901 2902 1014 2968 Dei,
1042 2904 1094 2956 in
1123 2904 1283 2956 virum
1314 2906 1615 2973 perfectum,
1643 2902 1697 2954 in
1726 2917 1930 2954 mensu-

357 3012 469 3049 ram
488 2994 649 3049 celatis
674 2995 1001 3065 plenitudinis
1028 2994 1213 3048 Christi
1244 2992 1458 3065 (Ephes.
1482 3010 1557 3060 tv,
1582 2992 1690 3064 15).
1725 2992 1793 3048 Ut
1812 3008 1939 3062 ergo

362 3087 627 3158 perfectos
654 3103 833 3142 secum
866 3088 1061 3141 multos
1090 3087 1164 3141 ait
1194 3086 1481 3156 Apismlus
1525 3086 1577 3139 in
1611 3085 1713 3141 hoe
1740 3083 1940 3139 mundo

358 3179 511 3246 sitos,
533 3180 620 3248 qui
647 3180 688 3234 si
712 3179 776 3234 ad
806 3179 1184 3248 perfectionem
1213 3193 1393 3233 veram
1424 3177 1697 3247 respicias,
1720 3176 1939 3247 perfecti

359 3287 480 3327 esse
508 3288 610 3326 non
644 3280 907 3341 poterant,
937 3272 1057 3342 quia
1086 3272 1200 3341 ipse
1220 3271 1374 3338 dixit,
1417 3270 1656 3325 Videmus
1683 3287 1816 3325 nunc
1853 3287 1943 3342 per

359 3366 619 3435 speculum
636 3364 689 3417 in
709 3364 992 3435 (enigmata,
1015 3374 1133 3418 tunc
1149 3374 1315 3418 autem
1334 3364 1466 3433 [acie
1483 3364 1551 3418 ad
1572 3366 1788 3435 faciem;
1810 3364 1944 3418 nunc

359 3471 603 3526 cognosco
624 3470 688 3509 ex
706 3464 867 3525 parte,
891 3464 1009 3508 tunc
1035 3464 1200 3509 autem
1223 3472 1521 3526 cognoscant
1545 3456 1672 3509 sicut
1694 3464 1739 3509 et
1763 3455 1942 3525 cogni-

358 3556 437 3603 tus
456 3565 563 3602 sum
590 3548 633 3618 (1
654 3545 773 3602 Cor.
798 3564 914 3615 xui,
943 3546 1062 3619 l2):
1091 3547 1162 3602 ita
1182 3558 1237 3602 et
1258 3547 1579 3602 immaculati
1610 3557 1734 3601 sunt
1759 3548 1811 3601 in
1843 3547 1944 3603 hoc

359 3638 581 3705 mundo,
611 3648 664 3693 et
690 3640 1015 3695 innuaculati
1052 3640 1290 3695 eruntin
1318 3656 1486 3709 regno
1526 3639 1656 3703 Dei;
1684 3655 1804 3693 cum
1834 3639 1942 3693 uti-

359 3746 463 3801 que
509 3731 554 3785 si
595 3731 851 3786 minutius
892 3732 1167 3798 discutias,
1218 3732 1590 3786 immaculatus
1632 3746 1752 3786 esse
1785 3747 1943 3787 nemo

359 3821 544 3892 possit,
574 3822 696 3891 quia
724 3837 880 3878 nemo
910 3823 1025 3879 sine
1054 3832 1295 3893 peccato.
1328 3843 1346 3875 ι
1372 3823 1501 3878 Item
1527 3824 1577 3877 in
1603 3823 1716 3893 ipso
1743 3842 1769 3879 :.
1795 3842 1813 3875 ι
1844 3820 1941 3878 Vi-

358 3910 570 3976 demus,
601 3930 620 3963 ι
648 3912 839 3980 inquit,
876 3931 894 3964 ι
931 3914 1052 3983 quia
1077 3913 1206 3968 dum
1235 3913 1288 3967 in
1320 3913 1420 3968 hac
1446 3914 1673 3967 vivimus
1699 3915 1824 3979 vita,
1848 3930 1945 3970 nos

359 4001 620 4057 mundare
658 4002 938 4071 debemus,
978 4010 1033 4058 et
1056 4020 1296 4074 qua-rere
1323 4004 1512 4072 Deum,
1540 4013 1594 4059 et
1620 4004 1856 4075 incipere
1879 4005 1946 4061 ab

354 4091 737 4148 emuntlatione
758 4093 950 4148 anima:
977 4104 1194 4159 nostra},
1221 4096 1440 4165 etquasi
1460 4093 1801 4151 fundamenta
1819 4111 1948 4151 con-

359 4183 585 4237 stituere
620 4184 848 4249 virtutis,
889 4193 944 4240 ut
992 4185 1370 4255 perfectionem
1415 4187 1742 4257 purgationis
1777 4188 1798 4219 ²
1828 4196 1948 4258 post

361 4274 499 4330 hanc
528 4276 687 4331 vitam
720 4292 1022 4332 mereamur
1062 4278 1306 4350 adipisci.
1345 4298 1365 4331 ι
1399 4278 1637 4350 Itemque
1686 4279 1739 4334 iu
1785 4280 1943 4349 ipso:

367 4384 389 4418 ι
420 4366 679 4422 Gravatus
703 4376 899 4434 autem,
932 4388 951 4414 ι
978 4368 1167 4439 inquit,
1200 4388 1220 4421 ‹
1248 4379 1302 4424 et
1328 4369 1684 4439 ingemiscens
1702 4370 1819 4439 quis
1839 4385 1943 4425 non

361 4456 627 4527 loquatur,
659 4455 851 4529 Infelix
889 4474 980 4529 ego
1015 4460 1186 4527 homo,
1219 4461 1331 4529 quis
1361 4476 1439 4513 me
1467 4460 1692 4513 liberabit
1731 4460 1793 4513 de
1829 4478 1943 4514 eor-

362 4565 486 4618 pore
511 4550 682 4602 mortis
703 4548 855 4619 hujus
876 4548 1053 4616 (Rom.
1082 4567 1173 4611 vn.
1202 4550 1332 4621 ριν
1370 4551 1443 4606 Ita
1480 4551 1667 4606 eodem
1697 4553 1946 4622 magistro

361 4654 551 4695 omnes
574 4641 859 4697 varietates
889 4643 1344 4712 interpretationis
1374 4643 1724 4698 absolvimus.
1752 4644 1881 4698 Nam
1901 4646 1944 4698 si

359 4731 537 4786 omnis
560 4731 738 4786 infelix
762 4733 853 4802 qui
878 4748 938 4788 se
959 4733 1199 4804 corporis
1230 4735 1552 4803 implicatum
1584 4735 1841 4790 molestiis
1856 4751 1943 4790 re-

357 4824 656 4893 cognoscit,
702 4825 884 4894 utique
914 4839 1073 4879 omne
1111 4839 1307 4894 corpus
1348 4824 1564 4879 infelix:
1595 4842 1763 4896 neque
1802 4827 1944 4881 enim

360 4911 570 4973 felicem
602 4914 748 4969 illum
778 4915 1027 4981 dixerim,
1058 4916 1146 4986 qui
1175 4915 1428 4970 Confusus
1457 4916 1774 4986 quibusdam
1799 4932 1951 4970 men-

359 5003 430 5071 tis
451 5018 560 5058 sua:
589 5004 822 5059 tenebris
847 5005 1205 5060 conditionem
1237 5022 1383 5061 suam
1411 5005 1599 5061 nescit.
1632 5006 1775 5061 lllud
1814 5022 1950 5077 quo-

360 5108 467 5162 que
509 5110 614 5148 nou
644 5094 931 5149 absurdum
976 5095 1040 5149 ad
1082 5094 1406 5150 intellectum
1447 5096 1693 5150 accessit.
1724 5097 1776 5151 Si
1804 5097 1944 5150 enim

361 5182 527 5239 homo
554 5184 641 5255 qui
671 5200 730 5240 se
759 5187 1051 5257 cognoscit,
1084 5186 1260 5255 infelix
1291 5196 1391 5254 est,
1437 5186 1676 5242 infelices
1705 5187 1946 5258 profecto

360 5290 585 5343 omnes;
609 5277 731 5347 quia
766 5280 1128 5350 unusquisque
1156 5296 1304 5334 suam
1346 5281 1705 5336 infirmitatem
1735 5291 1827 5336 aut
1855 5299 1949 5352 per

356 5369 677 5439 sapientiam
709 5374 1061 5441 recognoscit,
1083 5383 1171 5427 aut
1203 5389 1296 5443 per
1327 5374 1682 5443 insipientiam
1716 5378 1941 5430 nescit.»

356 5458 494 5518 Item
526 5463 576 5516 iu
607 5463 741 5519 libro
764 5463 831 5519 de
853 5464 997 5520 Bono
1020 5467 1207 5519 mortis
1242 5485 1261 5519 ι
1300 5467 1488 5537 (Capp.
1508 5468 1551 5524 3
1572 5479 1617 5520 et
1650 5468 1734 5539 ll)
1762 5487 1773 5521 :
1806 5468 1948 5539 Ope-

427 5699 443 5729 ί
469 5698 615 5762 Ariliti,
653 5696 751 5748 alia
781 5698 831 5748 in
851 5697 938 5750 hoc
955 5699 1148 5755 muto.
1180 5698 1281 5750 alia
1317 5708 1420 5762 post
1452 5701 1576 5750 hunc
1618 5699 1787 5761 vitam,
1823 5699 1948 5753 illud

363 5760 643 5827 perfection.
670 5763 1049 5827 (‘astiganturaal
1075 5760 1336 5827 Gallicanos
1370 5771 1473 5812 Mss.

428 5822 447 5854 ³
479 5823 550 5870 sic
572 5829 674 5870 Mss.
713 5824 847 5882 illiti,
873 5837 947 5885 pa.
967 5823 1236 5886 i/iruttovis.

344 5914 367 5930 \

657 421 928 479 CONTRA
970 419 1149 477 DUAS
1189 417 1555 475 EPISTOL.\S
1597 412 2154 480 PELAGIANORUM,
2197 413 2252 469 S.
2297 412 2661 468 Αυςῐδιιχι
2702 412 2906 469 LIBER
2945 414 3288 483 ρωιιτιςε.

3502 418 3610 475 656

2032 532 2180 578 retur
2201 522 2378 593 igitur,
2404 542 2423 575 ι
2452 522 2639 595 inquit,
2669 544 2686 576 ι
2727 540 2866 580 mars
2896 525 2946 579 iu
2977 526 3147 592 nobis,
3193 536 3249 582 ut
3275 538 3523 598 operetur
3554 538 3609 586 et

2031 615 2159 679 vita,
2193 614 2327 669 bona
2357 614 2459 671 \ita
2483 626 2601 686 post
2631 623 2879 683 mortem,
2928 617 3029 671 hoc
3056 628 3157 682 est,
3189 616 3326 673 bona
3360 621 3461 674 vita
3494 631 3612 690 post

2034 704 2331 771 \‘ictoi'iam,
2359 703 2496 760 bona
2524 706 2628 760 vita
2670 706 2915 761 absoluto
2950 709 3276 765 certamine:
3301 722 3356 764 ut
3386 709 3495 781 jam
3529 716 3610 768 lex

2032 799 2207 854 carnis
2233 799 2333 870 legi
2366 799 2559 853 mentis
2585 814 2881 869 repugnare
2922 815 3026 854 non
3068 803 3277 857 noverit
3318 803 3494 873 (Rom.
3523 821 3611 870 vn,

2032 888 2148 961 23),
2177 899 2235 944 ut
2267 890 2376 958 jam
2405 890 2557 944 nobis
2586 890 2727 945 nulla
2755 890 2824 944 sit
2862 905 2983 944 eum
3004 906 3234 962 corpore
3263 893 3450 947 mortis
3489 909 3616 949 cou-

2036 990 2221 1042 tentio.
2256 1007 2274 1040 ι
2314 986 2517 1042 Rursus
2545 988 2594 1042 iu
2621 988 2845 1045 eodem:
2873 1009 2891 1040 ι
2926 990 3089 1060 Ergo,
3124 1007 3142 1041 ι
3172 988 3362 1059 inquit,
3394 986 3617 1057 quiajtt-

2035 1082 2102 1135 sti
2129 1081 2265 1136 hanc
2291 1083 2775 1137 remunerationem
2821 1083 3039 1149 habent,
3084 1092 3142 1138 ut
3184 1082 3398 1137 videant
3429 1081 3616 1135 faciem

2037 1169 2153 1238 Dei,
2185 1180 2237 1227 et
2264 1172 2440 1226 lumen
2460 1172 2476 1204 ⁸
2501 1173 2630 1227 illud
2656 1174 2798 1243 quod
2831 1174 3091 1228 illuminat
3111 1190 3324 1229 omnem
3346 1173 3617 1229 hominem

2037 1259 2215 1331 (Joau.
2243 1278 2281 1328 ι,
2308 1261 2401 1334 9);
2473 1263 2668 1319 abhinc
2709 1263 2990 1319 iuduantus
3018 1265 3320 1334 lmjusmodi
3363 1264 3614 1330 studium,

2036 1360 2093 1405 ut
2121 1353 2508 1423 appropinquat
2532 1354 2707 1410 anima
2736 1365 2915 1410 nostra
2941 1356 3072 1422 Deo,
3091 1358 3480 1426 appropinquet
3498 1368 3621 1409 ora-

2039 1444 2113 1497 tio
2129 1444 2172 1510 ¹,
2205 1443 2479 1499 adita-root
2503 1445 2578 1500 illi
2622 1456 2861 1501 nostrum
2888 1447 3234 1515 desiderium,
3264 1462 3371 1501 non
3399 1461 3621 1517 separe-

2038 1551 2160 1590 mur
2179 1536 2245 1589 ab
2272 1552 2353 1591 eo.
2387 1537 2454 1591 Et
2474 1536 2561 1593 hic
2584 1538 2797 1609 quidem
2817 1540 2993 1609 positi,
3014 1539 3343 1606 meditando,
3374 1537 3620 1610 legendo,

2038 1626 2326 1698 quairendo
2352 1628 2664 1698 copulemnr
2694 1630 2836 1685 Deo:
2860 1646 3245 1701 cognoscamus
3262 1646 3406 1697 eum,
3426 1639 3484 1685 ut
3501 1646 3622 1701 pos—

2038 1733 2246 1774 sumus.
2275 1718 2357 1774 Ex
2391 1730 2539 1790 parte
2565 1721 2708 1775 enim
2738 1721 2826 1777 hic
2844 1724 3249 1793 cognoscimus:
3276 1724 3399 1793 quia
3423 1724 3507 1777 hic
3526 1724 3623 1777 im-

2039 1802 2293 1881 perfecta,
2335 1810 2440 1867 illic
2485 1812 2716 1883 perfecta
2758 1816 2972 1881 omnia;
3004 1814 3093 1869 hic
3124 1815 3353 1886 parvuli,
3387 1814 3495 1869 illic
3529 1828 3622 1869 ro-

2039 1901 2202 1957 busti.
2238 1902 2491 1969 Videmus,
2513 1904 2700 1975 inquit,
2719 1921 2850 1959 nanc
2867 1922 2956 1975 per
2973 1906 3233 1975 speculum
3252 1905 3305 1959 in
3325 1905 3617 1974 a'nigmate,

2040 2002 2160 2049 tunc
2203 2005 2372 2049 autem
2415 1997 2547 2067 facie
2587 1996 2656 2050 ad
2682 1997 2884 2066 faciem.
2913 1998 3063 2053 Tunc
3088 1998 3321 2053 revelata
3351 1997 3483 2052 facie
3506 1996 3624 2064 glo-

2041 2083 2179 2138 riam
2200 2084 2410 2139 Domini
2436 2086 2698 2154 speculari
2725 2086 2924 2153 licebit,
2954 2101 3110 2157 quam
3139 2101 3277 2141 nunc
3302 2086 3492 2140 animae
3508 2099 3628 2140 eor-

2040 2175 2186 2244 poris
2214 2174 2370 2245 hujus
2409 2179 2672 2231 concretis
2710 2177 2999 2231 visceribus
3024 2176 3295 2242 inVOl'lL'D,
3324 2183 3379 2231 et
3406 2176 3626 2246 quibus-

2041 2264 2163 2320 dam
2186 2267 2360 2320 carnis
2390 2265 2549 2337 hujus
2576 2267 2797 2323 maculis
2817 2276 2871 2323 et
2888 2268 3274 2324 colluvionibus
3300 2267 3627 2322 obumbratae

2043 2355 2253 2411 sincere
2282 2356 2461 2411 videre
2489 2372 2594 2413 non
2624 2368 2866 2428 possunt.
2899 2358 3024 2424 Quis
3044 2360 3198 2426 enim,
3223 2360 3412 2429 inquit,
3449 2359 3628 2413 videbit

2044 2447 2237 2502 vultum
2262 2464 2449 2513 meum,
2477 2456 2522 2502 et
2558 2449 2687 2503 vivet
2713 2448 2906 2520 (Exod.
2950 2466 3140 2514 xxxiii,
3185 2447 3315 2522 20)?
3346 2450 3412 2504 Et
3438 2458 3581 2504 recte
3614 2468 3627 2504 :
3674 2488 3679 2493 ~

2044 2552 2167 2592 nam
2196 2537 2241 2592 si
2270 2538 2400 2592 solis
2425 2537 2605 2592 radios
2630 2539 2771 2593 oculi
2800 2540 2971 2594 nostri
2999 2540 3137 2595 ferre
3164 2554 3270 2594 non
3301 2549 3541 2610 possunt,
3577 2550 3632 2594 et

2043 2629 2089 2685 si
2115 2628 2233 2700 quis
2252 2629 2451 2685 diutius
2469 2646 2499 2686 e
2518 2631 2736 2702 regione
2755 2632 2885 2687 solis
2911 2632 3218 2700 intenderit,
3237 2634 3428 2690 caecari
3456 2635 3631 2689 solere

2044 2718 2384 2792 perhibetur;
2413 2721 2457 2778 si
2488 2732 2733 2780 creatura
2778 2735 3077 2780 creaturam
3119 2727 3235 2782 sine
3262 2726 3447 2781 fraude
3477 2737 3635 2795 atque

2046 2812 2344 2868 offensione
2372 2814 2451 2867 sui
2472 2829 2579 2868 non
2603 2821 2777 2885 potest
2801 2816 3023 2882 intueri;
3042 2819 3309 2885 quomodo
3327 2827 3500 2888 potest
3517 2820 3632 2873 sine

2048 2903 2287 2975 periculo
2316 2904 2395 2958 sui
2424 2905 2719 2960 vibrantem
2738 2922 2959 2963 cernere
2978 2909 3180 2964 vultum
3202 2909 3466 2964 Creatoris
3484 2918 3632 2963 aiter

2049 2995 2122 3061 ni,
2154 2996 2396 3065 corporis
2420 2996 2579 3066 hujus
2605 3009 2822 3067 opertus
2850 3002 3087 3056 exuviis?
3112 3002 3242 3068 Quis
3269 3004 3408 3056 enim
3432 3001 3627 3069 justiti.

2048 3097 2201 3141 catur
2230 3088 2282 3142 in
2309 3098 2598 3157 conspectu
2631 3091 2727 3145 Dei
2760 3090 2935 3162 (Psal.
2967 3108 3133 3154 cstu.
3183 3092 3273 3165 2);
3314 3109 3435 3148 cum
3478 3094 3633 3147 unius

2047 3192 2262 3248 quoque
2278 3177 2381 3233 diei
2411 3179 2581 3234 infans
2600 3181 2828 3237 mundus
2853 3198 2880 3233 a
2914 3192 3131 3251 peccato
3151 3182 3171 3214 ³
3197 3197 3316 3237 esse
3337 3199 3440 3236 non
3470 3184 3635 3250 possit

2051 3267 2171 3339 (Job
2199 3283 2309 3335 ειν,
2341 3267 2396 3333 5,
2436 3285 2535 3322 sec.
2580 3266 2766 3340 LXX),
2791 3280 2845 3324 et
2872 3287 3026 3325 nemo
3057 3272 3223 3340 possit
3247 3272 3314 3326 de
3352 3272 3431 3325 sui
3458 3273 3634 3326 cordis

2051 3358 2353 3430 integritate
2378 3370 2429 3415 et
2459 3361 2768 3415 castimonia
2800 3362 3043 3431 gloriaris
3072 3361 3251 3430 (Prov.
3281 3378 3372 3424 xx,
3395 3361 3493 3434 9)?

2121 3449 2348 3506 CAPUT
2377 3450 2695 3509 xu.,-32.
2728 3451 2948 3506 "(tresis
2995 3451 3276 3524 Pelagiana
3322 3453 3479 3505 multo
3520 3463 3630 3521 post

2051 3540 2370 3597 Ambrosium
2395 3553 2589 3597 exorta.
2626 3543 2778 3599 Fides
2804 3545 3052 3599 catholica
3096 3562 3294 3615 semper
3322 3545 3533 3616 vigilans
3569 3546 3635 3596 ad

2051 3631 2397 3702 repellendum
2419 3650 2656 3687 errarent.
2713 3634 2913 3706 Synodi
2952 3637 3270 3707 congregatio
3314 3637 3381 3689 ad
3425 3636 3637 3690 heart-ses

2053 3722 2370 3777 damnandos
2392 3740 2489 3778 non
2519 3742 2714 3795 semper
2742 3727 3042 3781 necessaria.
3066 3727 3232 3782 Nimis
3260 3728 3472 3796 longum
3501 3728 3634 3793 erit,

2054 3815 2096 3869 si
2128 3816 2307 3869 omnia
2344 3817 2502 3871 velim
2529 3832 2952 3874 conuuemorare
2971 3861 2986 3884 ,
3019 3837 3137 3890 qua)
3161 3830 3377 3875 sanctus
3404 3821 3635 3876 Ambros

2053 3906 2166 3960 sius
2195 3906 2451 3961 adversus
2481 3908 2616 3963 haue
2644 3908 2887 3964 haeresim
2915 3910 3313 3981 Pelagianorum
3349 3920 3492 3967 tanto
3520 3921 3639 3983 post

2053 4004 2358 4050 exorturam
2378 4040 2391 4059 ,
2421 4014 2524 4052 nou
2553 3999 2632 4053 eis
2660 4001 2872 4069 quidem
2903 4003 3264 4074 respondens,
3307 4004 3399 4059 sed
3441 4005 3636 4074 pra'di-

2053 4098 2181 4138 cans
2210 4085 2526 4141 catholicam
2557 4087 2735 4153 fidem,
2759 4099 2918 4158 atque
2949 4093 2997 4145 iu
3017 4107 3076 4145 ea
3104 4092 3347 4149 homines
3370 4094 3638 4152 acditicans

2054 4173 2186 4229 dixit
2205 4190 2259 4230 et
2278 4177 2511 4246 scripsit.
2540 4177 2644 4235 Sed
2677 4195 2774 4236 nec
2802 4181 2885 4236 illa
2909 4183 3084 4237 omnia
3108 4199 3529 4242 commemorare
3550 4202 3640 4258 po.

2055 4268 2130 4322 tui
2161 4268 2240 4323 vel
2269 4268 2425 4324 debui
2453 4311 2468 4335 ,
2495 4286 2613 4340 qum
2637 4273 3049 4341 gloriosissimus
3094 4276 3145 4330 in
3169 4277 3394 4333 Domino
3420 4277 3639 4350 Cypria-

2056 4375 2156 4414 nus
2202 4362 2377 4431 posuit
2426 4362 2477 4416 iu
2532 4363 2783 4432 Epistolis
2809 4367 2953 4432 suis,
2985 4368 3176 4437 quibus
3210 4368 3636 4437 demonstretur,

2055 4465 2212 4519 quam
2242 4448 2265 4480 ί
2292 4451 2362 4504 sit
2400 4451 2545 4518 haec,
2580 4468 2738 4522 quam
2769 4462 3032 4522 tenemus,
3077 4456 3209 4512 fides
3245 4474 3367 4513 vera
3412 4474 3640 4529 vereque

2056 4539 2345 4595 christiana
2370 4552 2528 4612 atque
2556 4543 2815 4600 catholica
2836 4588 2850 4610 ,
2884 4547 3021 4602 sicut
3049 4565 3144 4619 per
3189 4549 3488 4620 Scripturas
3513 4565 3638 4605 san—

2056 4640 2171 4686 ctas
2222 4632 2515 4699 antiquitus
2562 4634 2785 4700 tradita,
2841 4636 2918 4692 sic
2957 4653 2987 4692 a
3030 4640 3271 4710 patribus
3315 4642 3546 4709 nostris,
3585 4652 3639 4695 et

2056 4736 2223 4792 usque
2248 4724 2312 4776 ad
2340 4723 2440 4780 hoc
2467 4734 2705 4796 tempus,
2736 4744 2842 4798 quo
2874 4730 2958 4783 isti
2980 4745 3095 4785 eam
3126 4732 3430 4788 convellere
3463 4740 3639 4788 tenta-

2055 4825 2281 4881 verunt,
2311 4825 2514 4871 retenta
2537 4828 2695 4888 atque
2719 4829 2926 4875 servata
2949 4864 2963 4887 ,
3008 4831 3063 4877 et
3106 4823 3359 4894 deinceps
3408 4826 3637 4894 propitio

2058 4904 2171 4960 Deo
2190 4905 2463 4961 retinenda
2485 4918 2643 4979 atque
2663 4911 2944 4966 servanda.
2975 4911 3106 4966 Nam
3137 4914 3215 4970 sic
3235 4914 3501 4987 Cypriane
3526 4926 3578 4970 et
3608 4932 3636 4969 a

2056 4995 2322 5069 Cypriano
2348 4999 2536 5053 tradita
2561 4998 2677 5055 lucc
2701 5011 2861 5072 atque
2889 5000 3195 5072 hujusmodi
3222 5021 3286 5059 ex
3312 5006 3426 5075 ejus
3454 5007 3642 5061 litteris

2057 5090 2359 5144 testimonia
2389 5091 2592 5160 prolata
2618 5101 2880 5147 testantur
2899 5110 2911 5146 :
2932 5095 3009 5149 sic
3028 5103 3205 5149 autem
3219 5112 3391 5167 usque
3417 5097 3483 5152 ad
3511 5107 3642 5153 tent-

2050 5194 2185 5250 .pora
2217 5190 2395 5236 nostra
2416 5191 2630 5235 serrata
2651 5220 2667 5246 ,
2698 5199 2759 5235 ea
2788 5199 2908 5251 qua:
2932 5183 2998 5239 de
3033 5183 3119 5240 his
3164 5186 3324 5241 rebus
3352 5198 3638 5258 antequam

2054 5269 2390 5326 isti-ebullire
2417 5273 2702 5341 cmpisscut
2722 5274 3072 5337 ,‘Ambrosius
3101 5277 3437 5348 conscripsit,
3458 5288 3640 5333 osten-

2057 5360 2209 5426 dunt,
2232 5370 2286 5417 et
2311 5361 2453 5432 quod
2481 5377 2664 5418 eorum
2688 5363 2945 5432 profanas
2972 5367 3233 5422 novitates
3259 5369 3534 5424 catholica:
3551 5387 3644 5425 au-

2059 5467 2146 5507 rts
2171 5469 2288 5523 qutn
2311 5453 2502 5523 ubique
2532 5463 2685 5519 sunt,
2718 5454 3041 5512 horruerunt
3063 5474 3076 5514 :
3096 5460 3172 5515 sic
3196 5474 3357 5530 porro
3384 5462 3637 5532 deinceps

2122 5642 2137 5709 ξ
2176 5644 2307 5709 mliti,
2335 5651 2449 5695 etut
2472 5645 2648 5709 tamen.
2678 5648 2840 5706 Abest,
2866 5653 2934 5709 ut,
2960 5663 2989 5700 a
3009 5656 3119 5702 Mss.

2121 5706 2149 5778 ξ
2177 5708 2257 5778 ttic
2282 5716 2480 5778 veteres
2513 5708 2621 5759 libri
2656 5706 2940 5778 restituunt,
2983 5713 3324 5778 appi'opiuquet
3349 5713 3517 5778 oratio.

2133 5766 2149 5833 ἶ
2182 5774 2296 5833 item
2324 5770 2400 5818 hic
2420 5784 2479 5819 ex
2504 5778 2609 5819 Mss.
2637 5772 2844 5825 additur.
2871 5786 2901 5819 ιι
2923 5766 3145 5833 milia):
3232 5766 3243 5778 ’
3364 5776 3387 5785 “

2130 5828 2146 5859 ⁸
2178 5830 2310 5890 ωιιι,
2335 5834 2539 5890 quonam!
2562 5850 2585 5876 ι.
2616 5841 2701 5879 κάξ
2727 5868 2740 5889 ,
2766 5828 2925 5895 quam.
