4096 6498
440 316 543 370 637

437 422 1006 492 esseservanda,satis
1026 422 1307 477 salubriter
1336 424 1555 477 istorum
1584 425 1772 493 partim
1801 425 1992 481 damna

439 517 541 583 tio,
570 516 761 588 partim
787 515 1048 570 correctio
1075 514 1382 570 declaravit.
1416 514 1695 581 Quodlibet
1723 516 1865 572 enim
1900 534 2020 572 niu-

450 609 535 665 lire
558 609 789 664 audeant
812 605 1066 661 adversus
1106 621 1287 659 sanam
1335 603 1492 658 tidem
1535 603 1782 676 Cypriani
1812 615 1865 662 et
1894 608 2021 661 Amo

448 699 600 759 lrosii
621 740 636 764 ,
665 714 769 753 non
800 712 895 754 eos
917 708 1044 768 puto
1072 698 1124 751 in
1152 705 1259 750 tam
1286 710 1533 766 magnum
1560 705 1911 768 proruptores
1940 697 2023 752 l‘u-

435 805 612 847 rorem
636 831 652 856 ,
679 798 738 844 ut
766 798 1088 844 memoratos
1112 797 1167 843 et
1206 788 1577 845 memorabiles
1624 786 1874 845 homines
1927 791 2017 846 Dei

431 881 660 937 audeant
684 880 864 936 dicere
890 880 1233 935 Mauiclneos.
1705 893 1714 901 '

501 972 587 1027 33.
620 970 755 1039 Quid
799 981 880 1026 est
910 986 1037 1041 ergo
1082 970 1222 1040 quod
1272 970 1480 1024 rabiosa
1535 972 1731 1026 mentis
1780 974 2018 1029 excitate

432 1067 808 1133 nunejactant,
838 1073 939 1117 toto
960 1065 1158 1134 penitus
1210 1061 1479 1117 Occidente
1527 1080 1626 1117 non
1672 1065 1840 1119 minus
1886 1066 2016 1119 stul-

432 1167 534 1209 tum
556 1173 704 1226 quam
743 1156 953 1223 impium
1000 1156 1182 1224 dogma
1232 1165 1516 1224 susceptum
1538 1171 1559 1209 :
1584 1155 2013 1225 quandoquidem
2034 1148 2047 1165 ’

435 1249 657 1304 Domino
682 1251 968 1304 miserante
997 1262 1253 1318 suamque
1278 1248 1568 1302 Ecclesium
1597 1248 2014 1303 misericorditer

426 1340 779 1409 gubernante,
803 1340 880 1393 sic
907 1339 1138 1408 vigilavit
1161 1338 1418 1391 catholica
1439 1337 1569 1392 fides
1588 1379 1603 1402 ,
1629 1346 1810 1392 utnon
1838 1354 2014 1394 namus

428 1432 642 1485 stultum
665 1446 824 1502 quam
852 1430 1073 1499 impium
1103 1429 1290 1499 dogma
1311 1470 1327 1496 ,
1369 1426 1819 1499 quemadmodum
1847 1429 2015 1483 Mani-

426 1523 717 1585 cha-orum,
748 1522 817 1575 ita
856 1522 1013 1575 etiam
1038 1535 1142 1574 non
1175 1520 1536 1589 susciperetur
1576 1520 1795 1574 istorum
1820 1519 1843 1573 ?
1870 1518 2012 1575 Ecce

423 1611 592 1665 sancti
617 1621 671 1665 et
699 1610 840 1664 docti
860 1610 956 1665 viri
983 1608 1121 1664 fama
1165 1610 1328 1665 totius
1373 1609 1627 1665 Ecclesiae
1675 1618 2012 1666 eontestante

422 1700 693 1767 catholici,
713 1709 766 1755 et
785 1709 1083 1756 creaturam
1115 1701 1239 1766 Dei,
1258 1709 1314 1755 et
1337 1701 1549 1771 nuptias
1577 1701 1646 1755 ab
1675 1700 1765 1754 illo
1794 1700 2007 1757 institu-

424 1800 525 1857 tas,
553 1800 609 1846 et
632 1791 800 1861 legem
832 1790 900 1844 ab
925 1791 1024 1845 eo‘
1054 1805 1149 1861 per
1176 1798 1416 1845 sanctrmr
1441 1789 1657 1862 Moysen
1688 1789 1897 1854 datam,
1954 1799 2011 1845 et

422 1880 647 1935 liberum
665 1882 937 1936 arbitrium
968 1892 1167 1936 natura-
1185 1881 1416 1935 hominis
1432 1880 1649 1935 insitum
1669 1921 1682 1944 ,
1714 1888 1765 1937 et
1795 1890 2009 1936 sanctos

424 1968 761 2025 Patriarchas
786 1982 838 2025 et
867 1971 1158 2041 Prophetas
1176 1970 1447 2025 debitisac
1475 1972 1723 2042 congruis
1747 1971 2005 2040 prmdica-

423 2060 655 2115 tionibus
705 2061 956 2127 laudant;
1013 2078 1131 2132 qua:
1171 2063 1346 2115 omnia
1389 2063 1662 2132 qninque'
1690 2062 2002 2129 Manichzni,

424 2152 610 2221 partim
659 2152 902 2221 negando
931 2192 947 2218 ,
1010 2153 1198 2222 partim
1240 2153 1400 2206 etiam
1455 2152 1767 2206 detestando
1811 2153 2010 2209 conde-

422 2252 635 2305 mnant;
661 2241 798 2295 unde
821 2249 1041 2311 apparet
1068 2247 1196 2295 istos
1218 2242 1465 2296 doctores
1487 2242 1777 2311 catholicos
1799 2244 1956 2314 longe
1975 2259 2007 2299 a

421 2328 829 2385 Maniclueurnm
860 2332 1104 2387 sensibus
1116 2333 1317 2387 alienos
1340 2355 1353 2387 ~.
1370 2342 1424 2386 et
1446 2342 1620 2387 tamen
1639 2344 1882 2388 asserunt
1898 2336 2007 2389 ori-

418 2422 593 2492 ginalc
611 2431 882 2491 peccatum
902 2466 914 2487 ,
939 2433 1186 2479 asserunt
1213 2426 1434 2494 gratiam
1468 2425 1561 2479 Dei
1592 2441 1755 2495 super
1780 2426 2005 2481 liberum

416 2513 716 2578 arbitrium,
736 2528 896 2569 omne
912 2515 1226 2570 antecedere
1257 2516 1501 2569 meritum
1519 2558 1534 2581 ,
1568 2524 1625 2570 ut
1657 2531 1785 2571 vere
1807 2519 2008 2587 gratui-

419 2611 529 2659 tum
553 2604 786 2658 divinum
812 2606 1379 2676 pmlieatadjutorium
1396 2623 1411 2672 ;
1431 2618 1671 2663 asserunt
1691 2618 1908 2664 sanctos
1934 2610 2005 2665 ita

413 2691 554 2765 juste
574 2695 623 2747 in
656 2681 753 2748 hac
770 2710 929 2750 carne
948 2694 1160 2762 vaisse,
1174 2706 1232 2750 ut
1248 2698 1324 2751 eis
1345 2708 1484 2751 esset
1504 2699 1886 2765 necessarium,
1900 2715 2006 2769 quo

415 2785 1058 2858 dimittanturquotidiana
1074 2797 1308 2857 peccata,
1325 2790 1581 2844 orationis
1595 2791 1869 2858 auxilium,
1884 2806 2005 2861 per-

415 2876 709 2946 fectamque
722 2877 1001 2946 justitiam,
1022 2895 1137 2949 qum
1159 2895 1262 2933 non
1290 2882 1455 2949 possit
1483 2880 1674 2936 habere
1693 2891 1963 2951 peccatum
1984 2922 2002 2950 ,

415 2968 469 3023 in
484 2969 584 3023 alia
606 2970 709 3024 vita
726 2969 955 3025 futuram
969 2972 1067 3036 eis,
1083 2972 1321 3042 quijnste
1341 2973 1423 3026 hic
1438 2974 1681 3037 vixerint,
1701 2975 2000 3043 praemium.

488 3060 582 3114 ‘54.
616 3060 753 3126 Quid
776 3072 857 3116 est
881 3077 1008 3132 ergo
1035 3063 1174 3132 quod
1199 3064 1413 3130 dicunt,
1445 3064 1775 3131 Simplicibus
1804 3065 2001 3137 episco-

417 3153 495 3221 pis
511 3151 553 3215 ³,
578 3153 686 3206 sine
704 3154 1090 3225 congregatione
1111 3154 1292 3225 synodi
1320 3154 1373 3209 in
1402 3154 1524 3209 locis
1550 3155 1654 3209 suis
1678 3154 1960 3210 sedentibus
1983 3194 2000 3221 ,

479 3306 495 3374 ξ
531 3304 647 3374 ι’μηί
671 3306 1033 3374 prater-terant,
1045 3307 1108 3374 oo
1128 3319 1202 3359 eo.
1227 3314 1392 3360 Exstat
1402 3311 1462 3360 in
1484 3302 1591 3359 uss.

476 3367 496 3431 ξ
528 3368 599 3415 sic
623 3367 725 3431 Mss.
750 3376 802 3417 Αι
825 3369 961 3431 editi,
987 3368 1163 3431 inique.
1402 3430 1405 3431 ν
1626 3423 1636 3430 ,

477 3427 495 3459 ι
531 3434 580 3475 ιιι
604 3428 762 3488 editis,
793 3437 860 3480 De
881 3427 1177 3494 simplicibus
1198 3430 1450 3497 episcopis.
1481 3427 1660 3493 Abest,
1684 3430 1746 3483 de
1765 3466 1780 3493 ,
1804 3444 1834 3483 a
1854 3439 1965 3483 Mss.

938 3583 1247 3590 -Αυσσ-α

1262 3583 1475 3590 .__

441 3580 1077 3593 —;_-——__———a
1098 3583 1579 3593 ._—-—_——~———-

1328 312 1698 369 ADMONITIO
1738 315 1800 369 IN
1841 315 2079 373 LIBROS
2116 302 2384 376 CONTRA
2424 322 2787 384 JULMNUM.

652 3619 1657 3630 mm—va‘——>
1672 3624 1723 3630 ...ς-
1748 3624 1833 3630 .__._.
1846 3624 2577 3631 _..._.__‘._____-__~_v___..._..._..
2604 3622 3231 3629 ._._.___*_._..__————-——————-—

3604 345 3711 403 633

2132 440 2322 515 extorta
2342 435 2638 504 subscriptio
2668 442 2776 493 cst?
2799 438 3057 515 Numquid
3089 446 3409 506 bcatissimis
3437 461 3492 508 et.
3520 454 3573 510 in
3603 455 3712 515 fido

2127 508 2384 579 catlt'olica
2406 528 2863 586 excellentissimis
2893 535 3018 590 viris
3044 536 3310 608 Cypriane
3339 553 3393 598 et
3421 545 3708 607 Ambrosio

2126 623 2249 667 ante
2280 616 2439 683 istos,
2473 617 2727 674 adversus
2785 624 2914 679 istos
2958 636 3165 682 extorta
3209 631 3530 704 subscriptio
3579 651 3707 697 est:

2125 704 2214 773 qui
2242 705 2259 738 ⁸
2286 722 2470 762 eorum
2500 708 2657 780 impia
2682 712 2929 783 dogmata
2955 724 3099 772 tanta
3123 722 3710 796 manifestatiouesub-

2125 806 2356 863 vertunt,
2380 807 2437 852 ut
2455 814 2575 870 qua:
2605 814 2787 859 contra
2810 820 2905 861 eos
2934 809 3598 884 manifestiora'dieamus,
3620 822 3706 878 vix

2123 903 2220 983 nos
2247 890 2485 948 invenire
2514 896 2777 963 possimus
2803 897 2826 951 τ
2851 898 2956 953 Aut
2979 916 3110 956 vero
3141 907 3552 975 congregatione
3578 927 3709 983 syn-

2122 978 2209 1071 odi
2232 995 2365 1071 opus
2394 992 2540 1050 erat,
2566 993 2622 1038 nt
2646 998 2825 1055 aperta
2846 991 3107 1057 pernicies
3134 993 3519 1053 damnaretur?
3556 978 3707 1071 quasi

2123 1068 2265 1122 tnrlla
2317 1070 2536 1128 incresis
2576 1075 2861 1146 aliquando
2912 1082 3010 1135 nisi
3055 1085 3246 1155 synodi
3294 1068 3708 1159 congregatione

2121 1159 2365 1239 damnata
2395 1167 2500 1219 sit:
2527 1182 2646 1222 cum
2680 1171 2853 1239 potius
2875 1174 3163 1229 rarissimae
3189 1177 3547 1244 inveniantur,
3578 1198 3703 1251 pro-

2121 1263 2239 1323 pter
2260 1272 2390 1325 quas
2406 1257 2734 1314 damnandas
2755 1265 3043 1320 necessitas
3065 1266 3184 1320 talis
3198 1270 3332 1322 εχειί
3343 1272 3490 1334 terit;
3507 1274 3704 1327 multo.

2119 1361 2222 1415 que
2248 1348 2351 1400 sint
2381 1359 2539 1418 atque
2566 1351 3053 1423 incomparabiliter
3079 1357 3282 1426 plures,
3301 1376 3419 1429 qum
3440 1362 3525 1416 ubi
3547 1364 3704 1419 exstic

2118 1446 2329 1504 terunt,
2364 1439 2472 1495 illic
2503 1442 2788 1512 improbari
2810 1444 3159 1518 damnarique
3187 1464 3521 1517 meruerunt,
3543 1464 3703 1525 atque

2117 1529 2239 1584 inde
2270 1546 2364 1606 per
2390 1542 2612 1589 cmteras
2629 1544 2798 1589 terras
2818 1536 3119 1594 devitanda:
3144 1541 3477 1598 innotescere
3516 1554 3702 1613 potue-

2115 1631 2258 1675 runt.
2295 1622 2487 1678 Verum
2517 1625 2738 1681 istorum
2764 1629 3013 1698 superbia
3030 1669 3045 1694 ,
3070 1645 3194 1701 qua:
3217 1641 3419 1687 tantum
3448 1649 3507 1688 se
3529 1633 3697 1689 extol-

2116 1712 2176 1769 lit
2200 1716 2459 1770 adversus
2481 1718 2671 1783 Deum,
2700 1728 2757 1773 ut
2783 1735 2887 1775 non
2917 1721 2968 1776 in
2992 1722 3082 1775 illo
3110 1724 3269 1787 velit,
3301 1724 3396 1779 sed
3437 1726 3615 1795 potius
3644 1727 3701 1781 in

2114 1806 2280 1862 libero
2306 1809 2527 1864 arbitrio
2547 1812 2780 1880 gloriari,
2802 1813 2938 1869 hanc
2958 1816 3116 1870 etiam
3142 1816 3367 1887 gloriam
3383 1828 3599 1888 captare
3616 1820 3699 1875 in-

2114 1900 2386 1971 telligitur,
2416 1913 2471 1956 ut
2496 1914 2711 1973 propter
2737 1906 2852 1959 illos
2876 1904 3109 1960 Orientis
3132 1917 3187 1962 et
3212 1907 3514 1964 Occidentis
3530 1925 3697 1981 syno-

2111 1992 2211 2047 dus
2239 2005 2606 2065 congregetur.
2628 1996 2823 2051 Orbem
2841 1998 3035 2068 quippe
3061 1999 3382 2055 catholicum
3403 2043 3419 2067 ,
3442 2003 3697 2072 quoniam

2114 2082 2338 2137 Domino
2385 2085 2464 2139 cis
2515 2086 2797 2141 resistente
2838 2098 3143 2157 pervertere
3174 2100 3474 2159 nequeunt,
3505 2090 3696 2147 saltent

2111 2187 2452 2229 commovere
2494 2184 2792 2230 conantur:
2825 2191 2947 2231 cum
2979 2178 3158 2248 potius
3181 2180 3448 2249 vigilantia
3492 2187 3547 2234 et
3573 2179 3699 2234 dili-

2110 2264 2287 2333 gentia
2318 2265 2568 2333 pasrorali
2599 2275 2719 2336 post
2749 2265 2945 2320 factum
2965 2266 3036 2322 de
3064 2268 3170 2322 illis
3199 2278 3509 2339 competens
3549 2270 3700 2325 sulti-

2110 2353 2361 2424 ciensque
2385 2354 2643 2424 judicium
2664 2398 2679 2422 ,
2714 2357 3031 2427 ubicumque
3070 2358 3156 2413 isti
3186 2359 3293 2428 lupi
3323 2360 3694 2428 apparuerint,

2112 2446 2430 2503 eontereadi
2457 2448 2584 2513 sint,
2599 2448 2714 2501 sive
2740 2457 2797 2503 ut
2822 2458 3077 2505 sanentur
3101 2460 3261 2521 atque
3282 2452 3699 2514 mutentur,sive

2112 2544 2167 2589 ut
2194 2535 2261 2590 ab
2286 2536 2510 2590 aliorum
2538 2538 2713 2593 salute
2736 2546 2893 2608 atque
2923 2540 3223 2610 integritate
3248 2543 3514 2609 vitentur;
3537 2542 3694 2613 adju-
3728 2542 3733 2547 ’

2110 2635 2266 2680 vantc
2294 2626 2514 2683 Pastore
2536 2640 2828 2698 pastorum,
2854 2632 2941 2700 qui
2969 2647 3124 2687 ovem
3147 2632 3409 2703 perditam
3424 2644 3479 2689 et
3497 2634 3549 2689 in
3577 2651 3700 2703 par-

2111 2716 2248 2771 vulis
2275 2717 2496 2787 quaerit,
2523 2719 2611 2786 qui
2639 2734 2767 2774 oves
2807 2731 3020 2775 sanctas
3061 2731 3115 2776 et
3148 2721 3321 2791 justas
3348 2724 3511 2792 gratis
3537 2725 3692 2789 facit,

2109 2807 2307 2877 quiens
2335 2810 2578 2879 quamvis
2603 2811 2958 2866 szmctiiicatas
2985 2823 3039 2867 et
3063 2812 3380 2883 jnstilieatas
3401 2854 3417 2880 ,
3449 2817 3696 2871 tamenin

2109 2899 2211 2955 ista
2238 2898 2521 2970 fragilitate
2549 2911 2705 2970 atque
2736 2902 3044 2959 inﬁrmitate
3072 2919 3170 2974 pro
3199 2906 3525 2975 quotidianis
3567 2922 3697 2975 pec-

2108 2992 2273 3055 catis,
2307 2992 2422 3047 sine
2460 2993 2653 3062 quibus
2677 2993 2764 3048 bic
2793 3010 2895 3048 non
2928 2995 3143 3063 vivitur,
3172 2996 3334 3050 etiam
3384 3011 3523 3073 cum,
3558 2997 3695 3053 bene

2106 3081 2303 3137 vivitur
2322 3124 2335 3147 ,
2360 3083 2722 3153 quotidianam
2753 3086 3156 3153 remissionem,
3196 3096 3252 3142 et
3275 3096 3333 3141 ut
3359 3095 3542 3157 petant
3571 3103 3697 3158 pro-

2108 3175 2347 3231 videnter
2365 3176 2575 3232 instruit
2593 3218 2607 3245 ,
2631 3186 2686 3232 et
2716 3188 2953 3248 petentes
2977 3178 3268 3234 clementer
3292 3179 3527 3235 exaudit.

2170 3348 2185 3411 ξ
2222 3347 2358 3404 Editi,
2392 3358 2503 3411 qua.
2522 3355 2693 3411 aurs-3
2707 3390 2717 3399 .
2731 3387 2746 3411 ,
2762 3346 2859 3411 qui.

2168 3410 2189 3440 ³
2223 3417 2348 3469 Mss,
2373 3407 2765 3472 nianifestatiord.

441 3578 925 3588 ————————_
938 3583 1077 3589 ____e
1098 3583 1247 3590 ._..
1262 3583 2579 3613 _=_m__—wn
2593 3584 2825 3589 ...ιφ-..-
2836 3583 2923 3589 ηρρ..
2934 3582 3321 3590 -.ιε’-.-φ--υ-συ-ςνε--ο
3345 3583 3355 3589 .
3368 3582 3688 3613 κω.-κέ

440 3613 3697 3631 πεπῑππῄ

1409 3860 1490 3925 ΙΝ
1555 3859 1834 3922 LIBROS
1902 3860 2223 3923 CONTRA
2290 3860 2713 3923 JULIANUM.

478 4082 536 4137 lu
558 4082 642 4138 his
666 4081 818 4137 libris
846 4082 1196 4153 Hieronymus
1224 4081 1498 4153 presbyter
1524 4082 1767 4137 laudatur
1792 4091 2039 4151 tanquam
2071 4082 2178 4135 vita
2203 4080 2313 4152 jam
2344 4080 2555 4138 functus
2583 4082 2601 4152 (
2630 4081 2744 4136 Lib.
2776 4083 2826 4148 i,
2856 4098 2908 4136 η.
2940 4082 3011 4137 54
3033 4100 3048 4149 ;
3074 4082 3163 4137 ιιι.
3206 4083 3262 4149 2,
3294 4101 3347 4139 ιι.
3377 4084 3445 4139 5b
3465 4085 3509 4156 ).
3560 4084 3693 4142 Por-

407 4189 469 4230 ro
497 4191 528 4231 e
549 4175 682 4230 vivis
707 4174 795 4229 ille
822 4190 959 4228 anno
983 4173 1179 4229 Christi
1206 4174 1331 4239 420,
1366 4175 1531 4244 pridie
1572 4174 1826 4230 kalendas
1859 4172 2092 4229 octobris
2120 4174 2366 4228 excessit.
2390 4174 2499 4229 Hos
2529 4189 2657 4243 ergo
2678 4174 2840 4229 libros
2866 4187 2972 4228 non
2995 4183 3117 4228 ante
3142 4189 3338 4229 annum
3382 4176 3479 4231 ΩΙ
3529 4177 3701 4231 collos

406 4282 532 4324 care
559 4267 701 4322 licet.
735 4266 1015 4321 Enimvero
1050 4267 1162 4335 ipse
1193 4266 1521 4335 Augustinus
1569 4266 1622 4320 in
1652 4262 2137 4320 Retractationibus
2163 4273 2281 4333 post
2309 4278 2443 4334 aptis
2471 4262 2536 4317 ad
2568 4262 2896 4318 Bonifacium
2922 4262 3061 4333 quod
3083 4272 3266 4319 contra
3294 4263 3427 4319 duas
3456 4264 3695 4336 Pelagia-

407 4374 594 4414 norum
624 4358 887 4428 Epistolas
908 4373 1049 4411 anno
1073 4357 1198 4422 420,
1226 4369 1317 4410 aut
1342 4373 1446 4411 non
1475 4357 1641 4413 multo
1668 4357 1839 4411 serius
1868 4355 2067 4412 editum
2095 4363 2195 4418 cst,
2228 4354 2572 4424 subsequenti
2599 4369 2693 4408 eos
2719 4355 2834 4408 loco
2864 4354 3148 4409 recensuit.

475 4450 532 4505 In
567 4453 735 4520 primo
765 4451 898 4504 libro
926 4449 1124 4518 peccati
1154 4448 1423 4520 originalis
1448 4451 1656 4519 dogma,
1684 4448 1793 4519 jam
1824 4457 1947 4501 ante
1971 4462 2003 4502 a
2029 4463 2089 4501 se
2121 4447 2259 4501 lihro
2288 4448 2464 4516 priore
2489 4447 2557 4501 de
2582 4446 2789 4515 Nuptiis
2817 4457 2870 4501 et
2899 4446 3339 4517 Concupiscentia
3366 4448 3691 4518 explicatum

404 4543 830 4607 confirmaturus,
858 4542 1088 4597 ostendit
1116 4541 1341 4611 primum
1369 4540 1639 4595 Manichmi
1666 4540 1865 4594 erroris
1890 4538 2337 4605 criminationem,
2370 4553 2471 4608 qua
2499 4539 2821 4600 Catholicos,
2854 4538 3116 4610 dogmatis
3146 4539 3301 4593 istius
3351 4539 3688 4595 defensores.

404 4634 616 4691 allicere
640 4635 880 4691 Julianus
910 4635 1195 4698 nitebatur,
1221 4634 1272 4688 in
1300 4633 1623 4687 clarissimos
1652 4647 1891 4705 quosque
1913 4630 2147 4697 Patrum,
2170 4638 2283 4684 tam
2312 4645 2632 4700 graecorum,
2660 4646 2817 4700 quam
2846 4630 3163 4694 latinorum,
3189 4629 3428 4705 recidere
3472 4650 3485 4685 :
3515 4634 3685 4686 altera

404 4726 596 4781 deinde
623 4735 770 4795 parte
800 4726 916 4780 libri
944 4725 1291 4790 demonstrat,
1322 4723 1639 4777 Manichazos
1666 4723 1962 4778 temerariis
1994 4722 2194 4791 aliquot
2220 4722 2385 4790 ipsius
2412 4721 2605 4776 Juliani
2632 4722 2909 4776 sententiis
2938 4723 3219 4790 plurimum
3247 4722 3507 4792 adjuvari.

478 4817 530 4871 lu
562 4816 816 4878 secundo,
846 4816 1251 4885 Pelagianorum
1301 4822 1482 4869 contra
1510 4814 1765 4884 originale
1792 4821 2063 4884 peceatum
2093 4814 2578 4882 argumentationes
2618 4814 2850 4883 quinque
2877 4814 3125 4869 convellit
3149 4816 3461 4869 auctoritate
3486 4832 3686 4885 pnecc-

405 4910 639 4965 dentium
662 4911 910 4965 Ecclesia:
936 4908 1239 4974 doctorum,
1257 4908 1629 4977 episcoporum
1649 4905 1894 4960 videlicet
1919 4905 2259 4960 illustriorum
2273 4904 2482 4968 decem,
2504 4905 2709 4971 Ireuaai,
2739 4906 3010 4977 Cypriani,
3029 4906 3234 4972 Retieii,
3266 4906 3518 4979 Olympii,
3541 4910 3687 4964 Ilila-

407 5004 493 5070 rii,
524 5004 765 5075 Gregorii
794 5002 1133 5069 Nazianzeni,
1164 5000 1450 5064 Ambrosii,
1476 4999 1676 5066 Basilii,
1694 4998 1913 5054 Joannis
1938 4998 2529 5069 Constantinopolitani,
2548 5007 2601 5055 et
2626 4999 2957 5065 Innocentii;
2992 5014 3195 5056 necnon
3224 5003 3527 5059 testimonio
3558 5020 3683 5075 pre-

406 5098 493 5169 sb)
508 5098 606 5151 teri
631 5097 960 5168 llieronymi,
984 5097 1081 5151 viri
1107 5095 1273 5150 sancti
1300 5109 1364 5149 ac
1388 5094 1700 5165 percruditi.

475 5190 607 5245 llinc
623 5189 733 5260 jam
762 5189 987 5260 singulis
1011 5198 1238 5260 quatuor
1259 5186 1451 5245 Juliani
1480 5187 1627 5241 libris
1650 5185 1974 5257 Augustinus
2000 5186 2239 5257 singulos
2270 5187 2486 5242 totidem
2518 5202 2644 5242 suos
2669 5188 2911 5257 Opponit,
2961 5189 3101 5245 dicta
3143 5191 3284 5248 illius
3305 5195 3483 5251 omnia
3523 5212 3689 5255 exon-.-

406 5282 562 5343 ticns.
594 5283 658 5336 iis
678 5291 880 5336 tantum
908 5280 1279 5351 praetermissis
1305 5295 1423 5350 qua:
1453 5278 1649 5335 nodum
1678 5278 1988 5348 quaestionis
2015 5278 2177 5332 ullum
2210 5295 2315 5333 non
2343 5278 2558 5333 habent.
2589 5281 2665 5333 Ac
2696 5280 2851 5334 tertio
2883 5281 3095 5351 quidem
3113 5296 3212 5338 suo
3237 5286 3464 5355 primum
3492 5287 3685 5343 adver-

405 5371 528 5427 sarii
560 5373 751 5427 librum
782 5372 863 5427 sic
892 5371 1106 5439 refellit,
1149 5380 1205 5426 ut
1228 5379 1411 5425 contra
1438 5386 1559 5425 cum
1589 5369 1797 5439 probet,
1829 5370 2072 5439 quamvis
2101 5370 2239 5425 Deus
2278 5371 2447 5425 bonus
2487 5370 2761 5426 hominum
2784 5374 2850 5427 sit
2874 5374 3139 5442 conditor,
3168 5377 3425 5450 bonaeque
3459 5381 3566 5436 sint
3591 5397 3690 5436 nu-

408 5466 479 5533 pti
498 5484 524 5517 ιε
553 5474 607 5520 et
643 5464 711 5519 ab
738 5465 853 5535 ipso
883 5464 1157 5523 instituun.
1184 5462 1377 5517 malam
1412 5471 1585 5515 tamen
1612 5476 1729 5515 esse
1752 5462 2257 5531 concupiscentiam,
2284 5478 2386 5532 qua
2413 5478 2538 5519 caro
2567 5475 2752 5520 contra
2778 5467 3022 5535 spiritum
3046 5472 3393 5539 concupiscit.
3414 5474 3523 5529 lloc
3542 5476 3688 5531 male

366 5550 375 5565 '
407 5555 540 5609 bene
566 5555 639 5609 uti
668 5554 991 5624 eonjugium,
1017 5552 1311 5622 meliusque
1332 5567 1436 5605 non
1457 5551 1531 5605 uti
1572 5551 1970 5605 continentiam.
2010 5550 2202 5607 Malum
2238 5563 2412 5608 autem
2439 5555 2575 5608 istud
2601 5573 2703 5609 non
2731 5574 2796 5611 ex
2821 5559 2921 5613 alia
2943 5560 3236 5618 substantia
3265 5564 3371 5618 Deo
3392 5576 3679 5633 comterua,

409 5661 463 5702 ut
492 5649 813 5703 Manichacus
838 5648 1053 5713 insanit,
1082 5646 1235 5701 nobis
1262 5660 1381 5700 esse
1411 5645 1760 5714 permixtum;
1796 5644 1887 5699 sed
1920 5659 2015 5714 per
2042 5645 2169 5701 Adre
2200 5646 2610 5703 inobedientiam
2642 5660 2885 5707 exortum
2915 5664 3074 5723 atque
3116 5656 3436 5721 traductum,
3488 5668 3542 5713 et
3584 5676 3673 5729 per

408 5741 597 5800 Clu-isti
626 5740 977 5799 obedientiam
1009 5737 1328 5803 expiandum
1356 5736 1772 5806 sanaudumque.
1805 5737 1880 5791 Ex
1906 5738 2033 5809 ipsis
2060 5754 2269 5811 quoque.
2295 5739 2486 5797 Iuliani
2513 5741 2667 5797 dictis
2699 5746 2887 5801 malam
2935 5747 3165 5803 ostendit
3212 5764 3329 5806 esse
3373 5751 3663 5811 libidinen‘.
