4096 6494
529 381 633 436 639
1616 380 1670 438 S.
1712 383 2073 439 AUGL'b'TiXi
2116 384 2439 441 EPIJIULA
2484 386 2684 444 CCVII.
3383 426 3415 441 ο
3690 398 3796 457 6ίο

599 494 651 547 In
682 504 886 563 quarto,
913 503 1098 549 contra
1124 490 1412 548 secundum
1441 492 1630 548 librum
1657 493 1850 549 Juliani
1875 466 2297 565 duo'praesertim
2330 496 2502 565 docet,
2553 513 2715 554 unum
2754 498 2986 569 quidem,
3043 501 3263 557 virtutes
3307 502 3595 560 lzzlideliuai
3642 524 3792 565 rem

531 602 636 640 non
676 601 794 640 esse
827 604 841 639 :
869 585 1094 641 alterum
1126 600 1272 652 vero,
1300 587 1493 642 malam
1518 601 1636 642 esse
1670 589 2328 658 concupiscentiam,quod
2362 590 2487 659 ipsis
2507 592 2664 645 etiam
2699 590 2984 647 Gentilium
2999 596 3297 669 sententiis,
3344 598 3609 666 praebente
3635 615 3793 656 occa-

523 681 726 732 sionem
764 676 997 739 Jutiano.
1025 687 1427 733 commonstrat.
1459 679 1610 733 Circa
1638 678 1869 733 medium
1898 679 2014 733 libri
2044 680 2222 748 paucis
2251 680 2421 734 obiter
2444 680 2696 745 ostendit,
2731 683 3189 754 quomodogratia
3219 701 3323 741 non
3349 688 3639 744 secundum
3681 706 3793 747 me-

522 767 622 820 rita
654 767 827 834 detur,
858 783 956 823 nec
978 779 1151 822 tamen
1191 768 1245 823 in
1275 767 1439 823 fatum
1477 769 1547 825 sit
1585 768 1865 825 referenda
1898 788 1910 822 :
1942 779 2101 839 utque
2137 769 2533 841 intelligendum
2572 773 2712 841 quod
2761 775 3046 843 Apostolus
3086 776 3180 845 ait,
3226 777 3391 834 Deum
3434 782 3569 836 velle
3608 798 3792 838 omnes

524 857 768 912 homines
797 860 971 914 salvos
1011 860 1144 915 fieri.

593 950 650 1003 in
680 950 883 1020 quinto,
915 952 1105 1005 librum
1136 950 1423 1006 adversarii
1455 952 1665 1005 tertium
1714 950 2014 1015 confutatis,
2060 952 2187 1006 dicit
2221 968 2317 1005 cur
2346 967 2537 1007 novam
2581 953 2828 1008 barresim
2869 972 2985 1025 quae
3031 958 3249 1026 originis
3296 972 3565 1029 peccatum
3615 973 3793 1031 negat,

519 1044 812 1107 detestetur
836 1047 1115 1101 multitudo
1139 1047 1460 1111 christiana,
1486 1048 1608 1117 quia
1635 1048 1881 1101 nimirum
1909 1048 2187 1117 imaginem
2220 1049 2308 1101 Dei
2339 1056 2512 1103 erutos
2538 1048 2621 1103 hic
2650 1049 2702 1103 in
2748 1051 2977 1118 parvulis
3018 1053 3284 1107 cruciatus
3317 1056 3447 1123 pati,
3500 1067 3553 1111 et
3579 1058 3623 1111 si
3663 1060 3791 1112 abs-

518 1150 623 1205 que
650 1136 1213 1205 Baptismointeremrt,
1242 1153 1272 1193 a
1303 1152 1469 1207 regno
1498 1138 1586 1191 Dei
1615 1136 1824 1192 excludi
1869 1139 2032 1191 novit.
2081 1138 2408 1193 Perizomata
2435 1153 2464 1191 a
2497 1139 2803 1207 parentibus
2844 1140 3030 1212 primis
3054 1142 3120 1196 ob
3165 1144 3421 1212 pudorem
3472 1162 3533 1200 ex
3577 1159 3791 1216 peccato

519 1229 817 1284 venientem
836 1241 1101 1299 assumpta
1122 1230 1328 1298 probat.
1363 1231 1641 1284 Peccatum
1669 1244 1736 1299 po
1768 1246 1825 1285 se
1852 1245 1972 1284 esse
2000 1229 2344 1298 prmeedentis
2364 1230 2565 1299 peccati
2589 1246 2820 1300 ptenam.
2868 1233 2942 1287 Ex
2983 1233 3168 1289 eadem
3220 1236 3573 1293 damnationis
3617 1256 3789 1294 massa

522 1335 644 1375 esse
675 1322 807 1374 alios
835 1322 998 1390 gratis
1028 1322 1245 1383 electos,
1280 1322 1413 1375 alios
1443 1336 1560 1374 rasa
1591 1321 1681 1374 ira:
1710 1320 1895 1375 factos.
1922 1321 2411 1389 Concupiscentiam
2439 1336 2542 1375 non
2574 1320 2695 1376 ideo
2721 1321 2876 1377 laude
2913 1322 3150 1393 dignam,
3177 1326 3315 1396 quod
3344 1343 3437 1396 per
3464 1345 3579 1382 eam
3620 1330 3790 1382 lumi-

520 1414 605 1467 nis
650 1404 1002 1468 inobedientia
1036 1414 1299 1482 puniatur;
1328 1413 1419 1467 sed
1456 1428 1669 1481 semper
1694 1428 1815 1467 esse
1850 1412 2066 1477 malam,
2099 1411 2152 1465 in
2183 1411 2286 1466 illis
2313 1414 2494 1471 etiam.
2525 1412 2616 1483 qui
2646 1414 2694 1468 ei
2725 1428 2830 1467 nou
2868 1416 3229 1471 consentiunt.
3277 1418 3553 1487 Quomodo
3594 1421 3788 1474 inti-iii-

516 1508 744 1576 gendtnn
780 1508 903 1562 illud
938 1510 1174 1577 Apostoli
1196 1549 1210 1574 ,
1240 1517 1293 1561 ut
1329 1509 1450 1561 sriat
1480 1508 1823 1578 unusquisque
1849 1523 1996 1561 suum
2024 1522 2109 1560 vas
2138 1507 2410 1577 possidere.
2447 1505 2640 1560 Verum
2674 1507 2790 1561 sine
2819 1508 3105 1563 concubitu
3130 1525 3269 1575 esse,
3297 1512 3450 1580 quale
3474 1513 3648 1567 Mariae
3669 1528 3788 1566 cum

519 1598 713 1668 Ioseph
737 1601 850 1664 init,
876 1600 1195 1668 conjugium.
1229 1598 1441 1653 Frustra
1473 1597 1740 1652 Julianum
1771 1613 1841 1652 ex
1870 1595 2218 1651 Aristotelieis
2234 1595 2512 1665 categoriis
2537 1603 2722 1650 contra
2764 1596 3017 1666 originale
3045 1609 3316 1667 peccatum
3348 1602 3601 1668 argutari.
3650 1602 3786 1669 Quid

516 1707 643 1747 caro
664 1692 858 1746 Christi
885 1708 912 1744 a
942 1702 1252 1747 caterorum
1285 1690 1557 1745 hominum
1588 1705 1749 1745 carne
1778 1690 1977 1759 peccati
2015 1688 2193 1743 distet.
2223 1686 2527 1742 Manichmis
2571 1688 2787 1743 minime
2812 1688 2988 1744 favere
3016 1688 3337 1755 CatholiCos,
3380 1692 3505 1747 dum
3557 1693 3789 1749 libidinis

517 1784 713 1837 malum
743 1791 797 1837 et
822 1784 1039 1853 originis
1070 1783 1251 1837 vitium
1288 1791 1616 1853 agnoscunt;
1647 1782 1739 1837 sed
1768 1782 2077 1852 Pelagianos
2109 1781 2301 1850 potius,
2332 1784 2453 1835 cum
2481 1799 2499 1833 ι
2535 1780 2603 1836 de
2626 1795 2689 1836 ea
2719 1796 2778 1837 re
2801 1797 2921 1853 qua:
2947 1798 2976 1836 a
3007 1793 3226 1853 peccato
3248 1785 3413 1841 libera
3442 1800 3522 1840 est
3551 1805 3571 1839 ι
3604 1787 3786 1842 dicunt

526 1894 546 1926 ι
581 1884 791 1943 peccata
828 1892 930 1929 non
964 1875 1129 1929 nasci.
1169 1894 1187 1927 ι

590 1966 753 2021 Sexto
785 1966 994 2021 tandem
1026 1966 1162 2021 libro
1200 1966 1264 2020 ad
1294 1966 1487 2021 Juliani
1514 1974 1757 2035 quartum
1783 1963 2140 2033 rCSpondens,
2171 1964 2313 2019 nasci
2355 1963 2625 2019 hominem
2663 1978 2781 2018 cum
2824 1972 3041 2033 peccato
3085 1968 3365 2020 conlirmat
3404 1981 3469 2022 ex
3514 1967 3787 2037 Baptismo

512 2060 879 2129 parvulorum,
907 2076 971 2113 ex
1000 2060 1235 2127 Apostoli
1264 2058 1471 2119 verbis,
1500 2067 1554 2111 et
1589 2058 1694 2110 ritu
1721 2056 2005 2109 cxorcismi
2033 2070 2099 2110 ex
2126 2053 2509 2109 cxsufﬂationis
2537 2053 2994 2123 baptizandorum.
3022 2056 3166 2110 Dletc
3205 2066 3258 2111 et
3298 2057 3510 2111 oleastri
3542 2060 3787 2127 exemplo

513 2149 890 2203 convenienter
918 2149 1134 2218 exponit
1176 2147 1443 2218 quomodo
1489 2163 1555 2201 ex
1585 2146 1889 2215 parentibus
1928 2146 2251 2215 regeneratis
2287 2160 2350 2199 ae
2374 2144 2530 2212 justis
2558 2154 2844 2200 nascantur
2875 2146 2965 2199 filii
2998 2156 3301 2215 peccatores
3328 2157 3380 2202 et
3410 2149 3780 2219 rcgenerandi.

512 2238 796 2293 Peccatum
844 2240 1099 2308 originale
1143 2240 1195 2292 in
1239 2240 1424 2309 primis
1465 2238 1774 2308 parentibus
1803 2236 2156 2291 voluntarium
2199 2252 2319 2291 esse
2342 2236 2609 2301 ostendit,
2652 2251 2717 2291 ac
2758 2236 2911 2291 nobis
2939 2238 3151 2307 quidem
3189 2238 3422 2294 alienum
3462 2240 3785 2309 proprietate

515 2331 773 2395 actionis,
801 2341 1039 2383 uestrum
1069 2340 1244 2384 tamen
1266 2331 1580 2399 contagione
1612 2327 1930 2397 prapaginis.
1965 2327 2131 2395 llujus
2162 2327 2359 2397 peccati
2387 2327 2577 2381 merito
2608 2326 2718 2381 fieri
2743 2367 2758 2392 ,
2786 2337 2844 2381 ut
2873 2329 3033 2383 tantis
3057 2329 3124 2384 ab
3147 2328 3366 2384 infantia
3391 2331 3618 2385 miseriis
3648 2341 3781 2387 atte-

513 2432 663 2477 ratnr
684 2436 853 2490 genus
883 2421 1169 2475 humanum
1192 2461 1208 2487 ,
1236 2429 1398 2490 utque
1434 2420 1633 2490 parvuli
1662 2420 1776 2493 sine
1803 2420 2213 2487 regenerationis
2238 2417 2403 2487 gratia
2429 2417 2717 2472 morientes
2742 2418 3090 2474 excludantur
3113 2434 3143 2473 a
3172 2436 3336 2490 regno
3364 2420 3475 2475 Dei.
3505 2421 3783 2489 Quomodo

512 2512 938 2581 Cottcupisccnlia
968 2523 1145 2567 manet
1169 2522 1309 2578 actu,
1337 2511 1573 2580 prieterit
1602 2521 1768 2564 reatu.
1798 2510 1944 2564 Pauli
1970 2510 2267 2563 testimonia
2291 2521 2543 2578 perverse
2571 2522 2601 2561 a
2621 2506 2832 2563 Juliano
2857 2510 3095 2579 exposita
3120 2519 3331 2566 revocat
3360 2511 3424 2564 ad
3450 2511 3775 2566 catholicum

514 2604 861 2657 intellectum.
905 2602 1200 2658 Ezechielis
1232 2611 1498 2671 postremo
1523 2600 1889 2655 auctoritatem
1911 2640 1924 2664 ,
1953 2614 2056 2670 qua
2101 2598 2188 2653 ille
2230 2598 2577 2663 abutebatur,
2625 2597 2913 2652 secundum
2944 2598 3235 2669 legitimum
3273 2615 3486 2655 sensum
3521 2601 3776 2673 interpre-

514 2704 673 2749 ῑειιιιιθ.

608 2824 691 2883 1η
725 2822 918 2885 libros
951 2823 1184 2885 Contra
1217 2825 1567 2892 Julianum,
1601 2822 1736 2883 vide
1768 2820 1874 2882 lib.
1908 2822 1969 2891 2,
2026 2839 2159 2899 cap.
2197 2820 2298 2890 6'2,
2340 2822 2906 2895 Retractalionum,
2950 2830 2996 2883 τ.
3036 2824 3092 2895 1,
3127 2824 3244 2885 col.
3282 2824 3402 2884 655
3430 2870 3446 2898 ,
3487 2845 3525 2885 a
3554 2826 3779 2897 verbis.

514 2900 765 2963 Interea
794 2903 938 2963 libri
973 2909 1275 2981 quatuor,
1303 2921 1492 2981 usque
1526 2901 1605 2961 ad
1630 2901 1833 2965 verba,
1867 2899 2301 2961 Contumelias
2332 2902 2473 2960 tuas
2501 2906 2572 2959 et
2599 2902 2799 2962 verba
2825 2901 3167 2977 maledica,
3196 2903 3473 2965 Iuliane.
3560 2906 3646 2965 M.

585 3084 3784 3107 mm

700 3215 1766 3441 AUGUSTINI
1922 3211 2886 3361 EPISTOLA
2994 3212 3588 3438 CCVIl.

1934 3459 2335 3491 Mm

1064 3586 1378 3640 Beatissimo
1410 3583 1556 3637 fratr.
1583 3591 1631 3635 et
1660 3582 1974 3650 coepiscrpo
1999 3579 2251 3646 Cunaro,
2278 3582 2626 3647 Aecusnncs,
2656 3582 2707 3634 in
2735 3581 2958 3635 Domino
2986 3582 3230 3637 salutem.

584 3686 841 3770 Quoniam
880 3700 1006 3754 mihi
1038 3700 1268 3754 fraterno
1298 3700 1555 3754 excitatus
1595 3698 1784 3752 affectu
1805 3740 1819 3763 ,
1850 3697 2044 3753 Juiiani
2073 3706 2296 3768 quatuor
2326 3698 2525 3764 libros,
2567 3714 2698 3767 quos
2723 3698 2975 3754 adversus
3013 3716 3174 3755 unum
3206 3720 3381 3757 meum
3411 3701 3484 3776 (α)
3526 3706 3771 3775 scripsit,

514 3798 817 3863 priusquam
850 3804 1079 3861 peterent
1104 3834 1118 3856 ,
1154 3794 1265 3861 ipse
1292 3791 1513 3855 misisti;
1542 3790 1673 3843 nihil
1704 3790 2103 3843 cozwcnicntius
2132 3789 2308 3859 putavi
2338 3802 2456 3843 esse
2477 3787 2773 3843 faciendum
2795 3831 2809 3855 ,
2837 3806 2993 3860 quam
3020 3801 3080 3846 ut
3099 3807 3158 3846 ea
3186 3810 3302 3861 quae
3341 3795 3641 3864 respondeo
3661 3839 3675 3863 ,
3719 3806 3774 3850 tu

513 3888 844 3954 potissimum
892 3888 1071 3954 legens
1114 3884 1352 3953 jndices,
1391 3893 1567 3937 utrum
1597 3892 1741 3938 recte
1778 3891 2234 3951 congruenterque
2262 3881 2650 3950 responderim.
2682 3881 2811 3935 Nam
2843 3881 2909 3936 de
2959 3882 3043 3937 his
3069 3892 3296 3953 quatuor
3338 3887 3484 3941 libris
3523 3890 3773 3943 nonnulla

512 3979 763 4046 decerpta
790 3978 1075 4045 scripserat
1102 3978 1279 4030 nescio
1306 3976 1425 4045 quis
1451 3974 1514 4028 ad
1547 3974 1803 4028 illustrem
1826 3983 1879 4029 et
1910 3973 2213 4043 religiosum
2239 3972 2407 4025 virum
2439 3972 2684 4025 comitem
2713 3971 3002 4037 Valerium,
3025 3974 3282 4029 adversus
3312 3977 3556 4031 eumdem
3583 3977 3775 4033 librum

511 4087 713 4133 meum,
742 4086 898 4139 quem
927 4085 1012 4124 me
1041 4069 1106 4123 ad
1130 4069 1274 4122 illum
1302 4069 1577 4137 scripsisse
1604 4078 1922 4136 cognoverat
1952 4083 1964 4118 :
1989 4082 2107 4135 qua:
2134 4079 2253 4119 cum
2281 4064 2331 4117 in
2359 4078 2547 4117 manus
2577 4078 2722 4117 meas
2746 4063 2932 4119 eodem
2961 4065 3172 4120 sublimi
3205 4069 3317 4121 viro
3344 4078 3565 4123 curante
3596 4072 3776 4125 venis-

506 4174 665 4232 sent,
689 4167 761 4219 illi
793 4166 965 4233 primo
989 4180 1092 4217 non
1132 4164 1308 4218 distuli
1348 4162 1641 4218 secundum
1669 4164 1909 4217 volumen
1940 4162 2227 4231 adiungere
2251 4203 2266 4226 ,
2297 4161 2347 4215 in
2379 4176 2482 4230 quo
2504 4160 2590 4215 illa
2614 4161 2822 4226 omnia,
2856 4161 2992 4215 sicut
3022 4162 3194 4231 potui,
3228 4162 3471 4217 refutavi.
3501 4162 3605 4219 Sed
3639 4179 3779 4219 nunc

511 4259 729 4314 eosdem
758 4258 922 4311 libros
944 4272 1063 4311 cum
1087 4256 1388 4327 diligentius
1417 4256 1753 4325 inspicerem,
1775 4255 2010 4322 comperi
2043 4254 2210 4315 illum.
2243 4253 2330 4323 qui
2353 4251 2604 4305 nonnulla
2634 4251 2756 4306 inde
2781 4252 3062 4322 Selegcrat,
3089 4268 3192 4307 non
3222 4254 3400 4308 omnia
3439 4256 3510 4308 ita
3534 4254 3778 4323 posuisse

512 4360 571 4405 ut
608 4351 658 4404 in
689 4351 769 4403 his
809 4349 958 4403 libris
986 4348 1247 4419 leguntur.
1275 4345 1428 4402 Unde
1460 4347 1653 4415 poterit
1682 4346 1849 4400 videri
1876 4344 2125 4410 Iuliano,
2153 4344 2235 4398 vel
2265 4342 2481 4397 cuilibet
2520 4342 2726 4395 illorum
2747 4382 2760 4405 ,
2795 4357 2879 4396 tne
2909 4343 3085 4411 potius
3112 4341 3273 4397 fuisse
3300 4342 3612 4408 mentitum;
3653 4344 3777 4413 quia

506 4460 615 4498 non
646 4444 822 4512 utique
848 4440 985 4494 sicut
1022 4440 1075 4494 hi
1103 4448 1328 4510 quatuor
1348 4438 1468 4493 libri
1493 4480 1506 4502 ,
1537 4438 1605 4491 ita
1651 4437 1735 4490 illa
1765 4453 1883 4506 qna-
1911 4436 1979 4491 de
2006 4435 2087 4489 his
2114 4442 2360 4503 excerpta
2386 4476 2402 4497 ,
2433 4440 2487 4486 et
2512 4440 2805 4485 memorato
2844 4433 3024 4487 comiti
3054 4434 3213 4486 missa
3254 4442 3410 4500 sunt,
3448 4434 3780 4491 innotescere

510 4546 816 4606 potuerunt.
845 4534 1093 4604 Quisquis
1118 4547 1258 4603 ergo
1298 4540 1352 4585 ct
1382 4531 1525 4585 illum
1559 4528 1845 4585 secundum
1878 4529 2069 4582 librum
2098 4542 2271 4581 meum
2302 4524 2368 4579 ad
2395 4523 2642 4579 comitem
2690 4524 2974 4578 identidem
3016 4523 3284 4578 Valerium
3311 4564 3325 4586 .
3370 4524 3507 4579 sicut
3549 4526 3778 4594 primum

506 4627 862 4695 conscriptum
888 4625 1044 4695 legit,
1077 4622 1281 4676 noverit
1310 4636 1395 4676 me
1424 4622 1473 4675 in
1505 4618 1818 4690 quibusdam
1850 4633 1956 4672 non
1978 4615 2316 4686 respondisse
2344 4613 2587 4679 Juliano;
2633 4613 2725 4668 sed
2760 4614 2807 4668 ei
2836 4614 3010 4683 potius
3034 4613 3122 4682 qui
3153 4614 3218 4667 de
3248 4614 3397 4669 libris
3436 4615 3553 4685 ejus
3581 4615 3665 4669 illa
3695 4631 3783 4670 se.

507 4718 649 4788 legit,
680 4728 731 4771 et
752 4733 855 4773 non
886 4716 955 4771 ita
987 4715 1160 4784 posuit
1188 4723 1244 4769 nt
1272 4713 1491 4777 invenit,
1524 4712 1615 4766 sed
1639 4711 1963 4780 aliquantum
1985 4708 2187 4778 putavit
2211 4722 2331 4761 esse
2353 4705 2630 4770 mutanda;
2661 4707 2884 4759 fortasse
2910 4714 2967 4758 ut
2992 4719 3057 4758 eo
3087 4706 3244 4760 modo
3280 4707 3430 4778 quasi
3466 4721 3557 4760 sua
3583 4707 3781 4763 faceret

508 4825 625 4871 qua:
654 4810 824 4862 aliena
854 4822 975 4863 esse
997 4816 1285 4862 constaret.
1315 4805 1465 4860 Nunc
1489 4814 1665 4857 autem
1687 4801 1891 4856 veriora
1920 4800 2144 4855 credens
2169 4797 2507 4867 exomplaria,
2532 4812 2650 4866 qua:
2678 4806 2763 4850 tua
2784 4797 3046 4851 Sanctitas
3071 4798 3234 4863 misit,
3263 4797 3359 4867 ipsi
3392 4799 3591 4853 auctori
3625 4800 3780 4856 video

509 4900 962 4969 respondendum,
984 4900 1070 4967 qui
1098 4914 1261 4953 unum
1291 4912 1467 4951 meum
1493 4902 1719 4965 quatuor
1743 4893 1890 4947 libris
1916 4893 2025 4946 suis
2054 4890 2313 4945 refellissc
2340 4904 2399 4944 se
2424 4889 2588 4958 jactat
2610 4930 2624 4954 ,
2658 4901 2711 4944 et
2741 4906 3115 4959 usquequaque
3141 4905 3390 4961 Spargere
3425 4892 3546 4946 fidei
3574 4907 3778 4947 venena

508 5004 614 5042 non
641 4998 836 5043 cessat.
865 4990 1154 5058 Aggressus
1184 5002 1302 5042 sum
1326 4987 1483 5057 igitur
1509 4984 1608 5039 hoc
1632 4997 1766 5052 Opus
1792 4986 1843 5036 in
1873 4980 2135 5050 adjutorio
2160 4979 2447 5035 Salvatoris
2475 4978 2785 5049 pusillorum
2811 4990 2969 5049 atque
3002 4996 3311 5050 magnorum
3333 4998 3349 5047 ;
3374 4993 3427 5037 et
3462 4984 3572 5036 scio
3603 4992 3653 5038 te
3673 5026 3688 5049 ,
3722 4994 3782 5040 ut

511 5080 562 5135 id
597 5080 869 5147 implerem
899 5095 1079 5133 orasse
1108 5096 1201 5147 pro
1229 5094 1347 5144 me,
1382 5087 1433 5131 ct
1466 5092 1562 5145 pro
1601 5076 1664 5129 iis
1687 5074 1877 5143 quibus
1905 5072 2265 5142 hujuscemodi
2310 5073 2517 5127 labores
2546 5082 2758 5129 nostros
2789 5075 3089 5143 profuturos
3118 5077 3385 5131 credimus
3420 5085 3473 5132 et
3512 5087 3776 5148 optamus.

509 5169 739 5225 Attende
762 5184 890 5237 ergo
914 5168 1023 5237 jam
1050 5168 1453 5237 reSponsionem
1476 5181 1669 5228 meam,
1698 5163 1850 5234 cujus
1877 5162 2187 5232 principium
2216 5161 2352 5216 hanc
2378 5162 2656 5230 epistolam
2682 5164 3051 5233 subsequetur.
3078 5164 3206 5221 Vale
3231 5166 3279 5219 in
3308 5168 3529 5224 Domino
3573 5181 3778 5221 memor

510 5264 677 5319 nostri
706 5303 720 5327 ,
753 5260 917 5315 frater
943 5261 1268 5315 beatissime.

572 5398 643 5460 (ﬂ)
678 5398 863 5444 librum
890 5396 1090 5457 trimum
1115 5393 1176 5441 de
1208 5401 1283 5453 (ιη
1304 5394 1377 5441 ιίἱτς
1404 5399 1449 5440 ct
1475 5384 1880 5448 (toncuj-isccntta.
