4088 6524
541 457 645 513 645

533 588 649 627 eam
670 571 904 629 tenuisse
930 572 1237 638 veritatem,
1255 570 1537 632 defendam
1567 580 1755 628 contra
1780 580 1861 635 te,
1875 567 1986 627 Deo
2017 565 2111 629 ad-

448 677 472 737 g,
529 664 770 730 jnvaute,
802 673 857 719 et
880 663 1115 734 ipsorum
1159 673 1212 719 et
1249 674 1483 718 nostram
1516 663 1673 718 fidem
1703 680 1715 715 :
1751 662 1837 715 ubi
1876 662 2032 717 etiam
2061 659 2111 714 id

537 754 731 822 poterit
760 769 1012 831 apparere
1031 795 1046 820 ,
1075 769 1180 808 non
1206 754 1376 808 solum
1409 763 1461 807 tu
1492 753 1669 807 verbis
1698 751 1798 806 tuis
1818 793 1832 817 ,
1860 750 1998 821 quod
2026 764 2113 805 se-

533 846 707 900 cundo
754 846 870 900 loco
913 862 1000 903 me
1046 846 1528 902 demonstraturum
1584 860 1702 901 esse
1747 844 1991 916 promisi,
2015 844 2110 900 sed

504 935 705 1003 ’ipsum
732 936 921 1006 dogma
955 937 1319 1007 Pelagianam”
1340 936 1481 1005 quod
1505 951 1786 1009 commune
1822 946 1903 995 est
1941 936 2111 995 omni-

534 1025 635 1081 bus
662 1025 829 1091 vobis,
858 1039 1110 1094 quintum
1140 1028 1354 1097 adjuvet
1377 1027 1713 1087 Manichzeos.

602 1114 826 1171 CAPUT
866 1115 929 1170 ll.
959 1147 1031 1156 —
1053 1118 1105 1172 4.
1148 1117 1379 1171 Primam
1419 1118 1594 1187 itaque
1625 1128 1827 1187 partem
1853 1117 2108 1172 distribu-

532 1209 693 1264 tiouis
720 1225 872 1275 mem,
904 1210 1348 1281 quemadmodum
1378 1226 1638 1280 exsequar
1658 1251 1672 1273 ,
1700 1225 1985 1281 parumper
2008 1212 2105 1267 ad-

528 1312 697 1354 verte.
727 1298 929 1369 Nempe
954 1302 1090 1355 inter
1119 1316 1238 1366 nos,
1265 1312 1516 1370 quantum
1545 1303 1735 1356 attinet
1762 1301 1828 1356 ad
1856 1303 2107 1357 intentio-

532 1403 654 1443 nem
678 1390 794 1444 libri
824 1391 950 1457 mei,
981 1391 1063 1445 cui
1095 1400 1145 1445 te
1176 1391 1513 1460 respondisse
1537 1400 1762 1460 quatuor
1792 1392 1894 1445 tuis
1913 1392 2103 1458 jactas,

508 1480 631 1555 “ista
661 1482 883 1536 vertitur
925 1484 1169 1552 quaestio,
1200 1483 1340 1554 quod
1365 1499 1464 1553 ego
1491 1484 1610 1538 dico
1649 1484 1724 1538 sic
1752 1485 1963 1555 nuptias
1985 1501 2111 1544 esse

527 1572 837 1638 laudandas,
856 1582 915 1628 ut
931 1575 1075 1628 nullo
1090 1574 1248 1628 modo
1264 1575 1329 1628 ad
1348 1590 1526 1628 earnm
1541 1575 1749 1644 culpam
1767 1576 2105 1644 vituperatio-

526 1678 752 1732 ncmque
768 1666 1046 1734 pertineat.
1063 1665 1200 1734 quod
1217 1680 1401 1719 omnes
1424 1665 1666 1720 homines
1685 1668 1971 1736 primorum
1992 1668 2106 1723 illo-

525 1769 644 1809 rum
680 1756 948 1808 hominum
977 1768 1194 1825 peccato
1218 1758 1530 1811 nascuntur"
1557 1757 1790 1815 obnoxii.
1824 1758 1938 1814 Hoc
1958 1760 2109 1817 enim

524 1846 612 1915 qui
628 1856 802 1916 negat,
835 1847 944 1917 ipsa
967 1848 1269 1901 christiana:
1301 1847 1418 1902 fidei
1448 1849 1754 1905 sabvertere
1775 1847 2103 1906 firmamenta

523 1922 766 1992 conatur.
828 1939 961 1992 lliuc
1005 1940 1198 2009 quippe
1250 1939 1440 1994 factum
1485 1946 1568 1995 est
1614 1950 1670 1994 ut
1707 1940 1775 1994 de
1816 1940 2012 2010 nuptiis
2050 1951 2105 1999 et

523 2029 950 2098 concupiscentia
978 2029 1168 2084 librum
1189 2030 1480 2084 scriberem
1515 2046 1528 2082 :
1562 2031 1859 2099 nuptiarum
1901 2032 2105 2085 scilicet

523 2120 724 2176 bunum
753 2121 1062 2177 discernens
1088 2123 1156 2178 ab
1182 2137 1259 2176 eo-
1276 2122 1416 2175 malo
1441 2121 1580 2176 unde
1607 2122 1830 2176 trahitur
1849 2123 2104 2191 origiua'e

523 2221 817 2281 peccatum.
847 2212 926 2267 Tu
976 2222 1153 2267 autem
1184 2212 1319 2267 dicis
1362 2214 1573 2282 nuptias
1619 2214 1733 2267 sine
1776 2200 2103 2269 dubitatione

519 2301 784 2363 damnari,
809 2303 907 2356 nisi
937 2302 1076 2373 quod
1102 2318 1165 2358 ex
1193 2304 1270 2357 eis
1302 2305 1559 2370 nascitur,
1592 2304 1660 2357 ab
1691 2305 1837 2358 omni
1875 2306 1943 2359 sit
1969 2306 2102 2361 libe-

520 2408 641 2453 rum
669 2392 990 2461 obligatione
1017 2393 1217 2462 peccati
1248 2410 1261 2447 :
1292 2401 1510 2462 prepter
1535 2393 1675 2463 quod
1702 2394 1851 2448 libris
1875 2405 2103 2465 quatuor

518 2490 572 2535 te
612 2497 777 2536 unum
807 2497 983 2536 meum
1014 2481 1277 2538 refutasse
1322 2465 1685 2551 gloriaris-lu
1729 2484 1919 2554 quibus
1955 2485 2101 2541 libris

519 2572 705 2626 volens
727 2572 973 2627 homines
989 2582 1230 2627 avertere
1245 2588 1274 2626 a
1303 2572 1404 2626 fide
1423 2573 1684 2629 catholica
1707 2572 2095 2641 fundatissima,

516 2663 648 2718 etad
667 2664 955 2720 novitatem
970 2664 1132 2719 vestri
1149 2664 1348 2719 erroris
1362 2665 1643 2730 adducere.
1664 2681 1804 2736 saepe
1821 2667 2011 2723 incutis
2025 2670 2101 2726 le-

515 2760 750 2829 gentium
765 2760 1007 2815 sensibus
1018 2760 1062 2813 Μ
1067 2776 1095 2813 a
1102 2760 1317 2816 uicinum
1332 2761 1493 2830 pestis
1505 2761 1821 2818 horrorem':
1835 2763 1981 2834 quasi
1996 2780 2099 2819 ma.

518 2851 629 2905 tum
656 2851 894 2904 naturale
919 2865 1039 2904 cum
1067 2850 1372 2906 Manichmis
1398 2847 1590 2920 sapiat.
1609 2854 1698 2923 qui
1719 2854 1846 2909 dicit
1871 2855 2097 2910 infantes

516 2941 809 2996 secundum
842 2940 1010 2998 Adam
1059 2941 1345 2997 carnaliter
1383 2953 1558 3009 natos,
1584 2946 1883 3015 contagium
1912 2948 2096 3002 mortis

518 3031 748 3102 antiqua!
778 3033 943 3101 prima
974 3032 1246 3087 nativitate
1271 3033 1611 3100 contrahere,
1660 3044 1713 3091 et
1761 3036 1829 3090 oh
1858 3035 1959 3091 hoc
2006 3052 2093 3092 sc-

518 3123 691 3177 cuuda
717 3121 975 3192 indigere,
1006 3133 1060 3176 ut
1088 3138 1181 3193 per
1206 3123 1475 3179 lavacrum
1507 3128 1924 3195 regenerationis
1950 3128 2096 3198 prius

521 3215 722 3283 peccati
752 3216 1032 3285 originalis
1054 3206 1369 3271 remissione
1406 3227 1712 3287 purgentur.
1745 3228 1799 3274 et
1828 3220 1881 3275 in
1916 3222 2004 3276 Dei
2037 3221 2099 3275 fi-

519 3307 620 3362 lios
648 3307 882 3375 adoptati
902 3306 964 3374 in
995 3323 1217 3377 regnum
1250 3308 1513 3379 Uuigeniti
1542 3310 1945 3367 translbrautur.
1988 3313 2099 3370 lloe

517 3396 585 3452 de
610 3397 1012 3452 Manichaeorum
1055 3398 1269 3453 nomine
1307 3408 1360 3453 et
1403 3399 1623 3455 crimine
1667 3399 1895 3457 faciebat
1935 3404 2093 3459 etiam

516 3487 845 3556 Joviniauus,
889 3505 1087 3559 negans
1114 3489 1293 3545 Maria:
1327 3497 1525 3545 sancta:
1573 3492 1945 3563 virginitatem,
1976 3510 2094 3564 qua:

516 3579 687 3634 fuerat
732 3580 856 3633 dum
901 3581 1224 3649 conciperet,
1277 3583 1634 3650 permansisse
1670 3583 1794 3638 dum
1839 3593 2091 3655 pareret:

518 3676 763 3740 tanquam
786 3670 1064 3725 Christum
1081 3687 1205 3725 cum
1232 3670 1533 3726 Mauichaeis
1561 3673 1877 3742 phantasma
1900 3676 2092 3732 crede-

519 3778 712 3825 tentus,
760 3761 805 3815 si
853 3762 1047 3815 matris
1090 3761 1393 3832 incorrupta
1445 3764 1747 3834 virginitate
1790 3766 2095 3823 diceremus

468 3876 473 3881 ·
515 3865 784 3909 exortum.
831 3852 936 3908 Sed
981 3854 1031 3907 in
1079 3853 1345 3922 adiutorio
1385 3855 1548 3924 ipsius
1594 3857 1905 3919 Salvatoris.
1957 3860 2094 3915 sicut

513 3953 829 4012 spreverunt
854 3941 1111 3997 Catholici
1137 3943 1280 3999 velut
1305 3946 1667 4001 activis-simum
1695 3948 1839 4017 quod
1858 3948 2092 4004 Iovinia-

482 4100 487 4105 ἢ
517 4048 618 4088 nus
645 4044 957 4096 exseruerat
984 4044 1373 4104 argumentum,
1404 4045 1460 4090 et
1487 4052 1589 4092 nec
1611 4047 1848 4093 sanetam
1876 4039 2091 4096 Mariam

513 4122 772 4192 pariendo
803 4121 964 4177 fuisse
985 4133 1311 4192 corruptam,
1344 4141 1445 4180 nec
1476 4126 1759 4180 Dominum
1779 4126 2092 4197 phantasma

516 4214 680 4269 fuisse
708 4213 1065 4282 crediderunt,
1094 4214 1189 4271 sed
1240 4225 1294 4270 et
1337 4216 1490 4271 illam
1524 4216 1781 4288 virginem
1835 4222 2094 4279 mansisse

512 4319 637 4380 post
664 4308 867 4379 partum
892 4350 907 4373 ,
939 4318 995 4364 et
1032 4325 1094 4364 ex
1128 4309 1214 4365 illa
1245 4318 1421 4366 tamen
1450 4327 1633 4366 verum
1662 4311 1858 4368 Christi
1901 4328 2094 4384 c0rpus

514 4410 760 4458 exortum
795 4418 807 4453 :
833 4401 909 4455 sic
927 4400 1208 4469 sperneut‘
1227 4410 1402 4457 vestra
1423 4402 1746 4459 calumniosa
1771 4404 2090 4474 vaniloquia,

514 4501 575 4549 ut
605 4506 775 4562 neque
792 4507 911 4546 cum
937 4490 1236 4547 Mauicbmis
1260 4500 1503 4547 astruaut
1530 4492 1651 4546 mali
1683 4494 1924 4549 naturale
1945 4496 2093 4565 prin-

512 4582 737 4649 cipiunt.
769 4590 824 4636 et
858 4581 1148 4636 secundum
1177 4581 1449 4651 antiquam
1489 4590 1544 4637 et
1571 4598 1755 4637 veram
1775 4586 2091 4641 catholicam

510 4654 672 4727 fidem
699 4673 841 4726 nullo
883 4671 1041 4726 modo
1083 4670 1327 4726 dubitent
1363 4671 1635 4727 Christum
1680 4673 1731 4727 in
1786 4675 2094 4731 evacuando

512 4763 872 4834 chirographo
903 4762 1109 4834 paterni
1136 4761 1301 4818 debiti
1342 4761 1677 4818 liberatorem
1724 4764 1942 4820 credere
1973 4781 2096 4835 par-

516 4856 778 4910 vulortml.

589 4943 813 5002 CAPUT
852 4943 939 5000 lll.
963 4974 1035 4985 ——
1062 4943 1115 4998 5.
1146 4941 1251 4998 Sed
1281 4950 1334 4997 tu
1355 4941 1443 5013 qui
1465 4950 1571 4996 tam
1593 4942 1787 4997 crebro
1809 4943 1963 4998 nobis
1986 4944 2094 4999 Ma-

510 5038 835 5093 nichaeorum
867 5051 1061 5092 nomen
1086 5036 1332 5106 opponis,
1379 5050 1516 5106 quos
1544 5047 1598 5091 et
1626 5038 1819 5105 quales.
1853 5039 1998 5093 viros
2041 5049 2094 5093 et

516 5142 741 5200 quatuos
787 5129 907 5184 fidei
946 5128 1225 5183 catholicae
1266 5126 1577 5183 defensores
1626 5137 1731 5183 tam
1781 5131 2092 5186 exsecrabili

518 5223 883 5278 criminatione
906 5227 1157 5290 appetere
1183 5220 1398 5285 audeas,
1424 5218 1467 5272 si
1493 5219 1709 5289 evigilas
1731 5220 1955 5276 intuere.
1979 5221 2093 5277 Non

510 5313 725 5384 quidem
761 5312 999 5367 omnium
1047 5310 1113 5365 de
1160 5308 1259 5363 hac
1306 5325 1366 5365 re
1406 5311 1717 5377 sententias,
1768 5327 1875 5367 nec
1907 5329 2093 5371 omnes

511 5419 724 5470 eorum,
752 5416 887 5474 quos
905 5399 1335 5455 commemorabo
1355 5442 1371 5468 ,
1404 5416 1490 5457 me
1514 5414 1952 5473 congregaturum
1975 5420 2095 5463 esse

514 5495 802 5565 pelliceor;
831 5492 955 5562 quia
985 5491 1148 5547 nimis
1167 5491 1379 5562 longum
1400 5502 1502 5557 est,
1529 5500 1583 5547 et
1609 5509 1831 5551 necesse
1847 5511 2091 5553 essenon

514 5586 749 5642 arbitror
778 5603 793 5640 :
818 5583 910 5639 sed
932 5598 1122 5654 ponam
1163 5598 1329 5654 pauca
1370 5599 1677 5655 paucorum,
1702 5588 1890 5658 quibus
1919 5600 2092 5647 tamen

516 5677 682 5732 nostri
722 5674 1139 5731 contradictores
1162 5683 1417 5744 cogantur
1444 5676 1757 5732 erubescere
1783 5689 1836 5733 et
1861 5680 2051 5735 cedere
2078 5698 2092 5743 ;

584 5793 598 5823 ¹
635 5792 709 5839 sic
728 5795 837 5838 uss.
862 5787 1000 5855 aditi,
1018 5792 1294 5839 nascantur.

581 5855 603 5883 ⁸
634 5858 704 5900 sic
728 5859 829 5899 MSS.
856 5850 973 5898 Editi
998 5861 1178 5905 autem,
1198 5861 1428 5899 errorem.

583 5914 603 5946 ³
639 5908 765 5967 und
789 5919 918 5972 Ima,
943 5925 1131 5973 sperum
1150 5922 1185 5961 t.

1335 426 1606 509 conruit
1644 447 1982 508 JULIANUM
2026 445 2490 514 ρεωαιΑΝυΜ,
2532 447 2588 504 s.
2632 451 2994 508 sucusrm

3691 462 3784 522 ωδ

2222 565 2265 623 si
2295 565 2435 623 ullus
2460 566 2509 620 in
2541 567 2618 622 eis
2647 566 2729 622 vel
2760 567 2849 625 Dei
2880 570 3056 637 timor,
3086 569 3458 629 milmtninum
3490 574 3656 643 pudor
3677 588 3786 633 tau~

2220 666 2328 709 tum
2369 657 2564 711 malum
2605 659 2915 727 pervicacim
2944 663 3293 729 superaverit.
3327 662 3556 720 lrenzcus
3584 666 3771 736 Lugdu-

2222 750 2402 803 nensis
2430 750 2708 819 cpiscopus
2752 767 2854 804 non
2887 750 3041 822 longe
3080 768 3112 807 a
3159 756 3484 825 temporibus
3510 758 3786 826 Apostolo-

2221 855 2335 893 rum
2370 839 2466 894 fuit
2496 858 2509 894 :
2541 841 2642 896 iste
2680 842 2773 907 ait,
2812 860 2830 893 α
2866 843 2981 898 Non
3026 845 3180 899 aliter
3222 847 3414 907 salvari
3442 847 3683 909 homines
3725 854 3790 915 ab

2218 933 2432 1003 antiqua
2460 935 2722 1003 serpentis
2745 935 2952 1006 plaga',
2987 938 3086 995 nisi
3109 938 3327 997 credat
3357 941 3567 998 imum
3585 943 3679 1013 qui
3702 959 3787 1000 se-

2214 1022 2444 1077 cundum
2477 1024 2874 1081 similitudinem
2903 1033 3083 1085 carnis
3107 1031 3305 1097 peccati
3336 1031 3387 1088 in
3411 1032 3563 1101 lium;
3581 1036 3784 1107 ιπηιγτῆ

2215 1114 2478 1170 cxaltatus
2517 1132 2545 1170 a
2593 1126 2729 1172 terra
2763 1121 2937 1174 omnia
2991 1124 3151 1175 traxit
3193 1122 3259 1177 ad
3292 1138 3372 1188 se,
3404 1136 3457 1179 et
3484 1127 3781 1195 viviticavit,

2213 1216 2480 1263 mortuos:
2520 1206 2654 1279 (Lib.
2687 1209 2739 1273 εί,
2768 1226 2883 1281 cap.
2913 1211 3001 1282 5).
3038 1212 3163 1266 Item
3192 1212 3331 1281 idem
3365 1215 3516 1283 ipse:
3552 1235 3571 1268 ι
3595 1218 3784 1285 Quent-

2212 1296 2496 1351 admodum
2509 1299 2825 1355 adstrictum
2856 1304 3389 1374 est,ritiquit,¢morti
3415 1322 3580 1376 genus
3605 1308 3784 1363 huma-

2212 1401 2341 1440 num
2365 1403 2459 1456 per
2475 1391 2752 1460 virginem,
2782 1393 3019 1446 Solvatur
3033 1409 3127 1462 per
3147 1395 3400 1464 virginem
3415 1397 3457 1461 ³,
3476 1413 3624 1466 aequa
3645 1399 3786 1453 lance

2210 1476 2486 1546 disposita,
2519 1481 2787 1548 virginalis
2818 1483 3171 1538 inohedieutia
3196 1501 3290 1554 per
3326 1487 3634 1555 virginalem
3666 1489 3785 1544 obc-

2209 1566 2487 1623 dientiain.
2521 1570 2709 1625 Adhuc
2755 1574 2896 1627 enim
2939 1577 3247 1647 protoplasti
3282 1589 3499 1645 peccato
3543 1596 3636 1650 per
3674 1597 3787 1636 enr-

2209 1658 2538 1727 rcptiouem'
2592 1662 2928 1733 primogcuiti
2987 1667 3412 1721 emendationem
3463 1669 3781 1739 accipiente,

2207 1750 2470 1818 serpentis
2514 1751 2794 1820 prudentia
2847 1753 3050 1808 devicta
3102 1771 3196 1824 per
3240 1757 3631 1827 simplicitatem
3693 1774 3778 1815 co-

2212 1836 2426 1904 lnmbm,
2453 1837 2679 1893 vinculis
2719 1842 2822 1895 illis
2852 1844 3067 1896 resoluti
3095 1860 3299 1909 sumus,
3334 1861 3428 1914 per
3452 1864 3568 1917 qua:
3592 1850 3781 1919 alligati

2208 1942 2423 1983 eramus
2449 1932 2606 1986 morti
2646 1951 2665 1985 ι
2698 1932 2847 2004 (Lib.
2876 1934 2929 1998 5,
2962 1952 3077 2006 cap.
3107 1934 3226 2007 l9).
3257 1937 3481 1992 Videsne
3516 1941 3782 2010 antiquum

2208 2019 2477 2075 hominem
2504 2022 2613 2086 Dei,
2639 2026 2762 2093 quid
2779 2025 2846 2079 de
2862 2027 3075 2094 antiqua
3103 2029 3365 2096 serpentis
3396 2031 3543 2100 plaga
3565 2033 3785 2086 sentiat?

2205 2110 2330 2178 quid
2360 2109 2428 2165 de
2455 2112 2798 2169 similitudine
2827 2116 3002 2170 earnis
3032 2118 3252 2183 peccati,
3282 2132 3539 2188 perquam
3569 2130 3782 2175 δηιιιιιιιτ

2207 2199 2353 2269 piaga
2393 2204 2658 2270 serpentis
2696 2203 2747 2257 iu
2773 2219 2934 2259 carne
2962 2206 3359 2275 peccati?.quid
3380 2208 3455 2264 de
3475 2211 3780 2280 protoiilasti

2204 2298 2442 2359 peccato,
2475 2307 2568 2361 per
2594 2294 2734 2362 quod
2762 2294 2955 2363 alligati
2983 2295 3288 2350 fueramus?

2276 2382 2328 2437 6.
2358 2384 2521 2438 Multo
2554 2394 2732 2441 autem
2773 2386 3008 2455 apertius
3049 2386 3115 2442 de
3156 2385 3345 2442 eadem
3374 2387 3513 2444 fide‘
3541 2386 3779 2445 beatissi-

2205 2488 2323 2529 mus
2353 2486 2553 2546 martyr
2589 2486 2643 2530 et
2672 2477 2953 2547 episcopus
2982 2476 3306 2547 Cyprianus:
3333 2497 3350 2529 ι
3373 2478 3430 2533 Si
3459 2478 3724 2545 homines,
3756 2499 3773 2533 ι

2204 2564 2391 2634 inquit,
2430 2583 2448 2617 ι
2480 2566 2736 2633 impedire
2773 2566 2969 2637 aliquid
3003 2566 3069 2620 ad
3105 2568 3533 2622 consecutionem
3563 2570 3779 2640 gratim‘

2202 2665 2409 2725 posset,
2458 2657 2625 2726 magis
2662 2658 2872 2713 adultos
2898 2667 2954 2713 et
2982 2668 3259 2727 provectos
3297 2666 3351 2713 ct
3388 2659 3615 2729 majores
3661 2671 3776 2716 natu

2202 2756 2425 2815 possent
2463 2748 2721 2817 impedire
2762 2758 2972 2817 peccata
3019 2750 3281 2819 graviora.
3313 2751 3487 2805 Porro
3518 2760 3696 2806 autem
3736 2753 3775 2807 si

2199 2836 2526 2905 gravissimis
2550 2837 2896 2894 delictoribus
2923 2841 3048 2895 etin
3074 2840 3236 2894 Deum
3260 2842 3477 2895 umlutm
3505 2853 3627 2897 ante
3655 2858 3775 2913 pee-

2201 2926 2466 2990 cautibus,
2498 2942 2617 2982 cum
2650 2939 2829 2998 postea
2860 2928 3216 2995 crediderint,
3258 2931 3512 2985 remissa“
3540 2942 3775 3001 peccato-

2202 3004 2318 3069 rum
2349 3015 2533 3081 datur,
2578 3028 2626 3072 et
2661 3033 2690 3073 a
2724 3019 2991 3088 Baptismo
3016 3028 3174 3090 atque
3215 3023 3380 3091 gratia
3413 3036 3570 3076 nemo
3598 3018 3774 3092 prohi-

2200 3106 2381 3173 betur;
2411 3116 2608 3177 quanto
2640 3110 2808 3179 magis
2846 3108 3114 3179 prohiberi
3142 3125 3246 3165 non
3278 3110 3437 3166 debet
3465 3111 3658 3177 infans,
3688 3113 3774 3182 qui

2202 3213 2391 3252 recens
2415 3206 2568 3253 natus
2588 3198 2720 3253 nihil
2744 3200 3000 3269 peccavit,
3021 3200 3118 3254 nisi
3140 3199 3280 3270 quod
3299 3201 3586 3256 secundum
3611 3202 3773 3256 Adam

2200 3288 2485 3342 earnaliter
2530 3299 2713 3354 natus,
2764 3290 3065 3359 contagium
3103 3290 3288 3344 mortis
3332 3292 3561 3362 antiqua:
3610 3293 3771 3362 prima

2202 3377 2479 3433 uativitate
2519 3378 2819 3434 contraxit?
2867 3379 2966 3447 Qui
3015 3379 3080 3433 ad
3126 3380 3400 3435 remissam
3444 3391 3774 3451 peccatorum

2198 3469 2560 3540 accipiendam
2594 3471 2695 3527 hoc
2740 3472 2853 3541 ipso
2901 3471 3109 3528 facilius
3144 3473 3386 3538 accedit,
3417 3474 3554 3543 quod
3597 3474 3667 3528 illi
3696 3490 3775 3529 re-

2200 3562 2498 3629 mittuntur,
2518 3577 2623 3616 non
2645 3562 2874 3632 propria,
2901 3561 2995 3618 sed
3022 3561 3195 3619 aliena
3208 3571 3448 3633 peccata:
3473 3561 3664 3636 (Epist.
3687 3564 3769 3629 64,

2197 3652 2266 3705 ad
2288 3650 2531 3723 Fidum

2273 3744 2327 3799 7.
2360 3743 2621 3798 Reticium
2671 3743 2738 3799 ah
2784 3744 3164 3815 Augustoduno
3212 3744 3516 3816 episcopum
3573 3758 3774 3817 magum

2197 3832 2358 3888 fuisse
2400 3834 2735 3888 auctoritatis
2778 3834 2830 3888 iu
2878 3835 3110 3893 Ecclesia
3160 3843 3399 3906 tempore
3446 3834 3773 3906 episcopatus

2197 3924 2300 3987 sui,
2336 3932 2481 3994 gesta
2510 3923 2595 3976 illa
2624 3923 2983 3979 ecclesiastica
3015 3924 3172 3979 nobis
3203 3923 3455 3989 indicant,
3486 3924 3694 3994 quando
3722 3924 3772 3979 iu

2199 4015 2330 4068 urbe
2378 4012 2543 4066 Roma
2591 4011 2916 4068 Mclchiadc'
2965 4014 3280 4085 Apostolicae
3328 4012 3479 4068 Sedis
3529 4014 3774 4083 episcopo

2197 4102 2552 4173 praesidente,
2590 4117 2709 4157 cum
2754 4102 2870 4156 aliis
2893 4101 3052 4172 judex
3098 4101 3369 4168 interfuit,
3414 4101 3773 4174 Douatumquc

2193 4194 2468 4248 damnavit
2489 4234 2505 4257 ,
2552 4194 2641 4263 qui
2671 4193 2817 4263 prior
2841 4202 3028 4247 auctor
3058 4193 3445 4248 Donatistarum
3477 4193 3773 4248 schismatis

2198 4285 2313 4352 fuit,
2361 4294 2415 4339 et
2454 4284 2795 4339 Caeilianum
2846 4284 3151 4355 episc0pum
3203 4284 3455 4339 Ecclesia:
3501 4285 3773 4355 Carthagi-

2198 4376 2379 4432 neusis
2411 4375 2659 4430 absolvit.
2692 4375 2740 4429 is
2767 4389 2887 4431 cum
2913 4375 2980 4431 de
3005 4375 3276 4446 Baptismo
3300 4385 3507 4447 ageret,
3537 4377 3606 4431 ita
3632 4377 3773 4431 locu-

2203 4477 2286 4523 tus
2314 4477 2395 4522 est
2421 4485 2434 4522 :
2463 4485 2481 4517 ι
2507 4465 2655 4521 llauc
2698 4466 2856 4537 igitur
2897 4467 3243 4537 principalem
3286 4481 3405 4524 esse
3452 4468 3503 4521 in
3544 4468 3770 4522 Ecclesia

2197 4555 2613 4625 indulgentiam,
2641 4556 2909 4610 nemiuem
2937 4556 3205 4625 praeterit,
3234 4556 3287 4610 iu
3319 4572 3420 4625 qua
3446 4548 3641 4626 aniiqni
3668 4558 3772 4610 cri-

2197 4647 2354 4702 minis
2378 4660 2539 4701 omne
2568 4645 2771 4715 pondus
2793 4645 3128 4714 exponimus,
3164 4654 3220 4701 et
3246 4646 3553 4715 ignorantia:
3581 4654 3772 4700 nostrrc

2197 4735 2429 4791 facinora
2462 4736 2631 4805 prisca
2662 4735 2901 4790 dolemus
2926 4775 2941 4801 ,
2989 4735 3078 4789 ubi
3126 4744 3181 4790 et
3224 4745 3459 4790 veterem
3509 4735 3769 4789 hominem

2193 4842 2319 4881 cum
2352 4825 2600 4895 ingenitis
2627 4824 2918 4880 sceleribus
2947 4825 3186 4879 exuimus
3212 4823 3311 4896 (a).
3340 4844 3358 4877 ι
3387 4824 3549 4880 Audis
3574 4825 3768 4894 antiqui

2196 4919 2434 4973 criminis
2477 4916 2703 4987 poudus,
2747 4917 2900 4972 audis
2943 4917 3115 4987 prisca
3158 4917 3424 4983 facinora,
3467 4917 3617 4972 audis
3652 4932 3768 4971 cum

2199 5007 2487 5062 sceleribus
2523 5006 2773 5077 iugenitis
2803 5005 3070 5060 hominem
3116 5013 3459 5062 veteremzet
3486 5007 3648 5063 audes
3676 5007 3768 5060 ad-

2202 5114 2393 5157 versus
2419 5099 2534 5154 hinc
2562 5100 2838 5154 ruinosam
2863 5108 3177 5154 construere
3202 5100 3488 5155 novitatem
3512 5102 3525 5155 l

2268 5191 2322 5247 8.
2349 5190 2628 5262 Olympius
2672 5190 2937 5264 Hispanus
2975 5192 3295 5262 episcopus,
3347 5192 3431 5247 vir
3469 5206 3673 5265 magna:
3718 5191 3770 5243 in

2263 5360 2510 5430 {Quidam
2548 5364 2677 5431 Mss,
2713 5357 2775 5409 ab
2811 5359 2995 5425 antiqui
3017 5360 3252 5425 serpant:
3279 5358 3442 5426 plaga.
3466 5359 3688 5420 Etiufra,
3713 5363 3772 5410 de

2263 5422 2382 5468 uani
2403 5428 2636 5468 sementis
2658 5421 2819 5468 plana.

2198 5428 2903 5552 αηξῗιέῗθέἒέξῗῗιίῖἔιᾘῗρεν
2924 5481 3173 5552 rirgfmm.

2264 5544 2284 5607 ξ
2319 5545 2542 5606 Plerique
2562 5553 2688 5607 Mss,
2711 5557 2798 5607 per
2815 5544 3171 5607 benedictum.

2264 5604 2286 5669 ξ
2320 5611 2369 5654 tn
2389 5603 2517 5669 Mss,
2540 5605 2625 5669 sed
2646 5603 2955 5669 cadent‘ﬂte.

2261 5667 2287 5699 ⁸
2320 5667 2682 5729 Αιιιὶιιυίεδὶηιιιε
2721 5665 3029 5718 ιτιοῆξιωηειε
3048 5666 3201 5717 codex
3225 5702 3239 5726 ,
3265 5680 3296 5718 a
3318 5665 3639 5719 conuentione
3659 5677 3770 5733 ςνςρ

2202 5735 2300 5860 ME.
2321 5796 2422 5860 am.
2444 5792 2530 5860 Er_._
2545 5795 2596 5837 et
2614 5787 3244 5860 pleriqueuss.,__rcmi§sia.

2268 5852 2286 5880 ν
2323 5851 2467 5899 \atic.
2494 5847 2625 5903 ttss..'
2648 5847 2894 5899 miciudc.
2933 5850 3034 5906 alii,
3064 5849 3291 5899 .t‘fllimll.

2267 5913 2337 5973 (η)
2360 5918 2453 5957 Non
2473 5918 2628 5957 exstat
2653 5910 2741 5958 hoc
2764 5908 3060 5961 (ιμιμιιτινιυιιι.
