4088 6598
368 435 468 488 (³.ῑό

369 548 607 604 Ecclesia
646 553 703 601 et
741 544 794 600 in
822 542 1033 598 Christo
1070 538 1252 611 gloria:
1277 579 1291 601 ,
1337 536 1389 591 itt
1430 533 1657 606 quodam
1698 546 1945 587 sermone

367 636 729 695 ecclesiastico
754 652 764 687 :
794 651 813 687 «
836 633 888 689 Si
917 632 1071 696 fides,
1100 649 1119 682 ι
1153 628 1358 699 inquit,
1405 642 1424 678 «
1454 640 1684 695 unquam
1712 623 1762 677 in
1794 621 1949 677 terris

371 735 674 796 incorrupta
718 725 1033 787 mansisset,
1074 734 1137 775 ac
1182 718 1401 789 vestigia
1444 715 1615 771 dctixa
1657 715 1946 776 tenuisset,

370 835 488 891 qua:
518 819 718 888 signata
749 813 983 870 deseruit
1007 853 1019 875 ,
1051 823 1318 880 nunquam
1349 805 1656 877 protoplasti
1681 803 1949 858 mortifera

374 908 794 980 transgressione
819 905 1000 957 vitium
1025 903 1040 933 ¹
1069 900 1349 971 sparsisset
1375 898 1428 952 in
1449 896 1706 967 germine,
1740 903 1798 947 ut
1821 907 1950 965 pec-

372 1009 548 1054 catum
570 1011 688 1051 cum
718 993 931 1048 homine
958 998 1264 1045 nasceretur
1294 986 1428 1062 (α).›
1463 986 1708 1041 Habesne
1732 981 1947 1053 aliquid,

376 1088 514 1158 quod
561 1085 816 1140 adversus
860 1096 957 1136 nos
1001 1081 1093 1134 tibi
1142 1080 1320 1133 dicere
1366 1076 1613 1139 videaris,
1664 1074 1803 1145 quod
1845 1088 1951 1127 non

376 1176 609 1231 etiamin
636 1175 793 1227 istum
816 1171 993 1225 dicere
1019 1167 1379 1238 compelleris,
1403 1166 1487 1222 vel
1514 1164 1686 1236 potius
1708 1164 1763 1218 in
1787 1162 1916 1216 istos
1930 1161 1962 1214 ἲ

380 1267 491 1323 Una
519 1275 601 1321 est
624 1264 766 1319 enim
797 1262 1032 1317 omnium
1057 1259 1320 1315 catholica
1348 1257 1481 1312 fides
1500 1296 1514 1321 ,
1554 1255 1642 1326 qui
1668 1270 1763 1326 per
1790 1268 1954 1307 unum

382 1357 647 1413 hominem
694 1363 967 1424 peccatum
1018 1351 1249 1406 intrasse
1293 1349 1346 1403 in
1398 1346 1693 1411 mundum,
1747 1344 1799 1399 in
1851 1359 1957 1414 quo

380 1462 567 1503 omnes
591 1451 939 1517 peccaverunt
966 1441 1140 1515 (Rom.
1168 1456 1222 1507 v,
1250 1438 1360 1511 12),
1391 1453 1497 1492 uno
1522 1437 1684 1492 corde
1714 1435 1957 1501 credunt,

382 1553 475 1593 ore
502 1551 609 1592 uno
638 1537 886 1597 fatentur,
932 1540 986 1586 et
1024 1539 1227 1585 vestras
1268 1529 1491 1583 novitias
1523 1525 1967 1598 praesumptiones.

382 1624 979 1695 catholicaantiquitate
1009 1621 1341 1676 subvertunt.

456 1721 511 1775 9.
542 1718 679 1774 Audi
709 1716 883 1771 adhuc
908 1713 1048 1785 quod
1080 1722 1131 1768 te
1155 1711 1325 1785 possit
1354 1710 1581 1781 amplius
1604 1721 1961 1773 commovere,

384 1822 544 1882 atque
571 1809 783 1865 turbare
802 1848 820 1876 ,
866 1815 920 1862 et
961 1806 1159 1860 utinam
1187 1805 1238 1859 in
1265 1803 1457 1859 melius
1480 1810 1825 1857 eommntarc.
1855 1799 1963 1854 Ec-

386 1904 562 1957 clesia:
602 1900 881 1958 catholicae
910 1898 1168 1953 adversus
1195 1895 1476 1951 lucreticos
1517 1894 1831 1949 acerrimum
1872 1892 1965 1948 de-

389 1992 657 2049 fensorem
680 1988 1039 2046 venerandum
1066 1987 1186 2057 quis
1227 1988 1436 2058 ignoret
1475 1983 1732 2040 Hilarium
1763 1983 1967 2053 episcoo

390 2099 512 2154 pum
559 2081 816 2139 Gallum?
858 2080 957 2150 Qui
1009 2095 1131 2135 cum
1183 2077 1250 2134 de
1294 2076 1490 2133 Christi
1541 2090 1701 2130 carne
1747 2083 1966 2145 ageret,

389 2174 603 2230 attende
622 2172 746 2243 quid
766 2172 960 2227 dixerit
984 2189 997 2225 :
1026 2189 1046 2223 «
1077 2171 1214 2241 Ergo
1233 2184 1352 2224 cum
1377 2167 1571 2223 missus
1589 2175 1688 2231 est,
1720 2184 1739 2218 ι
1766 2167 1964 2236 inquit,

395 2282 415 2316 «
444 2265 498 2319 in
526 2262 871 2319 similitudine
897 2263 1073 2317 carnis
1102 2262 1301 2331 peccati
1319 2256 1430 2332 (Id.
1462 2273 1572 2323 vnt,
1596 2258 1672 2327 5),
1704 2271 1809 2311 non
1834 2258 1972 2311 sicut

390 2371 602 2411 carnem
631 2354 811 2408 habuit
833 2395 849 2420 ,
883 2354 954 2408 ita
1002 2352 1187 2407 habuit
1215 2362 1269 2408 et
1295 2361 1592 2422 peccatum.
1622 2348 1727 2404 Sed
1755 2349 1874 2421 quia
1905 2364 1971 2403 ex

397 2456 612 2519 peccato
637 2448 811 2501 omnis
836 2461 960 2502 caro
985 2455 1067 2501 est
1092 2486 1106 2510 ,
1137 2460 1165 2498 a
1197 2453 1414 2514 peccato
1440 2443 1641 2497 scilicet
1672 2442 1840 2497 Adam
1873 2456 1971 2510 pa-

393 2549 543 2595 rente
591 2537 855 2602 deducta,
913 2537 971 2591 in
1010 2535 1357 2591 similitudine
1409 2535 1612 2605 peccati
1663 2533 1840 2587 carnis
1890 2540 1974 2587 est

394 2631 607 2695 missus,
656 2628 925 2685 existente
976 2627 1028 2681 in
1072 2641 1140 2682 eo
1184 2642 1291 2681 non
1343 2633 1585 2694 peccato,
1631 2624 1723 2679 sed
1772 2623 1971 2693 peccati

394 2725 571 2781 carnis
596 2723 962 2779 similitudine.
991 2740 1011 2775 ι
1060 2721 1269 2776 Rursus
1315 2719 1454 2775 idem
1500 2719 1613 2787 ipse
1653 2718 1707 2772 in
1747 2717 1973 2786 Exposi-

397 2816 541 2871 tione
585 2815 859 2870 centesimi
907 2811 1325 2882 duodevigesimi
1377 2810 1592 2874 Psalmi,
1637 2825 1756 2863 eum
1805 2808 1870 2863 ad
1921 2808 1973 2863 id

398 2908 627 2964 venisset
654 2906 794 2977 quod
822 2907 1076 2976 scriptum
1103 2914 1204 2972 cst,
1247 2903 1385 2960 Vivet
1417 2903 1586 2959 animo
1625 2919 1753 2966 mea,
1788 2912 1833 2956 et
1863 2901 1977 2954 lau-

397 3000 534 3055 dabit
560 3011 606 3054 te
633 2998 799 3072 (Psal.
831 3013 1015 3063 cxvnt,
1048 2996 1199 3069 175):
1225 3014 1243 3048 «
1274 2996 1462 3051 Vivere
1489 3010 1566 3061 se,
1594 3012 1613 3046 ›
1646 2993 1842 3062 inquit,
1880 3010 1899 3043 «
1921 2993 1974 3046 iu

397 3091 499 3149 hac
535 3092 645 3146 vita
686 3106 792 3145 non
830 3096 1069 3159 reputat;
1115 3091 1306 3159 quippe
1347 3086 1435 3157 qui
1478 3085 1716 3151 dixerat,
1755 3080 1889 3136 Ecce
1923 3082 1976 3136 in

398 3185 742 3257 iniquitatibus
782 3192 1052 3253 conreptus
1092 3197 1233 3244 sunt,
1278 3188 1325 3233 et
1354 3180 1407 3232 in
1433 3177 1628 3231 delictis
1653 3175 1843 3246 peperit
1868 3175 1975 3228 me’

402 3286 559 3329 ntater
581 3292 690 3328 mea
719 3273 736 3333 ί
748 3271 887 3328 Psal.
911 3288 961 3338 ι,
985 3268 1063 3342 7).
1091 3270 1202 3327 Scit
1231 3270 1330 3324 sub
1354 3267 1555 3338 peccati
1582 3267 1782 3336 origine
1800 3274 1853 3319 et
1879 3264 1978 3319 sub

402 3366 599 3437 peccati
628 3366 745 3436 lege
785 3379 903 3419 esse
946 3379 1004 3419 sc
1043 3375 1244 3418 natum.
1274 3380 1293 3415 ›
1334 3360 1579 3417 Sentisne
1607 3358 1731 3430 quid
1762 3355 1979 3412 audias?

404 3457 677 3523 Ουπξινὶςιιε
715 3455 839 3526 quid
866 3454 1043 3509 dicas?
1077 3453 1227 3508 llune
1253 3453 1424 3507 virum
1455 3460 1595 3506 tanta
1634 3452 1685 3504 in
1715 3446 1979 3519 episcopis

399 3547 675 3602 catholicis
718 3544 874 3600 laude
923 3544 1268 3613 praclarum,
1316 3550 1458 3597 tanta
1505 3542 1692 3596 notitia
1736 3540 1978 3611 famaque

399 3630 783 3708 conspicuum,
824 3636 891 3691 de
932 3645 1148 3705 peccato
1173 3635 1411 3707 originali
1438 3634 1574 3690 aude
1598 3675 1613 3701 ,
1658 3634 1702 3688 si
1732 3633 1855 3705 quid
1884 3633 1976 3688 tibi

403 3733 594 3788 frontis
617 3740 718 3795 est,
749 3730 1037 3785 criminari.

474 3823 560 3879 10.
590 3822 694 3877 Sed
722 3822 895 3875 adhuc
923 3820 1043 3875 audi
1074 3820 1236 3875 alium
1267 3820 1617 3876 excellentem
1646 3819 1737 3875 Dei
1766 3819 1981 3890 dispeus

403 3922 630 3968 saturem
656 3954 673 3979 ,
713 3928 869 3983 quem
910 3926 1139 3967 veneror
1165 3918 1222 3965 ut
1248 3920 1448 3981 patrem
1474 3927 1488 3965 :
1512 3912 1564 3965 in
1598 3910 1810 3966 Christo
1836 3912 1979 3967 enim

403 4003 526 4058 Jesn
557 4016 650 4074 per
678 4003 1017 4073 livangelium
1061 4002 1175 4072 ipse
1203 4017 1290 4057 me
1312 4002 1492 4072 genuit
1521 4002 1722 4074 (I‘Cor.
1753 4016 1831 4067 tv,
1868 4000 1977 4073 l5),

403 4104 457 4149 ct
486 4110 548 4149 eo
564 4094 761 4149 Christi
783 4094 1025 4148 ministro
1046 4095 1313 4148 lavacrum
1334 4094 1757 4162 regenerationis
1776 4093 1977 4161 accepi.

408 4185 623 4240 Beatum
654 4185 842 4255 loquor
870 4183 1211 4238 Ambrosium
1234 4224 1248 4247 ,
1289 4182 1439 4252 cujus
1468 4198 1562 4252 pro
1590 4182 1844 4237 catholica
1879 4181 1981 4237 fide

402 4276 651 4346 gratiam,
681 4273 1031 4329 constantiam
1050 4315 1065 4341 ,
1092 4272 1331 4339 labores,
1364 4273 1593 4342 pericula
1616 4314 1632 4339 ,
1662 4272 1773 4327 sive
1802 4271 1980 4341 operi-

406 4369 503 4422 bus
526 4367 635 4422 sive
661 4365 1016 4429 sermonibus,
1045 4374 1096 4420 et
1122 4365 1235 4434 ipse
1257 4379 1372 4418 sum
1398 4373 1667 4435 expertus,
1697 4374 1747 4419 ct
1774 4379 1979 4417 mecum

407 4472 515 4512 non
541 4457 742 4511 dubitat
782 4457 927 4512 orbis
968 4456 1257 4527 prtedicare
1298 4453 1589 4510 Romanus.
1636 4454 1730 4508 llic
1758 4456 1837 4507 vir
1862 4470 1983 4508 cum

407 4548 697 4603 secundum
719 4548 910 4602 Lucam
929 4556 1220 4617 exponeret
1241 4546 1581 4616 Evangelium
1600 4563 1614 4599 :
1635 4564 1652 4597 «
1672 4544 1934 4612 Iordanis,
1958 4567 1976 4598 ι

409 4637 607 4706 inquit,
643 4654 664 4690 «
689 4652 957 4692 conversus
983 4648 1052 4690 est
1083 4645 1356 4690 retrorsum
1394 4633 1567 4707 (Psal.
1595 4650 1747 4701 cxnt,
1778 4635 1836 4708 5)
1861 4654 1876 4690 :
1906 4636 1982 4690 si—

407 4727 671 4798 gnificavit
716 4726 962 4782 salutaris
997 4725 1191 4781 lavacri
1224 4724 1397 4780 futura
1426 4726 1674 4795 mysteria
1699 4766 1714 4791 ,
1748 4742 1843 4795 per
1866 4741 1983 4797 qum

410 4818 465 4871 in
494 4818 776 4885 primordia
810 4827 1010 4870 natura:
1047 4832 1156 4869 sua:
1177 4857 1191 4878 ,
1238 4816 1327 4886 qui
1359 4815 1605 4885 baptizati
1639 4817 1829 4870 fuerint
1857 4832 1984 4886 par-

409 4907 514 4960 vuli
534 4947 551 4972 ,
574 4922 601 4960 a
624 4908 819 4961 malitia
847 4906 1220 4972 reformantur,
1254 4924 1274 4959 ι
1308 4903 1443 4977 (Lib.
1472 4906 1498 4961 1
1533 4906 1583 4959 in
1613 4905 1765 4974 Luc,
1793 4924 1845 4960 η.
1870 4906 1982 4979 5θῖ).

413 4997 612 5053 Rursus
637 4999 774 5052 idem
806 5001 916 5068 ipse
944 4999 995 5051 in
1026 4996 1214 5051 eodem
1242 5012 1441 5067 opere:
1471 5015 1489 5048 «
1510 4997 1624 5052 Non
1651 5001 1790 5053 enim
1819 5001 1985 5055 virilis

408 5091 600 5155 coitus,
630 5109 649 5144 ι
679 5091 867 5160 inquit,
907 5108 925 5143 ι
946 5091 1114 5145 vulva:
1147 5090 1419 5160 virginalis
1448 5100 1651 5145 secreta
1700 5093 1983 5158 rescravit;

406 5183 503 5237 Sed
549 5182 943 5237 immaculatum
988 5197 1169 5237 semen
1221 5181 1508 5235 inviolabili
1560 5192 1712 5236 utero
1758 5183 1987 5253 Spiritus

407 5283 622 5329 sanctus
646 5274 851 5327 infudit.
881 5273 1038 5328 Solus
1062 5281 1143 5327 est
1169 5273 1310 5328 enim
1341 5288 1436 5343 per
1461 5274 1635 5327 omnia
1666 5290 1731 5328 ex
1760 5284 1894 5329 natis
1920 5277 1986 5327 de

409 5367 601 5419 fortuna
631 5374 846 5419 sanctus
877 5365 1130 5419 Dominus
1158 5363 1333 5429 Jesus,
1366 5365 1454 5433 qui
1487 5375 1711 5421 terrena:
1742 5369 1985 5437 contagia

407 5457 718 5527 corruptelae
757 5456 1078 5511 immaculati
1124 5467 1304 5526 partus
1331 5458 1565 5512 novitate
1591 5475 1692 5511 non
1724 5461 1982 5521 sensorit,

407 5560 462 5604 et
479 5548 680 5604 caelesti
707 5549 981 5615 majestate
1001 5548 1292 5618 depulerit»
1325 5547 1457 5617 (Lib.
1473 5547 1528 5613 2,
1545 5566 1594 5602 η.
1620 5550 1727 5618 56).
1751 5550 1987 5618 Itemque

471 5660 488 5690 ¹
522 5663 642 5730 Tres
662 5670 693 5708 e
714 5658 946 5708 Vaticanis
968 5666 1096 5719 Mss...
1113 5657 1360 5723 mortifera
1382 5660 1755 5717 trmtsqresvione
1773 5660 1979 5723 morti/iu

407 5731 514 5768 rum
536 5725 717 5770 vitium.
1032 5744 1037 5753 -

471 5782 491 5811 ο
525 5789 622 5828 .tm.
646 5787 718 5831 Er.
742 5788 792 5829 et
810 5786 937 5837 3153.,
962 5780 1172 5842 concepit
1197 5795 1286 5831 me.

471 5844 546 5901 (tr)
565 5850 658 5891 See
678 5842 819 5904 hujus
832 5844 1091 5907 quidquam
1115 5851 1277 5891 exstat

1730 416 1931 473 LIBER
1974 410 2243 468 l’illilUS.

3523 410 3628 469 σω

2059 526 2108 580 ia
2141 526 2325 580 eodem
2357 537 2472 595 Ipso
2502 540 2520 578 :
2551 543 2571 577 ι
2594 525 2812 587 Omnes,
2835 543 2854 577 ι
2890 524 3092 594 inquit.
3130 543 3149 577 «
3175 524 3226 578 in
3259 525 3425 580 Adam
3461 529 3628 580 mort-

2057 637 2174 675 mur
2196 623 2236 685 ',
2267 622 2390 691 quia
2430 636 2518 690 per
2556 635 2714 673 unum
2757 618 3008 673 hominem
3046 629 3304 688 peccatum
3336 620 3540 673 intravit
3578 619 3632 691 in

2056 713 2327 780 mundum,
2362 710 2416 767 "et
2453 728 2541 783 per
2583 720 2840 782 peccatum
2867 726 3034 776 mors;
3080 719 3128 762 rt
3163 711 3233 763 ita
3258 710 3310 764 in
3339 726 3509 765 omnes
3539 689 3633 763 Ito.-

2056 807 2213 860 mines
2253 804 2581 877 pertransiit,
2630 803 2682 856 in
2721 818 2820 874 quo
2866 817 3036 856 omnes
3082 810 3427 870 peccaverunt.
3484 801 3633 855 Illius

2058 896 2214 967 igitur
2228 896 2400 966 culpa,
2422 910 2564 949 mors
2590 893 2825 948 omnium
2847 900 2930 948 est
2949 911 2969 946 ι
2995 890 3129 963 (Lib.
3150 891 3205 954 4,
3223 908 3276 945 η.
3296 892 3386 957 67,
3413 892 3481 945 ad
3502 890 3629 945 Luc.

2056 1004 2134 1052 tv,
2176 989 2288 1058 58).
2322 989 2438 1043 Alio
2466 987 2592 1042 item
2623 987 2740 1043 loco
2765 987 2817 1041 in
2843 985 3030 1040 eodem
3061 985 3349 1056 Evangelio
3390 1003 3404 1039 :
3451 1004 3469 1036 «
3490 985 3631 1040 Cave

2056 1092 2203 1147 ergo,
2226 1095 2246 1129 ι
2281 1069 2470 1146 inquit,
2504 1094 2522 1129 ι
2545 1091 2612 1130 ηε
2637 1083 2760 1130 ante
2785 1075 3024 1137 nudet-is,
3048 1076 3185 1129 sicut
3215 1075 3379 1128 Adam
3408 1075 3636 1128 nudatus

2058 1176 2158 1233 est,
2193 1166 2424 1221 mandati
2466 1165 2702 1221 caelestis
2729 1164 2967 1218 custodia
2999 1164 3302 1229 destitutus,
3349 1174 3403 1219 et
3440 1174 3643 1219 exutus

2063 1256 2184 1310 fidei
2210 1256 2545 1319 vestimento,
2572 1263 2625 1310 et
2653 1255 2731 1311 sic
2754 1253 2950 1310 letbale
2974 1254 3164 1309 vulnus
3190 1257 3414 1323 accepit,
3447 1255 3497 1306 in
3529 1269 3636 1323 quo

2061 1362 2219 1401 omne
2244 1360 2412 1416 genus
2449 1345 2733 1402 occidisset
2758 1344 3047 1400 humanum
3072 1385 3088 1412 ,
3137 1345 3237 1399 nisi
3276 1344 3637 1400 Samaritanus

2063 1438 2150 1493 ille
2176 1437 2507 1494 descendens
2526 1437 2744 1493 vulnera
2767 1436 2881 1508 ejus
2899 1437 3088 1491 acerba
3109 1446 3346 1490 curasset
3370 1455 3388 1489 ι
3424 1434 3556 1507 (Lib.
3579 1435 3634 1500 7,

2063 1547 2117 1585 rt.
2150 1530 2252 1596 75,
2293 1529 2361 1583 ad
2396 1528 2524 1583 Luc.
2555 1546 2608 1592 ι,
2637 1528 2753 1600 50).
2791 1528 2998 1585 Rursus
3043 1529 3095 1583 iu
3143 1544 3304 1598 Opere
3335 1530 3449 1597 ipso
3474 1571 3487 1589 .
3535 1529 3668 1583 alio-

2065 1621 2184 1676 loco
2216 1640 2229 1676 :
2267 1621 2444 1689 «Fuit,
2477 1641 2496 1676 ι
2544 1623 2750 1694 inquit,
2810 1621 3047 1684 «Adam,
3098 1632 3151 1677 et
3195 1623 3246 1677 in
3300 1624 3387 1676 illo
3442 1623 3636 1677 fuimus

2065 1725 2285 1766 omnes:
2312 1712 2460 1779 periit
2482 1712 2669 1780 Adam,
2691 1720 2744 1767 et
2765 1712 2817 1768 in
2839 1713 2928 1768 illo
2950 1728 3134 1768 omnes
3159 1714 3425 1782 perierunt
3452 1733 3471 1765 ι
3498 1713 3635 1768 tta”.

2068 1802 2121 1869 7,
2145 1819 2198 1857 η.
2224 1802 2347 1866 254,
2372 1801 2441 1855 ad
2463 1801 2588 1856 an.
2618 1818 2687 1879 xv
2705 1844 2721 1868 ,
2742 1803 2855 1875 24).
2882 1803 3084 1861 Rursus
3120 1805 3257 1860 idem
3288 1806 3399 1876 ipse
3426 1806 3477 1860 in
3496 1811 3641 1877 Apo-

2069 1893 2202 1965 logia
2230 1894 2501 1965 prephetzc
2520 1895 2714 1949 David:
2740 1913 2759 1947 ι
2782 1897 3073 1967 Antequam
3100 1898 3420 1962 nascimur,»
3452 1900 3640 1970 inquit,

2076 2002 2095 2036 «
2124 1984 2447 2039 maculamur
2474 1986 2736 2055 contagio,
2765 1995 2818 2041 et
2844 1996 2967 2042 ante
2996 2003 3208 2042 usuram
3240 1989 3394 2057 lucis,
3425 1992 3645 2061 originis

2072 2077 2237 2149 ipsius
2261 2079 2552 2149 excipimus
2594 2080 2840 2150 iojuriam
2866 2124 2881 2144 .
2912 2083 2962 2138 in
2995 2085 3266 2155 iniquitate
3295 2090 3643 2158 concipiatur.

2071 2168 2185 2224 Non
2215 2171 2498 2240 expressit,
2522 2190 2540 2224 ι
2567 2171 2756 2242 inquit,
2785 2192 2804 2225 «
2826 2185 2999 2230 utrum
3032 2191 3326 2245 parentum,
3355 2197 3420 2235 an
3444 2192 3645 2239 nostra.

2076 2260 2140 2315 Et
2165 2260 2215 2314 in
2240 2260 2447 2316 delictis
2478 2277 2903 2335 unumquemque
2928 2277 3148 2336 generat
3186 2280 3354 2324 mater
3382 2285 3497 2325 sua.
3537 2272 3648 2329 Nec

2074 2348 2162 2405 hic
2189 2350 2511 2417 declaravit,
2559 2361 2733 2408 utrum
2775 2355 2826 2409 iu
2862 2355 3071 2410 delictis
3105 2359 3214 2411 suis
3244 2372 3413 2414 mater
3443 2365 3646 2430 pariat,

2074 2459 2140 2498 an
2183 2443 2293 2513 jam
2340 2445 2447 2499 sint
2487 2446 2660 2517 aliqua
2704 2447 2898 2504 delicta
2944 2452 3230 2507 nascentis.
3279 2453 3382 2507 Sed
3426 2456 3543 2510 vide
3584 2473 3650 2512 ne

2078 2544 2361 2606 utrumque
2402 2537 2798 2605 intelligendum
2842 2539 2931 2595 sit.
2979 2540 3089 2596 Nec
3131 2553 3417 2613 conceptus
3459 2561 3652 2602 exsors

2077 2626 2368 2697 iniquitatis
2389 2638 2493 2691 est,
2516 2629 2764 2697 quoniam
2789 2640 2841 2685 et
2867 2644 3112 2701 parentes
3140 2650 3241 2689 nou
3270 2646 3449 2690 carent
3473 2638 3650 2709 lapsu:

2077 2725 2131 2771 et
2157 2719 2199 2771 si
2229 2733 2326 2773 nec
2355 2719 2513 2774 unius
2540 2718 2644 2774 diei
2676 2720 2851 2775 infans
2878 2723 2994 2776 sine
3024 2735 3260 2792 peceato,
3292 2728 3459 2781 tnulto
3488 2732 3652 2799 magis

2078 2822 2177 2862 nec
2219 2808 2291 2861 illi
2338 2809 2564 2864 materni
2608 2820 2897 2883 conceptus
2933 2812 3048 2867 dies
3090 2815 3204 2868 sine
3242 2828 3458 2885 peccato
3506 2832 3651 2874 sunt.

2077 2896 2422 2969 Coneipimur
2444 2914 2574 2969 ergo
2615 2901 2667 2954 in
2701 2910 2916 2969 peccato
2946 2913 3219 2972 parentum
3238 2946 3253 2969 ,
3285 2920 3338 2961 ct
3367 2908 3417 2961 in
3447 2908 3654 2965 delictis

2078 3001 2261 3041 eorum
2308 2989 2596 3044 nascimur.
2638 2990 2743 3046 Sed
2775 3000 2829 3045 et
2871 2992 2983 3060 ipse
3011 3004 3192 3064 partus
3225 2995 3380 3050 habet
3408 3002 3654 3069 contagia

2079 3091 2170 3133 sua
2196 3118 2213 3145 ,
2243 3093 2340 3133 nec
2365 3095 2527 3134 unum
2559 3081 2923 3137 tantummodo
2949 3083 3101 3139 habet
3130 3084 3239 3155 ipsa
3262 3097 3442 3141 natura
3466 3102 3654 3144 conta-

2078 3172 2258 3242 gium:
2299 3170 2450 3243 (Cap.
2481 3173 2593 3245 il).
2625 3172 2765 3228 Idem
2795 3175 2909 3244 ipse
2938 3176 2990 3230 in
3021 3176 3358 3245 Expositione
3387 3179 3503 3234 libri
3545 3181 3655 3237 Το-

2081 3264 2217 3320 bim:
2247 3283 2263 3315 «
2290 3265 2419 3332 Quis
2444 3265 2565 3329 iste,
2597 3284 2617 3319 ι
2650 3264 2892 3337 inquit,'«
2914 3270 3113 3339 peccati
3141 3280 3221 3325 est
3245 3271 3526 3337 fenerator,
3554 3274 3655 3328 nisi

2080 3357 2505 3429 diabolus,aquo
2534 3358 2641 3413 Eva
2672 3370 2905 3414 mutuata
2936 3365 3511 3430 peccatum’,obuoxi:e
3538 3383 3657 3422 suc-

2081 3451 2337 3504 cessionis
2382 3453 2557 3505 usuris
2578 3466 2735 3506 omne
2762 3468 2928 3523 genus
2972 3451 3293 3510 defcueravit
3333 3456 3659 3512 lttnnauuuts

2083 3540 2231 3611 (Cap.
2271 3542 2381 3612 9)?
2422 3540 2624 3596 Rursus
2681 3543 2731 3596 in
2782 3543 2970 3599 eodem
3023 3565 3037 3601 :
3087 3546 3394 3612 υιειιιυιιις,›
3451 3550 3654 3620 inquit,

2088 3631 2283 3687 «Evam
2312 3633 2541 3702 decepit.
2571 3644 2628 3689 ut
2654 3637 3017 3706 supplantarct
3044 3641 3231 3705 virum,
3264 3641 3516 3709 obligaret
3543 3642 3655 3696 lue~

2082 3724 2393 3779 reditatcms
2423 3723 2569 3797 (Cap.
2594 3727 2708 3796 25).
2731 3726 2871 3781 idem
2896 3728 3005 3798 ipse
3027 3730 3077 3783 in
3100 3729 3441 3799 Expositione
3464 3733 3656 3788 Psalnti

2083 3816 2472 3887 quadragesimi
2497 3820 2708 3873 octavi:
2743 3838 2761 3871 «
2784 3820 2895 3874 Alia
2927 3832 3035 3888 est,
3063 3841 3082 3874 ι
3118 3824 3321 3893 inquit,
3370 3823 3657 3894 «iniquitas

2082 3910 2283 3976 nostra,
2314 3911 2414 3965 alia
2444 3911 2675 3966 calcanei
2704 3913 2905 3979 nostri,
2948 3913 3000 3967 in
3043 3930 3148 3985 quo
3171 3916 3519 3972 Adam'denlc
3543 3934 3658 3973 ser-

2084 4002 2256 4070 pentis
2293 4011 2374 4055 est
2394 4002 2720 4065 vulneratus,
2749 4012 2802 4057 et
2829 4003 3106 4058 obnoxiam
3149 4004 3504 4061 iI-‘l'l't'diialcm
3532 4015 3658 4063 s'nc-

2083 4092 2341 4147 cessionis
2372 4092 2612 4146 humane
2639 4109 2737 4146 suo
2764 4095 2984 4148 vulnere
3009 4096 3329 4167 dereliquit,
3374 4107 3427 4152 ut
3470 4114 3662 4154 omnes

2085 4182 2173 4237 illo
2196 4183 2413 4238 vulnere
2435 4183 2822 4239 claudicemusr
2856 4184 2945 4253 (In
2968 4203 3092 4240 vers.
3121 4189 3197 4256 6).

2155 4275 2381 4331 CAPUT
2422 4275 2506 4330 IV.
2537 4278 2710 4332 —il.
2739 4276 2755 4330 Ι
2784 4295 2951 4346 nunc,
2977 4290 3029 4334 et
3055 4280 3179 4334 tnilti
3209 4281 3377 4351 objice
3402 4283 3664 4351 originale

2088 4365 2685 4433 peccatum:dissitnnla
2736 4368 2803 4422 ab
2850 4368 2997 4435 istis,
3045 4370 3180 4441 finge
3211 4381 3260 4425 te
3291 4373 3495 4427 nescire
3532 4374 3664 4444 quid

2087 4453 2294 4519 dicant;
2325 4465 2378 4509 et
2402 4466 2601 4510 sanctae
2628 4457 2880 4511 Ecclesim
2911 4466 2987 4512 tot
3013 4463 3276 4531 tantisque
3301 4462 3663 4527 doctoribus”,

2086 4545 2173 4615 qui
2202 4546 2303 4598 vita
2331 4547 2529 4615 Optime
2551 4556 2692 4616 gesta
2719 4547 3095 4617 debrllatisque
3121 4566 3332 4605 suorum
3365 4564 3663 4622 temporum

2088 4635 2389 4699 erroribus,
2432 4637 2855 4705 gloriosissitne‘
2883 4639 2950 4693 de
2994 4640 3093 4693 hoc
3139 4642 3334 4695 saeculo
3375 4653 3661 4713 antequam

2090 4740 2184 4779 vos
2211 4726 2503 4781 ebullirelis
2528 4727 2772 4781 exierunt
2795 4770 2808 4789 ,
2853 4730 2996 4785 velut
3039 4731 3116 4784 eis
3147 4748 3248 4783 non
3280 4733 3403 4785 visis
3429 4775 3442 4797 ,
3490 4734 3540 4786 in
3572 4750 3662 4788 me

2091 4816 2342 4897 impetum
2374 4814 2592 4881 faciens,
2622 4826 2674 4871 et
2701 4818 2842 4871 velut
2873 4819 3110 4872 nesciens
3140 4821 3280 4889 quod
3310 4821 3379 4875 illi
3412 4822 3508 4875 sub
3538 4840 3664 4877 meo

2091 4906 2305 4961 nomine
2334 4906 2659 4972 lacerentur,
2698 4917 2943 4976 tanquam
2972 4924 3189 4963 securus
3218 4912 3431 4966 insnlta.
3461 4912 3658 4969 Crede-

2090 5012 2201 5050 rem
2235 5005 2304 5062 te,
2351 4995 2539 5061 fateor,
2569 4997 2693 5066 quid
2726 4999 2845 5051 tnali
2875 4996 3034 5053 facias
3064 4999 3328 5067 ignorare,
3364 5018 3460 5057 nec
3488 5006 3659 5073 impn-

2089 5087 2305 5153 dentim,
2336 5090 2428 5142 sed
2471 5086 2835 5156 imprudentia:
2875 5098 2976 5142 tum,
3008 5090 3291 5146 tribuerem
3313 5135 3328 5158 ,
3373 5096 3512 5163 quod
3546 5097 3658 5151 Inuc

2092 5177 2287 5231 lumina
2331 5176 2557 5232 civitatis
2600 5176 2688 5230 Dei
2733 5176 2897 5234 audes
2943 5178 3202 5235 hostiliter
3230 5182 3507 5248 insectari,
3541 5203 3657 5257 qua:

2092 5270 2280 5326 sectari
2310 5268 2537 5324 fideliter
2559 5267 2789 5323 debuisti
2811 5286 2825 5322 :
2847 5270 3122 5325 crederem
3152 5280 3202 5327 te
3225 5316 3240 5338 ,
3275 5274 3484 5344 inquam
3511 5319 3524 5338 ,
3561 5279 3656 5332 hoc

2094 5371 2291 5416 tantum
2313 5359 2462 5416 nefas
2486 5361 2818 5416 committere
2847 5362 3192 5431 nescientem,
3220 5366 3321 5420 nisi
3344 5370 3392 5421 in
3415 5385 3479 5424 eo
3500 5371 3652 5438 libro,

2156 5538 2176 5569 θ
2208 5536 2341 5597 Arnd
2365 5535 2675 5591 Ambrosium,
2701 5534 2892 5585 mortui.

2153 5601 2174 5631 ⁸
2204 5607 2381 5647 (tumes
2406 5605 2521 5661 uss.
2539 5631 2554 5655 ,
2576 5600 2835 5661 (inuetitum
2871 5603 3076 5661 peccato.
3109 5597 3397 5647 t'cncordant
3428 5600 3515 5661 ipsi
3540 5600 3659 5650 editi

2093 5668 2286 5721 (estea,
2331 5673 2377 5708 η.
2402 5658 2491 5718 52,
2538 5659 2620 5707 ubi
2662 5671 2774 5706 cunt
2812 5658 2919 5708 uss.
2944 5658 3159 5718 habent,
3191 5672 3222 5707 a
3253 5672 3345 5721 quo
3368 5658 3461 5709 m
3491 5673 3660 5710 macu-

2092 5729 2283 5847 mgsm
2299 5790 2401 5832 διες.
2436 5792 2483 5832 At
2507 5783 2639 5832 Fditi.
2665 5789 2905 5847 tantosque
2930 5781 3161 5847 ιζοτμντϐο

2158 5844 2177 5875 δ
2213 5853 2311 5893 Duo
2335 5858 2363 5894 e
2390 5856 2405 5876 ι
2423 5850 2529 5894 τιτιυ.
2559 5856 2681 5893 vss.
2706 5843 2857 5903 alo-io
2879 5843 3044 5893 issitni.
