4088 6516
455 466 558 518 651
1276 451 1549 512 CONTRA
1587 446 1925 505 JULlANL'M
1955 441 2068 500 ΡΜ

2184 438 2393 498 ιΑΝυΜ
2411 483 2427 509 ,
2469 441 2525 495 S.
2570 436 2936 496 AUGUSTI‘NI
3617 429 3718 488 6-33

457 582 542 633 cui
575 588 626 633 te
654 573 992 647 respondisse
1019 571 1098 627 vel
1120 570 1410 629 existimas,
1440 566 1519 619 vel
1547 560 1837 618 existimari
1865 559 2035 629 cupis.

469 666 862 736 apertissimum
893 660 1251 717 testimonium
1277 658 1343 713 de
1370 656 1537 710 sancti
1569 651 1831 708 Ambrosii
1857 649 2038 719 dispu-

467 762 663 812 tatione
700 756 989 825 posuissem
1036 751 1151 823 (De
1178 748 1387 819 Nuptiis
1411 757 1455 800 et
1479 741 1923 812 Concupiscentia,
1950 737 2039 793 lib.

465 850 513 910 -1,
548 867 599 901 n.
635 850 746 916 40).
790 848 868 899 An
898 844 965 898 ibi
993 857 1096 896 non
1125 841 1329 910 legisti,
1367 835 1505 907 quod
1534 849 1653 888 cum
1681 831 1878 886 Christi
1906 830 2042 884 uali-

467 943 679 993 vitalem
733 938 800 992 de
847 935 1068 1005 virginis
1113 941 1267 1002 partu
1320 942 1478 996 supra
1531 925 1706 979 dictus
1755 923 2048 975 insmuat‘ct

473 1034 805 1101 episeopns,t
828 1028 1002 1090 Ideo,»
1030 1026 1315 1094 inquit,tet
1334 1020 1481 1089 quasi
1507 1017 1666 1071 homo
1688 1029 1780 1084 per
1801 1012 2046 1066 universa

469 1130 698 1189 tentatus
724 1129 804 1173 est
823 1160 840 1185 ,
877 1128 929 1173 et
959 1118 1008 1171 in
1039 1112 1383 1169 similitudine
1412 1106 1684 1162 hominum
1715 1113 1905 1159 cuncta
1931 1116 2047 1155 sus-

470 1212 643 1273 tinuit,
677 1209 767 1263 sed
793 1210 940 1276 quasi
971 1207 1035 1260 de
1061 1203 1256 1272 Spiritu
1291 1209 1445 1254 natus
1475 1194 1727 1251 abstinuit
1752 1210 1781 1247 a
1806 1202 2045 1263 peccato.

469 1302 654 1355 Omnis
677 1301 817 1355 enim
844 1297 1005 1351 homo
1040 1292 1264 1349 mendax
1308 1289 1477 1362 (Paul.
1514 1301 1640 1349 cxv,
1671 1283 1752 1358 Ξ),
1798 1293 1853 1338 et
1892 1297 2050 1337 nemo

471 1394 586 1445 sine
618 1399 832 1459 peccato
873 1386 971 1440 nisi
1012 1400 1148 1439 unus
1193 1383 1348 1437 Deus.
1398 1379 1675 1433 Servatum
1705 1384 1788 1431 est
1816 1374 1972 1444 igitur
1995 1381 2052 1426 ut

473 1497 539 1534 ex
566 1481 678 1532 viro
703 1487 755 1533 et
792 1476 1012 1530 muliere
1032 1515 1047 1540 ,
1094 1472 1143 1526 id
1174 1483 1285 1536 est,
1316 1485 1409 1539 per
1430 1468 1569 1522 illam
1597 1479 1881 1535 corporum
1906 1477 2054 1518 com-

477 1568 785 1622 tnixtiunem
832 1582 987 1619 nemo
1032 1563 1269 1617 videatur
1310 1572 1504 1628 expers
1547 1570 1668 1611 esse
1711 1553 1912 1609 delicti.
1953 1552 2051 1618 Qui

474 1674 649 1715 autem
700 1673 890 1728 expers
932 1657 1137 1720 delicti.
1179 1668 1373 1723 expers
1418 1661 1500 1707 est
1537 1650 1695 1704 etiam
1747 1644 2055 1716 ltujusmodi

475 1749 837 1820 conceptionis
863 1766 882 1799 ι
919 1745 1024 1816 (Ex
1048 1753 1372 1798 commentor.
1403 1743 1455 1795 in
1494 1736 1729 1811 Isaiam).
1761 1738 1816 1793 Si
1846 1737 1958 1790 hmc
1985 1734 2057 1789 ibi

477 1841 636 1895 verba
666 1836 951 1893 venerandi
993 1834 1258 1890 Ambrosii
1287 1848 1391 1887 non
1419 1831 1612 1902 legisti,
1639 1826 1905 1900 quomodo
1936 1825 2056 1881 red-

477 1931 803 2001 arguendnm
840 1930 1055 1996 librum,
1085 1929 1134 1981 in
1157 1942 1261 1996 quo
1281 1941 1342 1978 ea
1365 1934 1485 1978 sunt
1509 1923 1698 1991 posita,
1742 1916 2059 1987 suscepisti?

480 2023 539 2078 Si
565 2033 742 2077 autem
787 2020 995 2090 legisti,
1041 2017 1164 2088 quid
1193 2016 1473 2069 adversum
1506 2029 1590 2067 tne
1622 2012 1752 2065 furis
1773 2052 1789 2078 ,
1829 2016 1885 2064 et
1913 2009 2059 2062 illum

482 2119 534 2175 in
562 2134 646 2171 me
673 2115 916 2184 primitus
944 2110 1159 2178 carpis?
1188 2108 1323 2176 Quid
1353 2122 1546 2162 nomen
1583 2103 1838 2158 dilaniare
1876 2099 2060 2155 niteris

480 2226 677 2273 meum,
707 2217 761 2262 et
787 2204 1125 2260 Ambrosium
1158 2200 1287 2254 facis
1316 2199 1475 2253 tacito
1499 2196 1614 2267 ejus
1645 2193 1860 2249 nomine
1888 2189 2059 2245 Mani-

480 2301 726 2357 chremn?

558 2392 640 2446 12.
681 2390 867 2445 Cernis
892 2400 1082 2456 nempe
1107 2399 1225 2438 eum
1248 2381 1437 2452 quibus
1468 2388 1554 2434 tua
1583 2375 1864 2433 maledicta
1889 2373 2058 2430 susti-

485 2501 661 2544 neam,
685 2481 860 2535 cernis
890 2494 1009 2533 cum
1040 2476 1232 2546 quibus
1267 2472 1395 2527 mihi
1440 2470 1511 2525 sit
1542 2483 1700 2523 causa
1730 2464 2062 2527 communis,

485 2592 642 2642 quant
684 2574 825 2627 nulla
853 2568 1279 2626 consideratione
1318 2563 1493 2619 sobria
1537 2562 1746 2632 pulsare
1789 2557 2067 2614 calumniis

487 2675 543 2720 et
568 2678 869 2733 expugnare
896 2658 1146 2713 conaris?
1187 2656 1370 2711 Cernis
1404 2669 1559 2723 quam
1593 2652 1684 2707 tibi
1716 2649 2065 2721 perniciosum

488 2759 587 2815 sit.
627 2767 730 2809 tam
764 2753 1013 2807 horribile
1057 2750 1258 2805 crimen
1297 2747 1529 2816 objicerc
1577 2744 1802 2808 talibus;
1831 2751 1883 2795 et
1910 2756 2069 2810 quam

491 2847 618 2902 tuihi
647 2847 956 2914 gloriosum,
987 2841 1257 2911 quodlibet
1281 2834 1483 2894 crimen
1505 2836 1687 2891 audire
1712 2850 1832 2890 cum
1857 2832 2070 2888 talibus?

489 2938 545 2993 Si
573 2938 765 2999 cernis,
793 2950 973 2998 cerne,
993 2944 1046 2987 et
1062 2931 1270 2986 tandem
1292 2939 1405 2984 tace
1435 2948 1447 2982 :
1479 2927 1815 2997 Pelagianam
1841 2925 2068 2993 linguam

495 3037 571 3082 tot
602 3027 793 3096 linguis
818 3024 1090 3079 catholicis
1128 3020 1366 3091 deprime
1389 3060 1402 3079 .
1441 3027 1516 3072 tot
1542 3015 1858 3072 venerandis
1893 3014 2072 3088 oribus

491 3128 739 3187 proterva
769 3132 859 3168 ora
894 3113 1164 3171 submitte.
1206 3111 1263 3166 Si
1311 3110 1543 3164 scholam
1582 3107 1897 3164 Xenocratis
1938 3104 2076 3161 sicut

492 3207 711 3262 Polemo
738 3204 814 3276 (α)
845 3220 908 3258 ex
936 3204 1246 3257 antelucano
1275 3201 1517 3254 convivio
1545 3198 1864 3254 temulentus
1885 3196 2073 3250 intras-

494 3314 601 3360 ses,
633 3314 735 3350 non
771 3303 911 3349 tanta
944 3302 1136 3364 quanta
1165 3293 1217 3346 in
1250 3293 1349 3346 isto
1375 3302 1517 3345 coetu
1549 3300 1624 3345 tot
1652 3299 1954 3344 sanctorum
1983 3287 2074 3342 dc-

498 3391 652 3444 beres
705 3387 1019 3442 verecundia
1081 3385 1336 3440 coerceri.
1394 3384 1490 3438 llic
1536 3383 1678 3438 enim
1732 3392 1878 3437 certe
1929 3390 2076 3436 tanto

496 3484 665 3548 major
686 3480 841 3534 debet
863 3494 978 3533 esse
1000 3476 1341 3538 verecundia,
1369 3485 1564 3546 quanto
1588 3475 1765 3530 verior
1787 3474 2077 3530 atldiscitur

496 3571 775 3641 sapientia.
803 3571 974 3624 'l'anto
1002 3568 1230 3638 amplius
1253 3566 1528 3621 reverendi
1558 3574 1680 3619 sunt
1708 3573 1784 3619 tot
1811 3580 2077 3619 memora-

499 3662 678 3716 bilium
720 3660 1087 3728 episcoporum
1129 3672 1285 3728 quam
1326 3655 1480 3709 unius
1520 3654 1836 3709 Xenocratis
1879 3654 2071 3719 vultus,

496 3763 691 3819 quanto
716 3750 931 3804 Platone
948 3747 1262 3802 Xenocratis
1283 3746 1500 3801 doctore
1520 3744 1707 3800 doctor
1729 3745 1948 3798 istorum
1968 3760 2079 3797 ma-

494 3843 579 3913 jor
604 3850 685 3895 est
722 3839 983 3894 Christus.
1018 3839 1147 3908 Ego.
1167 3848 1311 3893 certe
1338 3838 1505 3892 beata:
1536 3836 1807 3891 memoria:
1831 3835 2079 3889 Memoris

501 3934 664 4003 patris
697 3932 769 3986 tui
801 3946 901 3985 non
934 3931 1211 3985 immemor
1239 3928 1309 4000 (ὁ)
1334 3970 1346 3994 ,
1376 3930 1463 3999 qui
1496 3944 1701 3983 mecum
1730 3943 1831 3981 non
1865 3942 2078 3997 parvam

501 4023 691 4077 inierat
736 4022 1016 4075 amicitiam
1059 4021 1320 4091 colloquio
1351 4020 1678 4085 litterarum,
1706 4028 1863 4088 teque
1906 4018 2079 4087 ipsum

501 4113 629 4167 mihi
658 4113 1024 4167 charissimam
1065 4112 1294 4176 fecerat,
1327 4125 1448 4164 eum
1490 4118 1541 4162 te
1570 4108 1802 4164 viderem
1843 4108 1894 4161 in
1935 4107 2081 4162 libris

506 4205 611 4258 tuis
638 4220 742 4257 non
771 4204 1086 4258 antelucano
1111 4201 1354 4257 convivio
1379 4199 1748 4265 temulentum,
1773 4197 1866 4253 sed
1895 4199 2081 4253 insano

500 4297 745 4351 convicio
773 4295 1164 4359 turbulentum,
1205 4293 1472 4350 introduxi
1502 4300 1553 4347 te
1588 4290 1880 4346 sedandum
1924 4300 2081 4360 atque

505 4388 819 4453 sanandum,
847 4403 951 4442 non
980 4388 1030 4442 in
1058 4387 1281 4456 alicujus
1303 4383 1601 4455 philosophi
1622 4382 1961 4447 auditorium,
1988 4382 2080 4437 sed

508 4484 560 4537 ia
588 4489 888 4536 sanctorum
918 4490 1125 4551 patrum
1152 4477 1430 4550 pacificum
1459 4474 1929 4545 bonorandumque
1957 4490 2085 4529 con-

505 4581 741 4627 ventum.
780 4571 860 4626 Sit
884 4586 1058 4641 Opera:
1093 4569 1316 4639 pretium
1339 4609 1354 4634 ,
1381 4567 1605 4623 obsecro
1634 4574 1717 4634 te,
1762 4566 1939 4636 aspice
1966 4566 2083 4621 illos

505 4663 895 4731 quodammodo
921 4663 1238 4732 aspicientes
1279 4670 1363 4727 te,
1404 4668 1458 4715 et
1494 4669 1772 4715 mansuete
1797 4674 1859 4713 ac
1896 4660 2084 4715 leniter

508 4756 746 4810 dicentes
772 4755 863 4809 tibi
893 4772 905 4808 :
936 4754 1079 4808 ltane
1104 4768 1216 4817 nos,
1246 4750 1559 4818 filthtliane,
1587 4750 1856 4804 Manichaei
1878 4751 2083 4804 sumus?

507 4846 655 4917 [tngo
679 4888 692 4909 ,
723 4845 850 4915 quid
892 4842 1274 4914 respondebis?
1301 4841 1503 4910 Quibus
1529 4856 1619 4896 eos
1650 4843 1814 4896 ocuiis
1844 4831 2090 4897 intuebeJ

506 4937 617 4992 ris?
644 4936 768 5003 Qua:
803 4935 891 4989 tibi
930 4942 1238 5004 argumenta
1265 4932 1612 4988 succurrent?
1636 4932 1763 5000 Qua:
1788 4932 2084 4987 Aristotelis

505 5031 784 5089 categorizn
803 5069 818 5093 ,
862 5028 1084 5098 quibus,
1111 5036 1165 5080 ut
1194 5027 1244 5080 iu
1277 5040 1374 5081 nos
1404 5027 1550 5081 velut
1574 5026 1764 5082 artifex
1791 5026 2084 5095 disputator

508 5122 729 5183 insilias,
760 5117 929 5173 videri
969 5117 1178 5186 appetis
1224 5116 1510 5172 elimatus?
1536 5115 1663 5184 Quae
1691 5127 1895 5170 tuorum
1923 5131 2082 5185 argu-

508 5219 807 5265 mentorum
838 5207 919 5261 vel
958 5207 1102 5261 acies
1128 5208 1294 5262 vitrea
1315 5249 1330 5273 ,
1359 5206 1443 5263 vel
1483 5206 1710 5277 plumbei
1746 5207 2004 5279 pugiones
2030 5207 2080 5260 in

509 5301 720 5354 illorum
748 5304 1033 5366 conspectu
1058 5297 1230 5352 exscri
1258 5296 1562 5352 audebunt?
1586 5295 1713 5362 Qua:
1740 5294 1838 5349 abs
1864 5304 1913 5349 te
1936 5310 2082 5350 arma

515 5406 617 5445 non
646 5388 842 5459 fugient
868 5387 1174 5457 nudumque
1205 5387 1527 5444 destituent?
1559 5387 1640 5441 An
1684 5386 1817 5441 forte
1852 5385 2085 5442 dicturus

574 5541 938 5608 (ait’oiemoex
962 5540 1206 5608 luxuriosa
1228 5540 1552 5608 adolescentia
1591 5540 1791 5608 insignis
1812 5539 1963 5608 factus
1979 5541 2086 5605 phi-

514 5602 762 5669 losophus.
787 5604 902 5656 \‘ide
921 5602 1156 5669 Valerium
1172 5602 1657 5669 niaximutntlibro‘fi,
1679 5602 1783 5665 cap.
1807 5603 1857 5664 9,
1875 5611 1927 5654 et
1943 5602 2084 5655 ther-

514 5663 639 5735 tiuni
654 5669 942 5735 Diogenem,
966 5663 1090 5735 libro
1112 5665 1143 5713 4
1165 5666 1365 5735 devita
1378 5679 1400 5735 ι
1409 5663 1778 5735 bilosopborum.

575 5729 655 5798 (b)_
675 5724 789 5798 vide
812 5726 1149 5798 Augustinum.
1177 5728 1319 5798 Epist.
1351 5724 1428 5777 l0l
1450 5724 1605 5798 ,vjd'e
1624 5729 1766 5776 etiam
1791 5724 1932 5798 infra,
1962 5732 2084 5798 Mer-

510 5785 686 5858 catoris
720 5785 1139 5858 Gommonimrinrn
1183 5785 1414 5838 adversus
1450 5785 1751 5852 Pelagianos,
1791 5790 1838 5836 in
1874 5789 2087 5836 secunda

507 5857 648 5907 Parte
671 5849 972 5913 Ajpemlicis.

2150 573 2241 620 es,
2272 558 2535 611 neminem
2577 555 2785 609 illorum
2815 565 2865 608 te
2896 553 2946 607 in
2985 553 3086 607 isto
3132 546 3352 603 crimine
3384 544 3720 600 nominasse?

2153 647 2219 700 Et
2246 646 2371 716 quid
2398 646 2558 701 facies
2579 687 2594 707 ,
2637 660 2757 699 cum
2789 644 2879 697 tibi
2910 641 3163 703 dixerint,
3196 636 3543 694 Tolerabilius
3566 643 3721 691 dente

2152 737 2408 792 tnaledico
2448 738 2658 791 nomina
2689 733 2997 790 concideres
3024 742 3199 786 nostra
3220 771 3235 796 ,
3263 745 3417 799 quam
3446 725 3600 781 fidem
3627 742 3721 781 no-

2152 838 2338 893 stram,
2368 828 2519 898 cujus
2545 828 2734 883 merito
2760 827 2810 881 in
2834 825 2982 895 ctelo
3012 823 3223 878 nomina
3254 821 3363 889 ipsa
3389 820 3580 888 scripta
3607 826 3725 873 sunt

2155 919 2373 976 nostra?
2400 926 2482 974 An
2510 918 2645 973 forte
2663 918 2807 973 dices
2828 916 2923 981 eis,
2950 914 3059 970 Nec
3086 913 3239 967 fidem
3264 923 3490 965 vestram
3514 908 3618 963 ullo
3642 906 3725 964 tali

2153 1013 2377 1069 crimine
2407 1012 2631 1067 violavi?
2659 1010 2766 1066 Sed
2805 1024 2906 1079 qtta
2936 1004 3251 1061 confidentia
3285 1002 3336 1057 id
3366 1002 3541 1056 dicere
3566 999 3726 1054 aude-

2158 1103 2259 1169 bis,
2291 1104 2451 1158 bomo
2489 1102 2578 1172 qui
2603 1102 2736 1156 dicis
2761 1097 3104 1154 Ma‘niclneum
3131 1111 3250 1149 esse
3288 1108 3526 1155 sensum,
3564 1088 3727 1145 eonfi-

2157 1195 2256 1250 teri
2285 1210 2349 1250 ex
2386 1194 2556 1249 Adam
2588 1193 2798 1247 trahere
2826 1198 3106 1245 nascentes
3130 1185 3384 1257 originale
3424 1194 3727 1253 peccatum;

2156 1286 2297 1359 quod
2337 1286 2424 1341 isti
2448 1285 2677 1342 confessi
2704 1295 2863 1353 atque
2894 1280 3115 1351 professi
3143 1289 3265 1332 sunt
3292 1277 3431 1347 quod
3462 1276 3511 1329 in
3541 1272 3729 1329 Christi

2158 1377 2393 1434 Ecclesia
2413 1378 2430 1409 ¹
2457 1391 2672 1431 suorum
2701 1372 3121 1428 rudimentornm
3153 1377 3388 1437 tempore
3416 1361 3729 1427 didicerunt,

2159 1469 2300 1542 quod
2344 1468 2541 1523 Christi
2584 1465 2879 1523 Ecclesiam
2927 1475 3144 1516 suorum
3192 1457 3451 1512 bonorum
3500 1464 3733 1524 tempore

2161 1562 2495 1626 docuerunt,
2544 1560 2630 1628 qui
2680 1574 2774 1627 per
2816 1553 3070 1624 Spiritum
3121 1558 3360 1606 sanctum
3412 1559 3518 1602 tam
3576 1548 3733 1600 multa

2165 1661 2373 1719 peccata
2400 1650 2648 1707 omnibus
2676 1662 2811 1718 quos
2836 1646 3100 1714 baptizare
3127 1648 3427 1711 potuerunt,
3461 1648 3564 1690 tam
3598 1635 3733 1690 mul-

2165 1745 2232 1798 tis
2258 1742 2490 1812 parvulis
2514 1741 2624 1794 soia
2651 1736 2928 1808 originalia
2957 1729 3317 1789 remiserunt?
3348 1726 3539 1782 lterum
3572 1735 3621 1779 te
3648 1723 3737 1776 ad-

2165 1849 2388 1898 moneo,
2419 1834 2607 1887 iterum
2636 1843 2785 1899 rogo,
2820 1827 2998 1895 aspice
3025 1834 3189 1880 tot.ac
3217 1822 3348 1875 tales
3378 1818 3627 1873 Ecclesia‘.
3655 1830 3738 1869 ca-

2166 1926 2372 1982 tholica,-
2400 1924 2705 1976 defensores
2746 1930 2903 1989 atque
2929 1917 3206 1972 ductores'
3232 1934 3247 1970 :
3278 1911 3397 1967 vide
3424 1910 3618 1981 quibus
3639 1919 3738 1962 lant

2168 2032 2384 2088 gravem
2411 2025 2623 2082 tamque
2647 2012 2900 2067 nefariam
2929 2008 3178 2079 irrogaris
3195 2004 3461 2075 injuriam.

2241 2109 2326 2162 15.
2368 2110 2446 2161 Αη
2475 2105 2594 2161 ideo
2617 2101 3034 2175 coptemnendos
3058 2109 3228 2167 putas,
3256 2096 3376 2167 quia
3398 2092 3740 2149 occidentalis

2170 2200 2419 2255 Ecclesia.-
2444 2206 2564 2250 sunt
2591 2209 2778 2249 omnes
2797 2235 2812 2259 ,
2843 2206 2941 2247 nec
2970 2192 3109 2245 ullus
3133 2198 3213 2244 est
3237 2189 3287 2241 in
3312 2188 3391 2242 eis
3418 2199 3742 2242 commemo-

2171 2300 2315 2345 ratns
2343 2305 2370 2342 a
2399 2290 2549 2343 nobis
2572 2286 2803 2341 Orientis
2824 2285 3104 2355 episc0pus
3124 2282 3147 2335 ?
3168 2279 3300 2345 Quid
3320 2293 3446 2348 ergo
3471 2276 3740 2337 faciemus,

2171 2400 2289 2439 cum
2322 2383 2392 2437 illi
2421 2380 2591 2436 Graeci
2617 2379 2741 2440 sint,
2768 2391 2865 2432 nos
2891 2375 3100 2430 Latini?
3127 2374 3258 2428 Puto
3286 2371 3375 2425 tibi
3401 2384 3517 2424 eam
3545 2378 3743 2437 partem

2171 2474 2316 2530 orbis
2346 2469 2818 2527 sufficermdebere
2840 2509 2855 2530 ,
2900 2467 2951 2521 in
2982 2481 3084 2533 qua
3122 2464 3350 2533 primum
3378 2460 3746 2529 Apostolorum

2173 2580 2388 2620 suorum
2414 2562 2579 2617 voluit
2609 2560 2863 2615 Dominus
2893 2554 3271 2627 gloriosissimo
3312 2551 3565 2621 martyrio
3593 2562 3747 2603 coro-

2176 2670 2322 2710 nare.
2350 2654 2442 2708 Cui
2474 2651 2727 2707 Ecclesia:
2759 2647 3126 2720 prtesidentetn
3150 2644 3361 2699 beatum
3387 2639 3745 2695 Innocentium

2174 2748 2217 2800 si
2248 2745 2432 2799 audire
2459 2744 2736 2806 voluisses,
2763 2740 2870 2810 jam
2903 2747 3025 2794 tunc
3053 2735 3395 2805 periculosam
3419 2732 3746 2801 juventutetn

2178 2847 2318 2891 tuam
2339 2835 2632 2905 Pelagianis
2653 2832 2852 2902 laqueis
2870 2828 3126 2884 eruisses.
3154 2823 3291 2893 Quid
3311 2823 3450 2877 enim
3475 2819 3646 2891 potttit
3664 2814 3747 2871 ille

2181 2930 2259 2981 vir
2279 2935 2492 2980 sanctus
2519 2920 2779 2979 Africanis
2817 2918 3141 2988 respondere
3174 2913 3446 2977 conciliis,
3479 2910 3580 2964 nisi
3614 2905 3748 2979 quod

2178 3020 2464 3088 antiquitus
2504 3014 2805 3085 Apostolica
2836 3010 3002 3064 Sedes
3039 3017 3093 3063 et
3133 3008 3364 3061 ltomana
3395 3016 3515 3056 cum
3542 2997 3751 3055 catteris

2180 3118 2322 3164 tenet
2345 3112 2744 3176 perseveranter
2769 3099 3034 3157 Ecclesia?
3061 3099 3127 3153 Et
3153 3107 3324 3152 tamen
3348 3094 3463 3164 ejus
3483 3105 3747 3147 successo-

2182 3220 2292 3257 rctn
2318 3194 2633 3274 (Zosituum)
2653 3196 2874 3251 crimine
2909 3188 3355 3262 praevaricationis
3372 3199 3614 3247 accusas,
3633 3183 3748 3252 quia

2181 3272 2435 3346 doctrina:
2461 3286 2764 3356 apostolica:
2789 3293 2842 3340 ct
2867 3284 2946 3337 sui
2971 3279 3266 3336 decessoris
3293 3275 3567 3331 sententiae
3591 3272 3750 3328 noluit

2182 3381 2454 3453 refragari.
2478 3379 2583 3435 Sed
2603 3379 2669 3433 de
2694 3378 2792 3432 hoc
2816 3374 3023 3430 interim
3052 3381 3221 3433 taceo,
3245 3386 3309 3423 ne
3330 3367 3563 3422 animum
3588 3375 3749 3427 tuum,
3800 3388 3807 3393 ~

2181 3492 2342 3549 quem
2367 3489 2557 3531 sanare
2585 3471 2758 3543 potius
2778 3469 2932 3538 cupio
2960 3480 3117 3535 quam
3156 3462 3383 3523 irritare,
3413 3458 3657 3513 laudibus
3683 3452 3753 3509 tui

2183 3566 2507 3623 damnaturis
2546 3563 2866 3619 exulcerem.
2902 3557 3093 3613 Sancto
3131 3551 3437 3608 Innocentio
3472 3548 3591 3603 vide
3633 3544 3750 3618 quid

2183 3658 2526 3729 respondeas,
2555 3655 2645 3727 qui
2689 3652 2821 3708 nihil
2857 3648 2997 3705 aliud
3035 3646 3103 3701 de
3147 3646 3244 3699 hac
3283 3658 3341 3698 re
3378 3642 3552 3709 sapit,
3601 3650 3752 3708 quam

2184 3750 2323 3820 quod
2348 3749 2431 3803 isti
2463 3748 2513 3801 in
2541 3760 2764 3816 quarunt
2796 3751 2848 3797 te
2889 3747 3234 3801 conventum,
3265 3735 3310 3789 si
3338 3745 3511 3788 tamen
3543 3729 3754 3799 prodest

2184 3819 2403 3910 aliquid,
2435 3836 2698 3893 introduxi
2723 3853 2737 3889 :
2768 3848 2889 3889 cum
2921 3832 3002 3885 bis
3030 3828 3189 3884 etiam
3218 3827 3328 3895 ipse
3356 3822 3630 3885 considet,
3659 3819 3754 3873 etsi
3825 3872 3832 3880 ,

2185 3934 2450 4005 posterior
2478 3941 2739 3999 tempore,
2768 3926 2913 3996 prior
2934 3924 3074 3979 loco.
3101 3922 3175 3975 De
3203 3917 3411 3974 miseris
3440 3913 3668 3986 parvulis
3691 3909 3755 3963 ab

2186 4000 2428 4095 orjgiuali
2462 4022 2620 4084 malo,
2652 4017 2793 4089 quod
2842 4014 3066 4069 trahitur
3093 4027 3157 4065 ex
3207 4008 3397 4073 Adam,
3429 4020 3525 4075 per
3558 4000 3753 4059 Christi

2184 4115 2405 4187 gratiam
2434 4109 2721 4168 liberandis
2740 4148 2755 4169 ,
2782 4120 2942 4161 unam
2982 4118 3102 4159 cum
3132 4101 3211 4156 eis
3252 4108 3394 4155 tenet
3416 4095 3753 4152 cbristianam

2187 4219 2472 4273 veramque
2494 4198 2809 4256 sententiam
2834 4216 2847 4250 :
2874 4196 2962 4266 qui
2991 4207 3150 4248 omne
3172 4188 3492 4261 prasteritum
3514 4184 3697 4238 vitimn
3715 4181 3755 4247 ',

2188 4298 2342 4368 primi
2371 4296 2575 4350 scilicet
2607 4289 2857 4353 hominis,
2886 4288 2975 4357 qui
3005 4287 3169 4340 libero
3197 4282 3415 4337 arbitrio
3441 4289 3523 4334 est
3550 4278 3604 4333 in
3634 4291 3753 4347 pro-

2188 4388 2345 4444 funda
2376 4387 2649 4440 demersus
2667 4424 2681 4446 ,
2708 4380 2976 4436 Christum
3002 4376 3135 4431 dixit
3158 4374 3240 4429 sui
3268 4373 3482 4426 lavacro
3512 4380 3757 4439 purgasse

2191 4476 2523 4549 Baptismatis
2539 4472 2727 4545 (Epist.
2748 4472 2870 4536 181,
2893 4487 2944 4523 η.
2970 4471 3022 4530 7,
3044 4466 3173 4521 inter
3199 4463 3611 4537 Attgustinianas)
3634 4477 3648 4525 ;
3674 4456 3755 4526 qui

2188 4572 2415 4640 denique
2463 4565 2712 4638 parvulos
2758 4562 2998 4618 definivit
3032 4558 3241 4631 (Epist.
3290 4556 3412 4621 182,
3453 4573 3506 4608 n.
3537 4555 3591 4616 5,
3638 4553 3758 4605 inter

2189 4655 2661 4733 Augustiuiunas),
2712 4656 2811 4709 nisi
2879 4649 3323 4708 manducaverint.
3374 4662 3589 4701 earn-3m
3644 4641 3757 4698 Filii

2191 4753 2441 4817 hominis,
2473 4751 2635 4803 vitam
2663 4760 2881 4817 prorsus
2907 4744 3103 4798 habere
3138 4757 3242 4794 non
3267 4753 3425 4808 posse
3454 4735 3645 4804 (Jomt.
3670 4748 3716 4787 vt
3743 4773 3757 4794 ,

2189 4844 2318 4915 54).
2349 4844 2481 4898 lluic
2523 4839 2805 4910 responde,
2837 4837 2944 4891 imo
2971 4834 3070 4903 ipsi
3109 4831 3356 4895 Domino,
3384 4828 3536 4896 cujus
3558 4827 3646 4880 ille
3669 4841 3760 4878 an-

2192 4940 2340 4993 tistes
2368 4951 2497 4991 usus
2515 4941 2598 4990 est
2623 4928 2944 4994 testimonio,
2976 4935 3030 4982 et
3056 4925 3144 4980 dic
3170 4922 3311 4979 unde
3337 4922 3509 4991 imago
3536 4920 3628 4974 Dei
3659 4930 3756 4972 tam

2189 5027 2397 5097 capitali
2426 5021 2684 5094 supplicio
2716 5020 2980 5091 puniatur,
3013 5024 3068 5070 ut
3092 5015 3196 5068 vita
3222 5013 3479 5082 privetur,
3500 5011 3544 5064 si
3573 5022 3758 5079 pecca-

2191 5130 2300 5174 tum
2339 5133 2367 5170 a
2413 5114 2752 5171 nascentibus
2787 5108 3041 5180 originale
3081 5121 3185 5161 non
3225 5104 3472 5159 trahitur.
3505 5101 3608 5157 Sed
3638 5097 3759 5171 quid

2189 5210 2355 5272 dicas,
2388 5215 2479 5260 aut
2509 5204 2626 5276 quid
2668 5201 3023 5273 respondeas;
3053 5198 3142 5269 qui
3173 5198 3333 5253 etiam
3361 5195 3405 5250 si
3436 5195 3645 5249 beatum
3670 5207 3760 5245 att-

2189 5299 2316 5353 deas
2343 5294 2727 5358 innocentium,
2752 5307 2855 5346 non
2881 5288 3099 5344 audebis
3127 5295 3301 5342 tamen
3329 5284 3592 5341 Christum
3623 5281 3761 5337 dice-

2191 5409 2248 5448 re
2274 5385 2652 5446 Manichaeum?
3615 5381 3623 5387 ·

2263 5484 2347 5540 Η.
2388 5482 2502 5539 Non
2532 5488 2615 5538 cst
2639 5493 2767 5550 ergo
2802 5492 2899 5533 cur
2921 5488 3182 5547 provoces
3205 5472 3271 5528 ad
3298 5471 3530 5530 Orientis
3555 5464 3758 5524 antisti.

2256 5664 2272 5695 ι
2307 5660 2504 5711 Codices
2524 5666 2651 5730 uss...
2683 5656 2809 5722 quod
2839 5656 2893 5708 in
2913 5662 3081 5710 metu
3112 5651 3323 5707 Ecclesia
3348 5663 3367 5701 :
3392 5658 3445 5703 et
3466 5649 3614 5708 inira.
3634 5647 3756 5711 0⁸⁸⁸⁸

2190 5730 2404 5777 sitm-tam
2429 5721 2704 5773 Ecclesium.
3660 5746 3661 5749 η

2255 5788 2274 5819 ³
2307 5795 2379 5834 rte
2396 5796 2569 5833 omnes
2598 5790 2703 5832 Mss.
2726 5782 2842 5832 Fditi
2859 5816 2874 5840 ,
2898 5785 3123 5831 rectores.

2258 5842 2277 5880 ε
2311 5829 2506 5895 EH
2517 5829 2577 5894 *ἐι
2600 5829 2968 5908 inmissa;
2996 5829 3072 5891 tiae
3095 5848 3145 5890 et
3167 5837 3306 5899 infra,
3331 5831 3564 5899 pratan
3583 5829 3755 5881 ιίιίιιηι.
