4096 6500
353 348 454 406 σω

349 456 464 506 tes;
497 439 619 512 qttia
645 446 700 496 et
731 437 830 510 ipsi
852 437 1035 506 utique
1069 433 1346 490 christiani
1387 441 1530 496 sunt,
1573 442 1628 487 et
1665 432 1944 501 utriusque

351 535 516 604 partis
547 541 807 585 terrarum
846 527 978 584 ﬁdes
1015 527 1115 582 ista
1145 540 1250 580 una
1279 534 1394 590 est;
1423 525 1546 595 quia
1584 531 1640 580 et
1679 522 1812 578 (ides
1841 523 1944 577 ista

349 625 641 680 christiana
668 633 751 678 est
779 639 794 674 :
822 630 876 676 et
905 629 957 676 te
997 629 1148 674 certe
1172 617 1520 674 occidentalis
1547 627 1688 671 terra
1713 628 1946 686 genera-

351 717 450 778 vit,
479 713 828 771 occidentalis
845 710 1180 783 regeneravit
1205 709 1468 766 Ecclesia.
1503 707 1638 777 Quid
1665 708 1713 763 ei
1751 706 1950 777 quaeris

353 807 578 872 inferre,
601 804 743 875 quod
767 805 897 859 inea
915 819 1022 859 non
1041 801 1313 865 invenisti,
1333 800 1548 872 quando
1565 799 1616 853 in
1640 799 1756 869 ejus
1779 812 1950 852 mem-

352 901 452 956 bra
484 900 675 956 venisti
697 901 722 953 ‘t
749 899 863 966 Imo
889 897 1014 970 quid
1045 897 1095 952 ei
1131 895 1330 968 quaeris
1353 893 1566 950 auferre
1585 934 1600 958 ,
1632 891 1776 963 quod
1805 891 1858 946 in
1887 905 1951 952 ea

359 1007 417 1052 tu
461 1007 674 1065 quoque
703 989 994 1062 accepisti?
1023 989 1154 1046 Nam
1181 998 1459 1060 peccatum
1499 985 1778 1056 originale,
1809 984 1952 1056 quod

357 1085 412 1142 in
439 1085 666 1139 aliorum
693 1082 982 1152 perniciem
1013 1081 1356 1150 parvulorum
1385 1091 1582 1148 negas,
1618 1091 1957 1148 quacumque

358 1184 518 1232 aetate
537 1175 612 1230 sis
631 1173 950 1245 baptizatus,
971 1181 1067 1227 aut
1089 1173 1264 1242 ipsum
1300 1169 1392 1226 tibi
1421 1172 1704 1225 remissum
1731 1178 1832 1232 est,
1866 1177 1959 1222 aut

355 1277 409 1324 et
429 1267 604 1336 ipsum
619 1269 660 1319 ι.
675 1264 781 1321 Sed
802 1265 848 1319 si
873 1279 1058 1320 verum
1081 1272 1186 1326 est,
1200 1262 1342 1333 quod
1367 1261 1688 1328 audivimus,
1705 1270 1758 1317 te
1783 1259 1957 1316 iulan-

363 1357 532 1411 tulum
561 1355 926 1426 baptizatum,
955 1355 1119 1412 etiam
1151 1363 1205 1410 tu
1235 1353 1482 1424 quamvis
1513 1368 1546 1408 a
1584 1353 1690 1407 tuis
1731 1351 1960 1422 propriis
1992 1434 1999 1437 _

363 1449 600 1519 peccatis
635 1449 930 1514 innocens,
962 1456 1142 1502 tamen
1187 1445 1313 1517 quia
1357 1460 1424 1501 ex
1471 1444 1642 1500 Adam
1670 1444 1960 1500 carnaliter

365 1551 542 1605 natus,
565 1540 867 1610 contagium
891 1540 1078 1594 mortis
1101 1539 1334 1608 antiqua:
1353 1537 1522 1608 prima
1554 1537 1826 1591 nativitate
1853 1547 1961 1590 tra-

276 1627 287 1636 ”
363 1631 488 1687 sisti
515 1651 527 1684 :
557 1641 610 1686 et
654 1632 705 1686 in
737 1631 1014 1700 iniquitate
1041 1641 1335 1699 conceptus
1365 1642 1444 1694 es,
1477 1627 1717 1698 profecto
1745 1625 1958 1681 exorci-

361 1734 513 1780 zatns
541 1734 594 1780 et
615 1723 924 1780 exsultiatus
952 1739 1033 1790 es,
1061 1732 1166 1778 uta
1195 1731 1457 1793 potestate
1483 1731 1670 1777 erutus
1705 1720 1956 1776 tenebra-

362 1833 481 1873 rum
508 1817 878 1874 transferret-is
916 1818 970 1873 in
1011 1831 1235 1887 regnum
1263 1815 1460 1870 Christi
1484 1814 1713 1887 (Coloss.
1747 1829 1798 1878 t,
1829 1815 1897 1869 l3
1917 1814 1957 1883 ).

365 1908 413 1966 0
436 1910 506 1965 tili
536 1909 677 1965 male
703 1925 771 1965 ex
792 1908 960 1965 Adam
987 1918 1131 1971 nate,
1160 1907 1252 1962 scd
1274 1907 1412 1962 bene
1437 1907 1488 1962 in
1515 1903 1728 1962 Christo
1754 1915 1958 1971 renato,

364 2000 712 2058 Sacramenta
741 2001 935 2071 quibus
965 2010 1016 2056 te
1047 2001 1269 2070 peperit,
1301 2009 1404 2054 tute
1430 1999 1586 2056 matri
1619 1999 1834 2054 conaris
1863 2014 1960 2052 au—

364 2091 528 2149 ferre.
567 2091 833 2162 Numquid
863 2091 1149 2147 Manichaee
1180 2090 1277 2146 fuit
1299 2132 1315 2155 ,
1347 2089 1562 2160 quando
1590 2091 1692 2146 isto
1720 2089 1881 2145 modo
1913 2101 1963 2144 te
2003 2093 2014 2104 ‘

365 2181 594 2254 peperit,
624 2195 730 2253 quo
755 2182 912 2237 modo
933 2182 1044 2253 jam
1071 2197 1178 2237 non
1205 2183 1288 2237 vis
1313 2191 1370 2236 ut
1390 2182 1584 2251 pariat,
1611 2192 1667 2238 et
1691 2181 1889 2251 ingeris
1911 2183 1961 2235 ei

364 2275 658 2330 nativitatis
678 2275 700 2307 ⁸
725 2273 1010 2345 opprobria
1030 2315 1045 2340 ,
1079 2283 1141 2330 ut
1177 2275 1229 2330 in
1270 2288 1331 2330 ea
1362 2275 1573 2330 caeteris
1599 2273 1852 2340 claudas,
1896 2288 1962 2328 ex

369 2363 565 2434 quibus
585 2365 700 2434 ipse
725 2374 882 2420 natus
916 2379 1008 2430 es,
1037 2363 1244 2420 viscera
1274 2363 1527 2434 pictatis?
1562 2363 1766 2420 Dividis
1791 2364 1842 2419 ei
1862 2378 1964 2418 no-

368 2469 492 2510 men
518 2455 618 2510 viri
642 2455 748 2520 sui,
777 2464 836 2510 ut
853 2455 920 2531 ad
943 2454 1338 2524 regenerandos
1365 2453 1616 2524 parvulos
1643 2461 1968 2510 tantummo-

338 2545 439 2602 -do
465 2545 710 2602 Christus
747 2548 848 2613 sit,
887 2547 954 2602 ad
993 2546 1228 2617 majores
1261 2555 1439 2602 autem
1478 2545 1726 2603 Christus
1765 2545 1964 2612 Jesus;

370 2641 495 2711 quia
522 2641 726 2697 scilicet
743 2641 900 2698 Jesus
939 2640 1186 2698 Salvator
1222 2640 1605 2710 interpretatur
1631 2659 1648 2696 :
1672 2639 1817 2712 quod
1842 2655 1965 2696 eum

368 2733 606 2804 parvulis
624 2749 746 2790 esse
775 2749 880 2793 non
907 2733 1090 2798 vultis,
1121 2733 1213 2804 qui
1227 2733 1373 2790 nihil
1411 2747 1506 2788 eos
1545 2731 1783 2800 habere,
1825 2729 1968 2788 unde

366 2827 494 2884 illos
519 2827 698 2883 salvos
724 2825 900 2892 faciat,
924 2825 1247 2896 praedicatis.

436 2911 666 2968 CAPUT
705 2911 772 2966 V.
798 2940 872 2952 —
899 2910 990 2966 l5.
1029 2909 1137 2966 Sed
1174 2925 1280 2964 non
1314 2909 1407 2966 tibi
1433 2909 1610 2966 deerit
1646 2906 1827 2980 magni
1870 2922 1966 2964 no-

365 3001 528 3057 minis
554 3013 609 3058 et
645 3000 781 3056 fama
822 3000 1175 3057 celeberrima
1217 2999 1441 3056 illustris
1477 2999 1762 3071 episcopus
1804 2999 1967 3056 etiam

364 3091 436 3150 de
473 3091 714 3162 partibus
753 3091 1020 3158 Orientis,
1059 3089 1214 3162 cujus
1252 3091 1465 3160 eloquia
1498 3091 1730 3162 ingentis
1771 3090 1968 3148 merito

365 3173 576 3254 gratiae,
597 3183 758 3239 etiam
789 3185 842 3238 in
867 3183 1106 3254 linguam
1132 3183 1354 3240 latinam
1375 3183 1634 3238 translata
1663 3197 1967 3254 usquequa-

367 3291 473 3348 que
501 3276 831 3332 claruerunt.
859 3275 1056 3332 Sedeat
1078 3291 1205 3347 ergo
1233 3290 1357 3331 cum
1388 3276 1503 3330 istis
1537 3275 1780 3347 patribus
1803 3274 1964 3330 etiam

367 3379 586 3426 sanctus
611 3368 925 3440 Gregorius,
955 3379 1158 3426 etcum
1197 3369 1277 3425 eis
1302 3377 1409 3424 tua:
1431 3367 1824 3424 criminationis
1847 3367 1966 3440 ina-

370 3474 494 3516 nem
520 3458 786 3531 patiatur'
817 3458 1070 3516 invidiam
1101 3477 1116 3513 :
1144 3458 1271 3516 dum
1313 3467 1490 3514 tamen
1516 3473 1640 3514 cum
1663 3457 1742 3513 eis
1778 3445 1964 3512 conti‘a

369 3551 625 3609 novitiam
666 3560 870 3622 pestem
916 3559 1148 3606 vestram
1169 3591 1185 3616 ,
1225 3550 1598 3617 medicinalem
1636 3549 1875 3623 proferat
1909 3559 1966 3606 et

365 3643 484 3714 ipse
507 3645 847 3700 sententiam.
875 3644 1010 3700 Audi
1033 3659 1162 3717 ergo
1187 3643 1310 3717 quid
1336 3645 1480 3701 dicat
1506 3663 1521 3700 :
1557 3663 1578 3698 ι
1607 3645 1806 3714 Imago,
1837 3663 1856 3698 ι
1883 3645 1965 3700 in-

366 3735 502 3806 quit,
535 3753 556 3788 c
592 3735 688 3791 Dei
717 3735 892 3791 labem
930 3751 1205 3806 corporea:
1231 3735 1593 3792 inundationis
1626 3735 1960 3807 expurget‘,

365 3836 420 3881 et
449 3823 785 3897 conjunctam
814 3825 917 3882 sibi
936 3841 1152 3882 carnem
1178 3826 1329 3882 verbi
1361 3826 1453 3882 Dei
1474 3826 1720 3885 sublevet
1749 3829 1960 3898 pennis.

365 3918 436 3973 Et
463 3919 706 3989 quamvis
732 3919 924 3974 melius
953 3917 1161 3983 fuisset,
1195 3933 1262 3974 ne
1284 3933 1445 3990 egere
1467 3918 1682 3989 quidem
1709 3917 1963 3989 hujusce-

364 4009 512 4065 modi
541 4011 928 4081 expurgatione
948 4052 965 4076 ,
993 4010 1088 4065 sed
1117 4009 1172 4066 in
1209 4011 1301 4064 illa
1340 4011 1512 4080 prima
1548 4009 1809 4080 dignitate
1835 4027 1962 4082 per-

365 4100 651 4164 mansisse,
679 4099 747 4154 ad
772 4114 932 4170 quam
962 4109 1019 4154 et
1051 4099 1447 4164 rel‘estinamus,
1483 4109 1604 4170 post
1641 4089 1962 4170 praesentem

363 4189 796 4246 emendationem
817 4191 838 4222 ⁸
858 4230 874 4252 ,
903 4201 958 4246 et
984 4189 1176 4246 melius
1206 4189 1389 4245 fuisset
1415 4205 1520 4245 non
1548 4191 1797 4247 excidere
1824 4206 1855 4246 a
1899 4191 1966 4246 Ii-

361 4299 472 4356 guo
499 4284 623 4340 vita:
650 4293 808 4356 gustu
826 4285 1164 4339 amarissimo
1183 4285 1421 4354 peccati;
1448 4293 1624 4341 tamen
1649 4285 1706 4342 in
1725 4285 1964 4342 secundo

365 4375 488 4430 loco
512 4373 733 4445 expedit
767 4373 1040 4430 emendari
1067 4383 1122 4429 et
1154 4374 1350 4446 corrigi
1379 4385 1500 4446 post
1541 4376 1771 4446 lapsum,
1801 4392 1961 4448 quam

366 4464 425 4522 in
455 4465 706 4534 nequitiis
730 4480 1066 4536 permanere.
1100 4484 1120 4518 ι
1153 4465 1397 4536 Itemque
1429 4466 1569 4524 idem
1598 4468 1714 4539 ipse
1745 4485 1760 4524 :
1797 4487 1817 4521 ‹
1847 4467 1966 4526 Sic-

365 4567 426 4612 ut
451 4561 503 4612 in
535 4557 705 4613 Adam
751 4573 961 4621 omnes,
996 4577 1017 4612 ι
1049 4557 1238 4628 inquit,
1271 4576 1290 4610 ι
1319 4559 1516 4614 mortui
1563 4575 1770 4628 sumus,
1801 4560 1872 4616 ita
1909 4569 1966 4617 et

365 4649 421 4703 in
456 4646 674 4704 Christo
697 4662 888 4706 omnes
929 4647 1278 4705 viviﬁcemur.
1307 4649 1439 4706 Cum
1467 4649 1685 4708 Christo
1709 4667 1839 4724 ergo
1865 4667 1966 4708 na-

361 4754 578 4796 scantur
595 4739 638 4805 ⁸,
667 4747 724 4796 et
743 4754 864 4794 cum
895 4737 1110 4796 Christo
1139 4739 1529 4812 cruciﬂgamur,
1558 4745 1963 4814 etconsepelia-

363 4845 488 4886 mur
513 4830 564 4886 ei
590 4831 644 4884 in
672 4838 922 4898 mortem,
958 4839 1021 4886 ut
1045 4845 1169 4886 cum
1194 4831 1311 4910 ipso
1339 4833 1498 4888 etiam
1527 4847 1870 4903 resurgamus
1892 4835 1960 4890 ad

361 4925 552 4978 vitam.
579 4921 813 4978 Necesse
851 4933 934 4978 est
962 4922 1105 4978 enim
1137 4937 1238 4978 nos
1276 4925 1482 4994 perpeti
1516 4925 1702 4980 utilem
1741 4925 1882 4981 hanc
1906 4937 1962 4982 et

362 5015 727 5072 necessariam
755 5015 1176 5072 vicissitudinem
1209 5033 1222 5071 :
1257 5026 1315 5072 ut
1341 5018 1480 5073 sicut
1503 5034 1571 5074 ex
1593 5019 1746 5075 bonis
1767 5020 1834 5076 ad
1859 5023 1960 5076 tri-

363 5109 466 5162 stia
492 5107 728 5162 devoluti
769 5123 974 5171 smnus,
1002 5109 1072 5163 ita
1094 5125 1158 5164 ex
1196 5111 1432 5166 tristibus
1459 5111 1524 5166 ad
1554 5112 1774 5166 meliora
1801 5131 1958 5184 repa-

363 5215 566 5256 remur.
591 5198 690 5254 Ubi
712 5198 853 5254 enim
874 5199 1165 5255 abundavit
1185 5211 1484 5271 peccatum,
1512 5206 1963 5274 superabundavit

362 5290 585 5360 gratia:
641 5299 699 5344 ut
734 5305 870 5360 quos
921 5302 1107 5360 gustus
1155 5293 1278 5362 ligni
1330 5295 1516 5350 vetiti"
1547 5297 1954 5366 condemnavit,

423 5407 445 5438 ί
477 5405 554 5454 Sic
573 5415 747 5453 omnes
771 5403 907 5452 editi.
938 5403 1121 5466 Aliquid
1147 5411 1311 5456 tamen
1334 5407 1415 5459 hic
1435 5406 1616 5460 deesse
1641 5398 1849 5462 videtur.
1899 5417 1957 5462 Μ.

426 5467 448 5498 ²
478 5474 661 5528 Omnes
683 5477 834 5528 prope
860 5473 984 5528 Mss,
1012 5466 1252 5518 υαηίιαιὶδ.

424 5529 446 5561 ⁸
478 5527 676 5590 Quidam
690 5527 802 5587 tusi,
820 5527 1076 5590 partiatur.

423 5595 449 5622 ο
480 5587 650 5664 Ριξεςθξ
669 5595 799 5664 ξιξε..
820 5587 1002 5664 Ῐιαὸεηι
1039 5603 1318 5664 corpoream
1351 5592 1659 5664 mtmdntione
1697 5604 1954 5664 expurget.
1992 5621 2002 5628 —

359 5649 599 5722 Nonnulli,
627 5649 782 5722 (quem
803 5663 1050 5722 corporeo:
1072 5649 1396 5722 ntitndatt'onis
1417 5667 1652 5722 cxpurge.

421 5714 445 5774 β
479 5709 664 5774 Aliquot
686 5719 817 5772 Mss,
839 5709 1239 5765 cintmdationcm.

423 5773 446 5836 ξ
481 5773 669 5836 Aliquot
701 5779 830 5832 Mss,
865 5787 1194 5826 retutacamur.

421 5835 446 5870 ⁷
478 5839 530 5884 ιιι
551 5835 678 5890 διεδ..
701 5837 885 5886 vetitus.

606 5917 880 5986 latitat“
916 5899 1141 5961 XLIV.

1740 333 1939 390 LIBER
1980 330 2256 389 PRIMUS.

3541 339 3648 400 650

2053 428 2251 481 Christi
2273 442 2404 482 crux
2461 427 3103 500 ratialargiorejustilicet
3127 452 3145 487 ι
3177 433 3446 506 (Oratione
3460 437 3513 492 in
3543 436 3656 492 Nu-

2055 518 2207 572 talem
2267 519 2480 583 Christi,
2537 527 2693 591 paulo
2736 533 2846 590 post
2892 523 3136 598 initium).
3203 526 3348 584 Idem
3395 544 3584 584 rursus

2062 627 2080 661 σ
2114 609 2406 678 Venerare,
2443 631 2463 664 ι
2497 612 2687 682 inquit,
2719 632 2739 666 ι
2773 615 3102 672 nativitatem
3123 659 3138 682 ,
3171 633 3266 687 per
3293 635 3451 690 quam
3483 631 3656 676 terre-

2058 717 2140 757 na:
2160 703 2451 759 nativitatis
2469 703 2695 760 vinculis
2715 697 2968 762 liberatus
2993 723 3072 762 es.
3103 709 3316 765 Honora
3341 711 3656 768 Bethlehem

2061 795 2304 864 pusillam
2326 806 2380 850 et
2405 795 2706 864 minimam,
2735 813 2832 868 per
2857 815 3016 868 quam
3045 802 3140 858 tibi
3165 819 3443 874 regressus
3470 805 3536 860 ad
3566 822 3656 876 pa-

2059 887 2295 944 radisum
2327 885 2622 957 patefactus
2649 899 2732 946 est
2764 910 2784 943 i
2819 889 3004 958 (lbid.,
3038 893 3130 949 sub
3169 896 3382 968 ﬁnem).
3415 896 3655 968 Itemque

2062 981 2185 1036 alibi
2215 979 2282 1037 de
2324 980 2600 1052 Baptismo
2626 982 2848 1054 loquens
2889 1003 2903 1039 :
2949 1004 2968 1038 ι
3003 985 3362 1056 Persuadent,
3401 1007 3420 1042 ι
3453 991 3651 1060 inquit.

2068 1091 2087 1124 ι
2119 1073 2212 1128 tibi
2233 1072 2304 1128 de
2329 1073 2431 1130 hoc
2451 1088 2666 1144 quoque
2687 1091 2866 1132 sermo
2885 1076 3081 1136 Christi
3108 1079 3358 1147 dicentis,
3389 1083 3657 1137 nentinem

2040 1182 2222 1236 posse
2245 1168 2467 1224 introire
2494 1169 2546 1224 in
2575 1185 2798 1240 regnum
2819 1171 3102 1238 caelorum,
3133 1175 3233 1230 nisi
3257 1185 3475 1232 renatus
3502 1176 3662 1232 fuerit

2063 1272 2129 1312 ex
2148 1272 2284 1328 aqua
2307 1268 2360 1314 et
2383 1259 2572 1330 Spiritu
2602 1277 2622 1312 ι
2649 1259 2830 1330 (Joan.
2863 1278 2939 1327 III,
2963 1263 3038 1335 εἰ).
3069 1263 3170 1319 Per
3190 1265 3332 1323 hunc
3352 1268 3537 1338 primm
3562 1285 3663 1323 na-

2067 1350 2286 1405 tivitatis
2317 1353 2547 1408 macula:
2574 1356 2887 1424 purgantur,
2920 1373 3014 1425 per
3047 1374 3182 1428 quas
3210 1361 3262 1415 in
3294 1360 3662 1432 iniquitatibus

2065 1441 2424 1512 concipimur,
2457 1451 2511 1498 et
2543 1445 2593 1498 in
2633 1445 2842 1500 delictis
2877 1459 3180 1516 genuerunt
3209 1467 3306 1506 nos
3334 1463 3535 1510 matres
3560 1471 3660 1509 no-

2066 1543 2210 1587 strai.
2247 1551 2266 1584 ι
2300 1533 2562 1604 Numquid
2601 1545 2656 1591 et
2680 1537 2838 1592 istum
2865 1537 3140 1596 Manichmi
3166 1557 3355 1612 sapere
3377 1546 3458 1601 vel
3480 1547 3664 1616 jacere

2065 1640 2270 1682 venena
2309 1625 2548 1682 dicturus
2586 1646 2643 1682 es
2677 1629 2701 1682 ?
2731 1631 2898 1686 Audis
2948 1649 3137 1690 omnes
3179 1651 3287 1690 uno
3329 1639 3524 1705 corde,
3557 1658 3664 1696 nuo

2066 1732 2182 1784 ore,
2211 1732 2314 1771 una
2348 1717 2449 1773 Iide
2471 1719 2697 1790 idipsunt
2723 1721 2920 1782 dicere.
2949 1735 3002 1780 ct
3032 1724 3170 1784 hanc
3196 1743 3320 1786 esse
3343 1731 3662 1788 catholicam

2072 1809 2233 1866 [idem
2264 1827 2370 1866 non
2397 1812 2710 1870 diSsonante
2737 1819 3130 1876 contestatione
3160 1824 3444 1880 ﬁrmatam.

2142 1923 2232 1978 16.
2274 1926 2355 1979 An
2403 1925 2495 1980 tibi
2545 1943 2704 1996 parva
2750 1931 2802 1984 in
2844 1945 2954 1988 uno
2991 1931 3250 2006 Gregorio
3289 1940 3661 2010 episcoporum

2069 2019 2408 2074 orientalium
2429 2019 2642 2076 videtur
2665 2025 2990 2080 auctoritas?
3013 2026 3108 2083 Est
3129 2029 3345 2099 quidem
3374 2041 3516 2088 tanta
3541 2051 3666 2104 prr-

2069 2123 2218 2174 sona,
2251 2119 2306 2164 ut
2331 2126 2505 2181 neque
2525 2112 2614 2168 ille
2642 2113 2742 2172 hoc
2759 2115 2860 2170 nisi
2890 2132 2953 2172 ex
2977 2116 3082 2174 fide
3107 2119 3394 2178 christiana
3416 2128 3667 2184 omnibus

2070 2200 2348 2256 notissima
2381 2201 2618 2269 diceret,
2648 2219 2748 2260 nec
2773 2205 2847 2260 illi
2873 2222 2996 2262 eum
3023 2217 3128 2264 tam
3157 2212 3360 2268 clarum
3405 2214 3670 2273 haberent

2069 2301 2228 2362 atque
2255 2292 2617 2348 venerandum
2642 2337 2660 2361 ,
2711 2297 2812 2352 nisi
2838 2296 2954 2353 lucc
2981 2299 3049 2354 ab
3079 2301 3170 2356 illo
3197 2303 3340 2359 dicta
3367 2321 3436 2362 ex
3483 2312 3670 2380 regula

2070 2383 2365 2438 notissima:
2398 2386 2638 2442 veritatis
2676 2399 3050 2458 agnoscerent.
3092 2393 3197 2449 Sed
3226 2394 3270 2449 si
3302 2398 3380 2452 vis
3423 2399 3670 2456 addimus

2073 2475 2196 2531 huic
2231 2486 2284 2531 et
2329 2486 2570 2532 sanctum
2600 2477 2884 2549 Basilium,
2937 2483 3046 2538 imo
3072 2485 3204 2542 velis
3231 2488 3369 2544 nolis
3393 2491 3672 2551 addendos

2072 2574 2156 2620 est
2176 2606 2192 2627 ,
2223 2567 2452 2624 maxime
2479 2571 2603 2640 quia
2629 2579 2684 2626 et
2725 2582 2778 2626 tu
2804 2573 2873 2629 de
2911 2574 3048 2632 libro
3085 2577 3230 2649 ejus,
3267 2596 3428 2652 quem
3455 2587 3672 2658 scripsit

2071 2659 2330 2752 adversus
2355 2661 2707 2732 Manichmos,
2752 2667 2804 2722 in
2833 2678 3024 2740 quarto
3050 2671 3320 2732 volumine
3349 2675 3506 2752 hujus
3534 2697 3670 2752 Opo-

2076 2749 2152 2804 ris
2183 2750 2256 2805 tui
2283 2751 2484 2822 aliquid
2514 2757 2710 2824 putasti
2742 2773 2864 2815 esse
2898 2763 3230 2833 ponendum,
3263 2749 3427 2840 quod
3450 2771 3516 2827 ad
3543 2749 3673 2829 cau-

2071 2853 2186 2896 sam
2217 2845 2417 2912 peccati
2439 2847 2712 2918 originalis
2733 2864 2830 2919 per
2850 2867 3015 2907 unum
3039 2855 3288 2915 intrantis
3314 2860 3364 2914 in
3386 2864 3667 2926 mundum,

2071 2939 2129 2986 et
2152 2947 2250 3002 per
2276 2949 2465 2992 omnes
2490 2937 2737 2996 homines
2759 2946 3093 3026 transeuntis
3123 2951 3348 3006 omnino
3377 2969 3482 3008 non
3509 2960 3672 3026 perti-

2073 3033 2184 3114 net.
2215 3025 2290 3081 lbi
2317 3028 2516 3099 quippe
2541 3031 2670 3102 agit,
2698 3021 2766 3088 ne
2791 3034 2989 3090 malum
3018 3038 3372 3100 substantiale
3392 3021 3665 3114 credatur,

2073 3113 2278 3171 habens
2299 3133 2449 3173 suam
2478 3123 2766 3190 quamdam
2791 3127 3072 3184 materiam
3093 3171 3109 3195 ,
3145 3133 3282 3189 sicut
3315 3137 3527 3207 sapiunt
3552 3113 3670 3196 Ma;

2073 3207 2284 3263 nichtei.
2312 3210 2450 3266 Dicit
2475 3229 2622 3285 ergo,
2663 3235 2683 3268 v
2714 3233 2818 3272 non
2847 3235 2970 3276 esse
2997 3224 3371 3298 substantiam,
3415 3235 3508 3290 sed
3537 3251 3668 3292 con-

2073 3300 2434 3358 versationem
2460 3305 2476 3336 ¹
2501 3345 2518 3371 ,
2550 3322 2668 3376 quae
2711 3308 2782 3364 de
2825 3311 2936 3366 sola
2979 3315 3254 3375 voluntate
3289 3316 3564 3398 contingat
3587 3370 3601 3394 ,
3643 3351 3662 3380 ο

2072 3407 2178 3447 non
2206 3393 2289 3448 his
2319 3395 2409 3466 qui
2446 3393 2750 3472 contagium
2789 3405 2977 3461 mortis
3003 3410 3234 3481 antiqua:
3271 3415 3439 3484 prima
3469 3393 3666 3473 nativi-

2074 3491 2180 3539 tate
2201 3493 2498 3555 traxerunt,
2525 3491 2619 3546 sed
2652 3511 2671 3544 ί
2703 3492 2768 3548 iis
2787 3497 2874 3566 qui
2897 3499 3266 3570 mgriludinern
3299 3513 3669 3565 conversatio-

2071 3577 2154 3633 nis
2194 3579 2263 3636 de
2302 3582 2570 3639 voluntate
2601 3588 2811 3658 propria
2847 3591 3218 3673 collegerunt,
3269 3616 3288 3652 ι
3325 3599 3375 3653 id
3405 3611 3521 3668 est,
3547 3603 3666 3673 j:t:tl

2071 3671 2361 3744 majoribus
2411 3677 2619 3734 ratione
2667 3683 2938 3740 utentibus
2979 3695 3035 3741 et
3079 3665 3301 3747 arbiirio
3345 3665 3665 3754 voluntatis.

2075 3780 2094 3812 ι
2131 3763 2281 3820 Hanc
2309 3770 2768 3826 conversationem
2799 3789 2864 3828 ex
2892 3777 3150 3834 accidenti
3178 3783 3480 3840 venientem
3511 3787 3670 3844 facit-

2069 3853 2195 3910 lime
2223 3873 2244 3910 ι
2277 3857 2406 3914 dicit
2431 3877 2450 3910 ε
2487 3875 2644 3930 posse
2677 3863 2745 3920 ab
2775 3869 3146 3936 :rgrotantium
3196 3874 3470 3934 voluntate
3509 3895 3665 3950 sepa-

2069 3949 2196 4003 rari.
2239 3967 2257 4002 ι
2294 3950 2432 4006 Dicit
2471 3955 2664 4018 etiam,
2699 3975 2718 4009 ι
2754 3958 2796 4012 si
2825 3961 3094 4018 evenisset
3119 3967 3348 4035 malum,
3374 3971 3442 4025 ita
3477 3984 3532 4027 ιιι
3559 3949 3663 4028 ii...

2069 4041 2271 4097 valeret
2302 4043 2523 4102 ulterius
2545 4062 2574 4101 a
2597 4051 2868 4108 voluntate
2894 4058 3178 4125 removeri,
3211 4060 3261 4114 id
3290 4073 3392 4127 est,
3423 4071 3666 4134 quamvis

2067 4136 2371 4202 accidisset,
2403 4141 2447 4193 si
2479 4141 2546 4194 ita
2575 4143 2856 4200 accidisset
2884 4157 2940 4201 ut
2977 4152 3215 4220 separari
3245 4153 3467 4210 ulterius
3497 4174 3526 4211 a
3569 4177 3632 4210 νυ
3652 4192 3668 4202 .

2069 4226 2273 4284 Inntate
2322 4245 2427 4285 non
2465 4230 2703 4298 valeret;
2739 4237 2932 4293 merito
2955 4239 3056 4295 dici
3090 4254 3288 4312 posset,
3319 4247 3667 4306 substantiae

2067 4319 2282 4389 quidem
2305 4323 2500 4378 malum
2521 4325 2542 4356 ¹
2565 4341 2670 4380 non
2693 4343 2832 4394 esse,
2861 4331 2954 4386 sed
2983 4333 3149 4404 ipsam
3175 4337 3526 4398 substantiam
3548 4346 3668 4398 sino

2067 4413 2266 4468 malitia
2295 4429 2412 4484 qua:
2438 4417 2650 4482 accidit,
2669 4419 2780 4488 jam
2805 4437 2925 4478 esse
2956 4441 3058 4478 non
3083 4442 3256 4496 posse.
3287 4429 3342 4488 Si
3366 4443 3544 4490 autem
3572 4453 3665 4490 ar-

2067 4504 2250 4577 cessit,
2282 4524 2302 4558 ›
2335 4507 2525 4578 inquit,
2557 4528 2576 4560 ‹
2609 4519 2664 4564 et
2693 4511 3011 4584 principium
3043 4521 3368 4578 accessionis
3395 4541 3499 4580 non
3531 4530 3662 4580 sub-

2069 4597 2319 4652 stantiam
2353 4597 2554 4665 habuit,
2582 4601 2675 4657 sed
2699 4602 3064 4674 voluntatem;
3091 4608 3243 4668 facile
3267 4623 3442 4682 potest
3463 4619 3662 4673 malum

2067 4704 2095 4740 a
2139 4691 2432 4746 substantia
2473 4695 2746 4763 separari,
2791 4706 2848 4752 ut
2889 4708 2944 4754 et
2981 4700 3216 4772 subjecta
3247 4705 3502 4762 voluntati
3533 4712 3664 4765 sub-

2066 4782 2260 4836 stantia
2289 4783 2484 4836 munda
2515 4785 2684 4854 possit
2715 4801 2808 4856 per
2830 4792 3006 4844 omnia
3032 4793 3324 4862 possideri,
3357 4798 3426 4852 ita
3457 4808 3517 4854 ut
3541 4804 3656 4856 nul.

2067 4872 2170 4927 lius
2204 4873 2328 4926 mali
2359 4873 2438 4928 vel
2481 4877 2628 4945 signa
2671 4889 3002 4935 remaneant.
3035 4901 3055 4934 ι
3103 4883 3204 4940 Ista
3236 4885 3308 4941 ita
3350 4898 3494 4946 recte
3531 4891 3665 4948 divit

2067 4975 2283 5020 sanctus
2331 4966 2588 5029 Basilius,
2627 4978 2686 5024 ut
2728 4972 2886 5026 etiam
2929 4973 2998 5030 de
3038 4977 3154 5046 ipso
3195 4981 3370 5048 malo,
3401 4985 3541 5054 quod
3573 5005 3665 5057 per

2067 5055 2236 5110 Adam
2260 5056 2474 5112 intravit
2501 5059 2552 5112 in
2579 5061 2856 5128 mundum,
2878 5075 2931 5119 et
2953 5083 3048 5136 per
3067 5084 3253 5125 omnes
3275 5072 3522 5133 homines
3546 5055 3666 5150 per-

2068 5148 2298 5215 transiit,
2330 5149 2464 5204 bene
2498 5153 2666 5220 possit
2695 5153 2952 5228 intelligi;
2993 5161 3112 5229 quia
3143 5171 3198 5218 ct
3239 5165 3406 5234 ipsum
3435 5148 3668 5228 ορορςςει

2069 5248 2270 5295 naturas
2297 5240 2562 5297 humanae.
2593 5243 2706 5299 Non
2737 5249 2878 5303 enim
2907 5251 2984 5306 sic
3015 5265 3130 5308 erat
3150 5254 3172 5286 ³
3201 5259 3444 5326 primitus
3473 5265 3666 5319 condi-

2069 5340 2154 5394 ta;
2181 5339 2236 5386 et
2256 5334 2574 5402 principimn
2603 5340 2924 5396 accessionis
2945 5358 3051 5399 non
3074 5348 3423 5405 substantiam
3453 5353 3663 5424 Itahttit,

2066 5423 2160 5478 sed
2190 5423 2552 5487 voluntatem.
2581 5429 2696 5486 sive
2741 5433 2978 5491 mulieris
3003 5453 3122 5507 qute
3148 5456 3176 5492 a
3209 5454 3462 5512 serpente
3500 5423 3664 5501 scdu§

2129 5579 2152 5653 ξ
2183 5577 2351 5651 tflures
2372 5593 2429 5630 ac
2453 5583 2618 5653 probge
2639 5593 2763 5635 notrr
2791 5589 3025 5653 ttiss.,scd
3046 5595 3418 5647 conversionem.
3451 5605 3502 5648 Et
3521 5600 3640 5652 infra

2063 5639 2340 5721 scilliti
2353 5639 2700 5721 {egritudan
2723 5639 3344 5721 conversionissac'paido'
3355 5639 3502 5721 post:

2063 5713 2414 5754 conversionem
2456 5721 2520 5756 ea:
2551 5712 2792 5762 accidenti
2823 5714 3100 5765 venientem.

2133 5765 2619 5858 :pfitittserij.
2635 5774 2688 5829 ti,
2702 5775 3013 5858 substantiale
3026 5777 3240 5840 quidem,
3251 5788 3446 5844 omisso,
3460 5787 3660 5842 malum.

2189 5827 2324 5888 Editi,
2347 5837 2434 5880 est.
2463 5842 2588 5891 ass,
2603 5827 2739 5884 ἐγω.

2802 5922 3251 6000 (Viam-une.)
