4088 6516
515 359 633 413 ’1351

525 481 607 527 cta
632 481 735 534 est.
764 471 874 524 slve
900 466 997 524 viri
1021 467 1138 538 ejus
1163 468 1248 538 qui
1279 465 1511 520 seducto
1538 465 1602 520 ad
1629 464 1951 534 peccandum
1979 477 2105 516 eon~

525 565 691 620 sensit
721 563 892 616 uxori.
935 560 1041 615 Sed
1083 559 1222 632 quod
1251 559 1359 626 ait,
1408 577 1426 612 ι
1463 557 1614 613 facile
1658 571 1814 628 posse
1853 555 2048 611 malum
2077 569 2104 607 a

524 658 795 710 vnlttulalc
836 655 913 708 vel
960 667 990 706 a
1028 652 1318 708 substantia
1347 650 1616 720 separari,
1654 667 1673 701 ι
1721 665 1824 702 non
1865 648 2108 701 humana:

522 748 678 802 facile
720 757 802 801 est
840 744 1115 810 voluntati,
1149 743 1242 799 sed
1270 741 1649 798 misericordiae
1693 741 1804 796 Dei.
1836 739 1985 806 Quod
2015 736 2108 792 ad-

527 847 715 889 versus
741 833 1060 885 Maniebmos
1091 830 1268 900 utique
1297 829 1509 890 suftieit,
1537 827 1624 898 qui
1655 835 1839 897 putant
1863 839 1984 879 esse
2011 825 2111 878 im-

529 923 780 994 passibile
801 921 991 975 mutari
1013 921 1066 974 in
1093 920 1289 975 bonum
1313 928 1552 974 naturam
1581 916 1726 970 mali.
1757 915 1879 970 ideo
1907 929 2009 969 non
2037 913 2113 968 ait

528 1026 743 1069 sanctus
771 1015 1014 1076 Basilius,
1039 1013 1206 1083 ipsam
1228 1011 1551 1066 voluntatem
1576 1009 1826 1074 hominis,
1853 1009 1963 1061 sive
1984 1007 2111 1063 sub-

526 1108 774 1163 stantiam
803 1107 884 1160 vel
925 1115 1204 1171 naturam,
1233 1104 1429 1157 malum
1457 1119 1484 1155 a
1512 1117 1570 1158 se
1597 1115 1753 1172 posse
1783 1099 1937 1155 facile
1966 1113 2112 1167 sepa-

529 1208 678 1255 rare;
717 1189 810 1244 sed
846 1208 866 1242 ι
893 1190 960 1243 ab
989 1206 1049 1243 ca
1082 1203 1236 1258 posce
1270 1188 1420 1243 facile
1460 1186 1695 1256 separari
1724 1203 1737 1237 :
1773 1203 1794 1237 ι
1841 1185 1918 1240 sic
1952 1183 2110 1239 verba

531 1298 625 1335 sua
645 1281 854 1336 librans
878 1324 891 1346 ,
936 1291 994 1336 ut
1021 1289 1073 1335 et
1115 1280 1470 1346 Maniclneos,
1501 1287 1685 1334 contra
1715 1293 1849 1348 quos
1877 1277 2106 1348 agebat,

529 1373 828 1436 refelleret,
861 1383 914 1426 et
960 1381 1141 1425 contra
1181 1371 1410 1425 divinam
1441 1370 1662 1440 gratiam
1704 1371 1984 1421 humanam
2024 1385 2112 1440 sn-

529 1465 765 1532 perbiam
800 1481 902 1518 non
930 1463 1226 1518 extolleret.
1277 1463 1370 1518 lile
1407 1464 1602 1532 quippe
1628 1461 1998 1529 Omnipotens,
2025 1459 2112 1516 cui

527 1555 820 1610 secundum
843 1555 1188 1625 Evangelium
1216 1553 1368 1608 facile
1387 1565 1488 1620 est,
1519 1553 1660 1623 quod
1690 1553 1992 1608 hominibus
2014 1555 2115 1606 im-

523 1649 780 1716 possibile.
799 1657 887 1704 est
919 1636 1124 1720 (tllatflt.
1145 1664 1230 1702 xix
1260 1689 1276 1714 ,
1303 1647 1421 1716 26),
1451 1647 1646 1701 malum
1682 1645 1822 1715 quod
1847 1645 2000 1699 nobis
2027 1659 2116 1700 ac-

529 1741 678 1806 eidit,
707 1739 789 1794 vel
815 1755 877 1794 ex
910 1739 1064 1810 primi
1088 1737 1336 1800 hominis,
1366 1739 1448 1794 vel
1471 1753 1534 1793 ex
1563 1745 1744 1792 nostra
1775 1738 1990 1806 insuper
2017 1752 2112 1790 vo-

533 1831 751 1892 luntate,
787 1831 854 1884 ita
884 1846 994 1884 sum
1022 1829 1206 1901 gratia:
1246 1829 1488 1899 largitate
1513 1838 1811 1892 consumet,
1845 1847 1865 1881 ι
1897 1838 1955 1884 ιιι
1982 1827 2112 1884 sub-

525 1921 663 1988 jecta
706 1921 996 1974 substantia
1030 1919 1318 1984 voluntati,
1360 1938 1380 1971 ι
1411 1919 1854 1988 quemadmodum
1881 1933 2116 1973 comme-

529 2013 746 2066 morati
783 2013 982 2067 dixi-se
1011 2011 1260 2066 Basilium
1280 2052 1296 2077 ,
1341 2031 1359 2062 ι
1398 2012 1596 2066 munda
1621 2012 1786 2081 possit
1815 2027 1910 2081 per
1937 2011 2113 2065 omnia

533 2103 820 2171 possideri,
853 2105 931 2158 sic
963 2123 982 2156 ι
1015 2119 1266 2169 nummo,
1319 2121 1338 2156 ι
1377 2113 1432 2157 ιιι
1462 2102 1656 2157 nullius
1685 2103 1808 2158 mali
1839 2102 1922 2156 vel
1965 2091 2136 2172 signa.

535 2205 862 2250 remaneant.
896 2215 914 2248 ι
958 2195 1074 2250 Fiet
1115 2195 1248 2250 hoc‘
1269 2236 1284 2260 ,
1328 2205 1384 2248 et
1415 2196 1526 2264 ipsa
1554 2210 1676 2263 Spes
1702 2205 1780 2248 est
1825 2193 2115 2248 indubitata

536 2287 792 2345 fidelium.
823 2287 926 2342 Sed
958 2287 1170 2355 quando
1197 2285 1519 2356 perficiatur,
1555 2285 1607 2339 in
1641 2295 1883 2355 promptu
1918 2295 1999 2338 cst
2023 2299 2116 2340 ca-

533 2380 745 2434 tholica:
783 2377 926 2432 fidei.
957 2377 1107 2432 Tune
1136 2377 1278 2431 enim
1318 2376 1527 2431 dicetur
1556 2375 1858 2430 novissima:
1890 2375 2118 2431 inimica:

534 2487 640 2524 niot
657 2469 714 2534 ti,
754 2468 850 2524 Ubi
871 2479 942 2524 est
961 2469 1208 2524 contentio
1238 2467 1363 2522 tua?
1382 2467 1466 2522 ubi
1486 2476 1558 2522 est
1577 2465 1782 2522 aculeus
1801 2475 1916 2520 tum
1939 2465 1980 2539 (I
1997 2463 2116 2521 Cor.

519 2560 777 2631 'xv,55)?
1499 2566 1503 2571 ’

605 2652 694 2706 Π.
738 2652 864 2705 item
893 2649 1032 2718 quod
1063 2664 1453 2706 Commemoras
1477 2649 1677 2706 dixisse
1708 2649 1983 2717 Basilium,
2022 2667 2039 2701 ι
2062 2650 2119 2704 Si

515 2746 752 2798 reastitas
783 2744 949 2798 virtus
975 2753 1078 2809 est,
1107 2759 1302 2814 corpus
1322 2759 1448 2798 vero
1475 2744 1892 2799 substantialiter
1921 2743 2119 2800 malum

535 2843 696 2899 esset,
745 2836 1068 2907 impossibile
1093 2847 1208 2891 erat
1242 2844 1448 2890 castum
1473 2848 1670 2904 corpus
1700 2835 1955 2898 inveniri;
1995 2835 2119 2905 quia

533 2941 728 2998 corpus
759 2925 1098 2995 turpitudinis
1119 2967 1134 2989 ,
1181 2925 1388 2979 virtutis
1430 2941 1532 2978 non
1562 2924 1714 2978 fieret
1739 2939 1964 2994 corpus;
1996 2940 2119 2980 cum

529 3023 711 3071 autem
737 3015 1127 3080 sanctificatur,
1171 3017 1386 3070 virtutis
1409 3015 1657 3078 efficitur,
1687 3024 1742 3070 et
1778 3015 1846 3069 ita
1879 3029 2122 3069 commu-

539 3109 678 3161 nicat
720 3108 884 3160 virtus
926 3107 1136 3175 corpori
1181 3121 1480 3177 corpusque
1505 3106 1723 3174 virtuti,
1753 3122 1847 3176 per
1869 3123 2028 3178 quam
2065 3114 2122 3162 et

539 3198 795 3269 templum
823 3198 1053 3252 efficitur
1077 3197 1188 3253 Dei.
1225 3197 1376 3253 Unde
1403 3199 1446 3252 si
1475 3213 1634 3254 onme
1660 3213 1855 3269 corpus
1887 3200 2119 3258 fornica-

537 3289 696 3344 tionis
721 3297 902 3350 esset.
948 3289 1274 3358 impossibile
1305 3290 1512 3360 ,utique
1557 3301 1672 3346 erat
1718 3291 2015 3347 castitatem
2067 3292 2120 3347 in

535 3381 850 3450 corporibus
889 3380 1113 3435 inveniri
1149 3395 1162 3433 :
1197 3389 1418 3452 tumque
1446 3381 1660 3435 demum
1693 3393 1894 3437 natura:
1924 3397 2119 3453 corpo-

537 3489 654 3530 rum
686 3487 966 3542 possemus
991 3471 1188 3526 malum
1215 3473 1564 3529 substantiale
1587 3473 1862 3544 deputare.
1907 3475 1962 3530 Si
1993 3490 2122 3530 vero

533 3579 703 3634 usque
729 3579 794 3618 eo
824 3564 1064 3634 corporis
1093 3565 1280 3619 merita
1309 3574 1702 3634 processerunt,
1741 3573 1993 3636 tantoque
2025 3566 2120 3622 ho-

537 3671 666 3711 nore
706 3655 1012 3711 decoratum
1053 3665 1168 3722 est,
1212 3671 1276 3711 ac
1306 3658 1408 3712 tale
1455 3656 1819 3712 indumentum
1857 3659 2122 3727 pudicitia:

535 3750 806 3816 suscepit,
850 3758 906 3802 ut
947 3749 1139 3802 damus
1181 3749 1261 3803 sui
1304 3751 1521 3806 factoris
1548 3765 1669 3806 esse
1699 3761 2027 3818 mereretur,
2058 3767 2122 3807 ac

539 3843 690 3893 fieret
720 3839 980 3893 thalamus
1010 3837 1130 3894 Filii
1165 3840 1274 3903 Dei,
1307 3849 1364 3895 ut
1392 3841 1667 3896 venientes
1693 3841 1850 3896 Pater
1872 3850 1927 3896 et
1959 3841 2120 3896 Filius

533 3930 916 3984 habitationem
937 3945 1220 3999 corporum
1241 3931 1437 4001 eligere
1457 3930 1828 4000 dignarentur;
1853 3931 2121 4002 quomodo

539 4039 643 4075 non
675 4021 1015 4076 exsecrabilis
1039 4031 1092 4076 et
1121 4021 1374 4076 ridendus
1403 4021 1682 4077 Manichaii
1703 4037 1882 4076 sermo
1903 4023 2120 4079 convin-

536 4113 712 4171 citur?
740 4133 757 4165 ι
804 4115 929 4184 quid
976 4115 1142 4184 potuit
1166 4113 1271 4169 diti
1316 4115 1491 4168 verius
1530 4122 1584 4168 et
1611 4114 1884 4170 catholicae
1925 4119 2121 4186 regula:

535 4208 922 4276 congruentius
937 4205 996 4260 ’ἲ
1019 4206 1224 4259 Dictum
1243 4215 1325 4259 est
1343 4206 1484 4260 enim
1503 4205 1760 4262 adversus
1779 4207 2118 4276 Manietta-os,

541 4307 788 4367 putantes
827 4305 988 4367 atque
1013 4295 1344 4352 affirmantes
1366 4296 1408 4362 ⁸,
1453 4296 1520 4352 de
1546 4311 1706 4369 gente
1743 4298 2081 4355 tenebrarum
2102 4343 2119 4370 ,

541 4407 700 4462 quam
730 4389 922 4444 malam
948 4398 1191 4444 naturam
1223 4387 1408 4444 dicunt
1448 4389 1558 4445 Deo
1583 4389 1724 4445 bono
1759 4399 2078 4446 comtcrnam
2103 4434 2116 4456 ,

542 4483 739 4538 habere
790 4481 1049 4552 originem
1077 4495 1302 4550 corpora
1321 4521 1336 4547 ,
1367 4491 1424 4536 et
1451 4495 1570 4536 esse
1596 4481 1756 4536 etiam
1787 4481 1900 4552 ipsa
1930 4483 2120 4538 immu-

543 4575 720 4629 tabilia
751 4572 926 4628 mala:
957 4588 1062 4627 non
1091 4572 1346 4626 adversus
1374 4587 1502 4638 eos,
1547 4573 1637 4644 qui
1669 4582 1910 4629 tenentes
1943 4591 2122 4630 veram

541 4678 595 4720 ct
622 4681 746 4722 vere.
767 4664 1108 4722 ehristianam
1134 4664 1288 4720 fidem
1313 4706 1328 4731 ,
1377 4679 1516 4720 nunc
1543 4665 1754 4736 quidem
1781 4669 2125 4738 eorruptibile

541 4773 662 4813 esse
691 4772 917 4826 corpus,
963 4765 1016 4810 et
1040 4772 1329 4828 aggravare
1357 4758 1586 4813 animam
1615 4760 1938 4816 confitentur
1963 4759 2122 4834 (Sap.

545 4867 622 4914 ix,
653 4849 775 4920 lii);
807 4847 901 4902 sed
932 4865 1030 4903 nee
1062 4849 1166 4904 tale
1192 4849 1437 4921 primitus
1461 4851 1731 4919 conditum
1759 4862 1916 4923 atque
1947 4853 1999 4906 in
2033 4870 2124 4920 pa-

547 4941 722 4995 radiso
748 4939 1125 5008 constitutum,
1157 4956 1254 4996 nec
1275 4941 1377 4997 tale
1403 4957 1616 5012 semper
1640 4945 1897 5008 futurum,
1919 4943 2012 4998 sed
2041 4945 2092 4998 in
2109 4973 2124 4984 -

545 5034 887 5102 corruptione
916 5043 1074 5104 atque
1102 5035 1498 5092 immortalitate
1529 5036 1873 5102 mutandum,
1903 5045 1958 5092 et
1985 5052 2126 5092 nune

536 5123 646 5196 j-uu
693 5140 812 5179 esse
855 5126 1086 5195 incipere
1131 5129 1385 5196 templum
1431 5129 1558 5196 Dei,
1597 5129 1897 5200 conjugali,
1941 5131 2022 5182 vel
2052 5131 2128 5184 vi-

544 5218 680 5270 .tuali
702 5260 716 5282 ,
737 5218 818 5271 vel
839 5219 997 5272 etiam
1022 5221 1256 5291 vitgittnli
1283 5222 1529 5291 pudicitia
1547 5221 1856 5276 decoratum
1877 5238 1890 5274 :
1914 5223 2126 5292 quando

543 5309 643 5362 ο·θὶ
686 5325 812 5362 raro
869 5313 1195 5381 concupiscit
1235 5313 1491 5367 adversus
1531 5312 1810 5380 spiritum,
1841 5313 1919 5366 sic
1949 5321 2124 5369 tamen

546 5401 763 5470 spiritus
789 5404 1116 5472 concupiscit
1143 5405 1398 5460 adversus
1427 5419 1644 5459 carnem
1688 5401 1882 5473 (Colat.
1913 5419 1968 5470 v,
2002 5405 2124 5476 i7),

609 5597 622 5663 ξ
667 5596 846 5660 stupuit
869 5601 1122 5662 manuscri;
1142 5601 1208 5661 ti,
1233 5597 1285 5663 ﬁl
1309 5599 1414 5648 hoc.

570 5719 578 5725 ἱ
608 5660 624 5685 ³
657 5659 763 5708 tres
789 5674 816 5709 e
843 5663 1076 5729 momnis
1098 5659 1450 5729 inmitiscriptis,
1473 5659 1717 5729 catholico!
1737 5660 2129 5729 ﬁteicongruen-

545 5721 652 5769 ἔξω.
691 5723 859 5789 (uteri
900 5729 1026 5773 διεδ..
1069 5721 1318 5789 catholica:
1345 5721 1550 5789 regula
1587 5721 1938 5789 congruentius.
1958 5721 2127 5789 "aliti,

540 5794 678 5838 ι’ίοιιει)
695 5783 878 5834 acutius
903 5792 1089 5831 nmtant
1113 5785 1178 5841 in,
1204 5783 1569 5834 conrenientius.
1675 5783 1694 5789 '
2112 5786 2119 5792 '

611 5843 630 5873 ⁸
667 5851 710 5892 iu
739 5852 865 5906 ωδε..
889 5845 1154 5895 firnumtes.

1303 351 1575 408 CONl'll.\
1614 348 1953 408 JUIJANUM
1993 345 2466 412 PBLAGIANUM,
2503 345 2559 402 S.
2602 341 2970 403 Αιξσυετιιιι

3690 345 3787 404 652

2217 468 2396 513 utnec
2437 459 2601 530 ipsius
2630 460 2872 531 corporis
2897 459 3136 518 membra
3176 457 3422 517 exhibeat
3464 458 3752 535 iniquitatis
3773 465 3792 498 ι

2215 563 2362 604 arma
2393 561 2610 620 peccato
2641 548 2816 623 (fiant.
2848 566 2918 615 vt,
2951 551 3062 624 l5).

2291 639 2378 696 18.
2407 641 2513 697 Sed
2543 643 2662 696 audi
2687 641 2828 712 quod
2849 641 2914 696 ad
2942 657 3053 698 rem
3075 651 3391 715 prtesentem
3417 653 3639 714 spectat,
3667 643 3788 714 quid

2216 729 2284 785 de
2310 740 2528 800 peccato
2556 733 2709 802 primi
2735 731 2962 786 hominis
2987 733 3053 786 ad
3079 747 3178 788 nos
3205 735 3366 788 etiam
3395 734 3695 803 pertinente
3718 735 3793 788 di-

2217 831 2302 876 cat
2329 821 2428 877 iste
2458 833 2672 878 sanctus
2707 823 2824 878 sine
2853 823 2958 878 ulla
2997 825 3343 896 ambiguitate
3375 826 3616 880 Basilius.
3648 825 3794 893 Quod

2217 911 2316 966 etsi
2347 912 2522 981 reperi
2555 914 2960 982 interpretatum
2982 954 2998 980 ,
3049 923 3224 971 tamen
3253 923 3472 985 propter
3503 916 3796 986 diligentio-

2214 1016 2329 1057 rem
2361 1002 2470 1056 veri
2498 1002 2676 1067 fidem,
2711 1004 2931 1058 verbum
2962 1018 2993 1058 e
3022 1004 3187 1059 verbo
3215 1005 3372 1059 malui
3405 1004 3695 1060 transferre
3733 1005 3794 1060 de

2213 1107 2409 1163 graeco.
2441 1092 2496 1147 ln
2526 1108 2774 1148 sermone
2800 1093 2864 1148 de
2892 1093 3140 1164 .lcjunio:
3175 1114 3194 1147 ι
3221 1095 3520 1165 Jejunium,
3549 1116 3566 1148 ι
3603 1098 3794 1166 inquit,

2221 1200 2241 1235 ι
2272 1183 2326 1238 in
2369 1184 2614 1252 paradiso
2654 1183 2772 1253 lege
2818 1186 3168 1240 constitutum
3213 1195 3316 1241 est.
3370 1187 3604 1242 Primmn
3658 1189 3795 1241 enim
3836 1238 3849 1250 ,

2217 1273 2521 1328 mandatum
2571 1276 2774 1343 accepit
2804 1275 2970 1329 Adam
2999 1292 3012 1330 :
3061 1277 3106 1330 Α
3139 1277 3278 1347 ligno
3306 1277 3501 1331 sciendi
3530 1277 3710 1330 bonum
3755 1288 3797 1330 et

2215 1367 2406 1419 malum
2437 1383 2536 1419 non
2565 1367 2933 1423 manducabitis
2965 1367 3116 1442 (Gen.
3145 1385 3203 1434 ιι,
3235 1371 3342 1440 17).
3380 1367 3498 1424 Non
3531 1370 3800 1424 manduca-

2216 1457 2331 1511 bitis
2357 1469 2533 1512 autem
2572 1460 2615 1525 ⁸,
2638 1459 2898 1530 jejunium
2922 1471 3024 1527 est,
3052 1469 3108 1514 et
3136 1460 3268 1531 legis
3311 1462 3701 1516 constitutionis
3725 1462 3800 1516 in-

2217 1551 2386 1603 itium.
2416 1550 2469 1604 Si
2485 1549 2779 1619 jejunasset
2804 1567 2834 1606 a
2861 1552 3005 1622 ligno
3030 1552 3158 1616 Era,
3185 1567 3293 1606 non
3325 1552 3431 1607 isto
3453 1554 3800 1623 iudigeremus

2213 1639 2440 1711 jejunio.
2471 1641 2586 1696 Non
2611 1643 2752 1698 enim
2783 1658 2918 1714 opus
2948 1642 3142 1698 habent
3170 1641 3407 1697 valentes
3433 1643 3670 1706 medico,
3710 1643 3800 1699 sed

2218 1731 2358 1786 male
2405 1731 2662 1788 habentes
2710 1731 2927 1804 (Matth.
2973 1748 3052 1798 ιι,
3101 1733 3215 1804 1‘2).
3263 1732 3660 1802 Egrotavimus
3713 1749 3802 1804 per

2219 1831 2516 1893 peccatum,
2539 1839 2791 1878 sanemur
2812 1839 2906 1893 per
2925 1824 3310 1892 pmnitentiam.
3326 1825 3640 1879 Ptnnitentia
3664 1841 3793 1880 vero

2218 1915 2334 1970 sine
2355 1915 2558 1986 jejunio
2585 1931 2749 1970 vacua
2778 1923 2881 1970 est.
2905 1915 3180 1968 Maledicta
3209 1924 3342 1968 terra
3361 1915 3535 1984 spinas
3561 1925 3608 1970 et
3638 1917 3797 1969 m’bn-

2219 2007 2294 2061 los
2319 2008 2478 2079 pariet
2512 2005 2661 2078 (Gen.
2690 2023 2766 2078 tu,
2801 2008 2883 2070 l7,
2915 2009 3027 2077 18).
3059 2007 3377 2062 Contristari
3404 2007 3678 2062 ordinatus
3711 2023 3796 2070 es,

2218 2099 2474 2170 numquid
2498 2099 2774 2154 deliciari?
2795 2119 2812 2150 ι
2845 2099 2909 2154 Et
2932 2099 3088 2168 paulo
3111 2108 3228 2168 post
3250 2099 3301 2153 in
3324 2097 3512 2154 eodem
3536 2084 3802 2166 sermone,

2223 2190 2360 2245 idem
2391 2191 2542 2262 ipse:
2575 2209 2596 2243 ι
2620 2192 2753 2257 Quia
2779 2207 2882 2245 non
2909 2191 3304 2260 jejunavimus,
3332 2208 3352 2243 ι
3384 2189 3588 2261 inquit,
3622 2209 3643 2244 ι
3667 2191 3804 2246 deci-

2219 2280 2397 2337 dimus
2437 2282 2505 2337 de
2533 2281 2798 2352 paradiso.
2821 2281 3132 2351 Jejunemus
3155 2296 3317 2352 ergo,
3342 2291 3400 2335 ut
3425 2281 3493 2336 ad
3520 2297 3644 2336 eum
3675 2282 3804 2338 red-

2221 2387 2404 2429 eamus
2430 2391 2449 2426 ι
2497 2373 2691 2445 (Serm.
2726 2373 2803 2444 Ι).
2849 2373 2972 2428 ιιςυο
3000 2383 3158 2442 atque
3186 2372 3484 2444 lmjusmodi
3510 2373 3612 2427 alia
3643 2373 3805 2428 sancti

2223 2464 2401 2520 Basilii
2448 2465 2492 2520 si
2541 2465 2791 2536 legisses,
2835 2465 2919 2520 vel
2957 2465 3002 2519 si
3033 2465 3164 2520 lecta
3207 2464 3433 2520 fideliter
3467 2465 3806 2520 considerare

2223 2554 2482 2610 voluisstfs
2499 2597 2516 2622 ,
2540 2571 2808 2626 nunquam
2837 2554 3075 2626 profecto
3100 2555 3168 2610 de
3190 2556 3380 2610 litteris
3401 2556 3518 2624 ejus
3543 2555 3606 2611 ad
3635 2555 3807 2612 offuni-

2223 2646 2427 2704 dandas
2443 2647 2665 2702 nebulas
2683 2648 3065 2719 ignorantibus,
3087 2663 3148 2702 ea
3175 2662 3294 2718 qute
3320 2647 3451 2702 nihil
3475 2647 3540 2702 ad
3561 2648 3808 2717 qumstio-

2225 2756 2346 2794 nem
2393 2755 2512 2811 quae
2559 2739 2700 2795 inter
2745 2754 2844 2794 nos
2887 2741 3114 2794 vertitur
3157 2740 3452 2810 pertinent,
3495 2741 3546 2794 in
3585 2740 3672 2796 his
3709 2743 3808 2796 tuis

2225 2833 2376 2890 libris
2393 2835 2572 2890 nescio
2587 2850 2690 2906 qua
2707 2843 2885 2890 mente
2905 2834 3196 2904 posuisses.
3220 2834 3386 2890 Audis
3413 2835 3554 2905 quod
3583 2835 3689 2891 isto
3707 2851 3806 2890 non

2224 2927 2584 2998 indigeremus
2607 2925 2832 2998 jejunio,
2856 2928 2898 2981 si
2914 2926 3072 2980 homo
3091 2925 3277 2997 jejunii
3297 2927 3466 2996 legem
3493 2943 3596 2982 non
3623 2929 3809 2984 fuisset

2224 3015 2278 3072 in
2310 3018 2537 3088 paradisi
2568 3017 2818 3073 felicitate
2857 3029 3257 3089 transgressus;
3303 3027 3357 3072 et
3395 3033 3559 3089 negas
3587 3029 3808 3088 peccato

2225 3108 2434 3163 illorum
2480 3109 2752 3164 hominum
2779 3110 3041 3165 obnoxios
3064 3120 3290 3165 caeteros
3315 3112 3480 3165 nasci.
3524 3111 3696 3167 Audis
3717 3113 3810 3168 ad-

2219 3199 2484 3271 junctum,
2516 3219 2533 3252 ι
2553 3200 2667 3256 Non
2689 3202 2830 3257 enim
2853 3203 2968 3256 sani
2997 3202 3236 3274 indigent
3261 3203 3502 3267 medico:
3533 3223 3550 3258 ι
3575 3215 3629 3261 et
3653 3221 3810 3277 negas

2226 3307 2326 3347 nos
2353 3293 2632 3348 sanitatem
2655 3336 2669 3358 ,
2701 3295 2752 3348 in
2783 3309 2884 3365 qua
2916 3295 3082 3350 creati
3111 3309 3324 3360 sumus,
3357 3308 3576 3367 peccato
3601 3299 3807 3354 illorum

2223 3381 2500 3449 hominum
2530 3383 2859 3453 perdidisse?
2890 3385 3056 3440 Audis
3079 3388 3431 3451 sententiam,
3463 3404 3580 3458 quae
3611 3392 3807 3460 prolata

2225 3476 2386 3530 estin
2419 3477 2648 3544 primum
2689 3477 2956 3532 hominem
2999 3487 3363 3547 peccatorcm,
3407 3479 3596 3552 Spinas
3639 3491 3685 3535 et
3722 3483 3808 3536 tri-

2225 3567 2366 3620 bulos
2385 3575 2517 3621 terra
2536 3568 2697 3638 pariet
2717 3567 2832 3634 tibi,
2861 3567 2925 3622 ad
2948 3583 3045 3624 nos
3065 3569 3224 3623 etiam
3253 3571 3548 3638 pertinuere;
3571 3581 3628 3626 et
3653 3587 3809 3642 negas

2224 3657 2486 3711 obnoxios
2528 3673 2649 3714 esse
2691 3667 2942 3728 peccato,
2973 3674 3107 3728 quos
3147 3659 3318 3714 eidem
3349 3662 3523 3714 cernis
3555 3661 3810 3717 obnoxius

2224 3762 2344 3802 esse
2372 3747 2690 3802 sententias?
2720 3747 2885 3802 Audis
2910 3749 2974 3802 ad
3006 3749 3313 3816 paradisum
3339 3767 3460 3816 nos,
3497 3753 3636 3806 unde
3665 3754 3808 3808 deei-

2224 3838 2423 3902 dimus,
2457 3840 2634 3894 redire
2661 3839 2896 3903 debere;
2926 3852 2981 3895 et
3011 3856 3176 3909 negas
3203 3841 3268 3896 ad
3299 3859 3392 3895 nos
3419 3859 3604 3898 eorum
3628 3860 3810 3914 pecea-

2225 3938 2370 3997 tum,
2401 3931 2490 4001 qui
2521 3931 2623 3987 soli
2666 3940 2791 3986 tunc
2821 3932 3065 3988 homines
3095 3933 3146 3988 in
3182 3935 3426 4004 paradiso
3477 3936 3717 4005 fuerant,
3757 3939 3807 3992 in

2225 4020 2416 4092 quibus
2444 4030 2498 4076 et
2527 4036 2624 4076 nos
2655 4022 2878 4089 fuimus,
2911 4025 3227 4094 pertinere?

2298 4111 2387 4166 19.
2415 4111 2552 4181 Quid
2597 4113 2720 4168 hinc
2766 4113 2955 4182 plura?
3009 4115 3137 4172 Vide
3179 4117 3287 4188 jam
3336 4128 3510 4174 utrum
3549 4120 3810 4176 sufficiant

2229 4205 2318 4258 tibi
2350 4221 2413 4258 ex
2438 4204 2670 4260 Orientis
2697 4207 2936 4276 partibus
2963 4207 3072 4262 duo
3094 4211 3181 4265 isti
3212 4219 3316 4265 tam
3346 4213 3580 4282 insignes
3607 4215 3728 4280 viri,
3757 4223 3809 4268 et

2228 4304 2333 4351 tam
2381 4297 2524 4352 clara
2569 4298 2775 4368 prmditi
2820 4304 3134 4368 sanctitate,
3165 4311 3238 4366 et,
3264 4304 3399 4358 sicut
3421 4305 3610 4370 fertur,
3653 4308 3806 4362 etiam

2226 4402 2386 4444 carne
2414 4390 2651 4459 germani
2685 4391 2783 4462 (α).
2828 4391 2932 4446 Sed
2962 4393 3048 4447 die
3079 4410 3184 4448 non
3225 4395 3495 4452 sufficere.
3547 4398 3808 4454 Habemus

2227 4479 2361 4534 alios
2389 4479 2678 4536 orientales
2721 4483 3002 4554 episcopos
3031 4487 3464 4554 quatuordeeim,
3499 4489 3806 4560 Eulogium,

2227 4570 2522 4637 Joannem,
2552 4572 2962 4626 Ammonianum
2987 4574 3033 4639 ⁸,
3054 4575 3464 4648 Porphyrium.
3498 4579 3806 4646 Eutonium,

2231 4661 2612 4732 Porphyrium,
2636 4662 2822 4718 Fidum
2839 4705 2852 4727 ,
2878 4664 3186 4731 Zoninum",
3218 4666 3563 4723 Zobocunnm
3586 4671 3629 4732 ',
3654 4670 3810 4743 Nym-

2230 4752 2471 4820 phidium
2490 4751 2533 4818 ‘,
2582 4752 3015 4823 Chromatium",
3073 4755 3358 4822 Joviuutn,
3413 4761 3808 4824 Eleutherium,

2229 4843 2576 4909 Clematiunt,
2619 4860 2756 4914 quos
2794 4861 2900 4900 uno
2941 4847 3062 4902 loco
3090 4849 3244 4904 simul
3287 4850 3530 4906 inventos
3573 4853 3622 4907 in
3655 4854 3808 4908 istum

2231 4948 2541 4988 consessum
2573 4935 2912 4993 introducere
2938 4938 3240 5006 valeamus;
3273 4941 3394 4995 illos
3425 4943 3566 5011 ipsos
3594 4946 3680 5014 qui
3713 4945 3801 4999 Pe-

2235 5027 2372 5093 lagio
2387 5025 2590 5096 judices
2617 5029 3002 5098 praesederunt,
3031 5047 3261 5104 eumque
3289 5043 3346 5089 ut
3376 5033 3638 5103 homines,
3667 5041 3808 5092 nullo

2297 5119 2316 5183 ξ
2352 5124 2500 5183 vetns
2520 5117 2716 5183 Floriae.
2740 5126 2844 5179 bis,
2861 5117 3110 5183 iniquitas.

2301 5181 2320 5210 ³
2356 5179 2492 5236 εόὶιί,
2511 5188 2553 5229 et
2578 5180 2758 5230 nudum
2783 5195 2877 5232 non
2915 5179 3250 5237 manducauit.
3275 5195 3376 5238 tt'on
3398 5188 3710 5240 manducabis
3726 5204 3810 5239 au-

2233 5244 2342 5290 tem.
2381 5248 2434 5290 At
2456 5248 2582 5301 Mss,
2606 5242 2974 5294 nwttdttcabitis.

2297 5303 2318 5375 ξ
2351 5309 2504 5375 tntae
2529 5305 2674 5375 \_'atic.
2700 5312 2827 5375 Mss,
2854 5305 3165 5357 Armnonittm.

2299 5363 2318 5393 ⁸
2355 5365 2673 5428 tditio_lo\'.,
2711 5363 2967 5417 Zarimum.
2994 5378 3093 5418 Am.
3119 5377 3171 5418 et
3189 5375 3260 5419 Er.
3283 5405 3298 5428 ,
3327 5371 3572 5423 Zozimun.
3610 5370 3808 5423 Vaticani

2234 5431 2380 5518 Mssa)
2414 5425 2626 5476 Ionium.
2680 5427 2901 5478 Gallicani
2943 5444 3148 5492 omnes,
3195 5425 3442 5484 Zonimtm.
3492 5436 3602 5485 vide
3661 5437 3805 5488 imre.

2237 5501 2266 5535 ιι
2277 5524 2284 5532 .
2319 5501 2396 5534 0'2.

2297 5550 2318 5622 ξ
2353 5549 2500 5622 finiti:
2535 5548 2816 5622 7ofjornt'm.
2851 5559 2982 5622 Mss...
3026 5554 3363 5622 micantium;
3402 5561 3623 5622 exceptis
3660 5559 3808 5608 tribus

2236 5623 2267 5658 c
2292 5613 2526 5675 \aticanis
2548 5614 2627 5675 qui
2656 5614 2851 5673 habent,
2881 5615 3196 5666 Zobomziwu.

2301 5673 2321 5741 ξ
2359 5681 2458 5722 Duo
2482 5686 2511 5723 e
2534 5673 2678 5723 \atic.
2700 5682 2826 5741 uss,
2847 5676 3236 5741 .vymphitttfitttn.

2301 5735 2317 5763 "
2357 5744 2456 5782 Am.
2484 5743 2532 5783 et
2557 5741 2650 5790 Fr,
2679 5735 3012 5788 Ιίὺγοιῖιλίῦιιὴι.

2303 5796 2376 5866 (r2)
2403 5796 2552 5843 Basilii
2579 5809 3009 5872 gerinauustrater
3031 5802 3288 5865 Gregorius
3310 5810 3565 5872 Nysseaus,
3599 5819 3689 5855 non
3721 5807 3800 5855 ille

2243 5865 2554 5908 a'aziaazmus
2575 5865 2653 5924 qui
2675 5878 2815 5931 supra
2840 5865 3057 5916 laniatur
3081 5877 3138 5916 a1:
3165 5865 3441 5926 augustino.
