4088 6514
282 413 386 467 653

277 543 339 583 ex
355 520 515 581 altera
535 536 685 600 parte
700 535 919 598 urgente
935 525 1237 581 adversario
1252 535 1498 596 putantes
1510 525 1855 588 catholicum,

278 629 521 688 tanquam
538 619 854 674 catholicum
874 623 1299 688 pronuntiarunt.
1314 616 1424 672 Nisi
1447 620 1586 672 enim
1606 618 1656 672 in
1675 634 1859 673 eorum

279 718 564 779 conspectu
576 709 862 780 audituque
877 710 893 741 ³
912 708 1217 764 damnasset
1234 723 1327 763 eos
1353 709 1441 780 qui
1466 709 1667 777 dicunt,
1688 709 1859 780 «quod

281 810 552 871 peccatum
573 800 701 855 Adae
723 802 892 871 ipsum
910 801 1081 855 solum
1113 800 1339 863 laeserit,
1374 812 1424 856 et
1455 817 1560 857 non
1583 803 1860 871 geuusbu-

273 909 520 961 manum;
550 902 605 947 et
630 892 772 963 quod
801 893 1027 947 infantes
1059 908 1229 962 nuper
1254 893 1367 947 nati
1394 893 1445 946 in
1470 909 1536 948 eo
1560 902 1701 948 statu
1728 894 1856 959 sint,

272 985 321 1038 in
343 998 448 1053 quo
474 984 642 1037 Adam
690 983 786 1038 fuit
831 993 954 1038 ante
985 993 1289 1052 peccatum;
1311 993 1362 1038 et
1386 984 1614 1040 infantes
1649 986 1857 1041 etiamsi

274 1092 375 1130 non
422 1075 794 1145 baptizentur,
846 1074 1046 1130 habere
1096 1076 1258 1130 vitam
1310 1085 1604 1140 :eternam;
1636 1096 1656 1130 ›
1709 1077 1858 1131 ιιυΙΙο

273 1167 428 1222 modo
449 1169 571 1222 inde
599 1168 696 1222 nisi
724 1168 1007 1223 damnatus
1031 1170 1229 1223 exisset
1257 1168 1353 1241 (a).
1377 1170 1511 1238 Quid
1538 1170 1681 1224 enim
1705 1170 1855 1225 vobis

273 1261 511 1331 prodest,
560 1260 702 1331 quod
731 1262 913 1331 nescio
955 1276 1087 1330 quas
1111 1277 1271 1316 ansas
1296 1271 1456 1333 atque
1495 1277 1697 1326 uncos,
1741 1272 1857 1317 arte

271 1353 446 1406 nescio
471 1353 622 1421 cujus
652 1353 1018 1423 perplexitatis
1045 1353 1314 1420 inseritis,
1348 1370 1414 1408 ne
1456 1353 1715 1423 simplicia
1756 1369 1854 1424 pa-

270 1453 412 1496 teant
432 1484 449 1510 ,
480 1454 534 1498 et
562 1444 703 1498 clara
736 1444 985 1498 luceant?
1012 1444 1143 1512 Quis
1171 1446 1311 1499 enim
1344 1460 1448 1500 non
1479 1446 1686 1513 videat,
1716 1460 1853 1515 quo-

268 1536 427 1589 modo
476 1536 572 1589 ista
623 1536 698 1591 illi
740 1536 949 1604 judices
996 1538 1245 1607 accipere
1286 1548 1609 1608 potuerunt,
1652 1538 1856 1593 scilicet

262 1627 560 1682 secundum
599 1628 913 1684 catholicam
956 1627 1147 1691 fidem,
1198 1646 1318 1699 qua:
1361 1629 1554 1700 ubique
1604 1629 1853 1701 parvulos

261 1721 620 1774 exoreizando
640 1730 693 1775 et
716 1720 1047 1775 exsufflando
1073 1721 1138 1776 de
1160 1730 1423 1792 potestate
1449 1723 1587 1777 eruit
1610 1723 1855 1778 tenebra-

261 1828 420 1876 rum;
452 1828 556 1866 non
588 1814 721 1867 sicut
749 1823 1110 1881 exponuntur,
1140 1813 1227 1867 vel
1258 1814 1432 1883 potius
1462 1821 1854 1881 componuntur

259 1920 287 1959 a
319 1906 512 1960 vobis?
539 1906 605 1961 Et
636 1914 809 1960 tamen
837 1906 1015 1960 dicere
1043 1906 1320 1974 potuistis,
1371 1924 1390 1958 ι
1418 1906 1545 1960 Adm
1576 1915 1850 1975 peccatum

259 2014 368 2052 non
415 1998 793 2069 propagatione
814 2040 830 2065 ,
877 1998 973 2053 sed
1006 1999 1300 2053 imitatione
1327 1999 1525 2054 Ia-sisse
1549 2014 1715 2069 genus
1748 1998 1852 2053 hu-

258 2105 478 2145 manum
504 2110 520 2152 ;
550 2100 603 2146 et
626 2090 853 2146 infantes
882 2106 1050 2159 nuper
1076 2098 1229 2145 natos
1246 2106 1349 2144 non
1373 2090 1425 2144 in
1456 2106 1522 2144 eo
1549 2099 1688 2145 statu
1709 2106 1849 2157 esse,

256 2182 309 2237 in
338 2200 451 2253 quo
482 2182 579 2237 fuit
603 2183 773 2237 Adam
815 2191 943 2239 ante
971 2194 1277 2253 peccatum,
1305 2182 1446 2253 quod
1486 2182 1573 2238 ille
1601 2186 1852 2254 prmcepti

254 2289 428 2343 capax
459 2271 637 2337 fuerit,
668 2272 752 2329 isti
782 2272 959 2327 adhuc
986 2289 1090 2327 non
1119 2274 1244 2326 sint.
1277 2291 1296 2324 ι
1353 2272 1446 2327 llis
1487 2274 1694 2328 nebulis
1724 2274 1851 2329 illud

249 2362 515 2433 judicium
559 2378 618 2420 se
661 2371 812 2434 putat
842 2363 1074 2418 illusisse
1102 2362 1369 2432 Pelagius,
1411 2378 1613 2433 vosque
1653 2363 1721 2418 ad
1751 2363 1851 2420 hoc

253 2459 411 2513 nefas
455 2468 566 2513 toto
608 2458 782 2528 capite
825 2457 1128 2537 annitis',
1176 2466 1230 2510 et
1259 2463 1337 2510 tot
1362 2455 1430 2511 ab
1457 2456 1549 2512 illo
1571 2456 1852 2527 episcopos

251 2550 447 2606 irrisos
471 2565 589 2606 esse
614 2551 820 2606 ridetis.
848 2550 956 2606 Sed
988 2549 1242 2620 numquid
1261 2590 1276 2611 ,
1334 2569 1353 2603 ι
1385 2551 1614 2607 infantes
1642 2554 1852 2609 etiamsi

247 2658 355 2698 non
383 2644 745 2714 baptizentur,
775 2643 974 2700 habere
998 2645 1163 2698 vitam
1193 2653 1478 2710 aeternam,
1512 2666 1531 2699 ι
1567 2648 1671 2703 ulla
1701 2648 1853 2703 calli-

246 2735 425 2790 ditate
473 2737 530 2791 in
568 2734 712 2791 aliud
758 2735 1100 2807 detorquere,
1147 2738 1231 2792 vel
1261 2737 1383 2792 ullis
1425 2738 1566 2793 loliis
1608 2739 1851 2796 ficulneis

250 2828 477 2899 operire
515 2828 809 2899 potuistis?
833 2830 940 2884 Eos
968 2829 1112 2884 enim
1139 2830 1231 2900 qui
1260 2830 1363 2885 hoc
1391 2831 1595 2899 dicunt,
1623 2849 1730 2888 non
1760 2848 1853 2903 po-

248 2920 353 2975 tuit
400 2918 547 2989 apud
587 2918 886 2976 catholicos
914 2919 1128 2990 jndiees
1153 2919 1257 2975 nisi
1282 2920 1537 2977 damnare
1566 2922 1847 2995 Pelagius:

243 3022 302 3069 et
324 3012 480 3085 quod
509 3012 792 3078 sentiebat,
818 3012 1089 3068 damnavit
1134 3028 1315 3069 coram
1365 3013 1705 3085 hominibus,
1757 3016 1853 3071 da-

244 3105 430 3160 mnari
450 3105 772 3161 metuensab
788 3105 1110 3162 hominibus.
1136 3106 1271 3161 Nam
1283 3107 1327 3160 si
1357 3106 1458 3163 hoc
1485 3124 1590 3164 non
1615 3111 1847 3177 sentitis,

245 3199 407 3254 nobis
439 3199 620 3270 utique
644 3200 981 3254 eonsentitis.
1013 3198 1121 3255 Sed
1150 3200 1273 3270 quia
1303 3199 1458 3255 nobis
1483 3217 1589 3256 non
1615 3217 1849 3259 consen-

248 3290 409 3358 titis,
466 3290 596 3346 illud
650 3292 768 3348 sine
821 3291 1154 3347 dubitatione
1201 3291 1429 3348 sentitis.
1483 3295 1562 3348 Ac
1603 3310 1699 3363 per
1749 3295 1851 3352 boc

243 3382 545 3438 orientales
589 3396 685 3437 vos
722 3382 931 3452 judiees
956 3381 1216 3438 damnant
1240 3382 1282 3448 ³,
1317 3399 1348 3439 a
1384 3384 1576 3454 quibus
1599 3384 1852 3456 Pelagius

244 3473 501 3528 damnari
530 3473 745 3539 timens,
779 3487 873 3527 eos
899 3472 991 3543 qui
1015 3473 1257 3528 sentiunt
1282 3473 1380 3528 ista
1406 3473 1698 3541 damnavit,
1724 3491 1849 3532 cum

240 3565 327 3621 eis
354 3579 499 3635 quos
526 3563 799 3620 damnavit
824 3563 1065 3634 profecto
1087 3563 1444 3632 damnandus,
1473 3567 1595 3636 quia
1627 3568 1679 3622 id
1703 3568 1848 3638 quod

240 3655 473 3725 negavit
513 3670 635 3721 ore,
692 3655 856 3710 corde
895 3655 1144 3711 servavit.
1189 3655 1323 3711 Nam
1351 3657 1493 3728 quod
1526 3658 1705 3714 verbis
1734 3659 1849 3729 ejus

247 3747 672 3813 anathematur,
721 3746 772 3800 in
819 3745 1011 3801 litteris
1059 3746 1176 3816 ejus
1224 3747 1508 3804 invenitur.
1551 3749 1656 3806 Sed
1708 3767 1849 3807 nunc

240 3854 369 3894 cum
405 3838 497 3891 illo
526 3852 630 3891 non
660 3853 758 3908 ago
784 3856 798 3892 :
826 3847 882 3892 tu
906 3838 1033 3909 quid
1062 3838 1228 3910 dicis,
1254 3855 1373 3895 cum
1400 3857 1506 3912 quo
1533 3844 1662 3899 mihi
1706 3861 1848 3902 nunc

240 3944 335 3984 res
361 3938 449 3983 est
470 3927 494 3981 Ἰ
533 3928 673 3983 Ecce
698 3928 892 3983 adsunt
920 3938 997 3983 tot
1015 3928 1224 4000 judices
1249 3932 1573 3989 orientales:
1600 3935 1846 4006 leguntur

244 4029 404 4090 gesta
438 4018 825 4084 ecclesiastica,
855 4036 973 4090 quae
1000 4021 1143 4091 apud
1170 4037 1263 4077 eos
1290 4031 1416 4078 sunt
1452 4025 1652 4079 habita.
1684 4026 1843 4098 Legi-

252 4122 345 4165 tur
376 4110 648 4179 objcrtnm
676 4126 795 4166 esse
816 4112 1052 4183 Pelagio,
1075 4113 1245 4184 «quod
1266 4114 1407 4171 dicat
1436 4115 1662 4172 infantes
1683 4120 1841 4174 etiam

240 4217 354 4255 non
418 4203 720 4270 baptizatos
774 4202 973 4258 habere
1027 4204 1190 4259 vitam
1240 4215 1516 4261 aeternam.
1549 4226 1568 4260 ι
1623 4206 1844 4279 Legitur

238 4297 499 4367 Pelagius
525 4312 619 4351 eos
644 4297 956 4363 damnasse,
986 4299 1077 4369 qui
1104 4300 1206 4354 hoc
1228 4299 1413 4355 dicunt
1451 4319 1465 4356 :
1502 4318 1673 4371 ncqtte
1700 4304 1841 4359 enim

238 4388 365 4442 illos
387 4387 605 4456 judiees
637 4388 793 4443 aliter
823 4394 1082 4458 potuisset
1107 4390 1353 4446 evadere.
1395 4391 1544 4447 Nunc
1576 4395 1687 4463 ipse
1713 4395 1840 4465 quid

237 4482 423 4536 dicis?
450 4481 735 4536 Habebunt
765 4484 930 4538 vitam
956 4492 1209 4539 mternam
1237 4487 1467 4554 parvuli,
1501 4489 1705 4542 etiamsi
1734 4506 1838 4543 non

237 4572 503 4642 baptizati
531 4586 593 4624 ex
625 4571 724 4627 bac
745 4572 848 4626 vita
870 4574 1278 4643 emigraverint,
1305 4592 1371 4629 an
1400 4593 1503 4631 non
1533 4578 1841 4633 habebunt?

234 4662 290 4717 Si
315 4663 551 4727 dixeris,
578 4661 891 4717 Habebunt:
922 4663 1117 4735 Pelagii
1138 4668 1210 4720 tui
1234 4677 1284 4722 te
1310 4669 1468 4721 verba
1489 4668 1835 4737 damnabunt,

232 4765 291 4808 et
325 4756 403 4809 illi
437 4768 627 4807 omnes
652 4771 682 4806 a
712 4754 905 4822 quibus
932 4756 1103 4810 timuit
1131 4757 1244 4826 ipse
1271 4758 1532 4814 damnari.
1576 4760 1631 4815 Si
1659 4771 1836 4817 autem

233 4845 479 4909 dixeris,
532 4844 648 4899 Non
681 4843 950 4900 habebunt
990 4863 1003 4899 :
1049 4864 1229 4917 qnzero
1254 4865 1354 4919 qua
1381 4866 1537 4905 cauea
1583 4854 1838 4910 innocens

232 4940 423 5009 imago
454 4938 552 4995 Dei
582 4940 703 4994 vit-e
725 4937 746 4970 ⁸
782 4940 1078 5010 privatione
1105 4944 1371 5010 punietur,
1403 4946 1446 4997 si
1480 4946 1678 5001 nullum
1709 4963 1835 5017 pec-

232 5043 422 5087 catum
453 5047 522 5087 ex
551 5029 781 5087 humana
815 5034 1193 5105 prOpagatinne
1230 5036 1579 5092 contrahitur.
1625 5040 1679 5092 Si
1713 5055 1838 5095 vero

231 5122 622 5185 mntrahitur,
673 5138 770 5177 cur
812 5123 1085 5179 Manicbtei
1131 5124 1406 5190 dicuntur,
1448 5128 1534 5197 qui
1576 5128 1675 5183 hoc
1712 5147 1835 5185 sen-

231 5216 380 5268 tiunt
406 5255 423 5278 ,
473 5228 505 5267 a
534 5214 726 5282 quibus
770 5214 1016 5286 Pelagius
1040 5214 1321 5272 damnatus
1349 5216 1569 5283 fuisSet,
1605 5221 1704 5276 ui~i
1738 5224 1835 5278 hoc

228 5322 291 5363 se
324 5305 541 5363 sentire
566 5304 846 5362 finxisset?
900 5299 907 5306 ’

297 5530 315 5592 ξ
356 5533 529 5592 Duae
552 5528 786 5575 vatlcams
808 5533 933 5592 κῶς,
957 5537 1008 5592 tn
1029 5539 1197 5578 eorum
1218 5539 1472 5592 conspectu
1494 5533 1708 5585 auditas.

293 5589 318 5620 ⁸
356 5587 596 5649 Plerique
618 5593 746 5645 Mss.,
768 5587 1015 5638 ammistt's.

297 5652 321 5683 ι
353 5652 449 5717 βία
481 5654 590 5697 uss.
615 5649 732 5698 nutu
756 5660 902 5710 vero,
941 5649 1187 5701 dement.
1228 5658 1281 5702 Et.
1303 5654 1444 5715 paulo
1476 5666 1583 5717 post
1602 5692 1615 5716 ,
1641 5663 1836 5713 anathe-

240 5710 537 5763 misatur.

297 5774 322 5806 δ
356 5778 469 5822 Duo
496 5772 704 5823 vatlcani
725 5779 855 5829 διες..
882 5782 1079 5824 ωηεν-πω
1101 5782 1223 5826 tua.

302 5835 381 5899 (α)
403 5832 530 5883 vide
551 5830 801 5884 librumde
823 5840 977 5885 Gestls
1002 5837 1198 5904 Pelagii,
1224 5850 1307 5887 nn.
1334 5838 1415 5900 23,
1434 5840 1511 5901 57,
1539 5841 1619 5894 63.

1632 405 1833 461 LIBER

1954 405 2148 463 lIMUS.
3450 418 3553 472 πει

2039 522 2130 577 20.
2160 522 2240 579 Tu
2267 524 2477 580 interim
2505 525 2669 582 habes
2694 526 2747 583 in
2777 538 3081 599 conspectu,
3112 547 3222 589 non
3241 534 3413 591 solum
3442 548 3551 592 Ue-

1966 617 2215 684 eidentis,
2242 633 2426 673 verum
2474 618 2634 674 etiam
2671 618 2905 677 Orientis
2943 624 3245 695 episcopos.
3291 627 3422 684 Nam
3462 633 3553 701 qui

1967 707 2122 763 nobis
2163 707 2350 764 deesse
2389 709 2724 779 videbantur,
2749 711 2927 781 plures
2956 714 3189 771 Orientis
3230 719 3552 774 invenimus.

1965 795 2166 853 Omnes
2198 813 2306 855 uno
2345 799 2639 872 eodemque
2676 802 2837 857 modo
2862 804 3107 869 credunt,
3140 823 3233 875 per
3259 825 3422 866 unum
3452 810 3551 865 Ιιυν

1965 889 2164 945 minem
2193 900 2467 961 peccatum
2500 893 2726 949 intrasse
2765 894 2818 949 in
2853 897 3125 961 mundum,
3159 908 3213 953 et
3240 916 3334 969 per
3360 918 3551 971 pecca-

1966 992 2077 1036 tum
2107 993 2354 1050 mortem,
2380 992 2435 1040 et
2454 984 2523 1039 ita
2547 986 2599 1040 in
2622 1002 2810 1042 omnes
2832 987 3077 1046 homines
3105 996 3472 1062 pertransisse,
3500 998 3552 1052 in

1963 1087 2071 1143 quo
2096 1088 2283 1129 omnes
2313 1086 2666 1145 peccaverunt
2695 1076 2872 1150 (Rom.
2891 1096 2943 1142 v,
2970 1080 3056 1151 12)
3084 1100 3096 1136 :
3125 1084 3214 1153 qui
3245 1085 3433 1139 modus
3462 1086 3550 1141 hic

1962 1173 2064 1230 est,
2088 1174 2144 1220 ut
2176 1176 2392 1235 peccato
2421 1167 2563 1224 illius
2585 1170 2738 1226 unius
2764 1170 2993 1227 hominis
3022 1176 3174 1244 primi
3192 1192 3377 1233 omnes
3402 1182 3551 1236 nasci

1961 1254 2247 1311 credantur
2274 1258 2509 1314 obnoxii.
2540 1261 2595 1315 Si
2619 1263 2720 1318 hoc
2742 1264 2833 1334 qui
2860 1265 3008 1330 dicit,
3036 1268 3358 1325 Manicbzens
3379 1273 3473 1327 abs
3497 1285 3548 1327 to

1961 1344 2212 1403 dicitur‘:
2244 1348 2373 1404 istos
2396 1352 2594 1420 aspice,
2628 1353 2742 1408 istis
2768 1356 3025 1411 erubesce
3044 1363 3082 1421 ί,
3116 1360 3230 1414 istis
3252 1377 3428 1431 parce,
3459 1365 3544 1419 vel

1960 1436 2055 1491 tibi
2082 1439 2276 1507 potius,
2308 1457 2376 1497 ne
2402 1451 2579 1498 rector
2615 1453 2670 1500 et
2707 1445 3010 1504 habitator'
3040 1450 3249 1507 illorum
3293 1455 3383 1509 tibi
3414 1456 3550 1512 forte

1960 1543 2066 1583 non
2095 1540 2297 1599 parcat.
2329 1533 2384 1589 Si
2411 1544 2588 1591 autem
2618 1537 2749 1593 istos
2771 1539 3090 1599 Manichacos
3113 1559 3357 1602 essenon
3390 1531 3546 1614 dicis,

1959 1635 2058 1675 nec
2080 1638 2163 1678 me
2186 1627 2383 1693 poteris
2411 1626 2648 1686 invenire
2673 1646 2770 1686 cur
2793 1633 2959 1690 dicas.
2989 1635 3173 1708 Neque
3201 1641 3341 1695 enim
3369 1657 3455 1697 me
3479 1646 3550 1698 ob

1958 1711 2101 1768 aliud
2130 1713 2233 1770 hoc
2256 1731 2374 1772 esse
2397 1718 2550 1785 dicis,
2576 1723 2675 1776 nisi
2703 1724 2826 1794 quia
2853 1725 2920 1781 de
2946 1740 3164 1797 peccato
3193 1731 3345 1800 primi
3376 1732 3549 1789 homi-

1960 1805 2058 1869 nis,
2089 1807 2172 1862 cui
2217 1825 2404 1863 omnes
2443 1814 2672 1869 carnalis
2712 1817 2958 1873 nativitas
2997 1821 3271 1890 obligavit,
3299 1840 3397 1880 nec
3423 1827 3547 1882 inde

1956 1914 2275 1971 quemquam
2317 1905 2415 1959 nisi
2454 1907 2745 1975 spiritualis
2773 1912 3020 1967 nativitas
3045 1917 3223 1980 solvit,
3258 1919 3396 1987 quod
3423 1936 3545 1975 cre-

1955 1989 2088 2045 dunt
2111 1993 2290 2058 credo,
2330 1996 2471 2065 quod
2515 2005 2698 2053 tenent
2738 2009 2912 2065 teneo.
2944 2005 3085 2074 quod
3121 2008 3314 2063 docent
3350 2010 3543 2073 doceo.

1955 2084 2097 2153 quod
2139 2087 2431 2155 przedicant
2474 2090 2723 2159 pra-dico.
2764 2092 2882 2148 Istis
2911 2096 3061 2161 cede,
3096 2108 3142 2152 et
3179 2116 3283 2155 non
3314 2118 3399 2157 me
3436 2119 3546 2157 rm-

1956 2175 2085 2228 des‘
2117 2194 2132 2232 :
2163 2180 2443 2248 acquiesee
2474 2182 2609 2247 istis,
2642 2193 2695 2237 et
2716 2187 2959 2253 quiesces
2984 2204 3012 2243 a
3041 2207 3144 2244 me.
3178 2192 3473 2257 Postremo,
3498 2197 3546 2252 si

1957 2266 2086 2321 mihi
2117 2284 2211 2336 per
2239 2286 2331 2324 eos
2356 2269 2467 2325 ﬁeri
2493 2290 2595 2327 non
2621 2274 2698 2328 vis
2722 2278 2943 2335 amicus.
2978 2281 3166 2336 saltem
3190 2293 3332 2351 peto,
3362 2302 3428 2340 ne
3453 2303 3547 2357 per

1957 2372 2043 2411 me
2089 2358 2297 2412 illormn
2335 2363 2582 2418 el’lieiaris
2612 2364 2875 2421 inimicus.
2909 2368 3015 2423 Sed
3041 2375 3307 2441 quomodo
3337 2394 3439 2431 non
3469 2380 3545 2434 ef-

1959 2445 2181 2512 ficieris,
2212 2451 2254 2504 si
2289 2452 2339 2504 in
2377 2454 2480 2506 isto
2508 2471 2691 2512 errore
2723 2462 3118 2525 permanseris?
3160 2464 3370 2532 Quanto
3418 2487 3545 2540 ergo

1957 2537 2168 2601 melius,
2213 2549 2269 2594 nt
2314 2541 2394 2596 bis
2429 2545 2671 2609 accedas,
2696 2546 2763 2602 ab
2803 2548 2894 2604 illo
2934 2552 3152 2607 recedes
3174 2555 3216 2608 ⁸.
3248 2537 3547 2614 Tantumne

1954 2628 2093 2696 apud
2123 2640 2172 2684 te
2200 2643 2421 2700 possunt
2453 2633 2696 2705 Pelagius
2718 2647 2771 2693 et
2800 2640 3099 2708 leestius,
3132 2656 3240 2700 uta
3271 2649 3400 2704 solis
3424 2662 3546 2706 ortu

1962 2720 2215 2787 usquead
2244 2737 2493 2777 occasum
2528 2734 2604 2779 tot
2623 2742 2686 2782 ac
2707 2737 2882 2785 tantos
2906 2732 3184 2791 catholica:
3213 2736 3331 2793 fidei
3358 2740 3548 2796 docto-

1956 2821 2044 2861 res
2073 2818 2124 2862 et
2152 2809 2484 2877 defensores,
2516 2816 2763 2887 antiquos
2786 2830 2839 2875 et
2861 2832 3057 2879 uestra:
3078 2829 3221 2881 mtati
3244 2832 3545 2902 contiguos,

1953 2895 2281 2954 dormientes
2314 2911 2370 2956 et
2411 2916 2705 2970 manentes,
2734 2924 2838 2964 non
2860 2913 3032 2968 solum
3060 2915 3331 2983 deserere,
3361 2895 3546 2978 verum

1954 2987 2115 3042 etiam
2142 2988 2463 3049 Manicba-os
2496 2996 2694 3052 audeas
2717 3003 3025 3069 appellare?
3066 3006 3228 3063 Miror
3252 3012 3295 3064 si
3324 3012 3423 3069 lioc
3445 3016 3546 3069 ali-

1953 3080 2165 3146 quando
2202 3096 2266 3135 ex
2312 3091 2402 3135 tuo
2443 3087 2634 3153 poterit
2663 3105 2755 3142 ore
2786 3094 3094 3164 procedere,
3121 3101 3260 3168 qUud
3293 3113 3343 3157 te
3368 3115 3544 3162 tamen

1953 3170 2186 3225 clamare
2227 3175 2456 3240 pravitas
2493 3177 2564 3229 tui
2595 3182 2863 3248 compellit
2894 3188 3114 3243 erroris.
3149 3193 3253 3246 Sed
3281 3196 3470 3252 mirum
3498 3203 3545 3255 si

1955 3259 2007 3313 in
2039 3260 2171 3315 facie
2200 3261 2432 3318 hominis
2472 3277 2672 3324 tantum
2716 3270 3052 3331 intervallum
3098 3291 3177 3336 est
3218 3286 3355 3341 inter
3393 3290 3544 3345 fron-

1955 3357 2060 3404 tem
2091 3361 2145 3406 et
2170 3354 2418 3425 linguam,
2443 3368 2498 3411 ut
2527 3359 2577 3413 in
2609 3362 2706 3416 hac
2729 3379 2887 3419 causa
2918 3365 3064 3424 frons
3090 3390 3195 3427 non
3226 3382 3547 3449 enuiprimat

1954 3440 2210 3511 linguam.
3110 3450 3112 3453 ’

2023 3533 2251 3591 CAPUT
2291 3536 2377 3593 Vl.
2407 3540 2590 3597 —2l.
2638 3544 2741 3600 Sed
2781 3549 2905 3617 quid
2951 3555 3219 3621 niussites,
3266 3562 3407 3616 nmi.
3453 3565 3545 3621 llic

1946 3622 2080 3693 jam,
2125 3626 2230 3694 die,
2274 3629 2569 3689 audiamus.
2623 3635 2681 3690 in
2720 3648 2963 3697 extremo
3001 3647 3071 3698 tui
3113 3653 3291 3717 operis
3331 3653 3399 3707 de
3434 3672 3545 3726 quo

1953 3731 2094 3771 nunc
2119 3720 2343 3789 agimus,
2373 3723 2424 3777 id
2454 3735 2557 3793 est,
2594 3727 2643 3781 in
2675 3734 2843 3801 quarti
2880 3734 2998 3791 libri
3042 3752 3189 3809 parte
3231 3720 3539 3815 novisdma,

1957 3827 1974 3859 ι
2006 3808 2233 3868 Sanctus
2270 3813 2537 3885 Joannes,
2564 3838 2583 3871 ι
2637 3822 2828 3893 inquis,
2879 3846 2899 3878 ι
2930 3830 3545 3908 ConStantinopolitanns

1944 3914 2108 3973 negat
2153 3920 2273 3961 esse
2322 3908 2372 3963 in
2419 3913 2655 3981 parvulis
2704 3918 2963 3987 originale
3013 3937 3308 3993 peccatum.
3375 3934 3427 3988 In
3474 3955 3541 3993 ea

1948 3995 2143 4065 quippe
2179 3996 2416 4068 bomilia,
2448 4021 2608 4072 quam
2646 4008 2713 4063 de
2757 4011 3034 4082 baptizatis
3065 4020 3246 4077 habuit
3277 4042 3290 4079 :
3316 4025 3540 4085 Benedi-

1949 4094 2085 4188 ctus,
2116 4087 2305 4159 inquit,
2338 4093 2476 4148 Dens
2516 4098 2604 4165 qui
2648 4098 2773 4155 fecit
2810 4104 3068 4163 mirabilia
3101 4116 3263 4179 solus,
3295 4121 3381 4188 qui
3414 4121 3541 4180 fecit

1951 4193 2215 4246 universa,
2247 4193 2302 4238 et
2335 4190 2597 4243 convertit
2626 4193 2891 4250 universa.
2937 4200 3075 4257 Ecce
3101 4204 3358 4264 libertatis
3388 4228 3540 4270 sere-

1947 4269 2112 4371 nitate
2147 4272 2487 4372 perfruuntur
2514 4280 2601 4349 qni
2641 4284 2955 4341 tenebantur
2982 4295 3139 4362 paulo
3164 4307 3287 4353 ante
3322 4307 3536 4372 captivi,

1947 4368 2001 4460 et
2042 4362 2187 4462 cives
2230 4364 2483 4421 Ecclesia:
2536 4381 2662 4426 sunt
2708 4376 2797 4442 qui
2856 4380 3066 4437 luerunt
3126 4388 3175 4439 in
3235 4362 3541 4462 peregrina:

1948 4452 2106 4507 tinnis
2148 4470 2332 4511 errore
2355 4500 2367 4517 .
2397 4471 2449 4512 et
2483 4460 2701 4529 justitiie
2734 4466 2784 4519 in
2815 4479 2960 4525 sorte
2988 4452 3265 4534 vetsantur
3302 4452 3389 4552 qtii
3426 4488 3540 4541 fne-

1946 4554 2067 4597 rnnt
2089 4546 2139 4599 in
2161 4548 2471 4606 confusione
2509 4556 2728 4623 pect-aii.
2769 4560 2883 4616 Non
2921 4567 3061 4619 enim
3093 4578 3291 4627 tantum
3321 4546 3448 4632 sunt
3478 4583 3537 4634 li-

1946 4635 2081 4701 beri,
2110 4639 2205 4693 sed
2236 4649 2289 4694 et
2316 4643 2484 4697 sancti
2511 4663 2524 4698 :
2556 4662 2659 4703 non
2689 4660 2891 4708 tantmn
2929 4662 3117 4724 sancti,
3148 4664 3238 4716 sed
3273 4677 3325 4720 et
3359 4668 3484 4736 justi
3520 4694 3533 4727 :

1946 4745 2051 4784 non
2101 4731 2273 4787 solum
2307 4734 2458 4804 justi,
2482 4739 2574 4811 sed
2613 4751 2666 4793 et
2716 4742 2805 4798 filii
2839 4763 2852 4797 :
2891 4765 2995 4803 non
3024 4752 3193 4808 solum
3222 4758 3332 4822 lilii,
3359 4731 3458 4815 sed
3480 4778 3547 4834 et,

1949 4824 2187 4880 ha-redes
2220 4843 2232 4877 :
2264 4843 2367 4881 non
2391 4830 2561 4885 solum
2591 4832 2851 4904 hteredes,
2876 4842 2969 4896 sed
2997 4853 3050 4897 et
3073 4843 3263 4902 fratres
3292 4852 3485 4910 Christi
3516 4878 3529 4912 :

1947 4930 2043 4967 nec
2088 4925 2289 4971 tantum
2338 4915 2529 4975 fratres
2569 4922 2787 4987 Christi,
2818 4928 2909 4983 sed
2960 4938 3013 4983 et
3047 4935 3355 4998 colueredes
3381 4961 3396 4997 :
3426 4962 3532 5005 non

1945 5004 2117 5060 solum
2140 5008 2467 5076 colueredes,
2496 5013 2589 5066 sed
2617 5024 2669 5068 et
2698 5020 2932 5073 membra
2964 5038 2978 5075 :
3012 5040 3114 5080 non
3141 5039 3340 5087 tantum
3365 5004 3537 5094 ment;

1947 5097 2061 5161 bra,
2091 5098 2185 5153 sed
2216 5110 2269 5155 et
2303 5103 2558 5173 templum
2591 5124 2603 5159 :
2634 5122 2737 5161 non
2785 5121 2987 5169 tantum
3035 5122 3309 5193 templum,
3343 5130 3436 5185 sed
3482 5146 3531 5187 et

1944 5204 2140 5258 organa
2170 5193 2416 5261 Spiritus.
2455 5195 2609 5251 Vides
2638 5211 2765 5270 quot
2795 5215 2919 5260 sunt
2948 5206 3285 5278 Baptismatis
3320 5220 3534 5293 largita-

1946 5291 2024 5335 tes
2056 5300 2069 5334 :
2098 5293 2152 5338 et
2193 5286 2434 5342 nonnulli
2476 5287 2734 5360 deputant
2768 5297 3042 5355 cmlestem
3068 5307 3293 5374 gratiam
3326 5312 3377 5367 in
3400 5286 3531 5384 pre-

1943 5478 2232 5591 ménet
2248 5486 2343 5543 Er.,
2361 5483 2411 5535 εἰ
2431 5482 2519 5537 hoc
2532 5489 2662 5550 quod
2682 5490 2803 5544 dicit
2828 5496 3122 5553 uenientem
3140 5503 3227 5556 ab:
3250 5513 3296 5557 te
3313 5508 3495 5563 dttifttr
3523 5531 3540 5567 :

2007 5604 2027 5675 ξ
2059 5604 2205 5675 editi,
2362 5608 2609 5675 erubesce.
2634 5621 2761 5675 Μαι,
2782 5615 2908 5671 ictis.

2006 5665 2027 5735 ξ
2059 5664 2275 5735 Nonnulli
2295 5681 2323 5716 e
2343 5669 2547 5735 Belgicis
2564 5683 2688 5735 Μέθη
2707 5664 2907 5731 arbiter:

2006 5727 2259 5809 iam:
2282 5741 2339 5809 ac
2362 5727 2527 5809 [ltiges
2549 5727 2692 5809 Mss,
2735 5727 2939 5796 etintt'ftt
2977 5746 3138 5799 (edn.
3186 5752 3377 5809 Quidam
3405 5760 3526 5807 κως

1950 5796 2055 5839 tam
2092 5792 2236 5840 crede
2254 5828 2268 5847 .
2293 5799 2336 5841 et
2501 5792 2689 5850 credes.

2008 5855 2025 5885 ι
2062 5852 2213 5910 Editi,
2256 5858 2471 5908 recedas.
2521 5867 2647 5922 3:55.,
2673 5866 2900 5920 recedes:
2933 5868 3048 5927 vel,
3092 5870 3297 5920 recedis.
