4088 6512
644 393 756 447 655

653 529 891 575 ratorum
935 531 1137 576 tantunt
1193 524 1503 577 remissione
1546 526 1883 582 consistere:
1916 543 2014 583 nos
2058 533 2236 580 autem

655 616 882 670 honores
905 615 1327 686 computavimus
1347 616 1551 674 decem.
1584 618 1690 674 liae
1711 619 1781 674 de
1796 637 1952 675 causa
1976 621 2134 674 etiam
2157 619 2238 674 in-

655 706 822 762 fantes
851 708 1208 777 baptizamus:
1237 723 1356 763 cum
1385 725 1490 764 non
1517 711 1619 766 sint
1645 713 1970 783 eoittquinati
1999 723 2234 782 peceato,

655 807 710 852 ιιι
734 799 847 854 eis‘
881 799 1106 854 addatur
1133 801 1408 865 sanctitas,
1429 801 1656 870 juStitia,
1677 803 1912 873 adoptio,
1931 803 2234 868 haerediias,

653 891 952 945 fraternitas
970 891 1186 958 Christi,
1216 901 1274 948 ut
1295 894 1414 965 ejus
1441 895 1681 950 membra
1705 895 1812 952 sint
1839 915 1858 950 ι
1891 894 2148 967 (Humilia
2168 897 2237 951 ad

664 979 996 1054 Neap/eguit).

715 1071 806 1126 2‘2.
839 1073 982 1127 Itane
1009 1074 1106 1129 ista
1134 1075 1294 1132 verba
1333 1079 1500 1132 sancti
1538 1077 1757 1134 Joannis
1791 1079 2026 1150 episcopi
2067 1078 2236 1135 audes

649 1173 897 1234 tanquam
928 1179 959 1220 e
983 1168 1253 1223 contrario
1281 1176 1358 1224 tot
1381 1170 1673 1240 taliquue
1697 1171 1979 1226 sententiis
1997 1171 2235 1241 collega-

649 1272 764 1310 rum
791 1257 909 1326 eius
934 1273 1226 1328 opponere,
1249 1275 1476 1330 eumque
1492 1261 1560 1316 ab
1580 1262 1789 1316 illorum
1816 1260 2233 1318 concordissima

647 1349 904 1404 societate
933 1350 1236 1422 sejungere,
1268 1359 1319 1406 ct
1357 1351 1438 1408 eis
1469 1353 1830 1408 adversarium
1865 1355 2234 1408 constituere?

647 1438 817 1504 Absit,
841 1441 980 1497 absit
1005 1440 1108 1497 hoc
1133 1444 1326 1496 maltttu
1357 1443 1425 1498 de
1453 1451 1600 1499 tanto
1631 1445 1745 1499 viro
1775 1444 1996 1500 credere
2029 1453 2122 1500 aut
2149 1445 2233 1499 di-

645 1546 789 1586 cere.
815 1531 984 1600 Absit,
1003 1532 1236 1602 inquatn,
1259 1544 1313 1589 ut
1335 1535 1954 1607 Constantinopolitanus
1975 1535 2230 1602 Joannes,

644 1621 713 1676 de
741 1621 1064 1691 Baptismate
1097 1625 1454 1692 parvulorum,
1487 1641 1780 1697 eorumque
1805 1643 1835 1681 a
1862 1635 2086 1698 paterno
2117 1628 2234 1682 chi-

646 1717 908 1786 rographo
929 1717 1276 1774 liberatione”
1303 1733 1396 1788 per
1424 1719 1692 1774 Christum
1719 1762 1733 1784 ,
1767 1729 1844 1775 tot
1873 1734 1935 1776 ac
1959 1721 2117 1775 tantis
2141 1736 2232 1775 co~

642 1811 907 1880 episcopis
931 1812 1070 1872 suis,
1103 1811 1439 1882 maximeque
1469 1813 1710 1867 Romano
1740 1813 2067 1879 Innocentio,
2099 1814 2230 1868 Car-

643 1899 944 1972 thaginensi
981 1901 1269 1974 Cypriano,
1302 1904 1600 1974 Cappadoci
1641 1904 1868 1970 Basilio,
1894 1903 2232 1959 Nazianzeno

640 1991 898 2064 Gregorio
914 1993 1116 2068 ’,Galio
1137 1995 1356 2058 IIilario,
1374 1995 1754 2052 Mediolanensi
1777 1997 1989 2052 resistat
2005 1997 2229 2052 Ambro-

644 2085 748 2139 sio.
765 2084 880 2139 Alia
893 2095 1040 2152 sunt,
1057 2087 1107 2139 in
1125 2087 1317 2156 quibus
1335 2088 1473 2143 inter
1490 2103 1548 2143 se
1563 2089 1844 2160 aliquando
1859 2091 2016 2144 etiam
2035 2089 2232 2145 doctis-

639 2179 760 2234 simi
790 2189 950 2250 atque
973 2181 1158 2252 Optimi
1185 2182 1386 2252 regula:
1413 2181 1690 2238 catholica:
1721 2183 2051 2249 defensores,
2085 2185 2227 2237 salva

642 2271 762 2326 tidei
790 2285 1048 2342 compage
1079 2288 1182 2326 non
1213 2283 1532 2341 consonant,
1567 2283 1621 2329 et
1650 2275 1785 2328 alius
1809 2275 1914 2328 alio
1942 2274 2008 2329 de
2039 2292 2139 2329 una
2173 2291 2230 2332 re

639 2363 832 2418 melius
859 2364 1056 2432 aliquid
1081 2365 1210 2420 dicit
1230 2375 1285 2420 et
1311 2366 1502 2422 verius.
1545 2366 1658 2421 Iloc
1695 2375 1869 2422 autem
1910 2368 2050 2422 unde
2090 2384 2229 2422 nunc

637 2457 863 2525 agimus,
885 2455 950 2510 ad
976 2457 1086 2524 ipsa
1113 2457 1228 2511 iidei
1260 2459 1486 2526 pertinet
1507 2458 1870 2514 fundamenta.
1901 2460 2150 2529 Quisquis
2173 2461 2222 2515 iu

638 2545 928 2600 christiana
957 2546 1059 2602 Iide
1082 2547 1187 2602 vult
1210 2548 1528 2604 labefactare
1549 2550 1687 2620 quod
1717 2547 1972 2618 scriptum
1997 2563 2098 2617 est,
2127 2549 2228 2604 Per

639 2638 890 2692 hominem
921 2655 1074 2702 mors,
1097 2649 1145 2692 ct
1167 2657 1256 2709 per
1281 2641 1532 2694 hominem
1551 2643 1846 2698 resurrectio
1875 2655 2084 2698 martum
2101 2661 2183 2697 um
2206 2661 2225 2699 :

636 2729 762 2782 sicut
787 2728 920 2782 enim
957 2729 1011 2784 in
1049 2729 1214 2782 Adam
1239 2747 1409 2785 omnes
1435 2732 1716 2786 moriuntur
1733 2774 1750 2798 ,
1778 2734 1848 2787 ita
1875 2744 1921 2787 ct
1945 2736 1997 2789 iu
2027 2735 2226 2790 Christo

635 2838 806 2876 omnes
830 2822 1209 2890 viviﬁcabuntur
1229 2823 1270 2893 (I
1295 2822 1412 2878 Cor.
1443 2841 1528 2890 xv,
1557 2825 1648 2891 2|,
1675 2825 1788 2894 2'2);
1816 2837 1982 2882 latum
2005 2829 2142 2898 quod
2172 2829 2221 2882 itt

635 2913 904 2967 Christum
935 2912 1202 2969 credimus
1227 2913 1439 2970 auferre
1467 2917 1700 2972 molitur.
1742 2917 1972 2974 Omnino
2008 2929 2060 2973 et
2101 2937 2220 2988 par-

635 3007 877 3061 vulorum
907 3007 1140 3062 salvator
1179 3016 1262 3062 est
1305 3007 1584 3075 Christus;
1634 3011 1873 3077 omnino,
1904 3011 2007 3068 nisi
2035 3013 2103 3066 ab
2132 3011 2222 3092 illo

636 3099 984 3165 redimantur,
1019 3099 1282 3169 peribunt,
1333 3102 1581 3172 quoniam
1630 3103 1748 3158 sine
1795 3118 1956 3159 carne
2002 3105 2119 3174 citis
2167 3115 2221 3160 ct

633 3193 888 3260 sanguine
913 3193 1072 3248 vitam
1106 3193 1300 3248 habere
1328 3209 1431 3248 non
1461 3205 1699 3264 possunt.
1752 3196 1861 3251 Iloc
1891 3199 2080 3263 sensit,
2113 3197 2217 3254 hoc

632 3283 878 3348 credidit,
914 3286 1013 3339 hoe
1058 3285 1260 3351 didicit,
1295 3285 1395 3340 hoc
1434 3286 1614 3340 docoit
1651 3297 1704 3342 et
1749 3287 1999 3344 Joa'nues.
2033 3290 2135 3344 Sed
2165 3303 2219 3346 tu

630 3376 748 3442 ejus
773 3377 928 3429 verba
959 3375 1010 3429 itt
1042 3386 1278 3430 vestrum
1306 3375 1494 3448 dogma
1525 3379 1811 3434 convertis.
1845 3377 2068 3435 I'cccata
2085 3381 2219 3436 dixit

633 3467 881 3536 parvulos
909 3484 1011 3520 non
1041 3467 1259 3535 habere,
1299 3470 1392 3526 sed
1437 3471 1668 3542 pt'Opria.
1714 3471 1865 3528 Unde
1905 3473 2024 3528 illos
2065 3475 2218 3528 iuno-

628 3569 812 3612 erntes
853 3563 1044 3613 merito
1083 3567 1452 3631 nuncupatnus
1476 3605 1491 3627 ,
1535 3565 1828 3619 secundum
1872 3566 1923 3618 id
1963 3567 2103 3636 quod
2143 3569 2216 3623 ait

631 3650 938 3716 At-oxtolus,
963 3651 1198 3705 nondum
1228 3663 1380 3708 natos
1409 3653 1536 3708 nihil
1564 3657 1737 3726 egisse
1771 3657 1894 3712 boni
1936 3661 2048 3714 sive
2089 3660 2215 3716 mali

629 3741 803 3810 (lium.
835 3758 906 3806 ιιι,
943 3743 1033 3812 ll)
1083 3761 1095 3798 :
1131 3761 1233 3798 non
1257 3745 1544 3802 secundum
1578 3747 1627 3802 id
1649 3750 1787 3819 quod
1815 3751 1908 3815 ait,
1939 3749 2044 3820 Per
2065 3753 2216 3808 unius

628 3833 1014 3886 iuolndieutiam
1044 3845 1324 3902 peccatores
1361 3839 1618 3891 constituti
1655 3849 1770 3894 sunt
1807 3842 1950 3894 multi
1995 3841 2120 3914 (Id.
2156 3860 2212 3911 v,

630 3922 695 3976 19
721 3925 758 3991 ).
808 3924 1021 3977 Poterat
1044 3925 1204 3979 etiam
1237 3938 1418 3982 noster
1445 3928 1746 4000 Cyprianus
1789 3931 1889 3986 hoc
1927 3932 2106 3988 dicere
2143 3935 2213 3991 de

629 4017 858 4083 parvulis
885 4021 1024 4086 quod
1049 4017 1282 4072 Joannes
1311 4037 1325 4068 :
1354 4021 1782 4091 quandoquidem
1810 4024 1902 4090 ait,
1931 4027 2100 4096 thod
2134 4029 2213 4082 iu-

627 4108 743 4160 t'aus
789 4116 941 4162 natus
983 4109 1114 4162 nihil
1156 4111 1474 4178 peccaverit,
1507 4121 1562 4166 et
1599 4113 1738 4182 quod
1784 4115 1831 4169 ei
1876 4118 2216 4174 remittantur

595 4215 730 4251 -non
767 4201 1012 4269 propria,
1063 4199 1157 4254 sed
1198 4201 1369 4256 aliena
1419 4212 1632 4272 peccata
1673 4224 1690 4256 υ
1739 4186 1950 4278 (Epist.
2011 4211 2100 4273 64,
2139 4216 2206 4266 ad

627 4292 876 4364 Fidum).
924 4293 1256 4363 Cotnparans
1306 4311 1434 4366 ergo
1478 4311 1572 4350 eos
1599 4296 1832 4354 Joannes
1883 4300 2207 4372 majoribus,

625 4402 849 4454 quotum
894 4387 1105 4457 propria
1153 4397 1362 4454 peccata
1409 4387 1750 4443 dimittuntur
1801 4391 1854 4446 in
1900 4392 2208 4463 Baptismo,

626 4475 757 4529 dixit
802 4477 921 4531 illos
966 4495 984 4528 ι
1009 4492 1114 4530 non
1155 4477 1352 4531 habere
1388 4488 1629 4546 peccata;
1661 4498 1681 4532 ι
1732 4497 1836 4536 non
1878 4485 2014 4540 sicut
2052 4488 2212 4544 verba

625 4570 739 4631 ejus
771 4567 884 4636 ipse
913 4568 1159 4638 posuisti,
1194 4586 1213 4620 ι
1239 4583 1342 4622 non
1374 4569 1745 4640 coinquinatos
1770 4591 1890 4630 esse
1921 4589 2158 4647 peccato,
2187 4599 2205 4632 ι

623 4657 750 4712 dunt
774 4659 851 4712 \is
879 4659 1059 4727 utique
1086 4658 1328 4730 intelligi,
1358 4675 1464 4718 non
1485 4676 1578 4716 eos
1599 4675 1820 4734 peccato
1849 4667 2005 4736 primi
2034 4669 2212 4726 homi-

626 4751 707 4804 nis
741 4749 1062 4820 inqninatos.
1093 4748 1288 4805 Verum
1311 4751 1413 4807 hoc
1441 4769 1547 4808 non
1575 4756 1664 4810 tibi
1695 4757 1992 4829 tribuerim,
2012 4762 2104 4817 sed
2133 4764 2212 4818 in-

629 4843 842 4913 terpreti
875 4861 890 4898 :
921 4859 1220 4914 quanquam
1249 4845 1300 4898 in
1327 4845 1444 4900 aliis
1471 4847 1740 4903 codicibus
1767 4852 2008 4908 eamdem
2041 4855 2210 4910 inter-

628 4935 976 5002 trctationcm
1008 4935 1340 5016 habentibus,
1372 4953 1475 4992 nou
1504 4957 1522 4990 ι
1549 4954 1818 5009 peccato,»
1853 4945 1948 4998 sed
1980 4965 1999 4994 σ
2022 4962 2210 5016 pecca-

627 5029 692 5082 tis
723 5045 742 5078 ι
793 5027 1012 5096 legatur.
1058 5025 1212 5084 Unde
1251 5029 1416 5083 miror
1456 5031 1499 5084 si
1539 5049 1642 5088 non
1672 5034 1864 5104 aliquis
1890 5053 1956 5090 ex
1989 5055 2210 5094 numero

629 5127 806 5172 vestro
835 5117 1154 5188 singularem
1188 5119 1374 5176 maluit
1401 5138 1679 5180 numerum
1711 5127 1965 5190 scribere,
1998 5141 2054 5183 ιιι
2083 5131 2210 5186 illttd

625 5210 958 5277 acciperetur
997 5226 1182 5276 unum,
1213 5213 1352 5267 unde
1389 5212 1519 5270 dicit
1554 5215 1862 5287 Apostolus,
1895 5219 2032 5274 Nam
2062 5225 2212 5293 judi-

624 5303 756 5354 cium
785 5302 986 5370 quidem
1015 5319 1077 5357 ea;
1113 5320 1211 5358 uno
1244 5305 1296 5358 iu
1335 5307 1818 5378 condemuatimwm,
1851 5315 2016 5383 gratia
2041 5327 2211 5370 autem

619 5410 685 5446 ut:
719 5395 886 5449 multis
911 5394 1105 5448 delictis
1133 5396 1184 5450 in
1206 5398 1626 5468 justi/irationem
1661 5401 1850 5476 (Rom.
1876 5422 1924 5468 ν,
1961 5407 2023 5461 I6
2046 5410 2085 5478 ).
2136 5409 2208 5466 lbi

687 5591 706 5665 ξ
739 5590 820 5661 uie
843 5589 960 5665 editi
983 5587 1182 5665 addunt,
1195 5589 1424 5665 ficturae!
1438 5607 1454 5654 ;
1477 5595 1604 5656 quod
1625 5595 1766 5665 abest
1785 5613 1812 5649 a
1829 5600 2076 5665 plerisque
2101 5611 2204 5656 Mss.

619 5709 654 5760 ι,
687 5655 706 5683 ³
737 5654 812 5705 δίει
833 5653 1004 5717 μαι-ας
1027 5661 1132 5701 .\.'ss.
1156 5659 1212 5703 At
1243 5654 1388 5716 editi,
1412 5653 1444 5706 a
1475 5653 1662 5721 paterni
1685 5653 2008 5728 cltitopruplii'
2037 5653 2210 5718 ιιιωιίιὶὲ

637 5726 758 5765 mae.

683 5748 955 5828 3waounulli
1009 5778 1317 5842 manuwripti
1373 5789 1698 5847 prtetcreunt,
1762 5789 2058 5841 It'az-imtzcno
2091 5799 2206 5844 (.‘rc-

624 5851 772 5897 θυμω.

1450 399 1720 460 costum
1763 407 2099 465 JULIANUM
2142 407 2610 481 remmanun,
2657 415 2712 470 s.
2758 415 3120 472 AUCLS'I‘INI
3812 437 3894 496 εδδ

2351 527 2546 600 quippe
2575 547 2760 598 unum,
2796 549 2898 588 non
2944 535 3040 589 nisi
3069 537 3079 566 '
3113 536 3358 592 delictum
3391 543 3500 596 vult
3541 545 3782 620 intelligi;
3811 573 3898 624 quo

2348 620 2592 678 nolentes
2633 625 2778 680 credi
2822 627 3070 696 parvulos
3100 629 3425 699 inquinatos,
3459 651 3561 690 non
3591 654 3682 694 eos
3710 620 3898 710 peccata

2348 727 2453 765 non
2476 713 2697 782 habere,
2721 718 2860 787 quod
2890 718 2963 772 ait
2982 718 3234 788 Joannes,
3267 739 3332 777 ne
3363 725 3774 799 intelligerentur
3793 754 3899 805 pro-

2347 803 2492 870 pria;
2522 807 2600 859 vel
2625 809 2876 876 peccatis,
2900 813 3038 866 sicut
3059 811 3216 868 habet
3235 817 3284 869 in
3307 817 3423 872 aliis
3449 820 3717 881 codicibus
3737 803 3900 888 eadem

2344 894 2712 964 interpretatio
2731 939 2746 964 ,
2793 901 2887 955 sed
2935 919 2954 952 ι
2981 913 3200 972 peccato
3228 922 3333 961 non
3361 908 3661 980 inquinatos
3686 936 3703 968 ι
3744 919 3903 979 dicere

2343 986 2624 1055 maluistis,
2649 999 2704 1042 ut
2733 1004 2892 1046 unum
2922 994 3075 1062 primi
3105 994 3334 1054 hominis
3355 1014 3626 1070 peccatum
3649 1009 3835 1067 veniret
3856 1015 3900 1068 in

2342 1088 2598 1132 mentem.
2645 1079 2752 1136 Sed
2789 1084 3180 1154 suspicionibus
3222 1103 3328 1146 non
3370 1105 3616 1164 agamus,
3645 1108 3699 1154 et
3732 1103 3810 1174 hic
3833 1107 3900 1160 vel

2341 1170 2621 1240 scriptoris
2649 1187 2821 1240 error,
2856 1177 2938 1232 vel
2968 1179 3198 1236 varietas
3223 1193 3434 1254 putetur
3463 1170 3788 1261 interpretis.
3807 1198 3900 1266 Ego

2342 1260 2453 1330 ipsa
2487 1265 2645 1320 verba
2680 1281 2852 1338 grmca
2887 1285 3006 1340 qua:
3039 1286 3069 1326 a
3112 1272 3316 1332 Joanne
3358 1277 3498 1334 dicta
3543 1260 3666 1338 sunt
3707 1260 3898 1357 ponant,

2346 1372 2364 1404 ι
2389 1363 2480 1410 Διά
2507 1361 2645 1414 τοῦτο
2673 1371 2756 1414 καὶ
2781 1370 2843 1416 τὸ.
2867 1367 3040 1416 παιδία
3067 1377 3392 1436 βαπτίζομιν,
3419 1385 3576 1428 καίτοι
3599 1379 3900 1448 ἁμαρτήματι

2297 1483 2304 1488 .
2339 1449 2420 1500 οὐκ
2442 1456 2610 1517 ἔχοντα
2638 1467 2650 1502 :
2687 1470 2707 1504 ι
2741 1453 2881 1523 quod
2908 1464 2993 1509 est
3013 1456 3194 1524 latine,
3232 1478 3251 1511 ι
3281 1461 3402 1518 Ideo
3423 1475 3476 1519 et
3503 1466 3726 1524 infantes
3748 1472 3899 1543 bapti.

2338 1553 2542 1603 zamus,
2572 1547 2814 1612 quamvis
2844 1559 3060 1617 peccata
3093 1567 3196 1606 non
3229 1551 3506 1612 habentes.
3539 1579 3558 1612 ι
3596 1561 3752 1619 Vides
3775 1579 3901 1622 certe

2343 1645 2448 1684 non
2474 1632 2542 1686 ab
2571 1650 2636 1688 eo
2663 1636 2862 1692 dictum
2891 1656 3010 1696 esse
3061 1661 3078 1694 ι
3111 1645 3356 1712 parvulos
3405 1665 3509 1704 non
3557 1654 3900 1726 coinquinatos

2340 1737 2461 1776 esse
2487 1735 2757 1792 peccato,»
2790 1729 2903 1784 sive
2932 1733 3245 1800 «peccatisp
3269 1737 3378 1803 sed,
3415 1756 3553 1796 «non
3580 1741 3773 1802 habere
3795 1765 3900 1819 pec-

2336 1821 2491 1868 cata:
2529 1835 2548 1868 ι
2582 1817 2818 1892 intelligo
2849 1823 3080 1893 propria,
3123 1837 3178 1881 et
3215 1830 3358 1886 nulla
3398 1837 3672 1892 contentio
3711 1817 3809 1894 est.
3845 1847 3898 1898 At

2337 1904 2562 1974 inquies.
2591 1907 2700 1964 Cur
2719 1927 2824 1966 non
2849 1913 2958 1982 ipse
2979 1915 3200 1981 addidit,
3235 1923 3480 1990 propria?
3503 1924 3630 1992 Cur,
3653 1940 3896 1998 putatum,

2337 1995 2438 2049 nisi
2463 1997 2582 2066 quia
2606 1999 2880 2070 disputans
2901 2003 2952 2058 in
2981 2007 3240 2064 catholica
3275 2012 3530 2081 Ecclesia,
3554 1995 3666 2074 non
3689 2039 3744 2077 se
3763 2025 3897 2080 aliter

2336 2088 2559 2160 intelligi
2600 2092 2992 2165 arbitrabatur,
3037 2099 3126 2154 tali
3168 2105 3465 2172 quaestione
3506 2112 3700 2167 nullius
3739 2115 3896 2186 pulsa.

2336 2179 2492 2235 batur
2507 2183 2548 2246 ’,
2583 2183 2730 2239 vobis
2771 2187 3002 2244 nondum
3052 2191 3374 2264 litigantibus
3396 2203 3635 2258 securius
3675 2179 3896 2277 loqttebao

2336 2271 2456 2324 tur?

2402 2361 2492 2418 25.
2523 2364 2656 2422 Nam
2689 2369 2766 2422 vis
2792 2371 2976 2428 audire
3004 2374 3129 2444 quid
3151 2377 3310 2433 etiam
3335 2380 3448 2450 ipse
3467 2383 3536 2438 de
3557 2383 3658 2442 hac
3680 2405 3734 2443 re
3760 2407 3894 2459 aper.

2335 2453 2536 2510 tissime
2563 2458 2787 2513 dixerit?
2819 2461 2954 2516 Ecce
2971 2466 3130 2518 etiam
3157 2466 3326 2537 ipsum
3351 2484 3575 2530 numero
3595 2477 3673 2532 illi
3690 2453 3896 2551 adjtingo

2331 2547 2682 2604 sanctorum“.
2705 2549 2844 2606 Ecce
2875 2553 3012 2607 inter
3041 2569 3187 2611 meos
3217 2567 3397 2620 testes.
3427 2564 3510 2620 vel
3539 2565 3680 2622 inter
3710 2547 3895 2627 nostra:

2329 2637 2596 2692 constituo
2611 2640 2837 2708 iudices,
2867 2659 3026 2713 quem
3055 2649 3249 2716 putasti
3277 2663 3556 2720 patronum
3581 2669 3749 2714 tuum.
3781 2662 3896 2717 Ecce

2329 2737 2378 2778 et
2417 2728 2585 2796 ipsum
2616 2730 2854 2786 dicturus
2893 2749 2952 2788 es
2995 2736 3362 2796 Iianiehtcum.
3396 2743 3702 2816 Ingredere,
3735 2763 3894 2809 sancte

2328 2816 2582 2886 Joannes,
2615 2821 2914 2891 ingredere,
2951 2836 3005 2880 et
3045 2830 3265 2887 conside
3292 2846 3413 2888 cum
3451 2835 3708 2896 fratribus
3733 2843 3844 2905 tuis,
3867 2861 3893 2900 ι

2327 2907 2520 2976 quibus
2565 2919 2616 2965 te
2660 2913 2802 2968 nulla
2851 2916 2987 2970 ratio
3029 2927 3082 2972 et
3130 2921 3274 2976 nulla
3323 2926 3545 2982 teutatio
3589 2935 3922 3001 separavit‘.,

2327 3001 2470 3071 Opus
2514 3011 2596 3057 est
2637 3011 2692 3058 et
2731 3015 2840 3070 tua,
2869 3017 2926 3062 et
2954 3011 3183 3066 maxime
3210 3021 3295 3067 tua
3324 3019 3587 3074 sententia
3623 3039 3636 3076 :
3664 3023 3891 3092 quoniam

2327 3089 2380 3144 in
2423 3093 2526 3146 tuis
2557 3094 2747 3150 litteris
2783 3096 2884 3152 iste
2917 3098 3130 3168 juvenis
3164 3103 3432 3162 invenisse
3472 3123 3532 3164 se
3573 3089 3740 3180 putat,
3772 3116 3892 3172 unde

2326 3191 2403 3236 tot
2427 3191 2800 3258 tantorumque
2823 3191 3260 3264 coepiscoporum
3299 3206 3508 3255 tuorum
3534 3217 3598 3259 se
3626 3209 3892 3264 arbitratur

2327 3279 2616 3346 percellere
2653 3293 2708 3336 et
2743 3299 3001 3342 evacuare
3037 3276 3350 3347 sententias.
3404 3295 3554 3364 Quod
3579 3299 3624 3354 si
3656 3315 3777 3356 vere
3803 3301 3890 3356 tale

2322 3371 2520 3442 aliquid
2549 3374 2860 3441 invenisset,
2887 3382 2942 3434 ct
2965 3381 3106 3449 quod
3134 3381 3248 3452 ipse
3272 3389 3454 3451 sentit,
3485 3396 3536 3444 te
3563 3393 3766 3448 sentire
3791 3393 3889 3447 cla-

2323 3464 2555 3531 ruisset;
2601 3481 2871 3538 nunquam
2901 3478 2952 3526 te
2979 3487 3162 3541 unttm,
3193 3491 3321 3545 pace
3353 3488 3439 3533 tua
3469 3479 3721 3550 dixerim,
3753 3494 3823 3537 tot
3845 3493 3889 3538 et

2325 3556 2516 3612 talibus
2541 3558 2800 3629 praeferre
2825 3562 2876 3616 in
2899 3571 2960 3618 ea
2986 3578 3146 3621 causa
3173 3581 3472 3636 possemus,
3513 3571 3584 3628 de
3622 3587 3724 3644 qua
3768 3590 3886 3628 nun-

2321 3661 2480 3716 quam
2523 3649 2656 3706 Iides
2692 3651 2978 3708 christiana
3015 3662 3071 3710 et
3113 3657 3345 3714 Ecclesia
3377 3661 3636 3718 catholica
3666 3665 3885 3719 variavit.

2321 3738 2425 3792 Sed
2451 3739 2590 3795 absit
2619 3749 2678 3796 ut
2703 3751 2756 3798 tu
2783 3745 2924 3800 aliud
2947 3757 3183 3816 saperes,
3214 3759 3268 3804 et
3295 3749 3349 3804 iu
3380 3767 3440 3806 ea
3471 3762 3574 3808 tam
3606 3757 3886 3826 prtecipuns

2320 3831 2604 3886 emitteres.
2651 3834 2742 3889 Dic
2779 3847 2908 3906 ergo
2940 3845 2998 3892 et
3037 3847 3092 3894 tu
3131 3841 3351 3912 aliquid,
3383 3845 3521 3900 unde
3562 3847 3665 3902 iste
3697 3848 3888 3918 juvenis

2321 3923 2674 3979 confundatur
2713 3935 2768 3981 et
2815 3935 3155 3996 revereatur,
3203 3935 3367 4002 quia“
3414 3936 3606 4006 quaerit
3649 3939 3886 3994 maculant

2321 4027 2524 4080 meant;
2565 4025 2620 4070 et
2647 4017 2862 4086 ignosce
2887 4020 3036 4085 mihi,
3063 4023 3184 4091 quia
3209 4025 3430 4080 cmn'illi
3458 4026 3525 4082 de
3557 4028 3656 4084 hac
3691 4047 3746 4083 re
3778 4029 3886 4098 quid

2317 4105 2519 4160 sentias
2547 4105 3004 4177 demonstravero,
3032 4115 3349 4182 quaisiturus
3375 4126 3456 4172 est
3480 4127 3533 4172 et
3560 4127 3730 4172 tuam.
3771 4119 3888 4172 Dicit

2317 4195 2462 4249 enim
2487 4211 2702 4252 sensum
2728 4215 2848 4256 esse
2877 4201 3224 4258 IlIanichaeum
3244 4248 3259 4269 ,
3291 4206 3513 4263 credere
3543 4211 3790 4278 parvulos
3815 4211 3886 4264 in-

2319 4285 2563 4356 digcutes
2592 4303 2712 4345 esse
2742 4291 2936 4348 Christi
2966 4293 3271 4352 liberatoris
3295 4299 3513 4364 auxilio,
3541 4311 3601 4356 ut
3626 4317 3657 4356 a
3687 4303 3885 4358 damna-

2321 4379 2464 4435 tione
2487 4378 2798 4449 liberentur,
2825 4399 2926 4454 qua
2948 4385 2970 4418 ⁸
2996 4403 3060 4441 ex
3093 4397 3310 4458 peccato
3335 4391 3488 4460 primi
3516 4391 3749 4448 hominis
3771 4394 3886 4448 obli-

2317 4473 2425 4541 gati
2453 4482 2599 4528 sunt.
2630 4477 2706 4530 Ac
2735 4491 2832 4546 per
2858 4477 2958 4534 hoc
2981 4495 3103 4534 cum
3135 4489 3188 4537 te
3217 4481 3318 4538 hoc
3339 4485 3544 4541 sentire
3570 4487 3882 4558 cognoverit.

2317 4571 2410 4617 aut
2438 4563 2551 4634 ipse
2572 4581 2631 4620 se
2658 4569 2890 4638 corriget
2919 4570 2986 4624 ab
3016 4577 3198 4628 errore
3227 4573 3446 4645 Pelagii,
3477 4587 3646 4633 autet
3671 4578 3764 4633 tibi
3791 4577 3884 4632 cri-

2319 4669 2442 4709 men
2473 4656 2686 4727 objiciet
2717 4661 3018 4718 Manichtci.
3061 4663 3164 4720 Sed
3193 4673 3250 4722 ut
3272 4667 3610 4726 conferamus
3640 4673 3690 4727 ei
3717 4685 3881 4727 verum

2318 4747 2658 4818 beneﬁcium,
2688 4751 2878 4808 falsum
2908 4755 3024 4827 ejus
3051 4769 3158 4813 non
3189 4771 3435 4816 curemus
3461 4764 3822 4832 opprobrium.

2387 4837 2476 4894 24.
2505 4841 2642 4895 Audi
2665 4842 2798 4912 jam,
2825 4843 3051 4912 Juliane,
3074 4845 3198 4917 quid
3217 4851 3375 4904 etiam
3400 4849 3634 4909 Joannes
3655 4869 3774 4908 cum
3794 4868 3883 4908 caa-

2319 4932 2447 4988 teris
2470 4931 2742 4990 catholicis
2763 4937 3070 4994 doctoribus
3107 4941 3266 4997 dicat.
3307 4941 3389 4998 Ad
3427 4941 3727 5018 Olympiam
3771 4944 3884 5000 serio

2318 5023 2449 5080 bcns
2478 5043 2492 5080 :
2529 5026 2782 5094 «Quando
2805 5030 2946 5084 enim
2971 5031 3141 5088 Adam
3170 5035 3426 5103 peccavit,
3457 5055 3476 5088 ι
3508 5038 3702 5108 inquit,
3730 5057 3748 5090 ι
3773 5037 3882 5092 illud

2315 5120 2517 5188 grande
2554 5131 2846 5190 peccatum,
2877 5133 2932 5179 et
2971 5139 3130 5180 omne
3165 5143 3334 5198 genus
3361 5127 3631 5184 hominum
3667 5132 3718 5185 itt
3754 5145 3884 5186 com-

2317 5225 2476 5267 mune
2500 5212 2790 5280 damnavit,
2822 5215 2890 5270 de
2919 5232 3148 5273 maerore
3179 5233 3362 5288 poenas
3387 5221 3582 5276 luebat.
3614 5239 3634 5274 ι
3681 5221 3804 5276 Item
3825 5220 3882 5273 de

2318 5305 2722 5361 resuscitatione
2767 5306 2987 5362 Lazari:
3039 5327 3059 5360 ι
3087 5309 3278 5364 Flebat
3323 5309 3586 5378 Christus,
3617 5331 3638 5364 ι
3691 5309 3879 5382 inquit,

2381 5485 2414 5551 '__
2433 5486 2516 5533 ltic
2537 5497 2684 5551 unum
2705 5484 2968 5551 addebant
3002 5485 3138 5536 editi.
3165 5494 3215 5537 In
3259 5488 3542 5540 Floriacensi
3563 5497 3671 5551 λὶς»,
3691 5502 3782 5541 non
3801 5484 3878 5537 nt'i

2317 5545 2544 5596 delictum
2566 5547 2662 5596 vult
2695 5546 2912 5610 intelligi.
3655 5545 3666 5551 '
3691 5558 3694 5561 '

2378 5611 2399 5683 ξ
2429 5611 2500 5683 sic
2524 5618 2623 5672 Am.
2666 5616 2718 5658 et
2741 5617 2844 5683 Mss.
2884 5617 2940 5658 AI.
2962 5616 3035 5680 Igr.
3072 5619 3124 5660 et
3141 5619 3264 5683 _l.ov.
3283 5648 3298 5673 ,
3331 5611 3492 5664 uultus
3526 5612 3812 5683 puqubatur.

2379 5671 2400 5737 ἒ
2433 5677 2681 5737 Duo_‘.\:ss.,
2705 5678 2921 5737 amictum
2941 5671 3111 5737 timui.
3139 5671 3292 5737 tinus,
3310 5671 3582 5727 sanctorum
3603 5675 3826 5727 virorum.

2378 5735 2399 5765 λ
2434 5732 2870 5795 ι-Ιιινῑῖιρθιιδὶςιιιδη
2895 5734 3150 5795 separabit.

2379 5797 2399 5827 ⁸
2435 5802 2480 5843 In
2499 5798 2658 5849 editis,
2681 5793 2779 5856 qu’.
2807 5803 2852 5842 tu
2877 5793 3002 5852 Mss,
3027 5799 3156 5858 quia.

2379 5858 2398 5887 ⁶
2432 5859 2564 5912 ιλιιξιξ.
2593 5858 2720 5922 φίλει.
2752 5867 2870 5917 \Lss.,
2893 5871 3004 5920 ιίιια.
