4088 6576
247 408 344 465 657
985 424 994 431 '
1031 464 1049 479 ,

251 543 268 575 ι
295 537 388 578 cur
413 535 581 590 usque
605 517 670 573 ad
701 516 801 572 hoc
829 514 1125 572 mortalitas
1153 511 1486 584 deliquisset,
1523 520 1579 566 ut
1605 524 1826 564 excussa

245 617 309 671 de
336 611 757 684 perennitatibus
792 609 988 664 inferos
1020 606 1316 662 adamaret.
1350 603 1540 659 Flebat
1565 602 1830 666 Christus,

247 705 385 776 quod
407 719 502 760 eos
521 703 610 774 qui
634 700 962 755 immortales
989 711 1109 754 esse
1139 705 1405 767 poterant,
1437 693 1679 750 diabolus
1709 691 1836 748 fecit

246 810 362 851 esse
391 793 644 848 mortales
667 812 684 844 ι
717 789 970 862 (Humilia
996 789 1058 844 de
1091 787 1288 842 Loer
1329 780 1666 857 resuscitato).
1697 783 1832 851 Quid

249 885 349 940 dici
377 893 560 954 posset
593 880 938 952 expressius?
979 878 1116 947 Quid
1145 877 1213 932 ad
1258 879 1358 932 ista
1403 873 1744 945 respondes?
1781 873 1837 930 Si

253 977 416 1032 Adam
444 974 630 1043 grandi
673 981 894 1044 peccato
929 987 1028 1030 suo
1066 986 1226 1028 omne
1251 984 1420 1042 genus
1455 968 1744 1024 humanum
1785 969 1838 1022 in

251 1083 530 1122 conuuune
557 1064 849 1132 damnavit,
876 1061 1132 1134 numquid
1155 1062 1256 1118 nisi
1277 1061 1561 1118 damnatus
1584 1060 1839 1130 parvulus

256 1160 527 1217 nascitur?
577 1141 644 1214 Et
690 1173 784 1229 per
830 1173 1010 1228 quem,
1041 1157 1140 1213 nisi
1181 1172 1277 1226 per
1316 1154 1610 1215 Christum,
1637 1152 1705 1206 ab
1739 1150 1838 1205 ista

256 1252 591 1309 damnatione
618 1249 905 1306 liberatur?
937 1247 994 1305 Si
1020 1255 1074 1303 et
1101 1248 1152 1302 in
1174 1246 1378 1302 Lazaro
1407 1244 1598 1300 dicitur
1617 1257 1838 1298 excussa
1893 1233 1902 1240 ’

257 1346 322 1398 de
362 1341 779 1414 perennitatibus
818 1338 1115 1394 mortalitas
1156 1338 1356 1395 inferos
1383 1335 1693 1398 adamassc;
1723 1333 1842 1403 quis

257 1435 554 1492 mortalium
584 1449 689 1490 non
715 1433 784 1490 ad
805 1433 960 1490 istam
982 1431 1190 1503 culpam
1206 1444 1494 1500 casumque
1517 1427 1781 1498 pertineat
1800 1427 1839 1491 ',

253 1547 360 1600 quo
387 1529 581 1584 cecidit
607 1527 808 1598 primus
846 1525 1008 1581 homo
1042 1523 1112 1581 de
1141 1525 1263 1580 vita:
1299 1520 1653 1594 perennitaté,
1683 1536 1842 1588 quam

255 1621 297 1674 si
326 1637 429 1674 non
458 1625 704 1687 peccaret
723 1617 1038 1688 acceperat?
1063 1614 1119 1672 Si
1144 1614 1390 1670 diabolus
1415 1627 1606 1668 omnes
1626 1612 1716 1683 qui
1740 1611 1844 1666 im-

253 1713 511 1768 mortales
552 1725 673 1766 esse
720 1691 984 1782 poterant,
1039 1707 1176 1784 fecit
1207 1720 1328 1761 esse
1369 1704 1662 1766 mortales;
1705 1699 1846 1757 unde

253 1806 414 1858 etiam
458 1802 662 1874 parvuli
705 1800 1024 1866 moriuntur,
1073 1799 1120 1858 si
1163 1797 1380 1856 obnoxii
1429 1807 1648 1868 peccato
1689 1793 1845 1866 primi

256 1895 399 1950 illius
428 1893 658 1950 hominis
683 1909 790 1948 non
813 1891 976 1948 sunt?
1010 1891 1276 1962 Numquid
1298 1905 1446 1961 ergo,
1479 1889 1574 1943 nisi
1601 1904 1694 1958 per
1721 1903 1846 1944 cum

256 1989 308 2042 in
339 2003 445 2059 quo
471 2001 660 2042 omnes
689 1984 1100 2042 viviﬁcabuntur
1119 2025 1135 2052 ,
1164 1984 1326 2041 etiam
1355 1982 1558 2054 parvuli
1588 1982 1654 2038 de
1683 1997 1848 2052 regno

253 2079 445 2134 mortis
466 2079 762 2134 eruuntur?

325 2171 419 2224 25.
459 2169 669 2223 Tractat
699 2168 836 2222 idem
860 2168 1092 2224 Joannes
1116 2169 1171 2222 in
1199 2181 1448 2222 sermone
1477 2165 1705 2237 quodam
1747 2165 1848 2219 hu-

257 2259 486 2330 iusmodi
513 2259 882 2329 qumstionem,
917 2276 1014 2315 cur
1038 2259 1222 2314 bestia:
1248 2259 1331 2313 vel
1365 2259 1557 2313 lzcdaut
1583 2259 1846 2324 homines,

254 2355 342 2410 vel
371 2353 700 2418 interimant,
731 2368 855 2408 cum
896 2354 1159 2408 sententia
1201 2353 1408 2407 Domini
1456 2351 1728 2405 manifesta
1757 2350 1848 2415 sit,

253 2462 360 2517 qua
392 2461 484 2501 eas
521 2445 721 2500 homini
759 2446 1012 2512 subdidit,
1056 2455 1113 2501 ut
1145 2461 1328 2502 earum
1378 2445 1570 2500 habeat
1615 2455 1851 2514 potesta-

256 2548 366 2592 tem
399 2537 552 2610 (Gen.
583 2553 621 2602 ι,
645 2536 718 2592 28
739 2537 778 2608 ).
808 2537 976 2606 Quam
1007 2537 1357 2608 quaestionem
1383 2535 1460 2590 sic
1483 2535 1660 2602 solvit,
1689 2544 1745 2590 ut
1771 2535 1854 2590 di-

252 2636 364 2694 cat,
393 2637 520 2682 ante
549 2639 820 2698 peccatum
852 2644 1040 2684 omnes
1079 2627 1273 2684 bestias
1302 2628 1500 2684 homini
1533 2627 1694 2682 fuisse
1723 2629 1852 2684 sub-

244 2719 462 2790 jcctas;
495 2718 635 2788 quod
665 2729 841 2774 autem
873 2735 1015 2774 nunc
1044 2719 1344 2775 hominibus
1370 2727 1595 2783 nocent,
1642 2734 1853 2788 paruam

249 2809 417 2881 primi
463 2824 584 2866 esse
624 2809 846 2880 peccati.
893 2810 1104 2867 Prolixa
1149 2809 1392 2864 tractatio
1435 2819 1550 2875 est,
1585 2809 1704 2864 ideo
1733 2809 1856 2866 huic

247 2901 408 2972 operi
455 2918 561 2956 non
603 2917 632 2954 a
664 2915 752 2957 me
799 2901 1089 2956 inseritur:
1133 2901 1230 2957 sed
1273 2901 1470 2970 aliquid
1514 2910 1688 2956 tamen
1733 2901 1858 2957 inde

249 2999 477 3063 oportet
504 2999 560 3046 ut
585 3007 800 3062 ponam.
837 3011 856 3044 ι
894 2992 1188 3058 Timemus,
1226 3010 1244 3044 ι
1277 2992 1466 3063 inquit,
1500 3010 1519 3045 ι
1557 2991 1775 3060 bestias,
1802 3000 1858 3048 et

247 3097 559 3154 pavennis:
586 3098 692 3138 non
717 3083 1045 3139 conti-adice.
1067 3083 1136 3138 Et
1160 3097 1188 3137 a
1211 3083 1508 3156 principatu
1527 3083 1853 3138 decidimus:

246 3187 306 3230 et
340 3176 452 3230 hoe
478 3174 598 3230 dico
634 3175 746 3244 ipse
775 3175 957 3231 etiam.
1001 3173 1106 3230 Sed
1143 3189 1245 3229 non
1278 3174 1380 3228 hoc
1417 3174 1648 3229 ostendit
1686 3173 1855 3245 legem

245 3265 349 3320 Dei
384 3279 516 3320 esse
542 3265 852 3320 mendacem
884 3282 898 3318 :
925 3264 993 3320 ab
1021 3264 1172 3320 initio
1197 3264 1340 3320 enim
1367 3279 1472 3318 non
1498 3263 1570 3318 ita
1594 3279 1680 3319 res
1707 3272 1859 3319 erant

242 3356 572 3426 disposite;
603 3356 696 3411 sed
730 3356 1004 3419 timebant,
1049 3363 1106 3412 et
1144 3355 1463 3420 tremebant,
1514 3365 1565 3409 et
1609 3353 1860 3426 subjicie-

244 3449 461 3502 bantur
488 3447 730 3502 domino.
759 3447 824 3502 Et
849 3446 1100 3518 quoniam
1127 3463 1155 3500 a
1187 3447 1374 3502 ﬁducia
1401 3445 1714 3509 decidimus,
1743 3459 1862 3516 pro-

239 3541 397 3596 fecto
432 3549 494 3595 et
521 3539 589 3592 ab
620 3539 845 3594 honore.
877 3537 1032 3594 Unde
1075 3538 1181 3594 hoc
1222 3537 1562 3593 manifestum
1591 3538 1706 3593 est?
1745 3537 1855 3592 Ad-

237 3630 410 3684 duxit
457 3621 660 3683 bestias
695 3627 760 3682 ad
805 3628 996 3695 Adam,
1025 3628 1208 3684 videre
1239 3629 1366 3700 quid
1396 3645 1488 3686 eas
1515 3639 1762 3697 vocaret,
1807 3636 1861 3686 ct

237 3737 356 3775 non
393 3719 612 3772 resiluit
639 3718 806 3772 Adam
840 3727 1089 3790 tanquam
1119 3718 1331 3774 timens.
1372 3739 1391 3774 ι
1423 3719 1488 3774 Ει
1513 3720 1672 3791 paulo
1703 3729 1856 3790 post:

240 3829 264 3862 ι
305 3810 434 3864 lloc
463 3823 656 3872 unum,
693 3825 713 3860 ι
748 3808 936 3878 inquit,
976 3827 995 3862 ι
1031 3809 1239 3880 signum
1268 3850 1286 3876 ,
1329 3809 1468 3881 quod
1515 3824 1620 3864 non
1666 3809 1863 3866 fuerint

236 3900 468 3955 Ιιυιιιίιιί
517 3897 587 3952 ab
630 3899 780 3953 initio
822 3899 1084 3954 terribiles
1125 3899 1345 3966 bestiae;
1385 3899 1676 3956 secundum
1715 3900 1859 3956 aliud

236 3995 352 4047 Isto
391 3991 764 4054 manifestius,
805 4007 924 4063 qua:
956 3991 1049 4047 fuit
1090 3993 1156 4048 ad
1197 3993 1476 4049 mulierem
1520 4010 1612 4064 per
1637 4009 1858 4065 serpen-

232 4094 353 4140 tem
389 4084 716 4154 disputatio.
749 4084 803 4140 Si
843 4085 984 4139 enim
1031 4093 1216 4140 essent
1258 4086 1518 4142 terribiles
1558 4086 1860 4144 hominibus

233 4177 443 4232 bestiae
465 4216 484 4242 ,
525 4192 629 4230 non
671 4177 850 4246 utique
878 4177 1070 4233 mulier
1107 4175 1221 4232 viso
1250 4188 1501 4248 serpente
1537 4178 1858 4245 mansisset;

230 4285 352 4324 non
384 4267 704 4338 accepisset
731 4269 1032 4335 consilium,
1067 4286 1170 4325 non
1211 4270 1261 4326 ci
1297 4285 1418 4327 cum
1462 4279 1606 4326 tanta
1651 4287 1860 4328 sermo-

225 4364 542 4416 cinaretur
571 4359 783 4429 ﬁducia,
816 4362 907 4418 sed
937 4365 1114 4418 statim
1145 4364 1210 4420 ad
1255 4366 1428 4437 ipsum
1470 4375 1525 4422 et
1561 4369 1863 4438 expavisset

223 4465 286 4510 et
321 4454 652 4510 resiluisset
680 4464 952 4526 aspectum
982 4475 995 4512 :
1027 4473 1168 4514 nunc
1195 4466 1371 4514 autem
1414 4468 1468 4514 ct
1495 4459 1766 4531 disputat,
1807 4472 1861 4518 ct

224 4563 343 4601 non
384 4547 582 4601 timet.
620 4545 862 4601 Nondum
903 4549 1044 4604 enim
1085 4559 1202 4605 erat
1241 4549 1398 4606 timor
1435 4551 1534 4608 iste
1559 4570 1571 4608 :
1595 4552 1689 4608 sed
1739 4555 1861 4624 quia

225 4647 551 4708 peccatum
584 4635 882 4706 ingressum
913 4649 1016 4705 est,
1046 4640 1221 4696 ablata
1251 4651 1370 4696 sunt
1402 4657 1464 4699 ea
1494 4658 1613 4714 qua:
1644 4645 1860 4702 honoris

131 4719 152 4738 κ
222 4737 418 4783 erant.
448 4747 470 4780 ι
495 4727 742 4798 Itemque
762 4739 880 4799 post
908 4731 1210 4798 paululum:
1237 4750 1254 4783 ι
1283 4731 1544 4800 Quamdiu
1573 4735 1808 4804 quidem,
1837 4754 1855 4788 ι

219 4821 440 4892 inquit,
479 4838 501 4872 ι
543 4818 781 4874 habebat
808 4820 872 4874 ad
907 4821 1069 4876 Deum
1100 4821 1368 4890 ﬁduciam,
1400 4826 1650 4881 terribilis
1681 4827 1864 4884 bestiis

223 4922 388 4978 erat;
416 4911 527 4968 sed
567 4912 688 4982 quia
719 4911 958 4978 otl'endit,
994 4924 1263 4970 extremos
1292 4917 1452 4972 etiam
1479 4933 1860 4976 conservonnn

215 5021 468 5062 suorum
503 5003 627 5073 jam
675 5014 848 5073 pavet.
879 5004 1031 5072 Quod
1061 5007 1106 5062 si
1149 5006 1251 5063 hoc
1288 5023 1392 5063 non
1437 5018 1554 5076 est,
1592 5029 1611 5063 ι
1646 5011 1858 5082 inquit;

222 5115 245 5148 c
289 5105 349 5152 tu
407 5095 562 5152 mihi
617 5096 880 5161 ostende,
929 5107 1054 5153 ante
1093 5107 1368 5168 peccaturo
1412 5099 1553 5170 quod
1597 5103 1861 5158 terribiles

210 5196 388 5242 erant
421 5185 756 5240 hominibus
781 5187 1006 5242 bestire:
1041 5189 1134 5244 sed
1165 5205 1270 5245 non
1311 5191 1549 5248 habebis.
1581 5193 1634 5248 Si
1681 5202 1860 5250 autem

211 5290 350 5350 post
381 5286 554 5332 tanta
595 5275 865 5346 ingressus
895 5288 978 5334 est
1004 5279 1192 5346 timor;
1234 5281 1415 5340 ethoc
1443 5283 1619 5340 tutela:
1651 5285 1857 5340 Domini

208 5380 305 5427 est
327 5372 376 5424 ³.
417 5369 482 5426 Si
519 5367 681 5423 enim
709 5370 960 5426 mandato
986 5371 1130 5442 quod
1157 5372 1338 5429 datum
1366 5385 1468 5443 est,
1500 5385 1644 5433 moto
1671 5379 1737 5434 ab
1764 5378 1860 5432 ho-

207 5465 373 5516 mine
401 5471 464 5516 et
497 5459 716 5526 soluto,
749 5459 921 5518 honor
943 5463 1031 5532 qui
1058 5465 1107 5520 ei
1133 5464 1287 5521 datus
1317 5478 1432 5522 erat
1454 5484 1484 5522 a
1513 5469 1620 5523 Deo
1645 5513 1658 5534 ,
1707 5487 1858 5526 man-

205 5557 390 5612 sisset
423 5551 770 5619 immobilis,
793 5570 895 5610 non
928 5555 1083 5612 facile
1113 5563 1496 5618 I'CSIll'l'CXiSSL‘l
1521 5563 1799 5634 i(llomilia
1827 5569 1859 5622 9

202 5728 241 5778 Γ
277 5661 708 5776 εθισῖοτξειεοιιδὶδ
747 5669 829 5714 Ms.
856 5701 870 5726 ,
915 5679 1007 5717 non
1049 5667 1190 5718 istam
1229 5671 1420 5735 culpam
1458 5687 1713 5740 rasmnqnc
1749 5690 1860 5740 pcr-

227 5741 298 5777 .m
331 5742 363 5775 ο
396 5762 410 5774 .

227 5769 235 5777 .
245 5740 389 5776 διιέναι
396 5762 410 5774 ι

276 5790 297 5819 ²
338 5791 422 5838 sic
454 5797 582 5836 uss.
603 5819 620 5843 ,
662 5784 800 5857 juxta
836 5803 1064 5851 grsrcutn.
1099 5801 1141 5843 tt
1168 5801 1237 5843 Er.
1267 5804 1315 5844 ct
1341 5805 1472 5857 l.0\'.,
1500 5799 1646 5848 tutela
1678 5802 1860 5850 Iromfni

201 5857 278 5901 est
300 5865 319 5908 ;
347 5863 586 5909 ounsso,
628 5853 678 5896 et
700 5846 805 5898 hoc.

1595 394 1792 451 LIBER
1837 391 2109 448 PRIMUS.

3424 385 3528 446 658

1947 510 1998 563 in
2030 508 2305 579 Genesim).
2351 508 2552 578 Nempe
2602 505 2944 562 manifestum
2971 514 3071 570 est,
3095 514 3335 560 sanctum
3362 502 3529 560 Joan-

1946 617 2067 656 nem
2115 601 2214 656 hac
2258 599 2614 670 disputatione
2656 610 3018 663 monstrasse,
3063 595 3194 651 illud
3237 593 3380 666 quod
3435 609 3534 664 per

1945 707 2108 746 unum
2138 691 2406 746 hominem
2434 691 2450 723 ¹
2484 691 2781 762 ingressum
2825 697 2927 756 est,
2961 702 3242 744 commune
3285 685 3534 741 omnibus

1949 784 2144 838 factum
2189 797 2310 838 esse
2348 791 2657 853 peccatum,
2685 781 3112 853 quandoquidem
3144 778 3394 835 omnibus
3432 789 3538 832 ler-

1948 891 2038 930 ror
2059 877 2357 932 communis
2386 886 2469 932 cst
2498 876 2787 932 bestiarum
2813 893 2827 930 :
2859 889 2978 946 quae
3005 875 3188 945 utique
3217 887 3318 929 nec
3359 871 3502 927 infan

1947 967 2089 1023 tibus
2120 975 2374 1038 parcunt;
2415 983 2551 1039 quos
2578 966 2840 1040 profecto,
2892 966 3186 1024 secundum
3239 965 3400 1021 istum
3435 974 3546 1018 tra—

1947 1069 2148 1116 ctatum
2162 1059 2407 1127 Joannis,
2433 1060 2576 1116 nullo
2605 1061 2764 1116 modo
2788 1059 3062 1128 Ia'dercnt,
3089 1059 3203 1116 sive
3231 1067 3494 1114 terrerent
3533 1093 3546 1116 φ

1949 1151 2050 1207 nisi
2077 1159 2260 1207 essent
2277 1153 2475 1208 veteris
2501 1151 2644 1208 illius
2667 1153 2870 1224 peccati
2897 1151 3220 1224 obligatione
3241 1149 3539 1206 constricti.

2019 1244 2112 1300 26.
2155 1245 2271 1311 Dic,
2301 1244 2531 1312 Julianc,
2559 1245 2648 1302 dic
2685 1245 2845 1302 etiam
2877 1245 3038 1300 istum
3067 1243 3236 1316 (quid
3264 1243 3406 1298 enim
3428 1242 3535 1312 jam

1949 1336 2160 1394 dubitas
2183 1337 2441 1414 dicere!)
2471 1336 2820 1394 Manicbtcum
2845 1378 2862 1404 ,
2910 1337 3002 1408 qui
3051 1344 3248 1392 tantam
3298 1345 3500 1390 natura:
3524 1375 3539 1394 .

1951 1429 2105 1500 cujus
2135 1429 2493 1486 innocentiam
2523 1429 2827 1498 defenditis,
2866 1428 2989 1486 fecit
3031 1429 3298 1502 injuriam,
3331 1437 3383 1484 et
3414 1443 3542 1498 pro-

1955 1519 2288 1591 pagationem
2313 1519 2673 1576 damnationis
2703 1521 2951 1576 asseruit.
2980 1519 3093 1575 lmo
3116 1535 3246 1576 vero
3274 1519 3466 1575 cohibe
3494 1529 3544 1574 te

1953 1611 2152 1682 ipsum,
2179 1612 2223 1667 si
2248 1612 2376 1683 quid
2402 1613 2494 1669 tibi
2519 1621 2602 1670 est
2626 1613 2879 1670 sanabilis
2904 1613 3118 1682 mentis,
3143 1623 3193 1670 et
3221 1613 3462 1685 corrige;
3491 1625 3546 1670 et

1953 1701 2240 1773 aliquando
2269 1703 2523 1774 iutellige,
2569 1703 2837 1774 quomodo
2883 1705 3117 1774 potuerit
3157 1705 3337 1761 dicere
3381 1705 3544 1760 Joan-

1955 1809 2074 1861 nes,
2106 1795 2359 1863 parvulos
2381 1810 2488 1850 non
2519 1795 2715 1852 habere
2741 1807 2992 1868 peccata;
3023 1813 3127 1852 non
3154 1797 3294 1868 quod
3324 1808 3546 1867 lleCt'illt)

1957 1889 2252 1956 p:imorum
2303 1886 2577 1941 hominum
2625 1903 2732 1942 non
2794 1896 3076 1944 teneantur
3119 1888 3397 1952 obstricti,
3451 1888 3546 1944 sed

1954 1976 2096 2046 quod
2125 1991 2221 2032 sua
2254 1977 2398 2032 nulla
2436 1978 2824 2034 commiserint.
2856 1977 2921 2038 Et
2959 1978 3063 2035 hoc
3098 1978 3313 2049 quidem
3356 1981 3406 2034 in
3451 1997 3546 2036 ea-

1955 2069 2076 2124 dem
2100 2069 2211 2140 ipsa
2237 2069 2479 2138 homilia,
2502 2070 2546 2126 si
2572 2078 2734 2128 totam
2758 2070 2999 2142 legisses,
3024 2072 3266 2132 invenire
3290 2073 3504 2142 potuisti
3531 2091 3544 2126 :

1956 2169 2049 2215 aut
2074 2162 2116 2215 si
2146 2161 2340 2231 legisti,
2397 2161 2578 2217 nescio
2604 2162 3057 2232 quemadmodum
3096 2171 3148 2219 te
3187 2164 3361 2238 potuit
3407 2181 3547 2234 pra:-

1960 2253 2121 2306 terire
2151 2269 2164 2306 :
2197 2261 2288 2306 aut
2314 2254 2356 2307 si
2385 2254 2660 2322 pra:terire
2690 2269 2794 2308 non
2823 2255 3014 2324 potuit,
3045 2255 3210 2310 miror
3235 2271 3334 2312 cur
3364 2265 3413 2310 te
3443 2274 3546 2311 non

1958 2343 2282 2408 correxerit;
2304 2343 2346 2398 si
2373 2354 2549 2398 tamen
2575 2345 2770 2415 aliquid
2797 2345 2936 2414 apud
2967 2356 3016 2400 te
3031 2347 3172 2402 valet
3199 2346 3420 2403 Joannis
3446 2362 3548 2402 au-

1957 2434 2195 2491 ctoritas.
2226 2433 2332 2489 Aut
2357 2434 2401 2490 si
2429 2434 2518 2490 illo
2547 2449 2796 2490 sermone
2823 2437 3078 2506 perlecto,
3099 2452 3269 2507 coque
3291 2436 3410 2492 loco
3435 2437 3552 2506 ejus

1958 2542 2115 2596 quem
2147 2537 2662 2586 connuemoraturus
2703 2543 2843 2596 sum,
2888 2531 3100 2602 cognito
3129 2541 3288 2600 atque
3326 2546 3549 2601 perspe-

1959 2627 2068 2685 cto,
2100 2617 2155 2673 in
2183 2617 2438 2690 opinione
2467 2627 2557 2674 tua
2585 2619 2910 2675 manendum
2945 2623 3174 2691 putasti;
3213 2623 3396 2693 utquid
3430 2622 3553 2678 inde

1961 2708 2123 2764 verba
2151 2709 2404 2780 quaelibet
2432 2709 2703 2766 inscruisti
2743 2712 2890 2784 operi
2925 2711 3050 2768 tuo?
3082 2713 3162 2767 An
3199 2710 3338 2768 forte
3368 2723 3426 2768 ut
3455 2729 3554 2768 nos

1963 2808 2133 2856 totum
2179 2801 2402 2872 legere”
2444 2815 2838 2869 commoneres,
2870 2813 2925 2859 et
2967 2803 3206 2860 invenire
3251 2805 3392 2860 unde
3436 2814 3555 2860 tuas

1961 2891 2494 2963 deprehenderemus
2527 2903 2582 2949 et
2618 2895 3062 2951 convinceremus
3110 2896 3372 2951 insidias?
3415 2898 3554 2964 Quid

1961 2984 2104 3039 enim
2131 2984 2389 3054 apertius,
2419 2999 2578 3056 quam
2609 2984 2662 3040 id
2689 2984 2830 3057 quod
2857 2985 2929 3040 ibi
2958 2985 3111 3054 dixit,
3143 3005 3163 3040 ι
3201 2986 3361 3042 Venit
3386 2988 3555 3044 semel

1962 3073 2228 3142 Christus,
2273 3083 2328 3130 et
2361 3076 2598 3146 paternis
2632 3088 2731 3130 nos
2773 3076 3113 3143 cautionibus
3149 3077 3351 3133 invenit
3392 3079 3553 3133 astri-

1961 3175 2099 3232 ctos,
2131 3180 2264 3236 quas
2292 3167 2609 3236 conscripsit
2634 3167 2824 3222 Adam.
2857 3167 2950 3224 Ille
2974 3167 3182 3224 initium
3213 3169 3554 3241 obligationis

1961 3257 2214 3322 ostendit,
2247 3257 2481 3328 peccatis
2510 3257 2708 3314 nostris
2737 3257 2888 3314 fenus
2916 3259 3152 3316 accrevit
3173 3259 3459 3334 >(Ilomilia
3485 3263 3554 3316 ad
3569 3268 3578 3286 "

1964 3345 2343 3422 Neap/cyma)?
2389 3348 2626 3406 Audisne
2654 3349 2926 3409 hominem
2957 3351 3008 3406 in
3056 3350 3161 3407 ﬁde
3211 3354 3470 3409 catholica
3498 3363 3553 3410 et

1962 3442 2230 3497 eruditum
2257 3451 2313 3499 et
2337 3443 2669 3498 erudientem
2691 3485 2706 3510 ,
2744 3443 3157 3517 distinguentem
3177 3442 3426 3502 debitum
3457 3465 3553 3518 pa-

1967 3536 2105 3592 terni
2131 3535 2493 3606 cliirographi,
2525 3536 2666 3610 quod
2700 3537 3094 3594 litercditarimn
3125 3539 3280 3595 nobis
3306 3539 3554 3606 inhmsit,

1963 3627 2032 3684 ab
2057 3627 2134 3682 eis
2161 3626 2376 3693 debitis,
2405 3641 2632 3698 quorum
2664 3642 2758 3698 per
2795 3637 2975 3686 nostra
3007 3639 3219 3700 peccata
3262 3629 3416 3686 fenus
3457 3647 3552 3687 ac-

1963 3717 2167 3773 crevit?
2199 3717 2363 3774 Audis
2406 3717 2531 3788 quid
2573 3719 2810 3790 parvulis
2850 3719 2904 3776 in
2947 3719 3220 3792 Baptismo
3260 3721 3552 3790 relaxetur,

1965 3809 2055 3880 qui
2084 3807 2318 3864 nondum
2351 3809 2563 3879 propria
2593 3809 2769 3866 debita
2799 3820 3204 3880 contraxerunt,
3242 3827 3343 3868 nec
3375 3822 3553 3871 tamen

1965 3918 1994 3957 a
2051 3911 2272 3973 paterno
2325 3901 2682 3974 chirographo
2739 3903 3004 3961 immunes
3053 3919 3173 3962 esse
3227 3909 3553 3978 potuerunt?

1965 3996 2141 4054 Verba
2176 3996 2372 4068 quippe
2401 3997 2518 4066 ejus
2554 4013 2658 4053 non
2690 3998 3036 4068 interpretata
3080 3998 3157 4055 sic
3204 3999 3448 4070 leguntur
3497 4002 3549 4055 in

1964 4103 2171 4158 grteco:
2195 4105 2214 4140 α
2247 4072 2456 4160 fine-rat
2479 4092 2614 4156 ἅπαθε
2636 4094 2662 4144 ὁ
2685 4097 2913 4161 Χριστὸς,
2941 4092 3066 4162 εὗρεν
3097 4099 3228 4160 ἡμῶν
3251 4101 3558 4166 χειρόκραρον

1966 4190 2200 4250 πατρῶον,
2227 4186 2254 4235 ὃ
2283 4205 2329 4236 τι
2350 4188 2538 4254 ἔγραφεν
2557 4186 2582 4236 ὁ
2608 4170 2762 4250 Ᾱᾶἁμ.
2808 4170 2994 4244 ἐκεῖνος
3023 4194 3110 4245 τὴν
3137 4185 3290 4254 ἀρχὴν
3319 4194 3559 4252 εἰσήγαγεν

1966 4280 2049 4328 τοῦ
2074 4279 2277 4343 χρείους,
2307 4281 2440 4341 ἡμεῖς
2468 4282 2546 4328 τὸν
2568 4278 2810 4344 δανεισμὸν
2836 4266 3102 4344 nudauit"
3121 4292 3225 4338 ταῖς
3239 4288 3558 4348 [estw/creari“

1966 4385 2072 4434 ραις
2095 4368 2374 4437 ἁμαρτίαις.
2399 4385 2417 4418 ι
2439 4365 2568 4435 Quae
2585 4366 2803 4423 verbum
2827 4382 2858 4422 e
2881 4368 3080 4424 verbo'
3101 4369 3446 4440 interpretata
3476 4374 3555 4428 sic
3586 4392 3592 4395 ’

1967 4469 2027 4508 se
2071 4453 2302 4510 habent:
2348 4474 2368 4508 ι
2405 4456 2558 4512 Venit
2587 4457 2752 4514 semel
2783 4457 3048 4528 Christus,
3082 4459 3283 4517 invenit
3310 4472 3550 4518 nostrum

1965 4549 2372 4620 chirographum
2397 4561 2699 4622 paternum,
2719 4555 2860 4624 quod
2905 4555 3118 4628 scripsit
3141 4555 3332 4612 Adam.
3353 4555 3443 4612 Ille
3469 4558 3554 4612 in-

1969 4641 2120 4695 itium
2149 4643 2556 4709 induxitdcbiti,
2595 4661 2692 4700 nos
2716 4645 2871 4703 fenus
2896 4647 3142 4704 auximus
3171 4650 3554 4720 posterioribus

1968 4732 2248 4800 peccatis»
2284 4732 2546 4805 Numquid
2572 4745 2854 4791 contentus
2885 4736 2980 4792 fuit
3001 4737 3202 4805 dicere,
3237 4749 3548 4810 «paternum

1967 4823 2412 4894 chirographum;
2442 4845 2460 4878 ι
2488 4825 2586 4880 nisi
2617 4826 2859 4893 adderet,
2889 4847 2908 4880 ι
2938 4830 3217 4884 nostrum?
3247 4849 3266 4882 ι
3290 4829 3358 4886 Ut
3385 4833 3552 4886 scire-

1967 4931 2106 4980 mus,
2132 4925 2416 4987 antequam
2457 4917 2612 4973 fenus
2656 4921 2890 4988 peccatis
2933 4922 3132 4978 nostris
3170 4925 3554 4992 posterioribus

1967 5022 2308 5077 augeremus,
2331 5007 2442 5078 jam
2474 5009 2610 5065 illius
2639 5010 2977 5083 chirographi
3005 5014 3212 5085 paterni
3244 5015 3308 5070 ad
3343 5032 3439 5073 nes
3468 5019 3558 5072 dt."

1969 5098 2133 5152 hitum
2169 5100 2452 5169 pertinere.

2036 5189 2127 5244 27.
2168 5189 2310 5262 Lege
2337 5192 2498 5248 etiam
2527 5193 2976 5264 quemadmodum
3007 5207 3241 5267 exponat
3270 5199 3408 5255 idem
3442 5201 3556 5272 ipse

1968 5281 2047 5335 vir
2073 5293 2287 5337 sanctus
2316 5283 2564 5340 eumdem
2596 5286 2768 5356 ipsum
2798 5289 3042 5358 Apostoli
3075 5291 3271 5358 loemu,
3302 5293 3388 5347 ubi
3417 5295 3522 5346 seri
3541 5324 3554 5331 -

1970 5383 2114 5444 ptum
2161 5383 2262 5440 est,
2312 5374 2415 5446 Per
2453 5393 2607 5432 unum
2653 5378 2905 5435 hominem
2949 5395 3206 5450 peccatum
3257 5384 3460 5437 intrarit
3504 5387 3568 5438 i-i,

1968 5467 2229 5520 "modum.
2261 5466 2334 5522 Ibi
2377 5469 2518 5522 enim
2551 5469 2669 5526 luce
2695 5471 2892 5527 clarius
2922 5473 2972 5530 in
3019 5471 3176 5546 hujus
3213 5476 3335 5531 ﬁdei
3374 5479 3556 5531 catho-

2033 5619 2057 5686 εἰ
2086 5619 2170 5728 Illic
2205 5619 2252 5667 in
2279 5619 2420 5669 editis
2441 5619 2632 5672 additur
2651 5657 2665 5682 ,
2706 5631 2989 5685 peccatum;
3026 5626 3153 5690 quod
3178 5626 3314 5674 abest
3340 5637 3366 5673 a
3393 5638 3555 5672 nunu-

2037 5695 2093 5728 ’11)
2119 5695 2176 5728 IS.

1968 5695 2176 5729 St'i'lllllS.

2037 5696 2059 5728 'l
2083 5695 2176 5729 ius.

2033 5746 2052 5811 ξ
2066 5695 2212 5811 [Apud
2233 5749 2360 5798 ων..
2389 5756 2472 5792 nos
2495 5752 2652 5811 terum
2677 5746 2850 5811 legere.
3438 5802 3446 5811 ,
3491 5804 3518 5811 _,

2035 5807 2052 5835 ³
2088 5805 2230 5861 Nili.
2272 5816 2386 5864 (illa?
2443 5807 2584 5856 l‘tft'lm
2627 5823 2652 5859 c
2701 5805 2852 5862 ιῖίννιιο.
2887 5813 3170 5860 Coucinuius
3214 5805 3550 5859 ntanttscrigdis

1970 5875 2082 5925 (mw
2107 5868 2296 5916 t‘tlt’ll.'.m
2329 5881 2353 5916 c
2379 5871 2534 5920 rcrllo.
