4088 6510
601 389 704 444 659

598 507 713 562 liceo
737 507 962 562 veritate
994 515 1257 564 versatur.
1285 507 1436 576 Quod
1477 515 1642 560 totum
1689 505 1810 572 quia
1854 504 2068 573 longum
2099 509 2182 555 est

597 600 724 654 huic
751 601 904 668 operi
935 597 1195 665 intexere,
1230 609 1396 668 pauca
1425 598 1546 652 inde
1583 596 1907 668 contingam.
1945 613 1964 646 ι
2018 592 2184 646 Matti-

599 691 792 744 festum
815 731 829 754 ,
867 709 887 742 ι
922 689 1092 760 inquit
1115 732 1130 757 ,
1170 709 1188 742 ‹
1226 690 1476 760 quoniam
1519 705 1622 742 non
1669 687 1841 757 ipsum
1881 693 2180 754 peccatum,

597 784 742 849 quod
791 799 856 838 ex
903 783 1034 850 legis
1085 783 1544 852 transgressione.
1593 780 1684 834 St‘d
1731 777 1860 833 illud
1907 788 2184 846 peceatum

599 875 741 946 quod
769 890 834 930 ex
861 873 986 928 Adae
1013 873 1391 937 inobedieutia,
1423 873 1522 926 hoc
1547 881 1661 925 erat
1686 869 1826 940 qttod
1855 867 2032 922 onmia
2058 882 2188 920 cou-

598 967 894 1022 taminavit.
945 987 963 1019 ι
1010 967 1073 1020 Et
1114 966 1269 1036 paulo
1302 975 1420 1033 post
1462 981 1474 1017 :
1516 983 1535 1016 ι
1585 963 1860 1032 Regnavit,
1907 977 1927 1011 ι
1979 959 2183 1028 inquit,

605 1082 624 1110 ι
663 1075 798 1114 mors
825 1058 888 1112 ab
917 1059 1080 1112 Adam
1120 1075 1277 1124 usque
1320 1055 1388 1110 ad
1423 1055 1653 1126 Moysen,
1699 1064 1746 1107 et
1775 1053 1826 1106 in
1859 1068 1943 1106 eos
1973 1052 2058 1122 qui
2087 1065 2187 1103 non

592 1160 945 1225 peccaverunt.
974 1149 1252 1218 Quomodo
1277 1147 1548 1213 regnavit?
1573 1145 1640 1200 In
1665 1143 1996 1198 similitudine
2019 1152 2186 1194 trans-

590 1241 868 1313 gressionis
886 1241 1030 1305 Adae,
1053 1241 1138 1316 qui
1159 1247 1233 1293 est
1257 1241 1418 1299 [arma
1434 1237 1612 1305 futuri.
1639 1235 1924 1304 PrOpterea
1943 1241 1995 1287 et
2016 1230 2182 1286 forma

595 1341 682 1386 est
707 1331 903 1388 Christi
933 1331 1122 1386 Adam.
1155 1329 1434 1398 Quomodo
1461 1327 1629 1382 forma
1665 1337 1774 1388 est,
1813 1323 1996 1378 aiunt?
2034 1321 2181 1390 Quo-

598 1427 742 1481 niam
783 1425 919 1478 sicut
965 1423 1056 1478 ille
1099 1439 1165 1477 ex
1210 1421 1498 1491 semetipso
1541 1416 1901 1482 nascentibus,
1943 1413 2186 1485 quamvis

598 1533 708 1572 non
737 1516 1171 1571 manducaverint
1199 1515 1266 1568 de
1293 1513 1452 1582 ligno,
1487 1512 1654 1566 factus
1684 1517 1768 1565 est
1795 1522 1951 1562 causa
1971 1505 2182 1570 mortis,

595 1624 719 1680 qua:
745 1623 840 1679 per
864 1607 1039 1663 cibum
1069 1605 1283 1661 inducta
1312 1615 1393 1659 est
1417 1621 1432 1658 :
1459 1603 1529 1658 ita
1557 1612 1612 1657 et
1638 1601 1879 1657 Christus
1909 1601 1975 1654 iis
2000 1600 2088 1670 qui
2120 1613 2186 1654 ex

597 1701 717 1769 ipso
753 1709 898 1764 sunt,
931 1699 1137 1753 tametsi
1167 1696 1297 1752 nihil
1331 1697 1474 1767 juste
1502 1695 1728 1766 egerint,
1759 1692 1928 1749 factus
1955 1702 2038 1749 est
2063 1707 2190 1762 pro-

595 1791 744 1846 visor
763 1790 1002 1860 justitizr,
1029 1805 1186 1860 quam
1219 1804 1314 1859 per
1340 1803 1554 1844 crucem
1596 1786 1750 1842 nobis
1778 1787 2027 1841 omnibus
2055 1801 2186 1841 cono

596 1884 836 1939 donavit.
877 1903 897 1936 ι
928 1883 1048 1939 Alio
1077 1883 1195 1938 loco
1232 1883 1283 1936 in
1313 1881 1504 1936 eodem
1535 1895 1784 1935 sermone
1824 1897 1838 1933 :
1879 1897 1898 1930 ι
1951 1879 2023 1934 Ut
2064 1895 2184 1934 Cllm

594 1977 693 2034 tibi
731 1977 926 2033 dixerit
963 1975 1198 2042 Judmus,
1250 1993 1270 2028 ι
1315 1973 1506 2045 inquit,
1541 1991 1560 2025 ι
1595 1971 1864 2044 quomodo
1889 1971 2046 2026 unius
2075 1971 2188 2026 vir-

596 2078 712 2126 tute
737 2067 934 2124 Christi
962 2067 1194 2124 mundus
1233 2067 1464 2122 salvatus
1495 2065 1615 2120 est?
1656 2065 1830 2135 possis
1867 2063 1917 2118 ei
1969 2063 2148 2118 dicere
2171 2104 2186 2127 ,

598 2161 1060 2230 Quemadmodum
1143 2175 1254 2214 uno
1315 2157 1656 2214 inobediente
1714 2155 1882 2210 Atiam
1956 2152 2216 2208 mundus-

521 2241 528 2247 ’
596 2255 884 2309 damnatus
929 2262 1032 2310 est.
1076 2251 1390 2322 Quanquam
1435 2265 1540 2304 non
1595 2249 1702 2304 sint
1749 2246 1971 2318 :equalia
2020 2246 2186 2316 gratia

599 2357 764 2418 atque
795 2355 1090 2416 peccatum,
1122 2361 1294 2415 neque
1338 2343 1482 2414 paria
1526 2341 1636 2397 sint
1675 2356 1822 2396 mors
1855 2351 2012 2410 atque
2045 2339 2148 2392 vita
2173 2381 2188 2403 ,

600 2456 712 2494 non
751 2438 974 2511 aequalis
1019 2439 1158 2494 Deus
1199 2453 1262 2493 ac
1304 2435 1564 2491 diabolus.
1607 2453 1626 2488 ι
1659 2433 1790 2489 Item
1837 2441 1958 2504 post
2001 2432 2191 2502 paulu—

604 2532 756 2587 lum:
794 2550 813 2584 ι
862 2530 970 2588 Sed
1013 2547 1114 2585 non
1158 2527 1578 2598 quemadmodum
1625 2525 1882 2588 delictum,
1935 2543 1954 2578 ι
2001 2524 2188 2594 inquit,

611 2644 632 2677 ι
667 2626 739 2680 ita
767 2633 811 2679 et
839 2623 1024 2696 gratia.
1053 2621 1114 2676 Si
1141 2622 1274 2676 enim
1299 2621 1449 2674 unius
1477 2619 1658 2674 delicto
1680 2617 1826 2672 multi
1848 2617 2029 2671 mortui
2053 2625 2189 2678 sunt,

603 2715 766 2770 multo
795 2715 956 2784 magis
981 2714 1146 2784 gratia
1172 2711 1266 2767 Dei
1295 2721 1342 2766 ct
1366 2711 1557 2765 donum
1585 2709 1636 2763 in
1661 2709 1826 2780 gratia
1856 2708 2006 2762 unius
2031 2707 2194 2761 homi-

603 2808 688 2862 nis
705 2805 738 2860 J
744 2823 830 2862 esu
851 2805 1038 2861 Christi
1061 2805 1112 2859 in
1138 2803 1322 2858 multos
1341 2802 1630 2856 abundavit.
1652 2799 1802 2868 Quod
1827 2799 1970 2854 cnim
1993 2797 2141 2863 dicit,
2170 2818 2189 2850 ι

609 2897 802 2968 inquit,
837 2915 856 2949 ‹
893 2893 1197 2966 bujusmodi
1225 2902 1308 2948 cst
1339 2911 1352 2948 :
1381 2892 1438 2948 Si
1468 2899 1741 2962 peccatum
1773 2889 1958 2954 valuit,
1989 2897 2043 2942 et
2071 2903 2189 2958 pec-

607 2999 786 3042 eatum
817 2989 972 3042 unius
1015 2986 1279 3048 hominis;
1320 2983 1508 3055 gratia,
1555 2992 1610 3038 et
1653 2981 1745 3038 Dei
1789 2981 1977 3052 gratia,
2006 2990 2060 3035 et
2089 2995 2195 3034 non

609 3081 784 3136 solum
815 3080 1010 3144 Patris,
1049 3077 1144 3134 sed
1187 3078 1348 3132 etiam
1395 3076 1548 3142 Filii,
1595 3074 2043 3146 quemadmodum
2089 3088 2197 3129 non

613 3173 844 3242 amplius
885 3169 1232 3240 prmvalehit?
1269 3169 1434 3224 Multo
1481 3167 1624 3223 enim
1669 3166 1770 3220 hoc
1809 3164 2194 3220 rationabilius.

609 3265 743 3320 Nam
775 3263 936 3317 alium
973 3277 1070 3332 pro
1094 3261 1200 3316 alio
1228 3259 1492 3324 damnari,
1519 3273 1624 3312 non
1664 3257 1818 3312 valde
1856 3256 2064 3313 videtur
2097 3255 2198 3310 ha-

610 3357 741 3411 bere
769 3355 1030 3410 rationem
1060 3371 1075 3408 :
1105 3353 1268 3408 alium
1306 3363 1484 3406 autem
1516 3365 1616 3422 pro
1643 3349 1748 3406 alio
1773 3348 1986 3414 salvari,
2013 3361 2066 3402 et
2106 3347 2202 3402 de-

609 3449 819 3503 centius
849 3445 1018 3518 magis
1047 3454 1101 3502 et
1127 3443 1496 3500 rationabilius
1523 3449 1762 3512 apparet.
1789 3438 1844 3496 Si
1878 3439 2036 3509 igitur
2071 3437 2197 3494 illud

611 3545 810 3598 factum
843 3549 942 3607 est,
972 3540 1142 3596 multo
1171 3535 1341 3610 magis
1369 3537 1491 3592 hoc.
1527 3553 1547 3589 ι
1571 3534 1808 3604 Itemque
1835 3532 1958 3586 alibi
1992 3531 2043 3586 in
2071 3546 2200 3586 cou-

613 3635 998 3706 sequentibus:
1035 3651 1054 3684 ι
1090 3631 1371 3695 Iudicium,
1407 3648 1426 3682 ι
1462 3629 1653 3699 inquit,
1685 3645 1704 3680 ε
1753 3643 1816 3682 ea:
1853 3642 1956 3681 uno
1986 3625 2040 3680 in
2079 3640 2202 3678 con-

613 3728 1006 3788 demnationem,
1032 3725 1196 3797 gratia
1225 3731 1390 3776 acuent
1417 3739 1480 3776 ea:
1505 3720 1676 3774 multis
1698 3718 1892 3773 delictis
1927 3719 1978 3772 in
1999 3717 2200 3787 justi/i-

619 3821 868 3874 cationem
896 3838 916 3871 ι
935 3817 1112 3886 (Rom.
1147 3831 1200 3878 ν,
1229 3815 1443 3884 42-16).
1470 3831 1490 3866 ι
1517 3813 1626 3866 lloc
1651 3811 1789 3866 idem
1816 3821 1920 3877 est,
1959 3827 1980 3862 ι
2008 3810 2196 3878 inquit,

621 3913 793 3984 «quod
815 3911 1028 3974 dicitur,
1053 3910 1302 3980 quoniam
1333 3908 1544 3979 quidem
1574 3915 1798 3962 mortem
1830 3917 1880 3962 et
1899 3905 2200 3960 damnatio-

615 4022 741 4061 nem
780 4003 955 4075 potnit
997 4011 1271 4072 peccatum
1319 3999 1568 4055 inducere
1595 4042 1608 4060 .
1655 3997 1824 4070 gratia
1871 4009 2048 4051 autem
2095 4010 2200 4050 non

614 4112 782 4152 unum
831 4095 959 4150 illud
1005 4093 1370 4149 tantummodo
1416 4091 1682 4147 interfecit
1739 4099 2010 4160 peccatum
2037 4129 2052 4154 ,
2103 4085 2196 4142 sed

617 4190 780 4246 etiam
811 4197 930 4259 post
956 4187 1084 4243 illud
1117 4186 1434 4241 introeuntia
1465 4193 1700 4256 peccata.
1737 4201 1757 4236 ι
1791 4182 1859 4236 Et
1885 4181 2042 4252 paulo
2071 4190 2194 4251 post

616 4284 686 4338 ale
717 4282 818 4338 hoc
845 4281 997 4352 ipso:
1032 4298 1050 4332 ι
1083 4278 1342 4347 Quoniam
1371 4279 1388 4309 ⁸
1417 4291 1564 4348 ergo,
1602 4293 1621 4328 ι
1657 4274 1844 4344 inquit,
1884 4293 1904 4326 ι
1939 4272 2088 4342 plura
2123 4273 2204 4325 in-

621 4374 738 4430 trod
748 4384 862 4428 ucta
881 4379 1006 4428 sunt
1022 4373 1182 4437 bona,
1199 4379 1374 4428 etnon
1399 4371 1571 4426 solmn
1600 4367 1730 4422 illud
1760 4365 2095 4421 interfectum
2122 4377 2200 4420 est

618 4477 919 4538 peceatum,
947 4465 1042 4522 sed
1071 4466 1230 4520 etiam
1261 4463 1436 4520 omnia
1468 4462 1693 4530 reliqua,
1721 4457 1954 4514 ostendit
1979 4457 2162 4512 dicens
2189 4473 2203 4510 :

621 4559 801 4614 Gratia
824 4570 992 4614 autem
1020 4577 1083 4614 ea:
1111 4559 1280 4614 multis
1308 4556 1500 4611 delictis
1535 4555 1589 4608 in
1607 4553 2046 4625 justiﬁeationem.
2088 4569 2109 4604 ι
2143 4551 2206 4606 Et

618 4663 741 4724 post
775 4653 1045 4724 paululum
1081 4652 1189 4706 ait:
1231 4669 1251 4702 ‹
1295 4649 1476 4705 Primo
1509 4647 1651 4702 enim
1691 4645 1826 4718 dixit
1867 4645 2116 4715 quoniam
2161 4643 2205 4696 si

617 4746 780 4800 tutius
823 4753 1096 4815 peceatum
1145 4741 1408 4799 interiecit
1448 4753 1676 4804 omnes,
1727 4737 1898 4791 mtdto
1945 4737 2110 4807 magis
2154 4745 2208 4790 et

623 4839 779 4892 unius
807 4837 977 4907 gratia
1017 4836 1211 4908 poterit
1255 4835 1480 4888 salvare.
1523 4830 1647 4884 Post
1680 4829 1794 4883 haec
1821 4839 1995 4882 autem
2024 4836 2207 4882 osten-

623 4931 722 4994 dit,
758 4949 777 4982 ι
811 4929 1000 4999 inquit,
1043 4945 1062 4979 ‹
1095 4926 1344 4998 quoniam
1377 4938 1484 4978 non
1512 4920 1638 4977 illud
1668 4920 1838 4974 solum
1871 4917 2207 4972 interfectum

623 5032 709 5078 est
733 5031 1010 5092 peccatum
1051 5033 1146 5090 per
1181 5017 1425 5089 gratiam,
1457 5012 1554 5070 sed
1579 5013 1738 5068 etiam
1765 5011 1942 5066 omnia
1976 5011 2206 5080 reliqua:

625 5126 680 5170 et
724 5130 830 5168 non
865 5113 1038 5168 solum
1077 5119 1294 5181 peccata
1339 5105 1614 5162 interiecta
1653 5112 1800 5169 sunt,
1830 5101 1924 5158 sed
1967 5101 2126 5156 etiam
2157 5110 2212 5155 et

625 5207 820 5261 tributa
837 5201 1038 5275 iustitia
1061 5209 1164 5257 est.
1186 5201 1253 5255 Et
1274 5215 1378 5254 non
1407 5205 1610 5252 tantum
1639 5196 1812 5251 solum
1840 5192 2036 5264 proluit
2056 5191 2212 5247 Chri-

623 5309 760 5370 stus,
793 5302 1050 5366 quantum
1081 5290 1260 5345 nocuit
1288 5287 1480 5352 Adam,
1521 5286 1616 5343 sed
1656 5285 1826 5340 multo
1859 5283 2085 5352 amplius
2125 5290 2211 5336 at-

624 5403 728 5458 que
760 5385 928 5456 magis
951 5385 994 5435 ¹.
1031 5401 1050 5434 ι
1087 5381 1213 5436 Post
1244 5381 1358 5436 hate
1387 5379 1440 5434 in
1467 5379 1653 5435 eodem
1683 5392 1804 5432 cum
1836 5374 1903 5430 de
1943 5373 2213 5444 Baptismo

627 5488 827 5549 ageret,
877 5471 1198 5541 interposuit
1237 5473 1399 5526 verba
1443 5469 1685 5540 Apostoli
1724 5467 1950 5522 dicentis
1993 5483 2006 5520 :
2059 5484 2076 5517 ι
2135 5465 2215 5520 An

625 5567 872 5641 ignoratis
895 5605 911 5631 ,
979 5565 1149 5634 inquit
1182 5606 1196 5630 ,
1264 5568 1444 5637 fratres
1467 5605 1483 5632 ,
1525 5579 1764 5636 quamam
1825 5561 2120 5632 quicumque
2158 5559 2210 5612 in

693 5725 707 5756 ί
747 5721 882 5781 t‘ditl,
905 5717 1156 5784 quomodo.
1202 5726 1257 5770 At
1299 5719 1607 5784 ntauascripti
1646 5721 1786 5786 juxta
1821 5730 2049 5782 grtecum,
2099 5730 2213 5780 quo-

699 5801 725 5832 .,
763 5820 776 5834 .

628 5798 711 5882 ml;
726 5799 846 5898 ’λιιι
875 5851 927 5894 ct
949 5855 1121 5893 etuncs
1141 5851 1268 5904 Mss,
1293 5844 1466 5906 uncus.

1408 389 1682 447 CONTRA
1718 386 2054 446 JUlJAN'U.“
2093 383 2556 455 PELACIANUM,
2596 385 2654 444 S.
2697 388 3064 446 AUCUSTINI
3148 377 3161 390 ’
3770 396 3859 455 beo

2297 497 2496 556 Christo
2527 504 2766 574 baptizoti
2793 523 2982 570 simius,
3015 508 3068 561 in
3097 509 3292 564 morte'
3321 510 3480 570 ipsius
3509 510 3742 582 baptismi
3780 533 3855 570 εει-

2296 595 2442 648 mus?
2484 593 2772 662 Consepulti
2819 615 2936 669 ergo
2979 617 3153 653 sumus
3205 602 3283 654 illi
3334 619 3422 673 per
3463 601 3772 671 tiuptisnmm
3811 625 3855 660 m

2294 693 2474 738 morte.
2501 684 2637 751 Quid
2665 699 2766 751 est,
2795 689 2848 742 in
2877 700 3035 744 morte
3063 692 3200 745 illius
3233 693 3470 762 baptismi
3499 697 3704 748 sumus."
3733 696 3858 752 Utct

2296 772 2394 840 ipsi
2423 777 2713 831 moriamur
2742 778 2876 832 sicut
2903 791 2957 833 et
2983 781 3086 836 ille.
3121 781 3262 837 Crux
3305 785 3445 836 enim
3477 794 3558 838 est
3588 786 3856 854 Baptism.

2295 865 2443 931 Quod
2489 883 2615 938 ergo
2663 884 2790 925 crux
2835 871 3046 926 Christo
3088 883 3140 929 et
3179 875 3514 944 sepulcrum,
3571 877 3859 936 hoc'nobis

2297 957 2560 1026 llaptisma
2607 959 2798 1016 factum
2828 973 2942 1027 est;
2991 965 3202 1020 tametsi
3246 983 3350 1021 non
3383 967 3434 1021 in
3479 969 3677 1023 eisdem
3721 971 3856 1040 ipsis.

2297 1045 2414 1114 lpse
2440 1064 2665 1120 uanique
2682 1068 2840 1108 carne
2862 1063 2911 1108 et
2933 1063 3169 1109 umrtnns
3186 1067 3337 1113 estet
3354 1060 3590 1128 sepultus
3609 1079 3622 1114 :
3653 1078 3746 1116 nos
3771 1079 3858 1116 an-

2298 1151 2402 1193 tem
2430 1151 2648 1211 peccato
2678 1145 2728 1197 in
2758 1155 3000 1216 utroque.
3031 1147 3368 1220 Quapropter
3397 1165 3502 1204 non
3531 1153 3680 1217 dixit,
3720 1153 3862 1210 Com-

2297 1232 2512 1300 pluntati
2539 1235 2694 1288 morti
2717 1252 2732 1302 ;
2763 1237 2878 1302 sed,
2906 1239 3224 1294 similitudini
3250 1243 3422 1295 mortis
3444 1242 3617 1308 (Rom.
3641 1261 3712 1308 γι,
3733 1245 3858 1314 5-35).

2297 1322 2440 1376 Mors
2463 1337 2766 1392 namqueet
2791 1329 2891 1384 hoc
2919 1341 2970 1384 et
2999 1331 3146 1396 illud,
3175 1333 3266 1387 sed
3294 1349 3396 1388 non
3425 1335 3595 1389 eidem
3624 1338 3719 1405 ipsi
3748 1339 3864 1390 sub-

2293 1411 2479 1482 jacet:
2511 1416 2601 1468 ενι]
2631 1416 2745 1473 ha-c
2771 1419 2982 1488 quidem
3013 1424 3190 1478 carnis
3217 1425 3442 1492 Christi,
3483 1437 3659 1480 nostra
3694 1439 3860 1482 ann-ut

2297 1506 2518 1572 peccati.
2550 1506 3146 1584 Quemadmodumergo
3173 1515 3255 1569 illa
3284 1532 3426 1584 t'era,
3450 1529 3501 1572 et
3533 1518 3647 1574 ltzec
3679 1545 3698 1570 ι
3731 1521 3858 1594 (llo-

2295 1596 2436 1649 miliu
2465 1598 2532 1652 {0
2559 1599 2609 1653 in
2638 1599 2804 1672 Epist.
2837 1603 2906 1656 ad
2932 1604 3190 1660 Romanos
3207 1609 3247 1679 ).

2365 1687 2456 1743 28.
2497 1688 2760 1760 Numquid
2789 1691 3031 1750 dubitare
3051 1697 3162 1764 jam
3195 1699 3392 1768 poteris
3431 1711 3670 1756 sanctum
3711 1701 3861 1756 Joan-

2295 1794 2418 1833 nem
2447 1789 2550 1835 tam
2585 1782 2738 1852 longe
2766 1799 2888 1840 CSSO
2912 1801 2944 1840 a
2972 1803 3132 1842 SCllSll
3171 1798 3368 1857 \‘CSll‘O,
3406 1807 3562 1860 quam
3591 1808 3695 1845 non
3728 1808 3863 1848 τορε-

2293 1871 2374 1926 dit
2398 1888 2427 1924 a
2454 1887 2614 1927 sensu
2641 1875 2942 1930 catholico?
2976 1877 3240 1949 Numquid
3269 1881 3319 1934 in
3350 1881 3464 1949 ejus
3495 1880 3858 1950 disputatione,

2295 1978 2397 2031 qua
2424 1965 2642 2033 exponit
2665 1967 2902 2036 Apostoli
2929 1969 3101 2024 locum
3131 1970 3254 2026 huic
3281 1974 3562 2042 quarstioni
3589 1991 3708 2044 qua:
3737 1975 3864 2028 inter

2295 2069 2394 2107 nos
2422 2056 2642 2110 vertitur
2667 2060 3145 2127 pernecessarium,
3193 2061 3279 2116 ubi
3323 2062 3580 2132 scriptum
3622 2072 3738 2130 est,
3772 2062 3862 2117 Per

2295 2161 2452 2198 unum
2479 2146 2729 2202 Immineat
2757 2159 3016 2220 peccatum
3041 2153 3242 2206 intravit
3269 2155 3319 2207 in
3349 2155 3592 2208 mundum
3611 2198 3629 2218 ,
3672 2166 3725 2212 et
3769 2174 3862 2210 ra:-

2297 2247 2406 2292 tera
2445 2255 2567 2309 qnze
2607 2257 2844 2298 connexa
2886 2254 3031 2326 sunt,
3074 2245 3269 2302 alicubi
3309 2248 3513 2303 redolet
3540 2250 3560 2280 '
3601 2249 3741 2320 quod
3781 2252 3864 2304 vos

2295 2329 2500 2394 dicitis,
2535 2343 2748 2403 prepter
2794 2333 3142 2392 imitationem
3191 2339 3290 2394 hoc
3333 2356 3450 2396 esse
3495 2341 3698 2396 dictum
3723 2385 3738 2409 ,
3771 2361 3862 2398 non

2300 2435 2520 2492 propter
2543 2427 2810 2482 carnalem
2854 2429 3222 2486 nativitatem?
3250 2431 3438 2488 Nonne
3469 2433 3558 2489 illo
3604 2451 3712 2488 uno
3751 2451 3863 2506 pec-

2297 2523 2416 2568 cato
2443 2516 2798 2572 contaminata
2828 2517 2957 2574 dicit
2985 2535 3104 2576 esse
3127 2523 3324 2586 omnia,
3348 2533 3402 2577 et
3430 2525 3507 2580 sic
3532 2525 3664 2580 illud
3689 2527 3867 2582 distic-

2297 2607 2409 2677 guit
2437 2623 2466 2660 a
2493 2610 2703 2664 caneris
2733 2619 2912 2679 postea
2952 2613 3253 2669 commissis
3291 2615 3715 2688 introductisqne
3754 2633 3866 2687 pec-

2298 2698 2462 2762 catis,
2494 2715 2612 2770 quae
2641 2716 2734 2755 vos
2761 2703 2936 2757 dicitis
2961 2703 3026 2757 ad
3059 2705 3426 2770 imitationem,
3457 2721 3560 2761 non
3586 2707 3657 2763 ad
3686 2724 3864 2779 propa-

2299 2791 2474 2861 ginem
2503 2793 2790 2861 pertinere,
2815 2805 2872 2849 ut
2899 2810 3002 2849 nou
3031 2795 3118 2849 illa
3147 2805 3371 2859 tantum,
3395 2796 3488 2852 sed
3515 2797 3694 2853 ethoc
3715 2807 3766 2852 et
3791 2799 3862 2852 illa

2301 2897 2398 2951 per
2418 2885 2640 2952 gratiam
2668 2884 2864 2940 Christi
2893 2887 3034 2950 dicat
3073 2888 3294 2943 interﬁci
3325 2888 3386 2943 ’ἲ
3432 2889 3622 2946 Nonne
3668 2892 3733 2947 de
3775 2892 3864 2946 Ba-

2301 2975 2546 3042 ptismate
2579 2975 2815 3043 Apostoli
2847 2977 3026 3040 verba,
3057 2977 3144 3032 ubi
3173 2979 3266 3044 ait,
3302 2976 3616 3048 Quicumque
3641 2980 3862 3050 θηρήιαιί

2300 3080 2474 3118 sumus
2499 3064 2551 3120 in
2578 3063 2797 3133 Christo,
2825 3067 2880 3122 in
2919 3078 3077 3122 tttarle
3109 3069 3249 3123 illius
3287 3071 3527 3136 baptizati
3553 3087 3762 3133 sumus;
3799 3071 3865 3125 sic

2303 3157 2542 3226 exponit,
2573 3167 2629 3212 ut
2657 3159 2796 3214 dicat
2825 3161 2894 3213 ita
2924 3175 3045 3214 eum
3076 3171 3294 3231 peccato
3324 3162 3479 3227 mori,
3523 3162 3612 3231 qui
3653 3162 3868 3232 baptiza-

2305 3259 2392 3304 tur
2423 3249 2474 3304 in
2503 3248 2739 3316 Christo,
2779 3251 2916 3306 sicut
2948 3266 3108 3307 carne
3131 3251 3154 3284 ⁸
3197 3263 3279 3307 est
3321 3263 3560 3308 mortuus
3603 3253 3865 3318 Christus;

2303 3341 2426 3410 quia
2457 3340 2509 3395 in
2541 3351 2713 3396 morte
2737 3341 2932 3397 Christi
2974 3343 3230 3414 baptizari
3271 3343 3402 3398 nihil
3439 3352 3520 3398 est
3556 3343 3696 3396 aliud
3725 3359 3865 3414 quant

2308 3441 2526 3502 peccato
2553 3431 2726 3486 mori?
2749 3431 2846 3487 Cui
2877 3447 3004 3502 ergo
3036 3443 3251 3502 peccato
3279 3433 3531 3502 parvulus
3565 3434 3802 3495 moritur,
3829 3431 3866 3483 si

2305 3523 2562 3594 originale
2588 3539 2693 3577 non
2726 3525 2922 3578 traxit?
2947 3526 3028 3578 An
3068 3523 3208 3579 forte
3243 3539 3350 3578 non
3392 3525 3445 3578 in
3488 3536 3662 3580 morte
3688 3523 3865 3579 Christi

2307 3615 2508 3684 parvuli
2539 3615 2907 3683 baptizantur?
2931 3629 3052 3668 cum
3080 3614 3365 3683 Apostolus
3391 3629 3496 3668 non
3521 3615 3734 3681 dixerit,
3757 3613 3868 3682 Qui-

2307 3705 2466 3770 dam;
2498 3705 2613 3766 sed,
2643 3705 2952 3776 Quicumque
2989 3706 3230 3776 baptizati
3255 3723 3427 3760 sumus
3465 3705 3516 3760 in
3553 3705 3751 3761 Christo
3773 3746 3790 3772 ,
3824 3707 3868 3757 iu

2309 3807 2466 3852 morte
2493 3797 2652 3864 ipsius
2682 3799 2920 3868 baptizati
2947 3815 3142 3852 sumus.
3188 3798 3270 3852 An
3311 3799 3522 3868 quando
3557 3799 3870 3870 baptizautur

2310 3891 2635 3960 Baptismate
2661 3890 2976 3956 christiano,
3013 3889 3204 3945 dicturi
3233 3891 3364 3946 estis
3402 3891 3542 3961 quod
3573 3907 3678 3946 non
3719 3892 3872 3959 baptio

2310 3990 2499 4037 zentur
2526 3984 2576 4036 in
2603 3983 2850 4049 Christo;
2877 3999 2946 4038 ne
2974 3998 3069 4036 vos
3093 3983 3374 4052 episcopus
3397 3981 3628 4038 Joannes
3654 3999 3744 4038 sua
3785 3983 3869 4038 de-

2311 4075 2549 4129 ﬁnitione
2588 4075 2830 4141 suti‘ocet,
2875 4074 2967 4144 qui
2995 4074 3122 4130 dicit
3152 4075 3254 4129 hoc
3289 4089 3410 4130 esse
3453 4075 3778 4144 Baptiqnum
3804 4075 3872 4127 eis

2309 4169 2398 4236 qui
2440 4165 2772 4235 baptizautur
2807 4168 2857 4220 in
2886 4164 3118 4230 Christo,
3149 4165 3289 4236 quod
3319 4181 3444 4220 crux
3485 4175 3540 4220 ct
3585 4166 3870 4234 sepulcrum

2313 4258 2412 4310 l'ttit
2439 4255 2671 4319 Christo,
2710 4264 2767 4310 ιιι
2793 4255 3238 4326 quemadmodum
3267 4255 3356 4310 ille
3389 4264 3626 4310 mortuus
3657 4267 3734 4310 (εει
3769 4267 3873 4307 ear-

2313 4365 2399 4414 nc,
2441 4349 2518 4402 sic
2545 4357 2596 4403 et
2628 4348 2758 4402 istos
2799 4347 3154 4418 intelligamus
3197 4357 3436 4400 mortuos
3475 4361 3592 4400 esse
3634 4338 3874 4416 peccato?

2315 4443 2453 4498 Ecce
2465 4442 2549 4496 cui
2563 4443 2696 4507 viro,
2711 4456 2868 4511 quam
2893 4455 3083 4510 magno
3099 4439 3405 4494 christiana:
3421 4438 3538 4492 ﬁdei
3555 4447 3714 4508 atque
3735 4436 3874 4506 lmjus

2313 4535 2562 4592 catholici
2589 4533 2852 4604 dogmatis
2873 4533 3165 4600 defensori,
3196 4531 3408 4586 voluisti
3439 4539 3672 4585 vestrum
3701 4528 3872 4596 dogma

2314 4641 2651 4698 supponere,
2682 4627 2832 4696 quasi
2873 4625 3088 4692 dixerit,
3125 4642 3146 4676 ι
3179 4625 3427 4693 parvulos
3466 4622 3618 4692 primi
3664 4619 3874 4676 hominis

2317 4734 2422 4772 non
2454 4717 2756 4788 inquinatos
2783 4731 2903 4772 esse
2937 4724 3188 4786 peccato;
3227 4733 3248 4768 ι
3295 4729 3416 4770 cum
3456 4713 3688 4777 dixerit,
3732 4731 3750 4762 ι
3795 4723 3875 4764 eos

2316 4829 2422 4870 non
2457 4811 2655 4867 habere
2685 4820 2942 4880 peccata:
2987 4828 3007 4863 ι
3052 4825 3174 4880 qua:
3213 4823 3319 4863 non
3361 4823 3483 4862 eum
3526 4804 3746 4876 intelligi
3789 4799 3872 4855 nisi

2316 4906 2530 4978 propria
2567 4904 2822 4967 voluisse,
2861 4903 2977 4971 ejus
3007 4910 3113 4956 tam
3153 4900 3319 4954 multa
3353 4895 3653 4954 testimonia
3682 4904 3876 4963 tamque

2319 4997 2597 5052 n'ianil'esta
2625 4995 2918 5050 declarant.

2387 5088 2613 5146 CAPUT
2642 5084 2918 5142 γαρ-29.
2941 5083 3076 5152 Quid
3095 5091 3147 5136 te
3163 5081 3322 5152 igitur
3335 5078 3558 5147 adjuvit,
3576 5075 3714 5147 quod
3731 5075 3877 5130 Joan-

2323 5184 2403 5238 nis
2443 5174 3041 5247 Constantinopolitani,
3089 5181 3337 5242 tanquam
3375 5169 3465 5223 tibi
3495 5167 3874 5236 snﬂragaretur,

2322 5273 2676 5332 teStimonium
2699 5267 2960 5340 posuisti?
2978 5271 3058 5321 An
3088 5272 3146 5319 ut
3171 5277 3334 5316 unum
3355 5261 3571 5316 verbum
3588 5253 3875 5327 quasnabeo

2323 5366 2758 5440 pmtermissum,
2791 5361 2931 5416 velut
2952 5366 3102 5414 acuta
3131 5353 3417 5410 calliditate
3442 5363 3700 5420 captares,
3739 5352 3790 5400 et
3813 5348 3878 5396 tot

2386 5567 2400 5595 ³
2441 5561 2604 5611 l‘lures
2624 5566 2755 5618 Mss,
2778 5557 2828 5608 iu
2862 5562 3063 5606 mortem
3095 5550 3263 5618 ipsius.
3295 5556 3350 5600 Et
3371 5549 3514 5612 paulo
3536 5552 3659 5610 post,
3697 5554 3778 5594 uer
3799 5549 3855 5592 Bll

2322 5624 2546 5688 ptismttm
2565 5622 2617 5672 in
2637 5627 2856 5688 mortem:
2940 5677 2970 5688 ..

2386 5673 2410 5718 ἱ
2438 5687 2510 5736 sic
2532 5693 2636 5734 Mss.
2666 5690 2719 5732 Αι
2742 5682 2876 5747 editi.
2903 5677 3050 5747 alicui
3070 5673 3306 5747 redolet."
3373 5741 3383 5747 Α
3411 5731 3423 5747 9

2389 5750 2408 5782 ³
2439 5728 2639 5802 mis-ET;
2663 5728 2717 5795 et.
2744 5728 3020 5804 illd—oratiu
3054 5737 3232 5805 (luisti
3253 5735 3383 5805 dicat
3404 5728 3640 5805 interfici.

2390 5818 2408 5841 ι
2443 5817 2546 5857 Mss.
2575 5799 2668 5856 duo
2690 5799 2910 5855 Gallicani
2937 5811 2986 5852 et
3009 5801 3210 5852 totidem
3233 5799 3437 5848 Vaticani
3465 5827 3480 5853 ,
3503 5799 3654 5842 curm.
