  <div class='ocr_page' id='page_1' title='image "/cluster/home/n/w/nwhite01/storage/ocr_20150623/44-45/uc1.31175026792435/338.png"; bbox 0 0 4088 6580; ppageno 0'>
   <div class='ocr_carea' id='block_1_1' title="bbox 289 465 712 528">
    <p class='ocr_par' dir='ltr' id='par_1_1' title="bbox 289 465 712 528">
     <span class='ocr_line' id='line_1_1' title="bbox 289 465 712 528; baseline 0.002 -5"><span class='ocrx_word' id='word_1_1' title='bbox 289 467 386 528; x_wconf 68' lang='grc' dir='ltr'><strong>σας</strong></span> <span class='ocrx_word' id='word_1_2' title='bbox 689 465 712 524; x_wconf 70' lang='lat' dir='ltr'><strong>‘l</strong></span> 
     </span>
    </p>
   </div>
   <div class='ocr_carea' id='block_1_2' title="bbox 287 567 1874 649">
    <p class='ocr_par' dir='ltr' id='par_1_2' title="bbox 287 567 1874 649">
     <span class='ocr_line' id='line_1_2' title="bbox 287 567 1874 649; baseline -0.009 -12"><span class='ocrx_word' id='word_1_3' title='bbox 287 585 570 638; x_wconf 75' lang='lat' dir='ltr'><strong>verberent</strong></span> <span class='ocrx_word' id='word_1_4' title='bbox 609 579 723 649; x_wconf 87' lang='lat' dir='ltr'><strong>ejus</strong></span> <span class='ocrx_word' id='word_1_5' title='bbox 762 576 950 648; x_wconf 80' lang='lat' dir='ltr'><strong>quibus</strong></span> <span class='ocrx_word' id='word_1_6' title='bbox 978 571 1302 638; x_wconf 86' lang='lat' dir='ltr'><strong>obruereris,</strong></span> <span class='ocrx_word' id='word_1_7' title='bbox 1346 579 1451 625; x_wconf 84' lang='lat' dir='ltr'><strong>tam</strong></span> <span class='ocrx_word' id='word_1_8' title='bbox 1487 569 1752 640; x_wconf 87' lang='lat' dir='ltr'><strong>ingentem</strong></span> <span class='ocrx_word' id='word_1_9' title='bbox 1781 567 1874 622; x_wconf 87' lang='lat' dir='ltr'><strong>tibi</strong></span> 
     </span>
    </p>
   </div>
   <div class='ocr_carea' id='block_1_3' title="bbox 285 659 1874 749">
    <p class='ocr_par' dir='ltr' id='par_1_3' title="bbox 285 659 1874 749">
     <span class='ocr_line' id='line_1_3' title="bbox 285 659 1874 749; baseline -0.013 -16"><span class='ocrx_word' id='word_1_10' title='bbox 285 689 534 749; x_wconf 75' lang='lat' dir='ltr'><strong>aggerem</strong></span> <span class='ocrx_word' id='word_1_11' title='bbox 561 667 1045 727; x_wconf 82' lang='lat' dir='ltr'><strong>commoverean</strong></span> <span class='ocrx_word' id='word_1_12' title='bbox 1087 671 1292 720; x_wconf 89' lang='lat' dir='ltr'><strong>tantum</strong></span> <span class='ocrx_word' id='word_1_13' title='bbox 1338 659 1666 732; x_wconf 83' lang='lat' dir='ltr'><strong>improvidus</strong></span> <span class='ocrx_word' id='word_1_14' title='bbox 1707 667 1762 714; x_wconf 90' lang='lat' dir='ltr'><strong>et</strong></span> <span class='ocrx_word' id='word_1_15' title='bbox 1790 674 1874 714; x_wconf 82' lang='lat' dir='ltr'><strong>m-</strong></span> 
     </span>
    </p>
   </div>
   <div class='ocr_carea' id='block_1_4' title="bbox 285 751 1877 828">
    <p class='ocr_par' dir='ltr' id='par_1_4' title="bbox 285 751 1877 828">
     <span class='ocr_line' id='line_1_4' title="bbox 285 751 1877 828; baseline -0.014 -4"><span class='ocrx_word' id='word_1_16' title='bbox 285 775 493 828; x_wconf 80' lang='lat' dir='ltr'><strong>cautus,</strong></span> <span class='ocrx_word' id='word_1_17' title='bbox 527 771 585 819; x_wconf 93' lang='lat' dir='ltr'><strong>ut</strong></span> <span class='ocrx_word' id='word_1_18' title='bbox 619 776 718 818; x_wconf 90' lang='lat' dir='ltr'><strong>nec</strong></span> <span class='ocrx_word' id='word_1_19' title='bbox 745 761 796 814; x_wconf 91' lang='lat' dir='ltr'><strong>in</strong></span> <span class='ocrx_word' id='word_1_20' title='bbox 829 758 940 828; x_wconf 82' lang='lat' dir='ltr'><strong>ipsa</strong></span> <span class='ocrx_word' id='word_1_21' title='bbox 985 755 1224 820; x_wconf 81' lang='lat' dir='ltr'><strong>humilia,</strong></span> <span class='ocrx_word' id='word_1_22' title='bbox 1255 753 1342 808; x_wconf 88' lang='lat' dir='ltr'><strong>ubi</strong></span> <span class='ocrx_word' id='word_1_23' title='bbox 1373 753 1458 808; x_wconf 81' lang='lat' dir='ltr'><strong>vix</strong></span> <span class='ocrx_word' id='word_1_24' title='bbox 1489 767 1652 806; x_wconf 92' lang='lat' dir='ltr'><strong>unum</strong></span> <span class='ocrx_word' id='word_1_25' title='bbox 1679 751 1747 806; x_wconf 89' lang='lat' dir='ltr'><strong>de</strong></span> <span class='ocrx_word' id='word_1_26' title='bbox 1771 767 1877 821; x_wconf 86' lang='lat' dir='ltr'><strong>quo</strong></span> 
     </span>
    </p>
   </div>
   <div class='ocr_carea' id='block_1_5' title="bbox 287 843 1878 918">
    <p class='ocr_par' dir='ltr' id='par_1_5' title="bbox 287 843 1878 918">
     <span class='ocr_line' id='line_1_5' title="bbox 287 843 1878 918; baseline -0.011 -6"><span class='ocrx_word' id='word_1_27' title='bbox 287 856 425 912; x_wconf 86' lang='lat' dir='ltr'><strong>male</strong></span> <span class='ocrx_word' id='word_1_28' title='bbox 463 853 734 910; x_wconf 88' lang='lat' dir='ltr'><strong>intellecto</strong></span> <span class='ocrx_word' id='word_1_29' title='bbox 766 848 972 918; x_wconf 78' lang='lat' dir='ltr'><strong>decepti</strong></span> <span class='ocrx_word' id='word_1_30' title='bbox 1008 845 1326 916; x_wconf 87' lang='lat' dir='ltr'><strong>deciperctis</strong></span> <span class='ocrx_word' id='word_1_31' title='bbox 1353 886 1368 908; x_wconf 88' lang='lat'><em>.</em></span> <span class='ocrx_word' id='word_1_32' title='bbox 1397 843 1758 899; x_wconf 89' lang='lat' dir='ltr'><strong>testimonium</strong></span> <span class='ocrx_word' id='word_1_33' title='bbox 1786 859 1878 896; x_wconf 85' lang='lat' dir='ltr'><strong>re-</strong></span> 
     </span>
    </p>
   </div>
   <div class='ocr_carea' id='block_1_6' title="bbox 289 934 1876 1019">
    <p class='ocr_par' dir='ltr' id='par_1_6' title="bbox 289 934 1876 1019">
     <span class='ocr_line' id='line_1_6' title="bbox 289 934 1876 1019; baseline -0.011 -14"><span class='ocrx_word' id='word_1_34' title='bbox 289 949 464 1019; x_wconf 87' lang='lat' dir='ltr'><strong>perire</strong></span> <span class='ocrx_word' id='word_1_35' title='bbox 492 943 710 1018; x_wconf 77' lang='lat' dir='ltr'><strong>potuisti</strong></span> <span class='ocrx_word' id='word_1_36' title='bbox 742 944 784 1009; x_wconf 77' lang='grc' dir='ltr'><strong>ί,</strong></span> <span class='ocrx_word' id='word_1_37' title='bbox 815 942 1124 996; x_wconf 86' lang='lat' dir='ltr'><strong>adverteres</strong></span> <span class='ocrx_word' id='word_1_38' title='bbox 1147 946 1390 992; x_wconf 84' lang='lat' dir='ltr'><strong>sanctum</strong></span> <span class='ocrx_word' id='word_1_39' title='bbox 1431 935 1691 991; x_wconf 80' lang='lat' dir='ltr'><strong>Joannem</strong></span> <span class='ocrx_word' id='word_1_40' title='bbox 1731 934 1876 988; x_wconf 88' lang='lat' dir='ltr'><strong>Con-</strong></span> 
     </span>
    </p>
   </div>
   <div class='ocr_carea' id='block_1_7' title="bbox 287 1025 1878 1107">
    <p class='ocr_par' dir='ltr' id='par_1_7' title="bbox 287 1025 1878 1107">
     <span class='ocr_line' id='line_1_7' title="bbox 287 1025 1878 1107; baseline -0.01 -13"><span class='ocrx_word' id='word_1_41' title='bbox 287 1035 814 1107; x_wconf 81' lang='lat' dir='ltr'><strong>stantinopolitanum</strong></span> <span class='ocrx_word' id='word_1_42' title='bbox 844 1031 970 1085; x_wconf 85' lang='lat' dir='ltr'><strong>satis</strong></span> <span class='ocrx_word' id='word_1_43' title='bbox 991 1029 1267 1086; x_wconf 91' lang='lat' dir='ltr'><strong>evidenter</strong></span> <span class='ocrx_word' id='word_1_44' title='bbox 1289 1025 1624 1096; x_wconf 66' lang='lat' dir='ltr'><strong>etpressisse</strong></span> <span class='ocrx_word' id='word_1_45' title='bbox 1647 1065 1662 1089; x_wconf 91' lang='lat'><strong>,</strong></span> <span class='ocrx_word' id='word_1_46' title='bbox 1689 1039 1878 1078; x_wconf 87' lang='lat' dir='ltr'><strong>onmes</strong></span> 
     </span>
    </p>
   </div>
   <div class='ocr_carea' id='block_1_8' title="bbox 291 1113 1878 1194">
    <p class='ocr_par' dir='ltr' id='par_1_8' title="bbox 291 1113 1878 1194">
     <span class='ocr_line' id='line_1_8' title="bbox 291 1113 1878 1194; baseline -0.009 -11"><span class='ocrx_word' id='word_1_47' title='bbox 291 1127 530 1183; x_wconf 82' lang='lat' dir='ltr'><strong>homines</strong></span> <span class='ocrx_word' id='word_1_48' title='bbox 558 1123 796 1194; x_wconf 80' lang='lat' dir='ltr'><strong>exceptis</strong></span> <span class='ocrx_word' id='word_1_49' title='bbox 830 1120 1028 1180; x_wconf 86' lang='lat' dir='ltr'><strong>debitis</strong></span> <span class='ocrx_word' id='word_1_50' title='bbox 1053 1118 1284 1190; x_wconf 88' lang='lat' dir='ltr'><strong>prepriis</strong></span> <span class='ocrx_word' id='word_1_51' title='bbox 1309 1116 1514 1187; x_wconf 83' lang='lat' dir='ltr'><strong>paterni</strong></span> <span class='ocrx_word' id='word_1_52' title='bbox 1551 1129 1672 1170; x_wconf 85' lang='lat' dir='ltr'><strong>esse</strong></span> <span class='ocrx_word' id='word_1_53' title='bbox 1699 1113 1878 1169; x_wconf 88' lang='lat' dir='ltr'><strong>chiro-</strong></span> 
     </span>
    </p>
   </div>
   <div class='ocr_carea' id='block_1_9' title="bbox 193 1205 1880 1293">
    <p class='ocr_par' dir='ltr' id='par_1_9' title="bbox 193 1205 1880 1293">
     <span class='ocr_line' id='line_1_9' title="bbox 193 1205 1880 1293; baseline -0.01 -17"><span class='ocrx_word' id='word_1_54' title='bbox 193 1233 211 1250; x_wconf 81' lang='lat'><strong><em>°</em></strong></span> <span class='ocrx_word' id='word_1_55' title='bbox 288 1219 471 1293; x_wconf 86' lang='lat' dir='ltr'><strong>graphi</strong></span> <span class='ocrx_word' id='word_1_56' title='bbox 497 1218 786 1274; x_wconf 69' lang='lat' dir='ltr'><strong>debitores.</strong></span> <span class='ocrx_word' id='word_1_57' title='bbox 809 1213 880 1269; x_wconf 83' lang='lat' dir='ltr'><strong>Et</strong></span> <span class='ocrx_word' id='word_1_58' title='bbox 903 1223 1078 1268; x_wconf 87' lang='lat' dir='ltr'><strong>tamen</strong></span> <span class='ocrx_word' id='word_1_59' title='bbox 1105 1217 1456 1282; x_wconf 82' lang='lat' dir='ltr'><strong>posteaquam</strong></span> <span class='ocrx_word' id='word_1_60' title='bbox 1477 1207 1636 1262; x_wconf 87' lang='lat' dir='ltr'><strong>verba</strong></span> <span class='ocrx_word' id='word_1_61' title='bbox 1657 1205 1775 1276; x_wconf 88' lang='lat' dir='ltr'><strong>ejus</strong></span> <span class='ocrx_word' id='word_1_62' title='bbox 1801 1206 1880 1260; x_wconf 84' lang='lat' dir='ltr'><strong>in-</strong></span> 
     </span>
    </p>
   </div>
   <div class='ocr_carea' id='block_1_10' title="bbox 293 1295 1880 1383">
    <p class='ocr_par' dir='ltr' id='par_1_10' title="bbox 293 1295 1880 1383">
     <span class='ocr_line' id='line_1_10' title="bbox 293 1295 1880 1383; baseline -0.009 -16"><span class='ocrx_word' id='word_1_63' title='bbox 293 1309 614 1383; x_wconf 88' lang='lat' dir='ltr'><strong>terposuisti,</strong></span> <span class='ocrx_word' id='word_1_64' title='bbox 653 1307 843 1378; x_wconf 79' lang='lat' dir='ltr'><strong>quibus</strong></span> <span class='ocrx_word' id='word_1_65' title='bbox 879 1304 1230 1360; x_wconf 92' lang='lat' dir='ltr'><strong>intentionem</strong></span> <span class='ocrx_word' id='word_1_66' title='bbox 1276 1311 1418 1354; x_wconf 87' lang='lat' dir='ltr'><strong>tuam</strong></span> <span class='ocrx_word' id='word_1_67' title='bbox 1449 1297 1641 1369; x_wconf 83' lang='lat' dir='ltr'><strong>putasti</strong></span> <span class='ocrx_word' id='word_1_68' title='bbox 1681 1295 1880 1368; x_wconf 89' lang='lat' dir='ltr'><strong>aliquid</strong></span> 
     </span>
    </p>
   </div>
   <div class='ocr_carea' id='block_1_11' title="bbox 290 1389 1878 1475">
    <p class='ocr_par' dir='ltr' id='par_1_11' title="bbox 290 1389 1878 1475">
     <span class='ocr_line' id='line_1_11' title="bbox 290 1389 1878 1475; baseline -0.009 -17"><span class='ocrx_word' id='word_1_69' title='bbox 290 1402 547 1475; x_wconf 79' lang='lat' dir='ltr'><strong>adjuvari,</strong></span> <span class='ocrx_word' id='word_1_70' title='bbox 575 1399 818 1472; x_wconf 90' lang='lat' dir='ltr'><strong>sequeris</strong></span> <span class='ocrx_word' id='word_1_71' title='bbox 850 1406 904 1452; x_wconf 91' lang='lat' dir='ltr'><strong>et</strong></span> <span class='ocrx_word' id='word_1_72' title='bbox 939 1396 1110 1451; x_wconf 75' lang='lat' dir='ltr'><strong>dicis:</strong></span> <span class='ocrx_word' id='word_1_73' title='bbox 1145 1411 1165 1445; x_wconf 77' lang='grc' dir='ltr'>ι</span> <span class='ocrx_word' id='word_1_74' title='bbox 1198 1391 1332 1449; x_wconf 92' lang='lat' dir='ltr'><strong>Cum</strong></span> <span class='ocrx_word' id='word_1_75' title='bbox 1363 1389 1741 1462; x_wconf 88' lang='lat' dir='ltr'><strong>igiturliquido</strong></span> <span class='ocrx_word' id='word_1_76' title='bbox 1769 1389 1878 1444; x_wconf 88' lang='lat' dir='ltr'><strong>cla-</strong></span> 
     </span>
    </p>
   </div>
   <div class='ocr_carea' id='block_1_12' title="bbox 290 1483 1881 1552">
    <p class='ocr_par' dir='ltr' id='par_1_12' title="bbox 290 1483 1881 1552">
     <span class='ocr_line' id='line_1_12' title="bbox 290 1483 1881 1552; baseline -0.01 -2"><span class='ocrx_word' id='word_1_77' title='bbox 290 1502 405 1550; x_wconf 89' lang='lat' dir='ltr'><strong>reat</strong></span> <span class='ocrx_word' id='word_1_78' title='bbox 445 1493 584 1548; x_wconf 86' lang='lat' dir='ltr'><strong>hanc</strong></span> <span class='ocrx_word' id='word_1_79' title='bbox 627 1505 814 1546; x_wconf 87' lang='lat' dir='ltr'><strong>sanam</strong></span> <span class='ocrx_word' id='word_1_80' title='bbox 851 1488 914 1544; x_wconf 60' lang='lat' dir='ltr'><strong>‘et</strong></span> <span class='ocrx_word' id='word_1_81' title='bbox 955 1501 1137 1541; x_wconf 85' lang='lat' dir='ltr'><strong>veram</strong></span> <span class='ocrx_word' id='word_1_82' title='bbox 1177 1498 1299 1540; x_wconf 90' lang='lat' dir='ltr'><strong>esse</strong></span> <span class='ocrx_word' id='word_1_83' title='bbox 1342 1483 1684 1547; x_wconf 88' lang='lat' dir='ltr'><strong>sententiam,</strong></span> <span class='ocrx_word' id='word_1_84' title='bbox 1719 1495 1881 1552; x_wconf 88' lang='lat' dir='ltr'><strong>quam</strong></span> 
     </span>
    </p>
   </div>
   <div class='ocr_carea' id='block_1_13' title="bbox 290 1574 1882 1657">
    <p class='ocr_par' dir='ltr' id='par_1_13' title="bbox 290 1574 1882 1657">
     <span class='ocr_line' id='line_1_13' title="bbox 290 1574 1882 1657; baseline -0.008 -17"><span class='ocrx_word' id='word_1_85' title='bbox 290 1586 462 1657; x_wconf 88' lang='lat' dir='ltr'><strong>primo</strong></span> <span class='ocrx_word' id='word_1_86' title='bbox 484 1584 602 1640; x_wconf 92' lang='lat' dir='ltr'><strong>loco</strong></span> <span class='ocrx_word' id='word_1_87' title='bbox 629 1583 782 1650; x_wconf 82' lang='lat' dir='ltr'><strong>ratio,</strong></span> <span class='ocrx_word' id='word_1_88' title='bbox 805 1579 1000 1636; x_wconf 89' lang='lat' dir='ltr'><strong>deinde</strong></span> <span class='ocrx_word' id='word_1_89' title='bbox 1035 1577 1428 1648; x_wconf 88' lang='lat' dir='ltr'><strong>Scripturarum</strong></span> <span class='ocrx_word' id='word_1_90' title='bbox 1452 1574 1674 1629; x_wconf 78' lang='lat' dir='ltr'><strong>munivit</strong></span> <span class='ocrx_word' id='word_1_91' title='bbox 1693 1586 1882 1629; x_wconf 81' lang='lat' dir='ltr'><strong>aucto-</strong></span> 
     </span>
    </p>
   </div>
   <div class='ocr_carea' id='block_1_14' title="bbox 287 1665 1882 1747">
    <p class='ocr_par' dir='ltr' id='par_1_14' title="bbox 287 1665 1882 1747">
     <span class='ocr_line' id='line_1_14' title="bbox 287 1665 1882 1747; baseline -0.009 -13"><span class='ocrx_word' id='word_1_92' title='bbox 287 1680 440 1742; x_wconf 88' lang='lat' dir='ltr'><strong>ritas,</strong></span> <span class='ocrx_word' id='word_1_93' title='bbox 481 1685 536 1732; x_wconf 90' lang='lat' dir='ltr'><strong>et</strong></span> <span class='ocrx_word' id='word_1_94' title='bbox 560 1691 716 1747; x_wconf 87' lang='lat' dir='ltr'><strong>quam</strong></span> <span class='ocrx_word' id='word_1_95' title='bbox 755 1683 1060 1729; x_wconf 89' lang='lat' dir='ltr'><strong>sanctorum</strong></span> <span class='ocrx_word' id='word_1_96' title='bbox 1090 1671 1326 1726; x_wconf 89' lang='lat' dir='ltr'><strong>virorum</strong></span> <span class='ocrx_word' id='word_1_97' title='bbox 1357 1683 1570 1738; x_wconf 88' lang='lat' dir='ltr'><strong>semper</strong></span> <span class='ocrx_word' id='word_1_98' title='bbox 1594 1665 1882 1722; x_wconf 82' lang='lat' dir='ltr'><strong>celebravit</strong></span> 
     </span>
    </p>
   </div>
   <div class='ocr_carea' id='block_1_15' title="bbox 287 1757 1886 1839">
    <p class='ocr_par' dir='ltr' id='par_1_15' title="bbox 287 1757 1886 1839">
     <span class='ocr_line' id='line_1_15' title="bbox 287 1757 1886 1839; baseline -0.009 -14"><span class='ocrx_word' id='word_1_99' title='bbox 287 1769 540 1836; x_wconf 87' lang='lat' dir='ltr'><strong>eruditio,</strong></span> <span class='ocrx_word' id='word_1_100' title='bbox 567 1768 657 1839; x_wconf 86' lang='lat' dir='ltr'><strong>qui</strong></span> <span class='ocrx_word' id='word_1_101' title='bbox 687 1775 860 1821; x_wconf 89' lang='lat' dir='ltr'><strong>tamen</strong></span> <span class='ocrx_word' id='word_1_102' title='bbox 885 1763 1094 1819; x_wconf 89' lang='lat' dir='ltr'><strong>veritati</strong></span> <span class='ocrx_word' id='word_1_103' title='bbox 1131 1759 1501 1816; x_wconf 87' lang='lat' dir='ltr'><strong>auctoritatem</strong></span> <span class='ocrx_word' id='word_1_104' title='bbox 1529 1773 1635 1813; x_wconf 92' lang='lat' dir='ltr'><strong>non</strong></span> <span class='ocrx_word' id='word_1_105' title='bbox 1661 1771 1759 1811; x_wconf 91' lang='lat' dir='ltr'><strong>suo</strong></span> <span class='ocrx_word' id='word_1_106' title='bbox 1790 1757 1886 1810; x_wconf 87' lang='lat' dir='ltr'><strong>tri-</strong></span> 
     </span>
    </p>
   </div>
   <div class='ocr_carea' id='block_1_16' title="bbox 289 1847 1886 1924">
    <p class='ocr_par' dir='ltr' id='par_1_16' title="bbox 289 1847 1886 1924">
     <span class='ocr_line' id='line_1_16' title="bbox 289 1847 1886 1924; baseline -0.007 -9"><span class='ocrx_word' id='word_1_107' title='bbox 289 1860 454 1915; x_wconf 90' lang='lat' dir='ltr'><strong>buere</strong></span> <span class='ocrx_word' id='word_1_108' title='bbox 494 1872 782 1924; x_wconf 89' lang='lat' dir='ltr'><strong>consensu,</strong></span> <span class='ocrx_word' id='word_1_109' title='bbox 826 1855 920 1911; x_wconf 89' lang='lat' dir='ltr'><strong>sed</strong></span> <span class='ocrx_word' id='word_1_110' title='bbox 947 1851 1310 1909; x_wconf 88' lang='lat' dir='ltr'><strong>testimonium</strong></span> <span class='ocrx_word' id='word_1_111' title='bbox 1336 1861 1392 1906; x_wconf 92' lang='lat' dir='ltr'><strong>et</strong></span> <span class='ocrx_word' id='word_1_112' title='bbox 1416 1849 1639 1922; x_wconf 77' lang='lat' dir='ltr'><strong>gloriam</strong></span> <span class='ocrx_word' id='word_1_113' title='bbox 1676 1847 1744 1904; x_wconf 87' lang='lat' dir='ltr'><strong>de</strong></span> <span class='ocrx_word' id='word_1_114' title='bbox 1769 1847 1886 1917; x_wconf 87' lang='lat' dir='ltr'><strong>ejus</strong></span> 
     </span>
    </p>
   </div>
   <div class='ocr_carea' id='block_1_17' title="bbox 287 1941 1886 2026">
    <p class='ocr_par' dir='ltr' id='par_1_17' title="bbox 287 1941 1886 2026">
     <span class='ocr_line' id='line_1_17' title="bbox 287 1941 1886 2026; baseline -0.01 -16"><span class='ocrx_word' id='word_1_115' title='bbox 287 1967 578 2026; x_wconf 78' lang='lat' dir='ltr'><strong>suscepere</strong></span> <span class='ocrx_word' id='word_1_116' title='bbox 627 1950 938 2018; x_wconf 90' lang='lat' dir='ltr'><strong>consortio,</strong></span> <span class='ocrx_word' id='word_1_117' title='bbox 987 1947 1192 2003; x_wconf 91' lang='lat' dir='ltr'><strong>nullum</strong></span> <span class='ocrx_word' id='word_1_118' title='bbox 1239 1943 1562 2016; x_wconf 86' lang='lat' dir='ltr'><strong>prudentum</strong></span> <span class='ocrx_word' id='word_1_119' title='bbox 1604 1941 1886 1997; x_wconf 85' lang='lat' dir='ltr'><strong>conturbet</strong></span> 
     </span>
    </p>
   </div>
   <div class='ocr_carea' id='block_1_18' title="bbox 286 2035 1885 2116">
    <p class='ocr_par' dir='ltr' id='par_1_18' title="bbox 286 2035 1885 2116">
     <span class='ocr_line' id='line_1_18' title="bbox 286 2035 1885 2116; baseline -0.009 -14"><span class='ocrx_word' id='word_1_120' title='bbox 286 2045 614 2116; x_wconf 69' lang='lat' dir='ltr'><strong>eonspiratio</strong></span> <span class='ocrx_word' id='word_1_121' title='bbox 657 2043 1009 2116; x_wconf 90' lang='lat' dir='ltr'><strong>perditorum.</strong></span> <span class='ocrx_word' id='word_1_122' title='bbox 1045 2059 1065 2094; x_wconf 74' lang='grc' dir='ltr'><strong><em>ι</em></strong></span> <span class='ocrx_word' id='word_1_123' title='bbox 1111 2039 1240 2095; x_wconf 78' lang='lat' dir='ltr'><strong>llaec</strong></span> <span class='ocrx_word' id='word_1_124' title='bbox 1266 2037 1426 2094; x_wconf 88' lang='lat' dir='ltr'><strong>verba</strong></span> <span class='ocrx_word' id='word_1_125' title='bbox 1451 2045 1535 2091; x_wconf 92' lang='lat' dir='ltr'><strong>tua</strong></span> <span class='ocrx_word' id='word_1_126' title='bbox 1567 2050 1673 2107; x_wconf 91' lang='lat' dir='ltr'><strong>quo</strong></span> <span class='ocrx_word' id='word_1_127' title='bbox 1719 2035 1885 2106; x_wconf 86' lang='lat' dir='ltr'><strong>proli-</strong></span> 
     </span>
    </p>
   </div>
   <div class='ocr_carea' id='block_1_19' title="bbox 285 2126 1884 2204">
    <p class='ocr_par' dir='ltr' id='par_1_19' title="bbox 285 2126 1884 2204">
     <span class='ocr_line' id='line_1_19' title="bbox 285 2126 1884 2204; baseline -0.008 -12"><span class='ocrx_word' id='word_1_128' title='bbox 285 2139 460 2203; x_wconf 87' lang='lat' dir='ltr'><strong>ciunt,</strong></span> <span class='ocrx_word' id='word_1_129' title='bbox 487 2135 590 2190; x_wconf 90' lang='lat' dir='ltr'><strong>nisi</strong></span> <span class='ocrx_word' id='word_1_130' title='bbox 621 2142 680 2188; x_wconf 94' lang='lat' dir='ltr'><strong>ut</strong></span> <span class='ocrx_word' id='word_1_131' title='bbox 721 2139 998 2204; x_wconf 84' lang='lat' dir='ltr'><strong>appareat,</strong></span> <span class='ocrx_word' id='word_1_132' title='bbox 1042 2130 1128 2186; x_wconf 86' lang='lat' dir='ltr'><strong>vel</strong></span> <span class='ocrx_word' id='word_1_133' title='bbox 1171 2127 1440 2200; x_wconf 91' lang='lat' dir='ltr'><strong>quomodo</strong></span> <span class='ocrx_word' id='word_1_134' title='bbox 1482 2126 1550 2183; x_wconf 89' lang='lat' dir='ltr'><strong>de</strong></span> <span class='ocrx_word' id='word_1_135' title='bbox 1594 2128 1694 2182; x_wconf 84' lang='lat' dir='ltr'><strong>hac</strong></span> <span class='ocrx_word' id='word_1_136' title='bbox 1725 2141 1884 2180; x_wconf 85' lang='lat' dir='ltr'><strong>causa</strong></span> 
     </span>
    </p>
   </div>
   <div class='ocr_carea' id='block_1_20' title="bbox 287 2221 1884 2298">
    <p class='ocr_par' dir='ltr' id='par_1_20' title="bbox 287 2221 1884 2298">
     <span class='ocr_line' id='line_1_20' title="bbox 287 2221 1884 2298; baseline -0.007 -13"><span class='ocrx_word' id='word_1_137' title='bbox 287 2229 432 2285; x_wconf 80' lang='lat' dir='ltr'><strong>scire</strong></span> <span class='ocrx_word' id='word_1_138' title='bbox 455 2227 752 2298; x_wconf 77' lang='lat' dir='ltr'><strong>neglexeris</strong></span> <span class='ocrx_word' id='word_1_139' title='bbox 772 2224 1158 2280; x_wconf 88' lang='lat' dir='ltr'><strong>catholicorum</strong></span> <span class='ocrx_word' id='word_1_140' title='bbox 1182 2221 1474 2277; x_wconf 85' lang='lat' dir='ltr'><strong>sententias</strong></span> <span class='ocrx_word' id='word_1_141' title='bbox 1499 2233 1884 2290; x_wconf 85' lang='lat' dir='ltr'><strong>sermonesque</strong></span> 
     </span>
    </p>
   </div>
   <div class='ocr_carea' id='block_1_21' title="bbox 285 2311 1887 2386">
    <p class='ocr_par' dir='ltr' id='par_1_21' title="bbox 285 2311 1887 2386">
     <span class='ocr_line' id='line_1_21' title="bbox 285 2311 1887 2386; baseline -0.007 -7"><span class='ocrx_word' id='word_1_142' title='bbox 285 2323 598 2386; x_wconf 87' lang='lat' dir='ltr'><strong>doctorum;</strong></span> <span class='ocrx_word' id='word_1_143' title='bbox 628 2321 713 2376; x_wconf 88' lang='lat' dir='ltr'><strong>vel</strong></span> <span class='ocrx_word' id='word_1_144' title='bbox 735 2320 780 2376; x_wconf 90' lang='lat' dir='ltr'><strong>si</strong></span> <span class='ocrx_word' id='word_1_145' title='bbox 810 2334 905 2374; x_wconf 89' lang='lat' dir='ltr'><strong>eos</strong></span> <span class='ocrx_word' id='word_1_146' title='bbox 921 2333 1079 2373; x_wconf 90' lang='lat' dir='ltr'><strong>nosse</strong></span> <span class='ocrx_word' id='word_1_147' title='bbox 1095 2315 1314 2382; x_wconf 88' lang='lat' dir='ltr'><strong>curasti,</strong></span> <span class='ocrx_word' id='word_1_148' title='bbox 1332 2329 1436 2384; x_wconf 89' lang='lat' dir='ltr'><strong>qua</strong></span> <span class='ocrx_word' id='word_1_149' title='bbox 1462 2311 1649 2368; x_wconf 81' lang='lat' dir='ltr'><strong>fraude</strong></span> <span class='ocrx_word' id='word_1_150' title='bbox 1673 2313 1887 2368; x_wconf 88' lang='lat' dir='ltr'><strong>coneris</strong></span> 
     </span>
    </p>
   </div>
   <div class='ocr_carea' id='block_1_22' title="bbox 285 2404 1888 2472">
    <p class='ocr_par' dir='ltr' id='par_1_22' title="bbox 285 2404 1888 2472">
     <span class='ocr_line' id='line_1_22' title="bbox 285 2404 1888 2472; baseline -0.007 0"><span class='ocrx_word' id='word_1_151' title='bbox 285 2414 676 2472; x_wconf 83' lang='lat' dir='ltr'><strong>circumvenire</strong></span> <span class='ocrx_word' id='word_1_152' title='bbox 709 2411 1047 2468; x_wconf 72' lang='lat' dir='ltr'><strong>nescientes?</strong></span> <span class='ocrx_word' id='word_1_153' title='bbox 1069 2407 1206 2465; x_wconf 86' lang='lat' dir='ltr'><strong>Nam</strong></span> <span class='ocrx_word' id='word_1_154' title='bbox 1242 2408 1310 2463; x_wconf 89' lang='lat' dir='ltr'><strong>de</strong></span> <span class='ocrx_word' id='word_1_155' title='bbox 1337 2406 1542 2462; x_wconf 78' lang='lat' dir='ltr'><strong>ratione</strong></span> <span class='ocrx_word' id='word_1_156' title='bbox 1569 2414 1624 2462; x_wconf 91' lang='lat' dir='ltr'><strong>et</strong></span> <span class='ocrx_word' id='word_1_157' title='bbox 1653 2404 1719 2461; x_wconf 90' lang='lat' dir='ltr'><strong>de</strong></span> <span class='ocrx_word' id='word_1_158' title='bbox 1761 2421 1888 2460; x_wconf 85' lang='lat' dir='ltr'><strong>san-</strong></span> 
     </span>
    </p>
   </div>
   <div class='ocr_carea' id='block_1_23' title="bbox 283 2497 1891 2577">
    <p class='ocr_par' dir='ltr' id='par_1_23' title="bbox 283 2497 1891 2577">
     <span class='ocr_line' id='line_1_23' title="bbox 283 2497 1891 2577; baseline -0.009 -12"><span class='ocrx_word' id='word_1_159' title='bbox 283 2519 497 2565; x_wconf 86' lang='lat' dir='ltr'><strong>ctarum</strong></span> <span class='ocrx_word' id='word_1_160' title='bbox 521 2507 913 2577; x_wconf 85' lang='lat' dir='ltr'><strong>Scripturarum</strong></span> <span class='ocrx_word' id='word_1_161' title='bbox 953 2502 1270 2559; x_wconf 86' lang='lat' dir='ltr'><strong>auctoritate</strong></span> <span class='ocrx_word' id='word_1_162' title='bbox 1297 2508 1350 2555; x_wconf 93' lang='lat' dir='ltr'><strong>ut</strong></span> <span class='ocrx_word' id='word_1_163' title='bbox 1392 2514 1534 2554; x_wconf 91' lang='lat' dir='ltr'><strong>nunc</strong></span> <span class='ocrx_word' id='word_1_164' title='bbox 1563 2497 1776 2554; x_wconf 90' lang='lat' dir='ltr'><strong>interim</strong></span> <span class='ocrx_word' id='word_1_165' title='bbox 1803 2505 1891 2552; x_wconf 82' lang='lat' dir='ltr'><strong>ta-</strong></span> 
     </span>
    </p>
   </div>
   <div class='ocr_carea' id='block_1_24' title="bbox 283 2589 1887 2664">
    <p class='ocr_par' dir='ltr' id='par_1_24' title="bbox 283 2589 1887 2664">
     <span class='ocr_line' id='line_1_24' title="bbox 283 2589 1887 2664; baseline -0.008 -7"><span class='ocrx_word' id='word_1_166' title='bbox 283 2616 441 2658; x_wconf 85' lang='lat' dir='ltr'><strong>ceam</strong></span> <span class='ocrx_word' id='word_1_167' title='bbox 461 2615 478 2664; x_wconf 86' lang='lat'><strong>;</strong></span> <span class='ocrx_word' id='word_1_168' title='bbox 502 2597 763 2654; x_wconf 81' lang='lat' dir='ltr'><strong>hanceine</strong></span> <span class='ocrx_word' id='word_1_169' title='bbox 781 2594 1121 2659; x_wconf 88' lang='lat' dir='ltr'><strong>sententiam,</strong></span> <span class='ocrx_word' id='word_1_170' title='bbox 1138 2607 1237 2664; x_wconf 88' lang='lat' dir='ltr'><strong>qua</strong></span> <span class='ocrx_word' id='word_1_171' title='bbox 1256 2591 1460 2662; x_wconf 79' lang='lat' dir='ltr'><strong>negatis</strong></span> <span class='ocrx_word' id='word_1_172' title='bbox 1493 2599 1707 2661; x_wconf 87' lang='lat' dir='ltr'><strong>peccato</strong></span> <span class='ocrx_word' id='word_1_173' title='bbox 1734 2589 1887 2659; x_wconf 89' lang='lat' dir='ltr'><strong>primi</strong></span> 
     </span>
    </p>
   </div>
   <div class='ocr_carea' id='block_1_25' title="bbox 284 2681 1886 2757">
    <p class='ocr_par' dir='ltr' id='par_1_25' title="bbox 284 2681 1886 2757">
     <span class='ocr_line' id='line_1_25' title="bbox 284 2681 1886 2757; baseline -0.007 -11"><span class='ocrx_word' id='word_1_174' title='bbox 284 2691 529 2746; x_wconf 83' lang='lat' dir='ltr'><strong>hominis</strong></span> <span class='ocrx_word' id='word_1_175' title='bbox 541 2688 814 2752; x_wconf 71' lang='lat' dir='ltr'><strong>obnoxios</strong></span> <span class='ocrx_word' id='word_1_176' title='bbox 842 2686 1094 2757; x_wconf 84' lang='lat' dir='ltr'><strong>parvulos</strong></span> <span class='ocrx_word' id='word_1_177' title='bbox 1120 2683 1287 2749; x_wconf 87' lang='lat' dir='ltr'><strong>nasci,</strong></span> <span class='ocrx_word' id='word_1_178' title='bbox 1315 2691 1625 2738; x_wconf 88' lang='lat' dir='ltr'><strong>sanctorum</strong></span> <span class='ocrx_word' id='word_1_179' title='bbox 1649 2681 1886 2735; x_wconf 83' lang='lat' dir='ltr'><strong>virorum</strong></span> 
     </span>
    </p>
   </div>
   <div class='ocr_carea' id='block_1_26' title="bbox 281 2775 1888 2854">
    <p class='ocr_par' dir='ltr' id='par_1_26' title="bbox 281 2775 1888 2854">
     <span class='ocr_line' id='line_1_26' title="bbox 281 2775 1888 2854; baseline -0.01 -14"><span class='ocrx_word' id='word_1_180' title='bbox 281 2799 511 2854; x_wconf 83' lang='lat' dir='ltr'><strong>semper</strong></span> <span class='ocrx_word' id='word_1_181' title='bbox 535 2780 827 2840; x_wconf 79' lang='lat' dir='ltr'><strong>celebravit</strong></span> <span class='ocrx_word' id='word_1_182' title='bbox 857 2778 1126 2834; x_wconf 75' lang='lat' dir='ltr'><strong>eruditio?</strong></span> <span class='ocrx_word' id='word_1_183' title='bbox 1167 2775 1284 2832; x_wconf 82' lang='lat' dir='ltr'><strong>Non</strong></span> <span class='ocrx_word' id='word_1_184' title='bbox 1316 2775 1416 2830; x_wconf 90' lang='lat' dir='ltr'><strong>hoc</strong></span> <span class='ocrx_word' id='word_1_185' title='bbox 1445 2775 1562 2830; x_wconf 89' lang='lat' dir='ltr'><strong>lstis</strong></span> <span class='ocrx_word' id='word_1_186' title='bbox 1605 2783 1681 2828; x_wconf 89' lang='lat' dir='ltr'><strong>tot</strong></span> <span class='ocrx_word' id='word_1_187' title='bbox 1712 2782 1888 2828; x_wconf 87' lang='lat' dir='ltr'><strong>tanto-</strong></span> 
     </span>
    </p>
   </div>
   <div class='ocr_carea' id='block_1_27' title="bbox 278 2869 1890 2944">
    <p class='ocr_par' dir='ltr' id='par_1_27' title="bbox 278 2869 1890 2944">
     <span class='ocr_line' id='line_1_27' title="bbox 278 2869 1890 2944; baseline -0.005 -14"><span class='ocrx_word' id='word_1_188' title='bbox 278 2891 524 2944; x_wconf 78' lang='lat' dir='ltr'><strong>rumque</strong></span> <span class='ocrx_word' id='word_1_189' title='bbox 553 2881 870 2928; x_wconf 80' lang='lat' dir='ltr'><strong>sanctorum</strong></span> <span class='ocrx_word' id='word_1_190' title='bbox 911 2880 968 2926; x_wconf 92' lang='lat' dir='ltr'><strong>et</strong></span> <span class='ocrx_word' id='word_1_191' title='bbox 1005 2869 1356 2934; x_wconf 86' lang='lat' dir='ltr'><strong>eruditorum,</strong></span> <span class='ocrx_word' id='word_1_192' title='bbox 1399 2883 1519 2939; x_wconf 67' lang='lat' dir='ltr'><strong>quae</strong></span> <span class='ocrx_word' id='word_1_193' title='bbox 1559 2881 1890 2924; x_wconf 87' lang='lat' dir='ltr'><strong>commemo-</strong></span> 
     </span>
    </p>
   </div>
   <div class='ocr_carea' id='block_1_28' title="bbox 279 2951 1886 3033">
    <p class='ocr_par' dir='ltr' id='par_1_28' title="bbox 279 2951 1886 3033">
     <span class='ocr_line' id='line_1_28' title="bbox 279 2951 1886 3033; baseline -0.006 -11"><span class='ocrx_word' id='word_1_194' title='bbox 279 2967 427 3033; x_wconf 82' lang='lat' dir='ltr'><strong>ravi,</strong></span> <span class='ocrx_word' id='word_1_195' title='bbox 458 2965 781 3020; x_wconf 84' lang='lat' dir='ltr'><strong>testimoniis</strong></span> <span class='ocrx_word' id='word_1_196' title='bbox 806 2951 1106 3018; x_wconf 81' lang='lat' dir='ltr'><strong>indicatur:</strong></span> <span class='ocrx_word' id='word_1_197' title='bbox 1132 2961 1238 3016; x_wconf 93' lang='lat' dir='ltr'><strong>imo</strong></span> <span class='ocrx_word' id='word_1_198' title='bbox 1255 2975 1286 3016; x_wconf 91' lang='lat' dir='ltr'><strong>e</strong></span> <span class='ocrx_word' id='word_1_199' title='bbox 1307 2959 1576 3015; x_wconf 88' lang='lat' dir='ltr'><strong>contrario</strong></span> <span class='ocrx_word' id='word_1_200' title='bbox 1597 2969 1723 3030; x_wconf 91' lang='lat' dir='ltr'><strong>puto</strong></span> <span class='ocrx_word' id='word_1_201' title='bbox 1744 2958 1886 3029; x_wconf 90' lang='lat' dir='ltr'><strong>quod</strong></span> 
     </span>
    </p>
   </div>
   <div class='ocr_carea' id='block_1_29' title="bbox 271 3051 1889 3132">
    <p class='ocr_par' dir='ltr' id='par_1_29' title="bbox 271 3051 1889 3132">
     <span class='ocr_line' id='line_1_29' title="bbox 271 3051 1889 3132; baseline -0.007 -15"><span class='ocrx_word' id='word_1_202' title='bbox 271 3061 394 3132; x_wconf 72' lang='lat' dir='ltr'><strong>jam</strong></span> <span class='ocrx_word' id='word_1_203' title='bbox 417 3059 626 3124; x_wconf 84' lang='lat' dir='ltr'><strong>videas,</strong></span> <span class='ocrx_word' id='word_1_204' title='bbox 653 3065 909 3128; x_wconf 84' lang='lat' dir='ltr'><strong>quantum</strong></span> <span class='ocrx_word' id='word_1_205' title='bbox 933 3064 986 3112; x_wconf 90' lang='lat' dir='ltr'><strong>te</strong></span> <span class='ocrx_word' id='word_1_206' title='bbox 1006 3054 1188 3124; x_wconf 90' lang='lat' dir='ltr'><strong>opinio</strong></span> <span class='ocrx_word' id='word_1_207' title='bbox 1213 3053 1311 3108; x_wconf 89' lang='lat' dir='ltr'><strong>ista</strong></span> <span class='ocrx_word' id='word_1_208' title='bbox 1333 3051 1614 3116; x_wconf 82' lang='lat' dir='ltr'><strong>fefellerit;</strong></span> <span class='ocrx_word' id='word_1_209' title='bbox 1639 3052 1682 3107; x_wconf 90' lang='lat' dir='ltr'><strong>si</strong></span> <span class='ocrx_word' id='word_1_210' title='bbox 1712 3060 1889 3107; x_wconf 88' lang='lat' dir='ltr'><strong>tamen</strong></span> 
     </span>
    </p>
   </div>
   <div class='ocr_carea' id='block_1_30' title="bbox 277 3141 1889 3222">
    <p class='ocr_par' dir='ltr' id='par_1_30' title="bbox 277 3141 1889 3222">
     <span class='ocr_line' id='line_1_30' title="bbox 277 3141 1889 3222; baseline -0.007 -12"><span class='ocrx_word' id='word_1_211' title='bbox 277 3170 394 3210; x_wconf 90' lang='lat' dir='ltr'><strong>non</strong></span> <span class='ocrx_word' id='word_1_212' title='bbox 425 3153 556 3208; x_wconf 88' lang='lat' dir='ltr'><strong>dolo</strong></span> <span class='ocrx_word' id='word_1_213' title='bbox 581 3151 694 3222; x_wconf 80' lang='lat' dir='ltr'><strong>agis</strong></span> <span class='ocrx_word' id='word_1_214' title='bbox 723 3159 881 3220; x_wconf 87' lang='lat' dir='ltr'><strong>atque</strong></span> <span class='ocrx_word' id='word_1_215' title='bbox 907 3146 959 3202; x_wconf 91' lang='lat' dir='ltr'><strong>id</strong></span> <span class='ocrx_word' id='word_1_216' title='bbox 985 3155 1112 3202; x_wconf 90' lang='lat' dir='ltr'><strong>ante</strong></span> <span class='ocrx_word' id='word_1_217' title='bbox 1133 3145 1242 3217; x_wconf 89' lang='lat' dir='ltr'><strong>jam</strong></span> <span class='ocrx_word' id='word_1_218' title='bbox 1275 3159 1519 3201; x_wconf 89' lang='lat' dir='ltr'><strong>noveras.</strong></span> <span class='ocrx_word' id='word_1_219' title='bbox 1553 3141 1660 3200; x_wconf 87' lang='lat' dir='ltr'><strong>Sed</strong></span> <span class='ocrx_word' id='word_1_220' title='bbox 1697 3155 1751 3198; x_wconf 93' lang='lat' dir='ltr'><strong>ut</strong></span> <span class='ocrx_word' id='word_1_221' title='bbox 1773 3157 1889 3199; x_wconf 65' lang='lat' dir='ltr'><strong>meo</strong></span> 
     </span>
    </p>
   </div>
   <div class='ocr_carea' id='block_1_31' title="bbox 275 3223 1892 3310">
    <p class='ocr_par' dir='ltr' id='par_1_31' title="bbox 275 3223 1892 3310">
     <span class='ocr_line' id='line_1_31' title="bbox 275 3223 1892 3310; baseline -0.007 -6"><span class='ocrx_word' id='word_1_222' title='bbox 275 3249 392 3305; x_wconf 77' lang='lat' dir='ltr'><strong>lius</strong></span> <span class='ocrx_word' id='word_1_223' title='bbox 420 3245 496 3304; x_wconf 87' lang='lat' dir='ltr'><strong>de</strong></span> <span class='ocrx_word' id='word_1_224' title='bbox 524 3254 575 3302; x_wconf 90' lang='lat' dir='ltr'><strong>te</strong></span> <span class='ocrx_word' id='word_1_225' title='bbox 601 3243 853 3308; x_wconf 87' lang='lat' dir='ltr'><strong>credam;</strong></span> <span class='ocrx_word' id='word_1_226' title='bbox 881 3243 927 3296; x_wconf 87' lang='lat' dir='ltr'><strong>si</strong></span> <span class='ocrx_word' id='word_1_227' title='bbox 958 3254 1101 3296; x_wconf 90' lang='lat' dir='ltr'><strong>nunc</strong></span> <span class='ocrx_word' id='word_1_228' title='bbox 1129 3223 1356 3310; x_wconf 76' lang='lat' dir='ltr'><strong>primum</strong></span> <span class='ocrx_word' id='word_1_229' title='bbox 1389 3238 1488 3292; x_wconf 90' lang='lat' dir='ltr'><strong>ista</strong></span> <span class='ocrx_word' id='word_1_230' title='bbox 1515 3237 1814 3308; x_wconf 89' lang='lat' dir='ltr'><strong>cognoscis,</strong></span> <span class='ocrx_word' id='word_1_231' title='bbox 1843 3233 1892 3292; x_wconf 82' lang='lat' dir='ltr'><strong>sl</strong></span> 
     </span>
    </p>
   </div>
   <div class='ocr_carea' id='block_1_32' title="bbox 273 3327 1892 3408">
    <p class='ocr_par' dir='ltr' id='par_1_32' title="bbox 273 3327 1892 3408">
     <span class='ocr_line' id='line_1_32' title="bbox 273 3327 1892 3408; baseline -0.008 -13"><span class='ocrx_word' id='word_1_232' title='bbox 273 3339 351 3395; x_wconf 88' lang='lat' dir='ltr'><strong>de</strong></span> <span class='ocrx_word' id='word_1_233' title='bbox 393 3346 620 3408; x_wconf 90' lang='lat' dir='ltr'><strong>peccato</strong></span> <span class='ocrx_word' id='word_1_234' title='bbox 650 3332 808 3406; x_wconf 85' lang='lat' dir='ltr'><strong>primi</strong></span> <span class='ocrx_word' id='word_1_235' title='bbox 852 3331 1102 3394; x_wconf 90' lang='lat' dir='ltr'><strong>hominis,</strong></span> <span class='ocrx_word' id='word_1_236' title='bbox 1135 3328 1277 3401; x_wconf 88' lang='lat' dir='ltr'><strong>quod</strong></span> <span class='ocrx_word' id='word_1_237' title='bbox 1305 3344 1370 3384; x_wconf 84' lang='lat' dir='ltr'><strong>eo</strong></span> <span class='ocrx_word' id='word_1_238' title='bbox 1396 3327 1504 3383; x_wconf 89' lang='lat' dir='ltr'><strong>sint</strong></span> <span class='ocrx_word' id='word_1_239' title='bbox 1531 3328 1768 3399; x_wconf 84' lang='lat' dir='ltr'><strong>obligati,</strong></span> <span class='ocrx_word' id='word_1_240' title='bbox 1799 3327 1892 3398; x_wconf 87' lang='lat' dir='ltr'><strong>qui</strong></span> 
     </span>
    </p>
   </div>
   <div class='ocr_carea' id='block_1_33' title="bbox 271 3417 1890 3496">
    <p class='ocr_par' dir='ltr' id='par_1_33' title="bbox 271 3417 1890 3496">
     <span class='ocr_line' id='line_1_33' title="bbox 271 3417 1890 3496; baseline -0.007 -13"><span class='ocrx_word' id='word_1_241' title='bbox 271 3427 581 3484; x_wconf 81' lang='lat' dir='ltr'><strong>carnaliter</strong></span> <span class='ocrx_word' id='word_1_242' title='bbox 605 3431 928 3496; x_wconf 87' lang='lat' dir='ltr'><strong>generantur</strong></span> <span class='ocrx_word' id='word_1_243' title='bbox 971 3419 1224 3486; x_wconf 81' lang='lat' dir='ltr'><strong>infantes,</strong></span> <span class='ocrx_word' id='word_1_244' title='bbox 1263 3433 1366 3474; x_wconf 84' lang='lat' dir='ltr'><strong>nec</strong></span> <span class='ocrx_word' id='word_1_245' title='bbox 1395 3433 1461 3473; x_wconf 92' lang='lat' dir='ltr'><strong>eo</strong></span> <span class='ocrx_word' id='word_1_246' title='bbox 1490 3417 1590 3472; x_wconf 92' lang='lat' dir='ltr'><strong>nisi</strong></span> <span class='ocrx_word' id='word_1_247' title='bbox 1629 3417 1890 3489; x_wconf 73' lang='lat' dir='ltr'><strong>spirituali</strong></span> 
     </span>
    </p>
   </div>
   <div class='ocr_carea' id='block_1_34' title="bbox 270 3510 1892 3593">
    <p class='ocr_par' dir='ltr' id='par_1_34' title="bbox 270 3510 1892 3593">
     <span class='ocr_line' id='line_1_34' title="bbox 270 3510 1892 3593; baseline -0.007 -15"><span class='ocrx_word' id='word_1_248' title='bbox 270 3519 704 3593; x_wconf 85' lang='lat' dir='ltr'><strong>regeneratione</strong></span> <span class='ocrx_word' id='word_1_249' title='bbox 729 3517 1029 3583; x_wconf 78' lang='lat' dir='ltr'><strong>solvuntur,</strong></span> <span class='ocrx_word' id='word_1_250' title='bbox 1061 3528 1201 3569; x_wconf 91' lang='lat' dir='ltr'><strong>nunc</strong></span> <span class='ocrx_word' id='word_1_251' title='bbox 1227 3513 1456 3583; x_wconf 90' lang='lat' dir='ltr'><strong>primum</strong></span> <span class='ocrx_word' id='word_1_252' title='bbox 1491 3512 1746 3583; x_wconf 77' lang='lat' dir='ltr'><strong>perSpicis</strong></span> <span class='ocrx_word' id='word_1_253' title='bbox 1788 3510 1892 3567; x_wconf 86' lang='lat' dir='ltr'><strong>hoc</strong></span> 
     </span>
    </p>
   </div>
   <div class='ocr_carea' id='block_1_35' title="bbox 267 3603 1890 3675">
    <p class='ocr_par' dir='ltr' id='par_1_35' title="bbox 267 3603 1890 3675">
     <span class='ocr_line' id='line_1_35' title="bbox 267 3603 1890 3675; baseline -0.012 -4"><span class='ocrx_word' id='word_1_254' title='bbox 267 3613 550 3671; x_wconf 88' lang='lat' dir='ltr'><strong>didicisse</strong></span> <span class='ocrx_word' id='word_1_255' title='bbox 577 3621 630 3666; x_wconf 91' lang='lat' dir='ltr'><strong>et</strong></span> <span class='ocrx_word' id='word_1_256' title='bbox 653 3610 903 3666; x_wconf 89' lang='lat' dir='ltr'><strong>docuisse</strong></span> <span class='ocrx_word' id='word_1_257' title='bbox 932 3615 1012 3661; x_wconf 83' lang='lat' dir='ltr'><strong>tot</strong></span> <span class='ocrx_word' id='word_1_258' title='bbox 1037 3615 1270 3670; x_wconf 89' lang='lat' dir='ltr'><strong>sanctos,</strong></span> <span class='ocrx_word' id='word_1_259' title='bbox 1301 3603 1443 3675; x_wconf 89' lang='lat' dir='ltr'><strong>quod</strong></span> <span class='ocrx_word' id='word_1_260' title='bbox 1485 3612 1540 3660; x_wconf 91' lang='lat' dir='ltr'><strong>et</strong></span> <span class='ocrx_word' id='word_1_261' title='bbox 1566 3619 1662 3662; x_wconf 89' lang='lat' dir='ltr'><strong>nos</strong></span> <span class='ocrx_word' id='word_1_262' title='bbox 1700 3604 1890 3659; x_wconf 78' lang='lat' dir='ltr'><strong>didici—</strong></span> 
     </span>
    </p>
   </div>
   <div class='ocr_carea' id='block_1_36' title="bbox 167 3694 1890 3766">
    <p class='ocr_par' dir='ltr' id='par_1_36' title="bbox 167 3694 1890 3766">
     <span class='ocr_line' id='line_1_36' title="bbox 167 3694 1890 3766; baseline -0.008 -3"><span class='ocrx_word' id='word_1_263' title='bbox 167 3716 178 3731; x_wconf 91' lang='lat'>&#39;</span> <span class='ocrx_word' id='word_1_264' title='bbox 265 3721 405 3762; x_wconf 79' lang='lat' dir='ltr'><strong>[IIIIS</strong></span> <span class='ocrx_word' id='word_1_265' title='bbox 437 3711 500 3760; x_wconf 90' lang='lat' dir='ltr'><strong>et</strong></span> <span class='ocrx_word' id='word_1_266' title='bbox 525 3702 815 3756; x_wconf 88' lang='lat' dir='ltr'><strong>docemus:</strong></span> <span class='ocrx_word' id='word_1_267' title='bbox 839 3696 1108 3766; x_wconf 86' lang='lat' dir='ltr'><strong>mutajam</strong></span> <span class='ocrx_word' id='word_1_268' title='bbox 1127 3695 1282 3750; x_wconf 89' lang='lat' dir='ltr'><strong>istam</strong></span> <span class='ocrx_word' id='word_1_269' title='bbox 1301 3703 1555 3760; x_wconf 88' lang='lat' dir='ltr'><strong>mentem,</strong></span> <span class='ocrx_word' id='word_1_270' title='bbox 1576 3694 1890 3750; x_wconf 85' lang='lat' dir='ltr'><strong>obliviscere</strong></span> 
     </span>
    </p>
   </div>
   <div class='ocr_carea' id='block_1_37' title="bbox 266 3784 1893 3866">
    <p class='ocr_par' dir='ltr' id='par_1_37' title="bbox 266 3784 1893 3866">
     <span class='ocr_line' id='line_1_37' title="bbox 266 3784 1893 3866; baseline -0.007 -13"><span class='ocrx_word' id='word_1_271' title='bbox 266 3796 451 3866; x_wconf 84' lang='lat' dir='ltr'><strong>lmjus</strong></span> <span class='ocrx_word' id='word_1_272' title='bbox 491 3797 713 3858; x_wconf 90' lang='lat' dir='ltr'><strong>erroris,</strong></span> <span class='ocrx_word' id='word_1_273' title='bbox 751 3800 806 3846; x_wconf 88' lang='lat' dir='ltr'><strong>et</strong></span> <span class='ocrx_word' id='word_1_274' title='bbox 833 3787 1218 3860; x_wconf 88' lang='lat' dir='ltr'><strong>propemodum</strong></span> <span class='ocrx_word' id='word_1_275' title='bbox 1262 3784 1480 3851; x_wconf 88' lang='lat' dir='ltr'><strong>furoris,</strong></span> <span class='ocrx_word' id='word_1_276' title='bbox 1510 3802 1616 3856; x_wconf 90' lang='lat' dir='ltr'><strong>quo</strong></span> <span class='ocrx_word' id='word_1_277' title='bbox 1645 3786 1700 3840; x_wconf 89' lang='lat' dir='ltr'><strong>in</strong></span> <span class='ocrx_word' id='word_1_278' title='bbox 1730 3793 1807 3840; x_wconf 90' lang='lat' dir='ltr'><strong>tot</strong></span> <span class='ocrx_word' id='word_1_279' title='bbox 1831 3802 1893 3841; x_wconf 81' lang='lat' dir='ltr'><strong>ac</strong></span> 
     </span>
    </p>
   </div>
   <div class='ocr_carea' id='block_1_38' title="bbox 265 3869 1890 3949">
    <p class='ocr_par' dir='ltr' id='par_1_38' title="bbox 265 3869 1890 3949">
     <span class='ocr_line' id='line_1_38' title="bbox 265 3869 1890 3949; baseline -0.008 -11"><span class='ocrx_word' id='word_1_280' title='bbox 265 3882 421 3937; x_wconf 70' lang='lat' dir='ltr'><strong>tales</strong></span> <span class='ocrx_word' id='word_1_281' title='bbox 455 3888 642 3949; x_wconf 85' lang='lat' dir='ltr'><strong>patres</strong></span> <span class='ocrx_word' id='word_1_282' title='bbox 671 3870 1296 3942; x_wconf 78' lang='lat' dir='ltr'><strong>Maniclunumjacularis</strong></span> <span class='ocrx_word' id='word_1_283' title='bbox 1319 3869 1685 3941; x_wconf 88' lang='lat' dir='ltr'><strong>opprobrium.</strong></span> <span class='ocrx_word' id='word_1_284' title='bbox 1715 3870 1768 3926; x_wconf 90' lang='lat' dir='ltr'><strong>Si</strong></span> <span class='ocrx_word' id='word_1_285' title='bbox 1794 3886 1890 3926; x_wconf 89' lang='lat' dir='ltr'><strong>ne-</strong></span> 
     </span>
    </p>
   </div>
   <div class='ocr_carea' id='block_1_39' title="bbox 263 3967 1892 4049">
    <p class='ocr_par' dir='ltr' id='par_1_39' title="bbox 263 3967 1892 4049">
     <span class='ocr_line' id='line_1_39' title="bbox 263 3967 1892 4049; baseline -0.004 -20"><span class='ocrx_word' id='word_1_286' title='bbox 263 3974 470 4049; x_wconf 64' lang='lat' dir='ltr'><strong>sciens</strong></span> <span class='ocrx_word' id='word_1_287' title='bbox 502 3971 604 4026; x_wconf 90' lang='lat' dir='ltr'><strong>hoc</strong></span> <span class='ocrx_word' id='word_1_288' title='bbox 628 3968 823 4036; x_wconf 86' lang='lat' dir='ltr'><strong>fecisti,</strong></span> <span class='ocrx_word' id='word_1_289' title='bbox 850 3983 947 4024; x_wconf 86' lang='lat' dir='ltr'><strong>cur</strong></span> <span class='ocrx_word' id='word_1_290' title='bbox 985 3984 1092 4024; x_wconf 90' lang='lat' dir='ltr'><strong>non</strong></span> <span class='ocrx_word' id='word_1_291' title='bbox 1133 3969 1384 4024; x_wconf 88' lang='lat' dir='ltr'><strong>miseram</strong></span> <span class='ocrx_word' id='word_1_292' title='bbox 1429 3969 1636 4038; x_wconf 76' lang='lat' dir='ltr'><strong>reSpuis</strong></span> <span class='ocrx_word' id='word_1_293' title='bbox 1673 3967 1892 4036; x_wconf 87' lang='lat' dir='ltr'><strong>imperi-</strong></span> 
     </span>
    </p>
   </div>
   <div class='ocr_carea' id='block_1_40' title="bbox 262 4060 1892 4134">
    <p class='ocr_par' dir='ltr' id='par_1_40' title="bbox 262 4060 1892 4134">
     <span class='ocr_line' id='line_1_40' title="bbox 262 4060 1892 4134; baseline -0.004 -12"><span class='ocrx_word' id='word_1_294' title='bbox 262 4065 459 4122; x_wconf 80' lang='lat' dir='ltr'><strong>tiam?</strong></span> <span class='ocrx_word' id='word_1_295' title='bbox 489 4065 538 4120; x_wconf 89' lang='lat' dir='ltr'><strong>si</strong></span> <span class='ocrx_word' id='word_1_296' title='bbox 583 4063 778 4128; x_wconf 90' lang='lat' dir='ltr'><strong>sciens,</strong></span> <span class='ocrx_word' id='word_1_297' title='bbox 827 4077 925 4118; x_wconf 89' lang='lat' dir='ltr'><strong>cur</strong></span> <span class='ocrx_word' id='word_1_298' title='bbox 965 4077 1072 4118; x_wconf 90' lang='lat' dir='ltr'><strong>non</strong></span> <span class='ocrx_word' id='word_1_299' title='bbox 1116 4063 1428 4134; x_wconf 81' lang='lat' dir='ltr'><strong>sacrilegam</strong></span> <span class='ocrx_word' id='word_1_300' title='bbox 1460 4060 1686 4133; x_wconf 86' lang='lat' dir='ltr'><strong>deponis</strong></span> <span class='ocrx_word' id='word_1_301' title='bbox 1729 4061 1892 4116; x_wconf 83' lang='lat' dir='ltr'><strong>auda-</strong></span> 
     </span>
    </p>
   </div>
   <div class='ocr_carea' id='block_1_41' title="bbox 262 4157 471 4216">
    <p class='ocr_par' dir='ltr' id='par_1_41' title="bbox 262 4157 471 4216">
     <span class='ocr_line' id='line_1_41' title="bbox 262 4157 471 4216; baseline -0.019 0"><span class='ocrx_word' id='word_1_302' title='bbox 262 4160 420 4216; x_wconf 83' lang='lat' dir='ltr'><strong>ciam</strong></span> <span class='ocrx_word' id='word_1_303' title='bbox 440 4157 471 4212; x_wconf 82' lang='lat'><strong>?</strong></span> 
     </span>
    </p>
   </div>
   <div class='ocr_carea' id='block_1_42' title="bbox 340 4248 1892 4321">
    <p class='ocr_par' dir='ltr' id='par_1_42' title="bbox 340 4248 1892 4321">
     <span class='ocr_line' id='line_1_42' title="bbox 340 4248 1892 4321; baseline -0.003 -13"><span class='ocrx_word' id='word_1_304' title='bbox 340 4253 448 4308; x_wconf 75' lang='lat'><strong>30.</strong></span> <span class='ocrx_word' id='word_1_305' title='bbox 503 4248 853 4306; x_wconf 88' lang='lat' dir='ltr'><strong>Convinceris</strong></span> <span class='ocrx_word' id='word_1_306' title='bbox 877 4249 1114 4321; x_wconf 89' lang='lat' dir='ltr'><strong>undique</strong></span> <span class='ocrx_word' id='word_1_307' title='bbox 1143 4266 1157 4302; x_wconf 91' lang='lat'><strong>:</strong></span> <span class='ocrx_word' id='word_1_308' title='bbox 1190 4249 1306 4306; x_wconf 91' lang='lat' dir='ltr'><strong>luce</strong></span> <span class='ocrx_word' id='word_1_309' title='bbox 1333 4250 1558 4305; x_wconf 80' lang='lat' dir='ltr'><strong>clariora</strong></span> <span class='ocrx_word' id='word_1_310' title='bbox 1589 4257 1714 4304; x_wconf 90' lang='lat' dir='ltr'><strong>sunt</strong></span> <span class='ocrx_word' id='word_1_311' title='bbox 1740 4249 1892 4305; x_wconf 81' lang='lat' dir='ltr'><strong>teSti-</strong></span> 
     </span>
    </p>
   </div>
   <div class='ocr_carea' id='block_1_43' title="bbox 259 4342 1894 4412">
    <p class='ocr_par' dir='ltr' id='par_1_43' title="bbox 259 4342 1894 4412">
     <span class='ocr_line' id='line_1_43' title="bbox 259 4342 1894 4412; baseline -0.002 -13"><span class='ocrx_word' id='word_1_312' title='bbox 259 4343 464 4399; x_wconf 86' lang='lat' dir='ltr'><strong>monia</strong></span> <span class='ocrx_word' id='word_1_313' title='bbox 501 4349 650 4396; x_wconf 86' lang='lat' dir='ltr'><strong>tanta</strong></span> <span class='ocrx_word' id='word_1_314' title='bbox 693 4351 1021 4396; x_wconf 89' lang='lat' dir='ltr'><strong>sanctorum.</strong></span> <span class='ocrx_word' id='word_1_315' title='bbox 1054 4342 1109 4396; x_wconf 85' lang='lat' dir='ltr'><strong>In</strong></span> <span class='ocrx_word' id='word_1_316' title='bbox 1139 4357 1365 4412; x_wconf 84' lang='lat' dir='ltr'><strong>quorum</strong></span> <span class='ocrx_word' id='word_1_317' title='bbox 1391 4353 1710 4396; x_wconf 82' lang='lat' dir='ltr'><strong>conventum</strong></span> <span class='ocrx_word' id='word_1_318' title='bbox 1744 4351 1794 4396; x_wconf 90' lang='lat' dir='ltr'><strong>te</strong></span> <span class='ocrx_word' id='word_1_319' title='bbox 1815 4342 1894 4396; x_wconf 84' lang='lat' dir='ltr'><strong>in-</strong></span> 
     </span>
    </p>
   </div>
   <div class='ocr_carea' id='block_1_44' title="bbox 256 4432 1895 4504">
    <p class='ocr_par' dir='ltr' id='par_1_44' title="bbox 256 4432 1895 4504">
     <span class='ocr_line' id='line_1_44' title="bbox 256 4432 1895 4504; baseline -0.003 -11"><span class='ocrx_word' id='word_1_320' title='bbox 256 4432 628 4493; x_wconf 78' lang='lat' dir='ltr'><strong>traduxerim</strong></span> <span class='ocrx_word' id='word_1_321' title='bbox 658 4433 929 4504; x_wconf 88' lang='lat' dir='ltr'><strong>conspice.</strong></span> <span class='ocrx_word' id='word_1_322' title='bbox 965 4434 1061 4489; x_wconf 90' lang='lat' dir='ltr'><strong>llic</strong></span> <span class='ocrx_word' id='word_1_323' title='bbox 1089 4443 1172 4488; x_wconf 89' lang='lat' dir='ltr'><strong>est</strong></span> <span class='ocrx_word' id='word_1_324' title='bbox 1216 4433 1628 4489; x_wconf 82' lang='lat' dir='ltr'><strong>Mediolanensis</strong></span> <span class='ocrx_word' id='word_1_325' title='bbox 1662 4435 1895 4488; x_wconf 84' lang='lat' dir='ltr'><strong>Ambro-</strong></span> 
     </span>
    </p>
   </div>
   <div class='ocr_carea' id='block_1_45' title="bbox 253 4516 1893 4596">
    <p class='ocr_par' dir='ltr' id='par_1_45' title="bbox 253 4516 1893 4596">
     <span class='ocr_line' id='line_1_45' title="bbox 253 4516 1893 4596; baseline -0.001 -14"><span class='ocrx_word' id='word_1_326' title='bbox 253 4529 408 4592; x_wconf 88' lang='lat' dir='ltr'><strong>sius,</strong></span> <span class='ocrx_word' id='word_1_327' title='bbox 435 4539 611 4595; x_wconf 87' lang='lat' dir='ltr'><strong>quem</strong></span> <span class='ocrx_word' id='word_1_328' title='bbox 643 4526 894 4596; x_wconf 78' lang='lat' dir='ltr'><strong>magister</strong></span> <span class='ocrx_word' id='word_1_329' title='bbox 925 4532 1046 4578; x_wconf 85' lang='lat' dir='ltr'><strong>tuus</strong></span> <span class='ocrx_word' id='word_1_330' title='bbox 1073 4516 1319 4594; x_wconf 74' lang='lat' dir='ltr'><strong>Pelagius</strong></span> <span class='ocrx_word' id='word_1_331' title='bbox 1347 4533 1487 4578; x_wconf 79' lang='lat' dir='ltr'><strong>tanta</strong></span> <span class='ocrx_word' id='word_1_332' title='bbox 1517 4525 1893 4595; x_wconf 67' lang='lat' dir='ltr'><strong>prmdicatioue</strong></span> 
     </span>
    </p>
   </div>
   <div class='ocr_carea' id='block_1_46' title="bbox 254 4616 1892 4688">
    <p class='ocr_par' dir='ltr' id='par_1_46' title="bbox 254 4616 1892 4688">
     <span class='ocr_line' id='line_1_46' title="bbox 254 4616 1892 4688; baseline 0 -14"><span class='ocrx_word' id='word_1_333' title='bbox 254 4617 554 4684; x_wconf 85' lang='lat' dir='ltr'><strong>laudavit,</strong></span> <span class='ocrx_word' id='word_1_334' title='bbox 583 4624 642 4670; x_wconf 92' lang='lat' dir='ltr'><strong>ut</strong></span> <span class='ocrx_word' id='word_1_335' title='bbox 666 4616 886 4683; x_wconf 89' lang='lat' dir='ltr'><strong>diceret,</strong></span> <span class='ocrx_word' id='word_1_336' title='bbox 942 4635 964 4668; x_wconf 68' lang='grc' dir='ltr'><strong><em>ι</em></strong></span> <span class='ocrx_word' id='word_1_337' title='bbox 1015 4616 1066 4671; x_wconf 93' lang='lat' dir='ltr'><strong>in</strong></span> <span class='ocrx_word' id='word_1_338' title='bbox 1105 4617 1254 4671; x_wconf 86' lang='lat' dir='ltr'><strong>libris</strong></span> <span class='ocrx_word' id='word_1_339' title='bbox 1296 4617 1412 4685; x_wconf 83' lang='lat' dir='ltr'><strong>ejus</strong></span> <span class='ocrx_word' id='word_1_340' title='bbox 1445 4619 1708 4688; x_wconf 68' lang='lat' dir='ltr'><strong>prwcipne</strong></span> <span class='ocrx_word' id='word_1_341' title='bbox 1735 4619 1892 4674; x_wconf 86' lang='lat' dir='ltr'><strong>fidem</strong></span> 
     </span>
    </p>
   </div>
   <div class='ocr_carea' id='block_1_47' title="bbox 252 4707 1893 4779">
    <p class='ocr_par' dir='ltr' id='par_1_47' title="bbox 252 4707 1893 4779">
     <span class='ocr_line' id='line_1_47' title="bbox 252 4707 1893 4779; baseline 0.001 -13"><span class='ocrx_word' id='word_1_342' title='bbox 252 4712 462 4767; x_wconf 86' lang='lat' dir='ltr'><strong>lucere</strong></span> <span class='ocrx_word' id='word_1_343' title='bbox 504 4707 830 4776; x_wconf 75' lang='lat' dir='ltr'><strong>Romanam,</strong></span> <span class='ocrx_word' id='word_1_344' title='bbox 861 4709 949 4779; x_wconf 92' lang='lat' dir='ltr'><strong>qui</strong></span> <span class='ocrx_word' id='word_1_345' title='bbox 976 4710 998 4740; x_wconf 79' lang='grc'><em>³</em></span> <span class='ocrx_word' id='word_1_346' title='bbox 1024 4709 1340 4778; x_wconf 83' lang='lat' dir='ltr'><strong>scriptorum</strong></span> <span class='ocrx_word' id='word_1_347' title='bbox 1379 4709 1516 4764; x_wconf 90' lang='lat' dir='ltr'><strong>inter</strong></span> <span class='ocrx_word' id='word_1_348' title='bbox 1555 4709 1774 4765; x_wconf 86' lang='lat' dir='ltr'><strong>Latinos</strong></span> <span class='ocrx_word' id='word_1_349' title='bbox 1795 4711 1893 4767; x_wconf 87' lang='lat' dir='ltr'><strong>llos</strong></span> 
     </span>
    </p>
   </div>
   <div class='ocr_carea' id='block_1_48' title="bbox 247 4800 1894 4872">
    <p class='ocr_par' dir='ltr' id='par_1_48' title="bbox 247 4800 1894 4872">
     <span class='ocr_line' id='line_1_48' title="bbox 247 4800 1894 4872; baseline 0.002 -16"><span class='ocrx_word' id='word_1_350' title='bbox 247 4803 500 4872; x_wconf 85' lang='lat' dir='ltr'><strong>quidam</strong></span> <span class='ocrx_word' id='word_1_351' title='bbox 523 4804 800 4870; x_wconf 88' lang='lat' dir='ltr'><strong>speciosus</strong></span> <span class='ocrx_word' id='word_1_352' title='bbox 825 4800 1041 4868; x_wconf 90' lang='lat' dir='ltr'><strong>enituit,</strong></span> <span class='ocrx_word' id='word_1_353' title='bbox 1067 4801 1135 4855; x_wconf 89' lang='lat' dir='ltr'><strong>ita</strong></span> <span class='ocrx_word' id='word_1_354' title='bbox 1159 4811 1214 4856; x_wconf 91' lang='lat' dir='ltr'><strong>ut</strong></span> <span class='ocrx_word' id='word_1_355' title='bbox 1237 4804 1354 4869; x_wconf 82' lang='lat' dir='ltr'><strong>ejus</strong></span> <span class='ocrx_word' id='word_1_356' title='bbox 1393 4800 1550 4857; x_wconf 85' lang='lat' dir='ltr'><strong>fidem</strong></span> <span class='ocrx_word' id='word_1_357' title='bbox 1586 4811 1642 4858; x_wconf 93' lang='lat' dir='ltr'><strong>et</strong></span> <span class='ocrx_word' id='word_1_358' title='bbox 1675 4805 1894 4872; x_wconf 85' lang='lat' dir='ltr'><strong>purissi-</strong></span> 
     </span>
    </p>
   </div>
   <div class='ocr_carea' id='block_1_49' title="bbox 248 4890 1893 4960">
    <p class='ocr_par' dir='ltr' id='par_1_49' title="bbox 248 4890 1893 4960">
     <span class='ocr_line' id='line_1_49' title="bbox 248 4890 1893 4960; baseline 0 -12"><span class='ocrx_word' id='word_1_359' title='bbox 248 4910 420 4948; x_wconf 84' lang='lat' dir='ltr'><strong>mum</strong></span> <span class='ocrx_word' id='word_1_360' title='bbox 449 4893 516 4948; x_wconf 86' lang='lat' dir='ltr'><strong>in</strong></span> <span class='ocrx_word' id='word_1_361' title='bbox 551 4890 842 4960; x_wconf 85' lang='lat' dir='ltr'><strong>Scripturis</strong></span> <span class='ocrx_word' id='word_1_362' title='bbox 865 4906 1080 4946; x_wconf 89' lang='lat' dir='ltr'><strong>sensum</strong></span> <span class='ocrx_word' id='word_1_363' title='bbox 1111 4891 1504 4960; x_wconf 78' lang='lat' dir='ltr'><strong>reprehendere</strong></span> <span class='ocrx_word' id='word_1_364' title='bbox 1525 4908 1624 4948; x_wconf 88' lang='lat' dir='ltr'><strong>nec</strong></span> <span class='ocrx_word' id='word_1_365' title='bbox 1646 4894 1893 4949; x_wconf 88' lang='lat' dir='ltr'><strong>inimicus</strong></span> 
     </span>
    </p>
   </div>
   <div class='ocr_carea' id='block_1_50' title="bbox 244 4981 1888 5054">
    <p class='ocr_par' dir='ltr' id='par_1_50' title="bbox 244 4981 1888 5054">
     <span class='ocr_line' id='line_1_50' title="bbox 244 4981 1888 5054; baseline -0.003 -12"><span class='ocrx_word' id='word_1_366' title='bbox 244 4986 531 5043; x_wconf 75' lang='lat' dir='ltr'><strong>auderet.</strong></span> <span class='ocrx_word' id='word_1_367' title='bbox 574 5002 595 5036; x_wconf 73' lang='grc' dir='ltr'>ι</span> <span class='ocrx_word' id='word_1_368' title='bbox 629 4981 728 5039; x_wconf 81' lang='lat' dir='ltr'><strong>llic</strong></span> <span class='ocrx_word' id='word_1_369' title='bbox 764 4991 846 5038; x_wconf 85' lang='lat' dir='ltr'><strong>est</strong></span> <span class='ocrx_word' id='word_1_370' title='bbox 891 4993 946 5038; x_wconf 89' lang='lat' dir='ltr'><strong>et</strong></span> <span class='ocrx_word' id='word_1_371' title='bbox 982 4983 1600 5054; x_wconf 82' lang='lat' dir='ltr'><strong>Constantinopolitanus</strong></span> <span class='ocrx_word' id='word_1_372' title='bbox 1634 4984 1888 5052; x_wconf 83' lang='lat' dir='ltr'><strong>Joannes,</strong></span> 
     </span>
    </p>
   </div>
   <div class='ocr_carea' id='block_1_51' title="bbox 242 5058 1893 5150">
    <p class='ocr_par' dir='ltr' id='par_1_51' title="bbox 242 5058 1893 5150">
     <span class='ocr_line' id='line_1_51' title="bbox 242 5058 1893 5150; baseline -0.002 -17"><span class='ocrx_word' id='word_1_373' title='bbox 242 5093 430 5150; x_wconf 82' lang='lat' dir='ltr'><strong>quem</strong></span> <span class='ocrx_word' id='word_1_374' title='bbox 464 5085 527 5131; x_wconf 85' lang='lat' dir='ltr'><strong>tu</strong></span> <span class='ocrx_word' id='word_1_375' title='bbox 576 5075 629 5129; x_wconf 93' lang='lat' dir='ltr'><strong>in</strong></span> <span class='ocrx_word' id='word_1_376' title='bbox 672 5089 894 5130; x_wconf 80' lang='lat' dir='ltr'><strong>numero</strong></span> <span class='ocrx_word' id='word_1_377' title='bbox 923 5075 1252 5129; x_wconf 86' lang='lat' dir='ltr'><strong>eruditorum</strong></span> <span class='ocrx_word' id='word_1_378' title='bbox 1273 5058 1342 5130; x_wconf 81' lang='lat' dir='ltr'><strong>ac</strong></span> <span class='ocrx_word' id='word_1_379' title='bbox 1386 5085 1688 5129; x_wconf 81' lang='lat' dir='ltr'><strong>sanctorum</strong></span> <span class='ocrx_word' id='word_1_380' title='bbox 1716 5077 1893 5131; x_wconf 77' lang='lat' dir='ltr'><strong>excel-</strong></span> 
     </span>
    </p>
   </div>
   <div class='ocr_carea' id='block_1_52' title="bbox 242 5167 1889 5239">
    <p class='ocr_par' dir='ltr' id='par_1_52' title="bbox 242 5167 1889 5239">
     <span class='ocr_line' id='line_1_52' title="bbox 242 5167 1889 5239; baseline -0.005 -9"><span class='ocrx_word' id='word_1_381' title='bbox 242 5171 652 5230; x_wconf 84' lang='lat' dir='ltr'><strong>lentissimum</strong></span> <span class='ocrx_word' id='word_1_382' title='bbox 682 5167 736 5223; x_wconf 89' lang='lat' dir='ltr'><strong>in</strong></span> <span class='ocrx_word' id='word_1_383' title='bbox 768 5167 869 5223; x_wconf 87' lang='lat' dir='ltr'><strong>hac</strong></span> <span class='ocrx_word' id='word_1_384' title='bbox 899 5169 1008 5239; x_wconf 87' lang='lat' dir='ltr'><strong>ipsa</strong></span> <span class='ocrx_word' id='word_1_385' title='bbox 1043 5177 1152 5234; x_wconf 88' lang='lat' dir='ltr'><strong>tua,</strong></span> <span class='ocrx_word' id='word_1_386' title='bbox 1185 5168 1269 5223; x_wconf 87' lang='lat' dir='ltr'><strong>cui</strong></span> <span class='ocrx_word' id='word_1_387' title='bbox 1299 5167 1620 5238; x_wconf 82' lang='lat' dir='ltr'><strong>reSpondeo,</strong></span> <span class='ocrx_word' id='word_1_388' title='bbox 1652 5169 1889 5238; x_wconf 81' lang='lat' dir='ltr'><strong>diSputa-</strong></span> 
     </span>
    </p>
   </div>
   <div class='ocr_carea' id='block_1_53' title="bbox 242 5259 1888 5332">
    <p class='ocr_par' dir='ltr' id='par_1_53' title="bbox 242 5259 1888 5332">
     <span class='ocr_line' id='line_1_53' title="bbox 242 5259 1888 5332; baseline -0.001 -14"><span class='ocrx_word' id='word_1_389' title='bbox 242 5267 412 5319; x_wconf 85' lang='lat' dir='ltr'><strong>tione</strong></span> <span class='ocrx_word' id='word_1_390' title='bbox 447 5259 714 5332; x_wconf 73' lang='lat' dir='ltr'><strong>pOsuisti.</strong></span> <span class='ocrx_word' id='word_1_391' title='bbox 746 5259 841 5315; x_wconf 89' lang='lat' dir='ltr'><strong>llic</strong></span> <span class='ocrx_word' id='word_1_392' title='bbox 873 5269 958 5316; x_wconf 82' lang='lat' dir='ltr'><strong>est</strong></span> <span class='ocrx_word' id='word_1_393' title='bbox 987 5260 1235 5326; x_wconf 74' lang='lat' dir='ltr'><strong>Basilius,</strong></span> <span class='ocrx_word' id='word_1_394' title='bbox 1263 5259 1418 5330; x_wconf 88' lang='lat' dir='ltr'><strong>cujus</strong></span> <span class='ocrx_word' id='word_1_395' title='bbox 1445 5269 1496 5314; x_wconf 88' lang='lat' dir='ltr'><strong>te</strong></span> <span class='ocrx_word' id='word_1_396' title='bbox 1533 5259 1712 5314; x_wconf 87' lang='lat' dir='ltr'><strong>verbis</strong></span> <span class='ocrx_word' id='word_1_397' title='bbox 1740 5260 1806 5315; x_wconf 90' lang='lat' dir='ltr'><strong>ad</strong></span> <span class='ocrx_word' id='word_1_398' title='bbox 1838 5261 1888 5316; x_wconf 93' lang='lat' dir='ltr'><strong>id</strong></span> 
     </span>
    </p>
   </div>
   <div class='ocr_carea' id='block_1_54' title="bbox 235 5343 1898 5433">
    <p class='ocr_par' dir='ltr' id='par_1_54' title="bbox 235 5343 1898 5433">
     <span class='ocr_line' id='line_1_54' title="bbox 235 5343 1898 5433; baseline -0.002 -23"><span class='ocrx_word' id='word_1_399' title='bbox 235 5354 405 5427; x_wconf 83' lang='lat' dir='ltr'><strong>quod</strong></span> <span class='ocrx_word' id='word_1_400' title='bbox 441 5365 609 5408; x_wconf 85' lang='lat' dir='ltr'><strong>nunc</strong></span> <span class='ocrx_word' id='word_1_401' title='bbox 649 5351 822 5420; x_wconf 69' lang='lat' dir='ltr'><strong>agitur</strong></span> <span class='ocrx_word' id='word_1_402' title='bbox 863 5364 970 5405; x_wconf 91' lang='lat' dir='ltr'><strong>non</strong></span> <span class='ocrx_word' id='word_1_403' title='bbox 1016 5349 1428 5433; x_wconf 70' lang='lat' dir='ltr'><strong>pertinentibus,</strong></span> <span class='ocrx_word' id='word_1_404' title='bbox 1468 5351 1659 5421; x_wconf 86' lang='lat' dir='ltr'><strong>putasti</strong></span> <span class='ocrx_word' id='word_1_405' title='bbox 1694 5343 1898 5422; x_wconf 81' lang='lat' dir='ltr'><strong>aliquid</strong></span> 
     </span>
    </p>
   </div>
   <div class='ocr_carea' id='block_1_55' title="bbox 236 5440 1891 5518">
    <p class='ocr_par' dir='ltr' id='par_1_55' title="bbox 236 5440 1891 5518">
     <span class='ocr_line' id='line_1_55' title="bbox 236 5440 1891 5518; baseline -0.003 -16"><span class='ocrx_word' id='word_1_406' title='bbox 236 5443 550 5518; x_wconf 83' lang='lat' dir='ltr'><strong>adjuvari.</strong></span> <span class='ocrx_word' id='word_1_407' title='bbox 581 5440 678 5496; x_wconf 86' lang='lat' dir='ltr'><strong>llic</strong></span> <span class='ocrx_word' id='word_1_408' title='bbox 697 5443 1104 5509; x_wconf 76' lang='lat' dir='ltr'><strong>suntctcazteri,</strong></span> <span class='ocrx_word' id='word_1_409' title='bbox 1131 5454 1356 5512; x_wconf 89' lang='lat' dir='ltr'><strong>quorum</strong></span> <span class='ocrx_word' id='word_1_410' title='bbox 1382 5451 1434 5496; x_wconf 91' lang='lat' dir='ltr'><strong>te</strong></span> <span class='ocrx_word' id='word_1_411' title='bbox 1459 5458 1675 5498; x_wconf 88' lang='lat' dir='ltr'><strong>movere</strong></span> <span class='ocrx_word' id='word_1_412' title='bbox 1699 5442 1891 5498; x_wconf 85' lang='lat' dir='ltr'><strong>debeat</strong></span> 
     </span>
    </p>
   </div>
   <div class='ocr_carea' id='block_1_56' title="bbox 238 5533 1890 5600">
    <p class='ocr_par' dir='ltr' id='par_1_56' title="bbox 238 5533 1890 5600">
     <span class='ocr_line' id='line_1_56' title="bbox 238 5533 1890 5600; baseline -0.006 -4"><span class='ocrx_word' id='word_1_413' title='bbox 238 5549 406 5596; x_wconf 65' lang='lat' dir='ltr'><strong>unita</strong></span> <span class='ocrx_word' id='word_1_414' title='bbox 453 5533 784 5594; x_wconf 86' lang='lat' dir='ltr'><strong>consensio.</strong></span> <span class='ocrx_word' id='word_1_415' title='bbox 823 5533 939 5590; x_wconf 90' lang='lat' dir='ltr'><strong>Non</strong></span> <span class='ocrx_word' id='word_1_416' title='bbox 987 5543 1072 5590; x_wconf 88' lang='lat' dir='ltr'><strong>est</strong></span> <span class='ocrx_word' id='word_1_417' title='bbox 1113 5534 1233 5600; x_wconf 89' lang='lat' dir='ltr'><strong>ista,</strong></span> <span class='ocrx_word' id='word_1_418' title='bbox 1274 5533 1412 5590; x_wconf 90' lang='lat' dir='ltr'><strong>sicut</strong></span> <span class='ocrx_word' id='word_1_419' title='bbox 1458 5534 1582 5589; x_wconf 83' lang='lat' dir='ltr'><strong>stilo</strong></span> <span class='ocrx_word' id='word_1_420' title='bbox 1629 5534 1890 5589; x_wconf 84' lang='lat' dir='ltr'><strong>maledico</strong></span> 
     </span>
    </p>
   </div>
   <div class='ocr_carea' id='block_1_57' title="bbox 235 5626 1885 5697">
    <p class='ocr_par' dir='ltr' id='par_1_57' title="bbox 235 5626 1885 5697">
     <span class='ocr_line' id='line_1_57' title="bbox 235 5626 1885 5697; baseline -0.006 -7"><span class='ocrx_word' id='word_1_421' title='bbox 235 5633 490 5697; x_wconf 78' lang='lat' dir='ltr'><strong>scribis,</strong></span> <span class='ocrx_word' id='word_1_422' title='bbox 546 5647 569 5677; x_wconf 76' lang='grc' dir='ltr'>ι</span> <span class='ocrx_word' id='word_1_423' title='bbox 609 5627 933 5696; x_wconf 86' lang='lat' dir='ltr'><strong>conspiratio</strong></span> <span class='ocrx_word' id='word_1_424' title='bbox 965 5627 1313 5697; x_wconf 89' lang='lat' dir='ltr'><strong>perditorum.</strong></span> <span class='ocrx_word' id='word_1_425' title='bbox 1346 5645 1363 5678; x_wconf 76' lang='grc' dir='ltr'>ι</span> <span class='ocrx_word' id='word_1_426' title='bbox 1415 5626 1469 5681; x_wconf 89' lang='lat' dir='ltr'><strong>In</strong></span> <span class='ocrx_word' id='word_1_427' title='bbox 1517 5627 1753 5681; x_wconf 82' lang='lat' dir='ltr'><strong>Ecclesia</strong></span> <span class='ocrx_word' id='word_1_428' title='bbox 1792 5641 1885 5680; x_wconf 90' lang='lat' dir='ltr'><strong>ca-</strong></span> 
     </span>
    </p>
   </div>
   <div class='ocr_carea' id='block_1_58' title="bbox 236 5719 1887 5789">
    <p class='ocr_par' dir='ltr' id='par_1_58' title="bbox 236 5719 1887 5789">
     <span class='ocr_line' id='line_1_58' title="bbox 236 5719 1887 5789; baseline -0.005 -8"><span class='ocrx_word' id='word_1_429' title='bbox 236 5726 467 5783; x_wconf 80' lang='lat' dir='ltr'><strong>tlmlica</strong></span> <span class='ocrx_word' id='word_1_430' title='bbox 498 5719 777 5775; x_wconf 71' lang='lat' dir='ltr'><strong>doctrinm</strong></span> <span class='ocrx_word' id='word_1_431' title='bbox 798 5735 941 5773; x_wconf 79' lang='lat' dir='ltr'><strong>same</strong></span> <span class='ocrx_word' id='word_1_432' title='bbox 959 5719 1148 5774; x_wconf 90' lang='lat' dir='ltr'><strong>studiis</strong></span> <span class='ocrx_word' id='word_1_433' title='bbox 1167 5719 1470 5774; x_wconf 87' lang='lat' dir='ltr'><strong>claruerunt</strong></span> <span class='ocrx_word' id='word_1_434' title='bbox 1493 5737 1506 5782; x_wconf 83' lang='grc'>;</span> <span class='ocrx_word' id='word_1_435' title='bbox 1527 5719 1887 5789; x_wconf 81' lang='lat' dir='ltr'><strong>spiritualibus</strong></span> 
     </span>
    </p>
   </div>
   <div class='ocr_carea' id='block_1_59' title="bbox 309 5807 1884 5874">
    <p class='ocr_par' dir='ltr' id='par_1_59' title="bbox 309 5807 1884 5874">
     <span class='ocr_line' id='line_1_59' title="bbox 309 5807 1884 5874; baseline -0.004 -10"><span class='ocrx_word' id='word_1_436' title='bbox 309 5818 328 5849; x_wconf 72' lang='grc'><strong><em>⁸</em></strong></span> <span class='ocrx_word' id='word_1_437' title='bbox 373 5812 538 5872; x_wconf 67' lang='grc' dir='ltr'><strong>ΕΔΜ,</strong></span> <span class='ocrx_word' id='word_1_438' title='bbox 571 5807 811 5874; x_wconf 73' lang='lat' dir='ltr'><strong>potuistis.</strong></span> <span class='ocrx_word' id='word_1_439' title='bbox 840 5817 892 5860; x_wconf 78' lang='grc' dir='ltr'><strong>Αι</strong></span> <span class='ocrx_word' id='word_1_440' title='bbox 915 5815 1005 5860; x_wconf 80' lang='lat' dir='ltr'><strong>Mss</strong></span> <span class='ocrx_word' id='word_1_441' title='bbox 1027 5843 1044 5870; x_wconf 91' lang='lat'><strong>,</strong></span> <span class='ocrx_word' id='word_1_442' title='bbox 1065 5807 1288 5874; x_wconf 70' lang='lat' dir='ltr'><strong>potuisti;</strong></span> <span class='ocrx_word' id='word_1_443' title='bbox 1311 5815 1363 5860; x_wconf 90' lang='lat' dir='ltr'><strong>et</strong></span> <span class='ocrx_word' id='word_1_444' title='bbox 1387 5823 1447 5858; x_wconf 81' lang='lat' dir='ltr'><strong>ex</strong></span> <span class='ocrx_word' id='word_1_445' title='bbox 1476 5808 1550 5858; x_wconf 90' lang='lat' dir='ltr'><strong>his</strong></span> <span class='ocrx_word' id='word_1_446' title='bbox 1580 5808 1770 5872; x_wconf 84' lang='lat' dir='ltr'><strong>quidam</strong></span> <span class='ocrx_word' id='word_1_447' title='bbox 1805 5821 1884 5872; x_wconf 85' lang='lat' dir='ltr'><strong>po-</strong></span> 
     </span>
    </p>
   </div>
   <div class='ocr_carea' id='block_1_60' title="bbox 235 5871 730 5942">
    <p class='ocr_par' dir='ltr' id='par_1_60' title="bbox 235 5871 730 5942">
     <span class='ocr_line' id='line_1_60' title="bbox 235 5871 730 5942; baseline -0.014 -16"><span class='ocrx_word' id='word_1_448' title='bbox 235 5887 379 5937; x_wconf 71' lang='lat' dir='ltr'><strong>stea,</strong></span> <span class='ocrx_word' id='word_1_449' title='bbox 409 5875 584 5924; x_wconf 54' lang='lat' dir='ltr'><strong>adre!</strong></span> <span class='ocrx_word' id='word_1_450' title='bbox 595 5871 730 5942; x_wconf 51' lang='lat' dir='ltr'><strong>(rvis.</strong></span> 
     </span>
    </p>
   </div>
   <div class='ocr_carea' id='block_1_61' title="bbox 310 5943 761 5994">
    <p class='ocr_par' dir='ltr' id='par_1_61' title="bbox 310 5943 761 5994">
     <span class='ocr_line' id='line_1_61' title="bbox 310 5943 761 5994; baseline -0.013 -5"><span class='ocrx_word' id='word_1_451' title='bbox 310 5943 333 5974; x_wconf 72' lang='grc' dir='ltr'>ι</span> <span class='ocrx_word' id='word_1_452' title='bbox 371 5947 430 5992; x_wconf 79' lang='grc' dir='ltr'>ω</span> <span class='ocrx_word' id='word_1_453' title='bbox 456 5945 609 5994; x_wconf 66' lang='lat'><strong>3155.,</strong></span> <span class='ocrx_word' id='word_1_454' title='bbox 635 5945 761 5994; x_wconf 66' lang='lat' dir='ltr'><strong>qam.</strong></span> 
     </span>
    </p>
   </div>
   <div class='ocr_carea' id='block_1_62' title="bbox 1646 449 2153 510">
    <p class='ocr_par' dir='ltr' id='par_1_62' title="bbox 1646 449 2153 510">
     <span class='ocr_line' id='line_1_62' title="bbox 1646 449 2153 510; baseline -0.01 0"><span class='ocrx_word' id='word_1_455' title='bbox 1646 450 1844 510; x_wconf 79' lang='lat' dir='ltr'><strong>LIBER</strong></span> <span class='ocrx_word' id='word_1_456' title='bbox 1883 449 2153 508; x_wconf 72' lang='lat' dir='ltr'><strong>PRIMUS.</strong></span> 
     </span>
    </p>
   </div>
   <div class='ocr_carea' id='block_1_63' title="bbox 3471 444 3587 502">
    <p class='ocr_par' dir='ltr' id='par_1_63' title="bbox 3471 444 3587 502">
     <span class='ocr_line' id='line_1_63' title="bbox 3471 444 3587 502; baseline -0.026 0"><span class='ocrx_word' id='word_1_457' title='bbox 3471 444 3587 502; x_wconf 68' lang='lat'><strong>66-27</strong></span> 
     </span>
    </p>
   </div>
   <div class='ocr_carea' id='block_1_64' title="bbox 1985 563 3575 624">
    <p class='ocr_par' dir='ltr' id='par_1_64' title="bbox 1985 563 3575 624">
     <span class='ocr_line' id='line_1_64' title="bbox 1985 563 3575 624; baseline -0.003 -2"><span class='ocrx_word' id='word_1_458' title='bbox 1985 569 2148 623; x_wconf 89' lang='lat' dir='ltr'><strong>armis</strong></span> <span class='ocrx_word' id='word_1_459' title='bbox 2199 567 2385 624; x_wconf 85' lang='lat' dir='ltr'><strong>muniti</strong></span> <span class='ocrx_word' id='word_1_460' title='bbox 2431 575 2485 624; x_wconf 85' lang='lat' dir='ltr'><strong>et</strong></span> <span class='ocrx_word' id='word_1_461' title='bbox 2527 567 2748 623; x_wconf 86' lang='lat' dir='ltr'><strong>accincti</strong></span> <span class='ocrx_word' id='word_1_462' title='bbox 2805 575 3019 622; x_wconf 78' lang='lat' dir='ltr'><strong>strenua</strong></span> <span class='ocrx_word' id='word_1_463' title='bbox 3066 573 3253 621; x_wconf 87' lang='lat' dir='ltr'><strong>contra</strong></span> <span class='ocrx_word' id='word_1_464' title='bbox 3296 563 3575 620; x_wconf 70' lang='lat' dir='ltr'><strong>haereticos</strong></span> 
     </span>
    </p>
   </div>
   <div class='ocr_carea' id='block_1_65' title="bbox 1987 657 3577 730">
    <p class='ocr_par' dir='ltr' id='par_1_65' title="bbox 1987 657 3577 730">
     <span class='ocr_line' id='line_1_65' title="bbox 1987 657 3577 730; baseline -0.002 -17"><span class='ocrx_word' id='word_1_465' title='bbox 1987 658 2122 715; x_wconf 80' lang='lat' dir='ltr'><strong>bella</strong></span> <span class='ocrx_word' id='word_1_466' title='bbox 2153 669 2462 730; x_wconf 81' lang='lat' dir='ltr'><strong>gesserunt;</strong></span> <span class='ocrx_word' id='word_1_467' title='bbox 2494 659 2754 729; x_wconf 83' lang='lat' dir='ltr'><strong>perfuncti</strong></span> <span class='ocrx_word' id='word_1_468' title='bbox 2784 660 2798 691; x_wconf 78' lang='grc' dir='ltr'>ί</span> <span class='ocrx_word' id='word_1_469' title='bbox 2835 657 3060 713; x_wconf 88' lang='lat' dir='ltr'><strong>fideliter</strong></span> <span class='ocrx_word' id='word_1_470' title='bbox 3085 674 3196 712; x_wconf 65' lang='lat' dir='ltr'><strong>sua:</strong></span> <span class='ocrx_word' id='word_1_471' title='bbox 3221 657 3577 728; x_wconf 79' lang='lat' dir='ltr'><strong>dispensatio-</strong></span> 
     </span>
    </p>
   </div>
   <div class='ocr_carea' id='block_1_66' title="bbox 1986 739 3570 822">
    <p class='ocr_par' dir='ltr' id='par_1_66' title="bbox 1986 739 3570 822">
     <span class='ocr_line' id='line_1_66' title="bbox 1986 739 3570 822; baseline -0.004 -15"><span class='ocrx_word' id='word_1_472' title='bbox 1986 754 2070 808; x_wconf 89' lang='lat' dir='ltr'><strong>nis</strong></span> <span class='ocrx_word' id='word_1_473' title='bbox 2092 753 2361 808; x_wconf 81' lang='lat' dir='ltr'><strong>lahnribus</strong></span> <span class='ocrx_word' id='word_1_474' title='bbox 2401 753 2451 806; x_wconf 92' lang='lat' dir='ltr'><strong>in</strong></span> <span class='ocrx_word' id='word_1_475' title='bbox 2483 752 2628 822; x_wconf 81' lang='lat' dir='ltr'><strong>pacis</strong></span> <span class='ocrx_word' id='word_1_476' title='bbox 2669 751 2872 822; x_wconf 83' lang='lat' dir='ltr'><strong>gremio</strong></span> <span class='ocrx_word' id='word_1_477' title='bbox 2899 739 3250 805; x_wconf 66' lang='lat' dir='ltr'><strong>dormierunt.</strong></span> <span class='ocrx_word' id='word_1_478' title='bbox 3287 769 3305 802; x_wconf 87' lang='grc'><strong>‹</strong></span> <span class='ocrx_word' id='word_1_479' title='bbox 3339 748 3512 806; x_wconf 82' lang='lat' dir='ltr'><strong>Untnn</strong></span> <span class='ocrx_word' id='word_1_480' title='bbox 3549 771 3570 802; x_wconf 70' lang='grc' dir='ltr'>υ</span> 
     </span>
    </p>
   </div>
   <div class='ocr_carea' id='block_1_67' title="bbox 1985 839 3576 914">
    <p class='ocr_par' dir='ltr' id='par_1_67' title="bbox 1985 839 3576 914">
     <span class='ocr_line' id='line_1_67' title="bbox 1985 839 3576 914; baseline -0.003 -15"><span class='ocrx_word' id='word_1_481' title='bbox 1985 843 2120 902; x_wconf 80' lang='lat' dir='ltr'><strong>dicis</strong></span> <span class='ocrx_word' id='word_1_482' title='bbox 2150 863 2168 897; x_wconf 74' lang='grc' dir='ltr'>ι</span> <span class='ocrx_word' id='word_1_483' title='bbox 2202 859 2496 914; x_wconf 85' lang='lat' dir='ltr'><strong>egressum,</strong></span> <span class='ocrx_word' id='word_1_484' title='bbox 2537 863 2554 896; x_wconf 73' lang='grc' dir='ltr'><strong>ι</strong></span> <span class='ocrx_word' id='word_1_485' title='bbox 2589 847 2672 898; x_wconf 87' lang='lat' dir='ltr'><strong>me</strong></span> <span class='ocrx_word' id='word_1_486' title='bbox 2706 844 2877 911; x_wconf 89' lang='lat' dir='ltr'><strong>ipsum</strong></span> <span class='ocrx_word' id='word_1_487' title='bbox 2910 842 3234 912; x_wconf 76' lang='lat' dir='ltr'><strong>significans,</strong></span> <span class='ocrx_word' id='word_1_488' title='bbox 3272 859 3290 892; x_wconf 72' lang='grc' dir='ltr'>ι</span> <span class='ocrx_word' id='word_1_489' title='bbox 3323 840 3413 911; x_wconf 85' lang='lat' dir='ltr'><strong>qui</strong></span> <span class='ocrx_word' id='word_1_490' title='bbox 3440 839 3492 894; x_wconf 92' lang='lat' dir='ltr'><strong>in</strong></span> <span class='ocrx_word' id='word_1_491' title='bbox 3518 855 3576 894; x_wconf 68' lang='lat' dir='ltr'><strong>se</strong></span> 
     </span>
    </p>
   </div>
   <div class='ocr_carea' id='block_1_68' title="bbox 1985 932 3575 1006">
    <p class='ocr_par' dir='ltr' id='par_1_68' title="bbox 1985 932 3575 1006">
     <span class='ocr_line' id='line_1_68' title="bbox 1985 932 3575 1006; baseline -0.003 -17"><span class='ocrx_word' id='word_1_492' title='bbox 1985 949 2246 990; x_wconf 87' lang='lat' dir='ltr'><strong>summam</strong></span> <span class='ocrx_word' id='word_1_493' title='bbox 2281 935 2446 1006; x_wconf 73' lang='lat' dir='ltr'><strong>prmlii</strong></span> <span class='ocrx_word' id='word_1_494' title='bbox 2485 936 2637 990; x_wconf 85' lang='lat' dir='ltr'><strong>sitam</strong></span> <span class='ocrx_word' id='word_1_495' title='bbox 2668 943 2816 1004; x_wconf 86' lang='lat' dir='ltr'><strong>optat</strong></span> <span class='ocrx_word' id='word_1_496' title='bbox 2855 933 3074 1004; x_wconf 79' lang='lat' dir='ltr'><strong>intelligi</strong></span> <span class='ocrx_word' id='word_1_497' title='bbox 3105 932 3204 1004; x_wconf 84' lang='grc' dir='ltr'><strong>(α).</strong></span> <span class='ocrx_word' id='word_1_498' title='bbox 3237 951 3256 985; x_wconf 74' lang='grc' dir='ltr'><strong>ι</strong></span> <span class='ocrx_word' id='word_1_499' title='bbox 3304 932 3442 988; x_wconf 85' lang='lat' dir='ltr'><strong>Ecce</strong></span> <span class='ocrx_word' id='word_1_500' title='bbox 3471 948 3575 985; x_wconf 81' lang='lat' dir='ltr'><strong>neu</strong></span> 
     </span>
    </p>
   </div>
   <div class='ocr_carea' id='block_1_69' title="bbox 1986 1023 3578 1096">
    <p class='ocr_par' dir='ltr' id='par_1_69' title="bbox 1986 1023 3578 1096">
     <span class='ocr_line' id='line_1_69' title="bbox 1986 1023 3578 1096; baseline -0.003 -16"><span class='ocrx_word' id='word_1_501' title='bbox 1986 1041 2087 1096; x_wconf 86' lang='lat' dir='ltr'><strong>ego</strong></span> <span class='ocrx_word' id='word_1_502' title='bbox 2113 1042 2269 1091; x_wconf 93' lang='lat' dir='ltr'><strong>unus,</strong></span> <span class='ocrx_word' id='word_1_503' title='bbox 2301 1027 2394 1080; x_wconf 86' lang='lat' dir='ltr'><strong>sed</strong></span> <span class='ocrx_word' id='word_1_504' title='bbox 2423 1034 2503 1082; x_wconf 92' lang='lat' dir='ltr'><strong>tot</strong></span> <span class='ocrx_word' id='word_1_505' title='bbox 2524 1042 2586 1082; x_wconf 89' lang='lat' dir='ltr'><strong>ac</strong></span> <span class='ocrx_word' id='word_1_506' title='bbox 2613 1028 2740 1081; x_wconf 90' lang='lat' dir='ltr'><strong>tanti</strong></span> <span class='ocrx_word' id='word_1_507' title='bbox 2772 1025 2942 1080; x_wconf 79' lang='lat' dir='ltr'><strong>sancti</strong></span> <span class='ocrx_word' id='word_1_508' title='bbox 2980 1025 3278 1095; x_wconf 87' lang='lat' dir='ltr'><strong>eruditique</strong></span> <span class='ocrx_word' id='word_1_509' title='bbox 3304 1023 3578 1079; x_wconf 78' lang='lat' dir='ltr'><strong>doctores.</strong></span> 
     </span>
    </p>
   </div>
   <div class='ocr_carea' id='block_1_70' title="bbox 1987 1107 3580 1191">
    <p class='ocr_par' dir='ltr' id='par_1_70' title="bbox 1987 1107 3580 1191">
     <span class='ocr_line' id='line_1_70' title="bbox 1987 1107 3580 1191; baseline -0.003 -16"><span class='ocrx_word' id='word_1_510' title='bbox 1987 1121 2079 1175; x_wconf 87' lang='lat' dir='ltr'><strong>tibi</strong></span> <span class='ocrx_word' id='word_1_511' title='bbox 2103 1137 2197 1191; x_wconf 90' lang='lat' dir='ltr'><strong>pro</strong></span> <span class='ocrx_word' id='word_1_512' title='bbox 2223 1136 2308 1176; x_wconf 90' lang='lat' dir='ltr'><strong>me</strong></span> <span class='ocrx_word' id='word_1_513' title='bbox 2346 1121 2428 1177; x_wconf 91' lang='lat' dir='ltr'><strong>vel</strong></span> <span class='ocrx_word' id='word_1_514' title='bbox 2469 1107 2699 1186; x_wconf 57' lang='lat' dir='ltr'><strong>metum,</strong></span> <span class='ocrx_word' id='word_1_515' title='bbox 2744 1135 2948 1191; x_wconf 88' lang='lat' dir='ltr'><strong>proque</strong></span> <span class='ocrx_word' id='word_1_516' title='bbox 2985 1120 3221 1174; x_wconf 90' lang='lat' dir='ltr'><strong>omnium</strong></span> <span class='ocrx_word' id='word_1_517' title='bbox 3248 1129 3490 1173; x_wconf 80' lang='lat' dir='ltr'><strong>nostrum</strong></span> <span class='ocrx_word' id='word_1_518' title='bbox 3522 1129 3580 1172; x_wconf 84' lang='lat' dir='ltr'><strong>et</strong></span> 
     </span>
    </p>
   </div>
   <div class='ocr_carea' id='block_1_71' title="bbox 1989 1210 3315 1284">
    <p class='ocr_par' dir='ltr' id='par_1_71' title="bbox 1989 1210 3315 1284">
     <span class='ocr_line' id='line_1_71' title="bbox 1989 1210 3315 1284; baseline -0.002 -16"><span class='ocrx_word' id='word_1_519' title='bbox 1989 1222 2074 1268; x_wconf 79' lang='lat' dir='ltr'><strong>tua</strong></span> <span class='ocrx_word' id='word_1_520' title='bbox 2105 1213 2290 1284; x_wconf 83' lang='lat' dir='ltr'><strong>ipsius,</strong></span> <span class='ocrx_word' id='word_1_521' title='bbox 2317 1213 2362 1269; x_wconf 90' lang='lat' dir='ltr'><strong>si</strong></span> <span class='ocrx_word' id='word_1_522' title='bbox 2387 1215 2550 1284; x_wconf 88' lang='lat' dir='ltr'><strong>sapis,</strong></span> <span class='ocrx_word' id='word_1_523' title='bbox 2574 1212 2746 1269; x_wconf 88' lang='lat' dir='ltr'><strong>salute</strong></span> <span class='ocrx_word' id='word_1_524' title='bbox 2766 1211 3106 1283; x_wconf 78' lang='lat' dir='ltr'><strong>respondent.</strong></span> <span class='ocrx_word' id='word_1_525' title='bbox 3306 1210 3315 1219; x_wconf 85' lang='lat'>&#39;</span> 
     </span>
    </p>
   </div>
   <div class='ocr_carea' id='block_1_72' title="bbox 2057 1303 3572 1372">
    <p class='ocr_par' dir='ltr' id='par_1_72' title="bbox 2057 1303 3572 1372">
     <span class='ocr_line' id='line_1_72' title="bbox 2057 1303 3572 1372; baseline -0.002 -14"><span class='ocrx_word' id='word_1_526' title='bbox 2057 1304 2147 1359; x_wconf 81' lang='lat'><strong>5|.</strong></span> <span class='ocrx_word' id='word_1_527' title='bbox 2202 1305 2318 1360; x_wconf 83' lang='lat' dir='ltr'><strong>Non</strong></span> <span class='ocrx_word' id='word_1_528' title='bbox 2365 1306 2479 1370; x_wconf 88' lang='lat' dir='ltr'><strong>tibi,</strong></span> <span class='ocrx_word' id='word_1_529' title='bbox 2523 1306 2661 1360; x_wconf 90' lang='lat' dir='ltr'><strong>sicut</strong></span> <span class='ocrx_word' id='word_1_530' title='bbox 2708 1304 3086 1368; x_wconf 85' lang='lat' dir='ltr'><strong>ealunmiaris,</strong></span> <span class='ocrx_word' id='word_1_531' title='bbox 3131 1321 3150 1356; x_wconf 72' lang='grc' dir='ltr'>ι</span> <span class='ocrx_word' id='word_1_532' title='bbox 3179 1303 3352 1360; x_wconf 88' lang='lat' dir='ltr'><strong>solum</strong></span> <span class='ocrx_word' id='word_1_533' title='bbox 3395 1303 3572 1372; x_wconf 86' lang='lat' dir='ltr'><strong>populi</strong></span> 
     </span>
    </p>
   </div>
   <div class='ocr_carea' id='block_1_73' title="bbox 1986 1395 3579 1468">
    <p class='ocr_par' dir='ltr' id='par_1_73' title="bbox 1986 1395 3579 1468">
     <span class='ocr_line' id='line_1_73' title="bbox 1986 1395 3579 1468; baseline -0.003 -16"><span class='ocrx_word' id='word_1_534' title='bbox 1986 1414 2229 1453; x_wconf 89' lang='lat' dir='ltr'><strong>nmrmur</strong></span> <span class='ocrx_word' id='word_1_535' title='bbox 2255 1398 2572 1468; x_wconf 86' lang='lat' dir='ltr'><strong>opponimus</strong></span> <span class='ocrx_word' id='word_1_536' title='bbox 2605 1415 2616 1451; x_wconf 89' lang='lat'><strong>:</strong></span> <span class='ocrx_word' id='word_1_537' title='bbox 2649 1417 2668 1451; x_wconf 82' lang='grc'>›</span> <span class='ocrx_word' id='word_1_538' title='bbox 2699 1411 2998 1468; x_wconf 83' lang='lat' dir='ltr'><strong>quanquam</strong></span> <span class='ocrx_word' id='word_1_539' title='bbox 3025 1405 3076 1452; x_wconf 91' lang='lat' dir='ltr'><strong>et</strong></span> <span class='ocrx_word' id='word_1_540' title='bbox 3108 1395 3221 1466; x_wconf 75' lang='lat' dir='ltr'><strong>ipse</strong></span> <span class='ocrx_word' id='word_1_541' title='bbox 3241 1395 3468 1466; x_wconf 88' lang='lat' dir='ltr'><strong>p0pulus</strong></span> <span class='ocrx_word' id='word_1_542' title='bbox 3483 1395 3579 1448; x_wconf 89' lang='lat' dir='ltr'><strong>ad-</strong></span> 
     </span>
    </p>
   </div>
   <div class='ocr_carea' id='block_1_74' title="bbox 1985 1478 3588 1561">
    <p class='ocr_par' dir='ltr' id='par_1_74' title="bbox 1985 1478 3588 1561">
     <span class='ocr_line' id='line_1_74' title="bbox 1985 1478 3588 1561; baseline -0.002 -18"><span class='ocrx_word' id='word_1_543' title='bbox 1985 1505 2171 1545; x_wconf 71' lang='lat' dir='ltr'><strong>versus</strong></span> <span class='ocrx_word' id='word_1_544' title='bbox 2211 1505 2305 1544; x_wconf 90' lang='lat' dir='ltr'><strong>vos</strong></span> <span class='ocrx_word' id='word_1_545' title='bbox 2341 1498 2626 1561; x_wconf 88' lang='lat' dir='ltr'><strong>propterea</strong></span> <span class='ocrx_word' id='word_1_546' title='bbox 2671 1499 2984 1554; x_wconf 82' lang='lat' dir='ltr'><strong>murmuret,</strong></span> <span class='ocrx_word' id='word_1_547' title='bbox 3007 1478 3150 1557; x_wconf 61' lang='lat' dir='ltr'><strong>&#39;quia</strong></span> <span class='ocrx_word' id='word_1_548' title='bbox 3196 1503 3300 1542; x_wconf 91' lang='lat' dir='ltr'><strong>non</strong></span> <span class='ocrx_word' id='word_1_549' title='bbox 3339 1497 3422 1542; x_wconf 91' lang='lat' dir='ltr'><strong>est</strong></span> <span class='ocrx_word' id='word_1_550' title='bbox 3459 1486 3588 1541; x_wconf 75' lang='lat' dir='ltr'><strong>talis.</strong></span> 
     </span>
    </p>
   </div>
   <div class='ocr_carea' id='block_1_75' title="bbox 1987 1575 3611 1655">
    <p class='ocr_par' dir='ltr' id='par_1_75' title="bbox 1987 1575 3611 1655">
     <span class='ocr_line' id='line_1_75' title="bbox 1987 1575 3611 1655; baseline -0.005 -17"><span class='ocrx_word' id='word_1_551' title='bbox 1987 1584 2212 1655; x_wconf 65' lang='lat' dir='ltr'><strong>quaestio</strong></span> <span class='ocrx_word' id='word_1_552' title='bbox 2237 1586 2281 1650; x_wconf 83' lang='lat'><strong>&#39;,</strong></span> <span class='ocrx_word' id='word_1_553' title='bbox 2305 1599 2420 1654; x_wconf 78' lang='lat' dir='ltr'><strong>quae</strong></span> <span class='ocrx_word' id='word_1_554' title='bbox 2447 1585 2611 1653; x_wconf 86' lang='lat' dir='ltr'><strong>possit</strong></span> <span class='ocrx_word' id='word_1_555' title='bbox 2636 1584 2796 1639; x_wconf 89' lang='lat' dir='ltr'><strong>etiam</strong></span> <span class='ocrx_word' id='word_1_556' title='bbox 2817 1582 3172 1654; x_wconf 76' lang='lat' dir='ltr'><strong>cognitionem</strong></span> <span class='ocrx_word' id='word_1_557' title='bbox 3204 1581 3384 1652; x_wconf 85' lang='lat' dir='ltr'><strong>fugere</strong></span> <span class='ocrx_word' id='word_1_558' title='bbox 3411 1575 3611 1652; x_wconf 49' lang='lat' dir='ltr'><strong>popuf.</strong></span> 
     </span>
    </p>
   </div>
   <div class='ocr_carea' id='block_1_76' title="bbox 1989 1673 3576 1747">
    <p class='ocr_par' dir='ltr' id='par_1_76' title="bbox 1989 1673 3576 1747">
     <span class='ocr_line' id='line_1_76' title="bbox 1989 1673 3576 1747; baseline -0.002 -18"><span class='ocrx_word' id='word_1_559' title='bbox 1989 1673 2176 1731; x_wconf 71' lang='lat' dir='ltr'><strong>larem.</strong></span> <span class='ocrx_word' id='word_1_560' title='bbox 2209 1676 2408 1731; x_wconf 80' lang='lat' dir='ltr'><strong>Divites</strong></span> <span class='ocrx_word' id='word_1_561' title='bbox 2433 1684 2486 1730; x_wconf 90' lang='lat' dir='ltr'><strong>et</strong></span> <span class='ocrx_word' id='word_1_562' title='bbox 2514 1689 2796 1747; x_wconf 84' lang='lat' dir='ltr'><strong>pauperes,</strong></span> <span class='ocrx_word' id='word_1_563' title='bbox 2817 1673 3012 1730; x_wconf 83' lang='lat' dir='ltr'><strong>excelsi</strong></span> <span class='ocrx_word' id='word_1_564' title='bbox 3040 1684 3199 1744; x_wconf 78' lang='lat' dir='ltr'><strong>atque</strong></span> <span class='ocrx_word' id='word_1_565' title='bbox 3218 1673 3409 1740; x_wconf 86' lang='lat' dir='ltr'><strong>intimi,</strong></span> <span class='ocrx_word' id='word_1_566' title='bbox 3434 1673 3576 1727; x_wconf 79' lang='lat' dir='ltr'><strong>docti</strong></span> 
     </span>
    </p>
   </div>
   <div class='ocr_carea' id='block_1_77' title="bbox 1987 1764 3590 1836">
    <p class='ocr_par' dir='ltr' id='par_1_77' title="bbox 1987 1764 3590 1836">
     <span class='ocr_line' id='line_1_77' title="bbox 1987 1764 3590 1836; baseline -0.002 -14"><span class='ocrx_word' id='word_1_567' title='bbox 1987 1775 2042 1822; x_wconf 89' lang='lat' dir='ltr'><strong>ct</strong></span> <span class='ocrx_word' id='word_1_568' title='bbox 2068 1766 2284 1832; x_wconf 90' lang='lat' dir='ltr'><strong>indocti,</strong></span> <span class='ocrx_word' id='word_1_569' title='bbox 2334 1783 2510 1822; x_wconf 88' lang='lat' dir='ltr'><strong>mares</strong></span> <span class='ocrx_word' id='word_1_570' title='bbox 2554 1776 2610 1822; x_wconf 91' lang='lat' dir='ltr'><strong>et</strong></span> <span class='ocrx_word' id='word_1_571' title='bbox 2652 1766 2862 1821; x_wconf 73' lang='lat' dir='ltr'><strong>femina:</strong></span> <span class='ocrx_word' id='word_1_572' title='bbox 2912 1775 3174 1821; x_wconf 87' lang='lat' dir='ltr'><strong>noverunt</strong></span> <span class='ocrx_word' id='word_1_573' title='bbox 3219 1764 3346 1836; x_wconf 89' lang='lat' dir='ltr'><strong>quid</strong></span> <span class='ocrx_word' id='word_1_574' title='bbox 3390 1764 3590 1836; x_wconf 82' lang='lat' dir='ltr'><strong>cuique</strong></span> 
     </span>
    </p>
   </div>
   <div class='ocr_carea' id='block_1_78' title="bbox 1987 1857 3586 1928">
    <p class='ocr_par' dir='ltr' id='par_1_78' title="bbox 1987 1857 3586 1928">
     <span class='ocr_line' id='line_1_78' title="bbox 1987 1857 3586 1928; baseline 0 -16"><span class='ocrx_word' id='word_1_575' title='bbox 1987 1857 2128 1912; x_wconf 65' lang='lat' dir='ltr'><strong>a&#39;tati</strong></span> <span class='ocrx_word' id='word_1_576' title='bbox 2167 1857 2219 1913; x_wconf 92' lang='lat' dir='ltr'><strong>in</strong></span> <span class='ocrx_word' id='word_1_577' title='bbox 2263 1859 2583 1928; x_wconf 83' lang='lat' dir='ltr'><strong>Baptismate</strong></span> <span class='ocrx_word' id='word_1_578' title='bbox 2622 1859 2942 1914; x_wconf 87' lang='lat' dir='ltr'><strong>remittatur.</strong></span> <span class='ocrx_word' id='word_1_579' title='bbox 2989 1857 3144 1915; x_wconf 87' lang='lat' dir='ltr'><strong>Unde</strong></span> <span class='ocrx_word' id='word_1_580' title='bbox 3183 1858 3341 1912; x_wconf 85' lang='lat' dir='ltr'><strong>etiam</strong></span> <span class='ocrx_word' id='word_1_581' title='bbox 3383 1867 3586 1912; x_wconf 75' lang='lat' dir='ltr'><strong>matres</strong></span> 
     </span>
    </p>
   </div>
   <div class='ocr_carea' id='block_1_79' title="bbox 1988 1950 3578 2020">
    <p class='ocr_par' dir='ltr' id='par_1_79' title="bbox 1988 1950 3578 2020">
     <span class='ocr_line' id='line_1_79' title="bbox 1988 1950 3578 2020; baseline 0.001 -18"><span class='ocrx_word' id='word_1_582' title='bbox 1988 1951 2223 2020; x_wconf 78' lang='lat' dir='ltr'><strong>quotidie</strong></span> <span class='ocrx_word' id='word_1_583' title='bbox 2248 1959 2360 2005; x_wconf 86' lang='lat' dir='ltr'><strong>tutu</strong></span> <span class='ocrx_word' id='word_1_584' title='bbox 2387 1951 2516 2006; x_wconf 88' lang='lat' dir='ltr'><strong>orbe</strong></span> <span class='ocrx_word' id='word_1_585' title='bbox 2548 1961 2810 2007; x_wconf 87' lang='lat' dir='ltr'><strong>terrarum</strong></span> <span class='ocrx_word' id='word_1_586' title='bbox 2834 1967 2939 2005; x_wconf 92' lang='lat' dir='ltr'><strong>non</strong></span> <span class='ocrx_word' id='word_1_587' title='bbox 2965 1951 3031 2006; x_wconf 90' lang='lat' dir='ltr'><strong>ad</strong></span> <span class='ocrx_word' id='word_1_588' title='bbox 3059 1950 3328 2004; x_wconf 79' lang='lat' dir='ltr'><strong>Christum</strong></span> <span class='ocrx_word' id='word_1_589' title='bbox 3353 1960 3578 2014; x_wconf 90' lang='lat' dir='ltr'><strong>tantmn,</strong></span> 
     </span>
    </p>
   </div>
   <div class='ocr_carea' id='block_1_80' title="bbox 1989 2042 3578 2111">
    <p class='ocr_par' dir='ltr' id='par_1_80' title="bbox 1989 2042 3578 2111">
     <span class='ocr_line' id='line_1_80' title="bbox 1989 2042 3578 2111; baseline 0.001 -14"><span class='ocrx_word' id='word_1_590' title='bbox 1989 2043 2041 2097; x_wconf 89' lang='lat' dir='ltr'><strong>id</strong></span> <span class='ocrx_word' id='word_1_591' title='bbox 2063 2051 2162 2108; x_wconf 91' lang='lat' dir='ltr'><strong>est,</strong></span> <span class='ocrx_word' id='word_1_592' title='bbox 2194 2042 2260 2097; x_wconf 91' lang='lat' dir='ltr'><strong>ad</strong></span> <span class='ocrx_word' id='word_1_593' title='bbox 2306 2053 2558 2109; x_wconf 89' lang='lat' dir='ltr'><strong>unctum;</strong></span> <span class='ocrx_word' id='word_1_594' title='bbox 2591 2043 2686 2099; x_wconf 86' lang='lat' dir='ltr'><strong>sed</strong></span> <span class='ocrx_word' id='word_1_595' title='bbox 2719 2043 2788 2099; x_wconf 90' lang='lat' dir='ltr'><strong>ad</strong></span> <span class='ocrx_word' id='word_1_596' title='bbox 2824 2043 3096 2099; x_wconf 87' lang='lat' dir='ltr'><strong>Christum</strong></span> <span class='ocrx_word' id='word_1_597' title='bbox 3137 2043 3342 2111; x_wconf 76' lang='lat' dir='ltr'><strong>.l‘esum,</strong></span> <span class='ocrx_word' id='word_1_598' title='bbox 3388 2044 3437 2098; x_wconf 91' lang='lat' dir='ltr'><strong>id</strong></span> <span class='ocrx_word' id='word_1_599' title='bbox 3477 2057 3578 2106; x_wconf 85' lang='lat' dir='ltr'><strong>est.</strong></span> 
     </span>
    </p>
   </div>
   <div class='ocr_carea' id='block_1_81' title="bbox 1990 2135 3583 2208">
    <p class='ocr_par' dir='ltr' id='par_1_81' title="bbox 1990 2135 3583 2208">
     <span class='ocr_line' id='line_1_81' title="bbox 1990 2135 3583 2208; baseline -0.001 -17"><span class='ocrx_word' id='word_1_600' title='bbox 1990 2139 2150 2191; x_wconf 79' lang='lat' dir='ltr'><strong>etiam</strong></span> <span class='ocrx_word' id='word_1_601' title='bbox 2173 2135 2500 2192; x_wconf 76' lang='lat' dir='ltr'><strong>Salvatorem</strong></span> <span class='ocrx_word' id='word_1_602' title='bbox 2528 2152 2647 2192; x_wconf 89' lang='lat' dir='ltr'><strong>cum</strong></span> <span class='ocrx_word' id='word_1_603' title='bbox 2673 2137 2902 2206; x_wconf 84' lang='lat' dir='ltr'><strong>parvulis</strong></span> <span class='ocrx_word' id='word_1_604' title='bbox 2921 2147 3162 2192; x_wconf 87' lang='lat' dir='ltr'><strong>currunt.</strong></span> <span class='ocrx_word' id='word_1_605' title='bbox 3184 2135 3288 2193; x_wconf 87' lang='lat' dir='ltr'><strong>Sed</strong></span> <span class='ocrx_word' id='word_1_606' title='bbox 3309 2152 3455 2202; x_wconf 78' lang='lat' dir='ltr'><strong>ecce,</strong></span> <span class='ocrx_word' id='word_1_607' title='bbox 3476 2155 3583 2208; x_wconf 86' lang='lat' dir='ltr'><strong>quo</strong></span> 
     </span>
    </p>
   </div>
   <div class='ocr_carea' id='block_1_82' title="bbox 1991 2227 3582 2294">
    <p class='ocr_par' dir='ltr' id='par_1_82' title="bbox 1991 2227 3582 2294">
     <span class='ocr_line' id='line_1_82' title="bbox 1991 2227 3582 2294; baseline 0.003 -14"><span class='ocrx_word' id='word_1_608' title='bbox 1991 2239 2042 2283; x_wconf 88' lang='lat' dir='ltr'><strong>te</strong></span> <span class='ocrx_word' id='word_1_609' title='bbox 2064 2227 2348 2294; x_wconf 80' lang='lat' dir='ltr'><strong>introduxi,</strong></span> <span class='ocrx_word' id='word_1_610' title='bbox 2393 2237 2687 2284; x_wconf 86' lang='lat' dir='ltr'><strong>conventus</strong></span> <span class='ocrx_word' id='word_1_611' title='bbox 2725 2237 3030 2284; x_wconf 89' lang='lat' dir='ltr'><strong>sanctorum</strong></span> <span class='ocrx_word' id='word_1_612' title='bbox 3081 2229 3303 2284; x_wconf 88' lang='lat' dir='ltr'><strong>istorum</strong></span> <span class='ocrx_word' id='word_1_613' title='bbox 3347 2245 3452 2284; x_wconf 92' lang='lat' dir='ltr'><strong>non</strong></span> <span class='ocrx_word' id='word_1_614' title='bbox 3497 2241 3582 2286; x_wconf 82' lang='lat' dir='ltr'><strong>est</strong></span> 
     </span>
    </p>
   </div>
   <div class='ocr_carea' id='block_1_83' title="bbox 1991 2319 3580 2392">
    <p class='ocr_par' dir='ltr' id='par_1_83' title="bbox 1991 2319 3580 2392">
     <span class='ocr_line' id='line_1_83' title="bbox 1991 2319 3580 2392; baseline 0 -18"><span class='ocrx_word' id='word_1_615' title='bbox 1991 2321 2274 2375; x_wconf 85' lang='lat' dir='ltr'><strong>multitudo</strong></span> <span class='ocrx_word' id='word_1_616' title='bbox 2303 2321 2588 2390; x_wconf 80' lang='lat' dir='ltr'><strong>popularis:</strong></span> <span class='ocrx_word' id='word_1_617' title='bbox 2610 2337 2714 2375; x_wconf 88' lang='lat' dir='ltr'><strong>non</strong></span> <span class='ocrx_word' id='word_1_618' title='bbox 2740 2321 2912 2376; x_wconf 83' lang='lat' dir='ltr'><strong>solum</strong></span> <span class='ocrx_word' id='word_1_619' title='bbox 2933 2319 3046 2387; x_wconf 73' lang='lat' dir='ltr'><strong>lilii;</strong></span> <span class='ocrx_word' id='word_1_620' title='bbox 3069 2321 3164 2376; x_wconf 88' lang='lat' dir='ltr'><strong>sed</strong></span> <span class='ocrx_word' id='word_1_621' title='bbox 3191 2329 3243 2376; x_wconf 91' lang='lat' dir='ltr'><strong>et</strong></span> <span class='ocrx_word' id='word_1_622' title='bbox 3271 2330 3452 2392; x_wconf 67' lang='lat' dir='ltr'><strong>patres</strong></span> <span class='ocrx_word' id='word_1_623' title='bbox 3480 2321 3580 2376; x_wconf 81' lang='lat' dir='ltr'><strong>Ee-</strong></span> 
     </span>
    </p>
   </div>
   <div class='ocr_carea' id='block_1_84' title="bbox 1979 2411 3587 2482">
    <p class='ocr_par' dir='ltr' id='par_1_84' title="bbox 1979 2411 3587 2482">
     <span class='ocr_line' id='line_1_84' title="bbox 1979 2411 3587 2482; baseline -0.002 -12"><span class='ocrx_word' id='word_1_624' title='bbox 1979 2413 2168 2470; x_wconf 71' lang='lat' dir='ltr'><strong>-clesiac</strong></span> <span class='ocrx_word' id='word_1_625' title='bbox 2208 2423 2349 2469; x_wconf 89' lang='lat' dir='ltr'><strong>sunt.</strong></span> <span class='ocrx_word' id='word_1_626' title='bbox 2391 2413 2470 2468; x_wconf 84' lang='lat' dir='ltr'><strong>Ex</strong></span> <span class='ocrx_word' id='word_1_627' title='bbox 2515 2414 2609 2468; x_wconf 91' lang='lat' dir='ltr'><strong>illo</strong></span> <span class='ocrx_word' id='word_1_628' title='bbox 2639 2427 2862 2468; x_wconf 89' lang='lat' dir='ltr'><strong>numero</strong></span> <span class='ocrx_word' id='word_1_629' title='bbox 2891 2421 3034 2474; x_wconf 75' lang='lat' dir='ltr'><strong>sunt.</strong></span> <span class='ocrx_word' id='word_1_630' title='bbox 3065 2411 3132 2466; x_wconf 89' lang='lat' dir='ltr'><strong>de</strong></span> <span class='ocrx_word' id='word_1_631' title='bbox 3163 2413 3356 2482; x_wconf 89' lang='lat' dir='ltr'><strong>quibus</strong></span> <span class='ocrx_word' id='word_1_632' title='bbox 3392 2413 3587 2482; x_wconf 68' lang='lat' dir='ltr'><strong>prtuli-</strong></span> 
     </span>
    </p>
   </div>
   <div class='ocr_carea' id='block_1_85' title="bbox 1989 2503 3581 2576">
    <p class='ocr_par' dir='ltr' id='par_1_85' title="bbox 1989 2503 3581 2576">
     <span class='ocr_line' id='line_1_85' title="bbox 1989 2503 3581 2576; baseline -0.003 -16"><span class='ocrx_word' id='word_1_633' title='bbox 1989 2515 2135 2560; x_wconf 89' lang='lat' dir='ltr'><strong>ctum</strong></span> <span class='ocrx_word' id='word_1_634' title='bbox 2151 2514 2250 2571; x_wconf 88' lang='lat' dir='ltr'><strong>est,</strong></span> <span class='ocrx_word' id='word_1_635' title='bbox 2279 2503 2383 2559; x_wconf 85' lang='lat' dir='ltr'><strong>Pro</strong></span> <span class='ocrx_word' id='word_1_636' title='bbox 2406 2506 2631 2576; x_wconf 80' lang='lat' dir='ltr'><strong>patribus</strong></span> <span class='ocrx_word' id='word_1_637' title='bbox 2651 2504 2750 2558; x_wconf 84' lang='lat' dir='ltr'><strong>tuis</strong></span> <span class='ocrx_word' id='word_1_638' title='bbox 2771 2504 2878 2558; x_wconf 87' lang='lat' dir='ltr'><strong>nati</strong></span> <span class='ocrx_word' id='word_1_639' title='bbox 2901 2516 3018 2558; x_wconf 85' lang='lat' dir='ltr'><strong>sunt</strong></span> <span class='ocrx_word' id='word_1_640' title='bbox 3045 2503 3136 2558; x_wconf 83' lang='lat' dir='ltr'><strong>tibi</strong></span> <span class='ocrx_word' id='word_1_641' title='bbox 3155 2503 3248 2572; x_wconf 77' lang='lat' dir='ltr'><strong>ﬁlii</strong></span> <span class='ocrx_word' id='word_1_642' title='bbox 3270 2520 3288 2569; x_wconf 85' lang='lat'><em>;</em></span> <span class='ocrx_word' id='word_1_643' title='bbox 3310 2504 3581 2558; x_wconf 80' lang='lat' dir='ltr'><strong>constitues</strong></span> 
     </span>
    </p>
   </div>
   <div class='ocr_carea' id='block_1_86' title="bbox 1991 2595 3584 2671">
    <p class='ocr_par' dir='ltr' id='par_1_86' title="bbox 1991 2595 3584 2671">
     <span class='ocr_line' id='line_1_86' title="bbox 1991 2595 3584 2671; baseline -0.003 -17"><span class='ocrx_word' id='word_1_644' title='bbox 1991 2616 2074 2654; x_wconf 79' lang='lat' dir='ltr'><strong>eos</strong></span> <span class='ocrx_word' id='word_1_645' title='bbox 2098 2599 2352 2670; x_wconf 80' lang='lat' dir='ltr'><strong>principes</strong></span> <span class='ocrx_word' id='word_1_646' title='bbox 2375 2615 2525 2671; x_wconf 78' lang='lat' dir='ltr'><strong>super</strong></span> <span class='ocrx_word' id='word_1_647' title='bbox 2548 2607 2742 2652; x_wconf 80' lang='lat' dir='ltr'><strong>omnem</strong></span> <span class='ocrx_word' id='word_1_648' title='bbox 2759 2609 2944 2654; x_wconf 78' lang='lat' dir='ltr'><strong>terram</strong></span> <span class='ocrx_word' id='word_1_649' title='bbox 2976 2595 3148 2670; x_wconf 69' lang='lat' dir='ltr'><strong>(Paul.</strong></span> <span class='ocrx_word' id='word_1_650' title='bbox 3194 2613 3335 2661; x_wconf 75' lang='lat' dir='ltr'><strong>xuv,</strong></span> <span class='ocrx_word' id='word_1_651' title='bbox 3368 2597 3480 2666; x_wconf 77' lang='lat' dir='ltr'><strong>l7).</strong></span> <span class='ocrx_word' id='word_1_652' title='bbox 3508 2595 3584 2650; x_wconf 79' lang='lat' dir='ltr'><strong>Ex</strong></span> 
     </span>
    </p>
   </div>
   <div class='ocr_carea' id='block_1_87' title="bbox 1992 2686 3587 2763">
    <p class='ocr_par' dir='ltr' id='par_1_87' title="bbox 1992 2686 3587 2763">
     <span class='ocr_line' id='line_1_87' title="bbox 1992 2686 3587 2763; baseline -0.002 -21"><span class='ocrx_word' id='word_1_653' title='bbox 1992 2707 2093 2763; x_wconf 82' lang='lat' dir='ltr'><strong>qua</strong></span> <span class='ocrx_word' id='word_1_654' title='bbox 2126 2692 2214 2745; x_wconf 82' lang='lat' dir='ltr'><strong>lilii</strong></span> <span class='ocrx_word' id='word_1_655' title='bbox 2253 2692 2490 2763; x_wconf 87' lang='lat' dir='ltr'><strong>generati</strong></span> <span class='ocrx_word' id='word_1_656' title='bbox 2517 2691 2540 2723; x_wconf 84' lang='grc'>³</span> <span class='ocrx_word' id='word_1_657' title='bbox 2577 2699 2810 2758; x_wconf 84' lang='lat' dir='ltr'><strong>sunt,-ut</strong></span> <span class='ocrx_word' id='word_1_658' title='bbox 2846 2689 2963 2745; x_wconf 77' lang='lat' dir='ltr'><strong>inec</strong></span> <span class='ocrx_word' id='word_1_659' title='bbox 3001 2689 3306 2753; x_wconf 81' lang='lat' dir='ltr'><strong>discerent;</strong></span> <span class='ocrx_word' id='word_1_660' title='bbox 3344 2686 3460 2758; x_wconf 88' lang='lat' dir='ltr'><strong>ejus</strong></span> <span class='ocrx_word' id='word_1_661' title='bbox 3490 2700 3587 2758; x_wconf 82' lang='lat' dir='ltr'><strong>pa-</strong></span> 
     </span>
    </p>
   </div>
   <div class='ocr_carea' id='block_1_88' title="bbox 1995 2783 2799 2849">
    <p class='ocr_par' dir='ltr' id='par_1_88' title="bbox 1995 2783 2799 2849">
     <span class='ocr_line' id='line_1_88' title="bbox 1995 2783 2799 2849; baseline -0.002 -11"><span class='ocrx_word' id='word_1_662' title='bbox 1995 2795 2102 2838; x_wconf 89' lang='lat' dir='ltr'><strong>tres</strong></span> <span class='ocrx_word' id='word_1_663' title='bbox 2131 2783 2253 2838; x_wconf 72' lang='lat' dir='ltr'><strong>facti</strong></span> <span class='ocrx_word' id='word_1_664' title='bbox 2273 2791 2420 2849; x_wconf 88' lang='lat' dir='ltr'><strong>sunt,</strong></span> <span class='ocrx_word' id='word_1_665' title='bbox 2452 2791 2510 2838; x_wconf 94' lang='lat' dir='ltr'><strong>ut</strong></span> <span class='ocrx_word' id='word_1_666' title='bbox 2526 2784 2799 2839; x_wconf 88' lang='lat' dir='ltr'><strong>docerent.</strong></span> 
     </span>
    </p>
   </div>
   <div class='ocr_carea' id='block_1_89' title="bbox 2063 2872 3586 2945">
    <p class='ocr_par' dir='ltr' id='par_1_89' title="bbox 2063 2872 3586 2945">
     <span class='ocr_line' id='line_1_89' title="bbox 2063 2872 3586 2945; baseline -0.001 -17"><span class='ocrx_word' id='word_1_667' title='bbox 2063 2875 2152 2928; x_wconf 72' lang='lat'><strong>5:2.</strong></span> <span class='ocrx_word' id='word_1_668' title='bbox 2176 2873 2310 2944; x_wconf 82' lang='lat' dir='ltr'><strong>Quid</strong></span> <span class='ocrx_word' id='word_1_669' title='bbox 2339 2873 2586 2944; x_wconf 88' lang='lat' dir='ltr'><strong>estquod</strong></span> <span class='ocrx_word' id='word_1_670' title='bbox 2605 2889 2702 2930; x_wconf 90' lang='lat' dir='ltr'><strong>vos</strong></span> <span class='ocrx_word' id='word_1_671' title='bbox 2730 2873 2960 2945; x_wconf 86' lang='lat' dir='ltr'><strong>gaudere</strong></span> <span class='ocrx_word' id='word_1_672' title='bbox 2979 2872 3172 2944; x_wconf 87' lang='lat' dir='ltr'><strong>jactas,</strong></span> <span class='ocrx_word' id='word_1_673' title='bbox 3199 2872 3341 2945; x_wconf 89' lang='lat' dir='ltr'><strong>quod</strong></span> <span class='ocrx_word' id='word_1_674' title='bbox 3371 2873 3468 2928; x_wconf 70' lang='lat' dir='ltr'><strong>ista</strong></span> <span class='ocrx_word' id='word_1_675' title='bbox 3490 2889 3586 2927; x_wconf 86' lang='lat' dir='ltr'><strong>ve-</strong></span> 
     </span>
    </p>
   </div>
   <div class='ocr_carea' id='block_1_90' title="bbox 1993 2965 3590 3038">
    <p class='ocr_par' dir='ltr' id='par_1_90' title="bbox 1993 2965 3590 3038">
     <span class='ocr_line' id='line_1_90' title="bbox 1993 2965 3590 3038; baseline -0.002 -16"><span class='ocrx_word' id='word_1_676' title='bbox 1993 2966 2144 3032; x_wconf 87' lang='lat' dir='ltr'><strong>ritas,</strong></span> <span class='ocrx_word' id='word_1_677' title='bbox 2171 2982 2330 3036; x_wconf 90' lang='lat' dir='ltr'><strong>quam</strong></span> <span class='ocrx_word' id='word_1_678' title='bbox 2371 2974 2428 3022; x_wconf 91' lang='lat' dir='ltr'><strong>tu</strong></span> <span class='ocrx_word' id='word_1_679' title='bbox 2467 2981 2706 3023; x_wconf 81' lang='lat' dir='ltr'><strong>errorem</strong></span> <span class='ocrx_word' id='word_1_680' title='bbox 2735 2975 2910 3038; x_wconf 91' lang='lat' dir='ltr'><strong>putas,</strong></span> <span class='ocrx_word' id='word_1_681' title='bbox 2937 2965 3019 3022; x_wconf 89' lang='lat' dir='ltr'><strong>vel</strong></span> <span class='ocrx_word' id='word_1_682' title='bbox 3047 2965 3220 3036; x_wconf 89' lang='lat' dir='ltr'><strong>putari</strong></span> <span class='ocrx_word' id='word_1_683' title='bbox 3248 2966 3419 3035; x_wconf 90' lang='lat' dir='ltr'><strong>cupis,</strong></span> <span class='ocrx_word' id='word_1_684' title='bbox 3466 2984 3486 3017; x_wconf 76' lang='grc' dir='ltr'>ι</span> <span class='ocrx_word' id='word_1_685' title='bbox 3520 2966 3590 3019; x_wconf 87' lang='lat' dir='ltr'><strong>de</strong></span> 
     </span>
    </p>
   </div>
   <div class='ocr_carea' id='block_1_91' title="bbox 1995 3056 3580 3128">
    <p class='ocr_par' dir='ltr' id='par_1_91' title="bbox 1995 3056 3580 3128">
     <span class='ocr_line' id='line_1_91' title="bbox 1995 3056 3580 3128; baseline -0.003 -14"><span class='ocrx_word' id='word_1_686' title='bbox 1995 3070 2136 3114; x_wconf 89' lang='lat' dir='ltr'><strong>tanta</strong></span> <span class='ocrx_word' id='word_1_687' title='bbox 2164 3059 2498 3116; x_wconf 87' lang='lat' dir='ltr'><strong>multitudine</strong></span> <span class='ocrx_word' id='word_1_688' title='bbox 2527 3068 2846 3114; x_wconf 86' lang='lat' dir='ltr'><strong>assertorem</strong></span> <span class='ocrx_word' id='word_1_689' title='bbox 2893 3073 3001 3113; x_wconf 90' lang='lat' dir='ltr'><strong>non</strong></span> <span class='ocrx_word' id='word_1_690' title='bbox 3041 3065 3218 3128; x_wconf 87' lang='lat' dir='ltr'><strong>petest</strong></span> <span class='ocrx_word' id='word_1_691' title='bbox 3252 3056 3526 3113; x_wconf 80' lang='lat' dir='ltr'><strong>invenire?</strong></span> <span class='ocrx_word' id='word_1_692' title='bbox 3560 3077 3580 3110; x_wconf 75' lang='grc' dir='ltr'>ι</span> 
     </span>
    </p>
   </div>
   <div class='ocr_carea' id='block_1_92' title="bbox 1992 3148 3584 3224">
    <p class='ocr_par' dir='ltr' id='par_1_92' title="bbox 1992 3148 3584 3224">
     <span class='ocr_line' id='line_1_92' title="bbox 1992 3148 3584 3224; baseline 0.001 -22"><span class='ocrx_word' id='word_1_693' title='bbox 1992 3151 2155 3222; x_wconf 82' lang='lat' dir='ltr'><strong>Quasi</strong></span> <span class='ocrx_word' id='word_1_694' title='bbox 2211 3167 2373 3224; x_wconf 88' lang='lat' dir='ltr'><strong>parva</strong></span> <span class='ocrx_word' id='word_1_695' title='bbox 2423 3153 2492 3206; x_wconf 89' lang='lat' dir='ltr'><strong>sit</strong></span> <span class='ocrx_word' id='word_1_696' title='bbox 2539 3151 2655 3220; x_wconf 85' lang='lat' dir='ltr'><strong>ejus</strong></span> <span class='ocrx_word' id='word_1_697' title='bbox 2690 3151 2915 3205; x_wconf 81' lang='lat' dir='ltr'><strong>assertio</strong></span> <span class='ocrx_word' id='word_1_698' title='bbox 2947 3191 2962 3214; x_wconf 95' lang='lat'><strong>,</strong></span> <span class='ocrx_word' id='word_1_699' title='bbox 3014 3149 3156 3220; x_wconf 91' lang='lat' dir='ltr'><strong>quod</strong></span> <span class='ocrx_word' id='word_1_700' title='bbox 3205 3149 3256 3204; x_wconf 91' lang='lat' dir='ltr'><strong>in</strong></span> <span class='ocrx_word' id='word_1_701' title='bbox 3311 3148 3414 3204; x_wconf 90' lang='lat' dir='ltr'><strong>hoc</strong></span> <span class='ocrx_word' id='word_1_702' title='bbox 3461 3148 3584 3204; x_wconf 84' lang='lat' dir='ltr'><strong>fidei</strong></span> 
     </span>
    </p>
   </div>
   <div class='ocr_carea' id='block_1_93' title="bbox 1997 3238 3583 3310">
    <p class='ocr_par' dir='ltr' id='par_1_93' title="bbox 1997 3238 3583 3310">
     <span class='ocr_line' id='line_1_93' title="bbox 1997 3238 3583 3310; baseline -0.002 -13"><span class='ocrx_word' id='word_1_703' title='bbox 1997 3243 2388 3297; x_wconf 83' lang='lat' dir='ltr'><strong>firmissimo-et</strong></span> <span class='ocrx_word' id='word_1_704' title='bbox 2409 3242 2778 3310; x_wconf 87' lang='lat' dir='ltr'><strong>antiquissimo</strong></span> <span class='ocrx_word' id='word_1_705' title='bbox 2804 3238 3152 3295; x_wconf 82' lang='lat' dir='ltr'><strong>fundamento</strong></span> <span class='ocrx_word' id='word_1_706' title='bbox 3169 3240 3282 3310; x_wconf 89' lang='lat' dir='ltr'><strong>ipsa</strong></span> <span class='ocrx_word' id='word_1_707' title='bbox 3311 3247 3425 3294; x_wconf 91' lang='lat' dir='ltr'><strong>toto</strong></span> <span class='ocrx_word' id='word_1_708' title='bbox 3449 3238 3583 3294; x_wconf 87' lang='lat' dir='ltr'><strong>orbo</strong></span> 
     </span>
    </p>
   </div>
   <div class='ocr_carea' id='block_1_94' title="bbox 1993 3329 3584 3402">
    <p class='ocr_par' dir='ltr' id='par_1_94' title="bbox 1993 3329 3584 3402">
     <span class='ocr_line' id='line_1_94' title="bbox 1993 3329 3584 3402; baseline -0.003 -14"><span class='ocrx_word' id='word_1_709' title='bbox 1993 3332 2182 3388; x_wconf 72' lang='lat' dir='ltr'><strong>diffusa</strong></span> <span class='ocrx_word' id='word_1_710' title='bbox 2244 3348 2350 3388; x_wconf 88' lang='lat' dir='ltr'><strong>non</strong></span> <span class='ocrx_word' id='word_1_711' title='bbox 2398 3347 2429 3387; x_wconf 89' lang='lat' dir='ltr'><strong>a</strong></span> <span class='ocrx_word' id='word_1_712' title='bbox 2477 3347 2536 3388; x_wconf 91' lang='lat' dir='ltr'><strong>se</strong></span> <span class='ocrx_word' id='word_1_713' title='bbox 2581 3331 2849 3402; x_wconf 88' lang='lat' dir='ltr'><strong>discrepat</strong></span> <span class='ocrx_word' id='word_1_714' title='bbox 2915 3329 3223 3386; x_wconf 91' lang='lat' dir='ltr'><strong>multitudo.</strong></span> <span class='ocrx_word' id='word_1_715' title='bbox 3291 3330 3343 3386; x_wconf 89' lang='lat' dir='ltr'><strong>Si</strong></span> <span class='ocrx_word' id='word_1_716' title='bbox 3403 3340 3584 3385; x_wconf 90' lang='lat' dir='ltr'><strong>autem</strong></span> 
     </span>
    </p>
   </div>
   <div class='ocr_carea' id='block_1_95' title="bbox 1994 3421 3594 3494">
    <p class='ocr_par' dir='ltr' id='par_1_95' title="bbox 1994 3421 3594 3494">
     <span class='ocr_line' id='line_1_95' title="bbox 1994 3421 3594 3494; baseline -0.001 -16"><span class='ocrx_word' id='word_1_717' title='bbox 1994 3431 2290 3479; x_wconf 73' lang='lat' dir='ltr'><strong>assertores</strong></span> <span class='ocrx_word' id='word_1_718' title='bbox 2329 3437 2424 3479; x_wconf 89' lang='lat' dir='ltr'><strong>eos</strong></span> <span class='ocrx_word' id='word_1_719' title='bbox 2476 3422 2719 3494; x_wconf 80' lang='lat' dir='ltr'><strong>ﬂagitas,</strong></span> <span class='ocrx_word' id='word_1_720' title='bbox 2759 3436 2984 3493; x_wconf 90' lang='lat' dir='ltr'><strong>quorum</strong></span> <span class='ocrx_word' id='word_1_721' title='bbox 3024 3421 3221 3493; x_wconf 89' lang='lat' dir='ltr'><strong>aliquid</strong></span> <span class='ocrx_word' id='word_1_722' title='bbox 3271 3422 3430 3476; x_wconf 90' lang='lat' dir='ltr'><strong>etiam</strong></span> <span class='ocrx_word' id='word_1_723' title='bbox 3497 3422 3594 3476; x_wconf 78' lang='lat' dir='ltr'><strong>lit-</strong></span> 
     </span>
    </p>
   </div>
   <div class='ocr_carea' id='block_1_96' title="bbox 1996 3511 3580 3582">
    <p class='ocr_par' dir='ltr' id='par_1_96' title="bbox 1996 3511 3580 3582">
     <span class='ocr_line' id='line_1_96' title="bbox 1996 3511 3580 3582; baseline -0.002 -12"><span class='ocrx_word' id='word_1_724' title='bbox 1996 3523 2229 3570; x_wconf 82' lang='lat' dir='ltr'><strong>terarum</strong></span> <span class='ocrx_word' id='word_1_725' title='bbox 2285 3515 2509 3570; x_wconf 86' lang='lat' dir='ltr'><strong>inveniri</strong></span> <span class='ocrx_word' id='word_1_726' title='bbox 2553 3522 2764 3582; x_wconf 85' lang='lat' dir='ltr'><strong>potest,</strong></span> <span class='ocrx_word' id='word_1_727' title='bbox 2801 3513 3126 3582; x_wconf 74' lang='lat' dir='ltr'><strong>illustrisque</strong></span> <span class='ocrx_word' id='word_1_728' title='bbox 3174 3511 3416 3567; x_wconf 87' lang='lat' dir='ltr'><strong>doctrina</strong></span> <span class='ocrx_word' id='word_1_729' title='bbox 3465 3522 3580 3578; x_wconf 87' lang='lat' dir='ltr'><strong>est;</strong></span> 
     </span>
    </p>
   </div>
   <div class='ocr_carea' id='block_1_97' title="bbox 1994 3603 3585 3675">
    <p class='ocr_par' dir='ltr' id='par_1_97' title="bbox 1994 3603 3585 3675">
     <span class='ocr_line' id='line_1_97' title="bbox 1994 3603 3585 3675; baseline 0.001 -16"><span class='ocrx_word' id='word_1_730' title='bbox 1994 3623 2060 3666; x_wconf 80' lang='lat' dir='ltr'><strong>en</strong></span> <span class='ocrx_word' id='word_1_731' title='bbox 2102 3605 2254 3661; x_wconf 80' lang='lat' dir='ltr'><strong>adest</strong></span> <span class='ocrx_word' id='word_1_732' title='bbox 2303 3615 2640 3662; x_wconf 83' lang='lat' dir='ltr'><strong>asserturum-</strong></span> <span class='ocrx_word' id='word_1_733' title='bbox 2685 3604 2801 3675; x_wconf 86' lang='lat' dir='ltr'><strong>ejus</strong></span> <span class='ocrx_word' id='word_1_734' title='bbox 2853 3603 3212 3660; x_wconf 84' lang='lat' dir='ltr'><strong>memorabilis</strong></span> <span class='ocrx_word' id='word_1_735' title='bbox 3263 3615 3313 3659; x_wconf 88' lang='lat' dir='ltr'><strong>et</strong></span> <span class='ocrx_word' id='word_1_736' title='bbox 3359 3620 3585 3661; x_wconf 81' lang='lat' dir='ltr'><strong>venera-</strong></span> 
     </span>
    </p>
   </div>
   <div class='ocr_carea' id='block_1_98' title="bbox 1995 3693 3589 3768">
    <p class='ocr_par' dir='ltr' id='par_1_98' title="bbox 1995 3693 3589 3768">
     <span class='ocr_line' id='line_1_98' title="bbox 1995 3693 3589 3768; baseline -0.002 -15"><span class='ocrx_word' id='word_1_737' title='bbox 1995 3697 2138 3763; x_wconf 89' lang='lat' dir='ltr'><strong>bilis,</strong></span> <span class='ocrx_word' id='word_1_738' title='bbox 2195 3711 2482 3753; x_wconf 74' lang='lat' dir='ltr'><strong>consessus</strong></span> <span class='ocrx_word' id='word_1_739' title='bbox 2525 3708 2685 3768; x_wconf 89' lang='lat' dir='ltr'><strong>atque</strong></span> <span class='ocrx_word' id='word_1_740' title='bbox 2725 3711 3038 3752; x_wconf 89' lang='lat' dir='ltr'><strong>consensus.</strong></span> <span class='ocrx_word' id='word_1_741' title='bbox 3079 3696 3304 3752; x_wconf 89' lang='lat' dir='ltr'><strong>Sanctus</strong></span> <span class='ocrx_word' id='word_1_742' title='bbox 3351 3693 3589 3751; x_wconf 79' lang='lat' dir='ltr'><strong>lremeus</strong></span> 
     </span>
    </p>
   </div>
   <div class='ocr_carea' id='block_1_99' title="bbox 1997 3786 3585 3860">
    <p class='ocr_par' dir='ltr' id='par_1_99' title="bbox 1997 3786 3585 3860">
     <span class='ocr_line' id='line_1_99' title="bbox 1997 3786 3585 3860; baseline -0.003 -14"><span class='ocrx_word' id='word_1_743' title='bbox 1997 3791 2144 3857; x_wconf 64' lang='lat' dir='ltr'><strong>dicit,</strong></span> <span class='ocrx_word' id='word_1_744' title='bbox 2167 3791 2440 3860; x_wconf 80' lang='lat' dir='ltr'><strong>antiquam</strong></span> <span class='ocrx_word' id='word_1_745' title='bbox 2464 3787 2732 3858; x_wconf 85' lang='lat' dir='ltr'><strong>serpentis</strong></span> <span class='ocrx_word' id='word_1_746' title='bbox 2758 3788 2964 3858; x_wconf 81' lang='lat' dir='ltr'><strong>plagam</strong></span> <span class='ocrx_word' id='word_1_747' title='bbox 2992 3787 3097 3843; x_wconf 85' lang='lat' dir='ltr'><strong>fide</strong></span> <span class='ocrx_word' id='word_1_748' title='bbox 3118 3786 3314 3842; x_wconf 82' lang='lat' dir='ltr'><strong>Christi</strong></span> <span class='ocrx_word' id='word_1_749' title='bbox 3341 3796 3394 3843; x_wconf 91' lang='lat' dir='ltr'><strong>et</strong></span> <span class='ocrx_word' id='word_1_750' title='bbox 3421 3802 3585 3842; x_wconf 90' lang='lat' dir='ltr'><strong>cruce</strong></span> 
     </span>
    </p>
   </div>
   <div class='ocr_carea' id='block_1_100' title="bbox 1997 3878 3585 3952">
    <p class='ocr_par' dir='ltr' id='par_1_100' title="bbox 1997 3878 3585 3952">
     <span class='ocr_line' id='line_1_100' title="bbox 1997 3878 3585 3952; baseline -0.004 -14"><span class='ocrx_word' id='word_1_751' title='bbox 1997 3883 2194 3946; x_wconf 71' lang='lat' dir='ltr'><strong>sanari,</strong></span> <span class='ocrx_word' id='word_1_752' title='bbox 2238 3893 2294 3937; x_wconf 90' lang='lat' dir='ltr'><strong>et</strong></span> <span class='ocrx_word' id='word_1_753' title='bbox 2329 3879 2470 3952; x_wconf 88' lang='lat' dir='ltr'><strong>quod</strong></span> <span class='ocrx_word' id='word_1_754' title='bbox 2510 3880 2816 3950; x_wconf 84' lang='lat' dir='ltr'><strong>protoplasti</strong></span> <span class='ocrx_word' id='word_1_755' title='bbox 2850 3889 3067 3949; x_wconf 87' lang='lat' dir='ltr'><strong>peccato</strong></span> <span class='ocrx_word' id='word_1_756' title='bbox 3107 3878 3302 3934; x_wconf 80' lang='lat' dir='ltr'><strong>fuimus</strong></span> <span class='ocrx_word' id='word_1_757' title='bbox 3337 3888 3585 3948; x_wconf 87' lang='lat' dir='ltr'><strong>tanquam</strong></span> 
     </span>
    </p>
   </div>
   <div class='ocr_carea' id='block_1_101' title="bbox 1997 3969 3586 4043">
    <p class='ocr_par' dir='ltr' id='par_1_101' title="bbox 1997 3969 3586 4043">
     <span class='ocr_line' id='line_1_101' title="bbox 1997 3969 3586 4043; baseline -0.001 -17"><span class='ocrx_word' id='word_1_758' title='bbox 1997 3973 2222 4028; x_wconf 69' lang='lat' dir='ltr'><strong>vinculis</strong></span> <span class='ocrx_word' id='word_1_759' title='bbox 2250 3972 2468 4042; x_wconf 73' lang='lat' dir='ltr'><strong>alligati.</strong></span> <span class='ocrx_word' id='word_1_760' title='bbox 2495 3971 2722 4027; x_wconf 89' lang='lat' dir='ltr'><strong>Sanctus</strong></span> <span class='ocrx_word' id='word_1_761' title='bbox 2756 3969 3054 4043; x_wconf 86' lang='lat' dir='ltr'><strong>Cyprianus</strong></span> <span class='ocrx_word' id='word_1_762' title='bbox 3077 3969 3226 4035; x_wconf 90' lang='lat' dir='ltr'><strong>dicit,</strong></span> <span class='ocrx_word' id='word_1_763' title='bbox 3255 3969 3432 4040; x_wconf 85' lang='lat' dir='ltr'><strong>perire</strong></span> <span class='ocrx_word' id='word_1_764' title='bbox 3462 3985 3586 4039; x_wconf 89' lang='lat' dir='ltr'><strong>par-</strong></span> 
     </span>
    </p>
   </div>
   <div class='ocr_carea' id='block_1_102' title="bbox 1997 4060 3584 4134">
    <p class='ocr_par' dir='ltr' id='par_1_102' title="bbox 1997 4060 3584 4134">
     <span class='ocr_line' id='line_1_102' title="bbox 1997 4060 3584 4134; baseline -0.002 -16"><span class='ocrx_word' id='word_1_765' title='bbox 1997 4067 2199 4128; x_wconf 86' lang='lat' dir='ltr'><strong>vulum,</strong></span> <span class='ocrx_word' id='word_1_766' title='bbox 2223 4064 2322 4118; x_wconf 90' lang='lat' dir='ltr'><strong>nisi</strong></span> <span class='ocrx_word' id='word_1_767' title='bbox 2352 4063 2511 4118; x_wconf 87' lang='lat' dir='ltr'><strong>fuerit</strong></span> <span class='ocrx_word' id='word_1_768' title='bbox 2534 4063 2854 4134; x_wconf 82' lang='lat' dir='ltr'><strong>baptizatus,</strong></span> <span class='ocrx_word' id='word_1_769' title='bbox 2879 4060 3125 4132; x_wconf 77' lang='lat' dir='ltr'><strong>quamvis</strong></span> <span class='ocrx_word' id='word_1_770' title='bbox 3149 4062 3197 4116; x_wconf 92' lang='lat' dir='ltr'><strong>ei</strong></span> <span class='ocrx_word' id='word_1_771' title='bbox 3232 4076 3337 4116; x_wconf 87' lang='lat' dir='ltr'><strong>non</strong></span> <span class='ocrx_word' id='word_1_772' title='bbox 3374 4063 3584 4132; x_wconf 85' lang='lat' dir='ltr'><strong>propria</strong></span> 
     </span>
    </p>
   </div>
   <div class='ocr_carea' id='block_1_103' title="bbox 1997 4154 3586 4227">
    <p class='ocr_par' dir='ltr' id='par_1_103' title="bbox 1997 4154 3586 4227">
     <span class='ocr_line' id='line_1_103' title="bbox 1997 4154 3586 4227; baseline -0.002 -14"><span class='ocrx_word' id='word_1_773' title='bbox 1997 4159 2350 4227; x_wconf 88' lang='lat' dir='ltr'><strong>dimittantur,</strong></span> <span class='ocrx_word' id='word_1_774' title='bbox 2379 4157 2472 4212; x_wconf 89' lang='lat' dir='ltr'><strong>sed</strong></span> <span class='ocrx_word' id='word_1_775' title='bbox 2502 4157 2674 4212; x_wconf 89' lang='lat' dir='ltr'><strong>aliena</strong></span> <span class='ocrx_word' id='word_1_776' title='bbox 2705 4165 2939 4226; x_wconf 86' lang='lat' dir='ltr'><strong>peccata.</strong></span> <span class='ocrx_word' id='word_1_777' title='bbox 2969 4155 3196 4212; x_wconf 88' lang='lat' dir='ltr'><strong>Sanctus</strong></span> <span class='ocrx_word' id='word_1_778' title='bbox 3235 4154 3470 4210; x_wconf 79' lang='lat' dir='ltr'><strong>Rcticius</strong></span> <span class='ocrx_word' id='word_1_779' title='bbox 3505 4156 3586 4210; x_wconf 83' lang='lat' dir='ltr'><strong>di-</strong></span> 
     </span>
    </p>
   </div>
   <div class='ocr_carea' id='block_1_104' title="bbox 1997 4250 3587 4322">
    <p class='ocr_par' dir='ltr' id='par_1_104' title="bbox 1997 4250 3587 4322">
     <span class='ocr_line' id='line_1_104' title="bbox 1997 4250 3587 4322; baseline -0.003 -15"><span class='ocrx_word' id='word_1_780' title='bbox 1997 4253 2089 4316; x_wconf 90' lang='lat' dir='ltr'><strong>cit,</strong></span> <span class='ocrx_word' id='word_1_781' title='bbox 2116 4254 2312 4307; x_wconf 80' lang='lat' dir='ltr'><strong>veteris</strong></span> <span class='ocrx_word' id='word_1_782' title='bbox 2342 4250 2592 4318; x_wconf 89' lang='lat' dir='ltr'><strong>hominis,</strong></span> <span class='ocrx_word' id='word_1_783' title='bbox 2619 4265 2727 4322; x_wconf 92' lang='lat' dir='ltr'><strong>quo</strong></span> <span class='ocrx_word' id='word_1_784' title='bbox 2747 4265 2844 4322; x_wconf 89' lang='lat' dir='ltr'><strong>per</strong></span> <span class='ocrx_word' id='word_1_785' title='bbox 2865 4250 3134 4306; x_wconf 85' lang='lat' dir='ltr'><strong>lavacrum</strong></span> <span class='ocrx_word' id='word_1_786' title='bbox 3165 4250 3587 4320; x_wconf 74' lang='lat' dir='ltr'><strong>regenerationis</strong></span> 
     </span>
    </p>
   </div>
   <div class='ocr_carea' id='block_1_105' title="bbox 1997 4340 3587 4410">
    <p class='ocr_par' dir='ltr' id='par_1_105' title="bbox 1997 4340 3587 4410">
     <span class='ocr_line' id='line_1_105' title="bbox 1997 4340 3587 4410; baseline -0.004 -12"><span class='ocrx_word' id='word_1_787' title='bbox 1997 4345 2261 4406; x_wconf 78' lang='lat' dir='ltr'><strong>exuimur,</strong></span> <span class='ocrx_word' id='word_1_788' title='bbox 2291 4357 2394 4396; x_wconf 89' lang='lat' dir='ltr'><strong>non</strong></span> <span class='ocrx_word' id='word_1_789' title='bbox 2423 4349 2627 4396; x_wconf 90' lang='lat' dir='ltr'><strong>tantum</strong></span> <span class='ocrx_word' id='word_1_790' title='bbox 2655 4351 2858 4406; x_wconf 88' lang='lat' dir='ltr'><strong>vetera,</strong></span> <span class='ocrx_word' id='word_1_791' title='bbox 2900 4340 2994 4395; x_wconf 89' lang='lat' dir='ltr'><strong>sed</strong></span> <span class='ocrx_word' id='word_1_792' title='bbox 3035 4340 3265 4410; x_wconf 76' lang='lat' dir='ltr'><strong>ingenita</strong></span> <span class='ocrx_word' id='word_1_793' title='bbox 3304 4354 3424 4395; x_wconf 89' lang='lat' dir='ltr'><strong>esse</strong></span> <span class='ocrx_word' id='word_1_794' title='bbox 3464 4355 3587 4410; x_wconf 85' lang='lat' dir='ltr'><strong>pce-</strong></span> 
     </span>
    </p>
   </div>
   <div class='ocr_carea' id='block_1_106' title="bbox 1998 4431 3588 4506">
    <p class='ocr_par' dir='ltr' id='par_1_106' title="bbox 1998 4431 3588 4506">
     <span class='ocr_line' id='line_1_106' title="bbox 1998 4431 3588 4506; baseline -0.002 -18"><span class='ocrx_word' id='word_1_795' title='bbox 1998 4446 2134 4490; x_wconf 74' lang='lat' dir='ltr'><strong>cata.</strong></span> <span class='ocrx_word' id='word_1_796' title='bbox 2167 4436 2392 4490; x_wconf 87' lang='lat' dir='ltr'><strong>Sanetus</strong></span> <span class='ocrx_word' id='word_1_797' title='bbox 2419 4433 2694 4506; x_wconf 83' lang='lat' dir='ltr'><strong>Olympius</strong></span> <span class='ocrx_word' id='word_1_798' title='bbox 2717 4431 2869 4500; x_wconf 91' lang='lat' dir='ltr'><strong>dicit,</strong></span> <span class='ocrx_word' id='word_1_799' title='bbox 2920 4433 3104 4486; x_wconf 90' lang='lat' dir='ltr'><strong>vitium</strong></span> <span class='ocrx_word' id='word_1_800' title='bbox 3149 4431 3216 4486; x_wconf 89' lang='lat' dir='ltr'><strong>de</strong></span> <span class='ocrx_word' id='word_1_801' title='bbox 3255 4432 3588 4502; x_wconf 81' lang='lat' dir='ltr'><strong>protoplasto</strong></span> 
     </span>
    </p>
   </div>
   <div class='ocr_carea' id='block_1_107' title="bbox 1999 4521 3582 4597">
    <p class='ocr_par' dir='ltr' id='par_1_107' title="bbox 1999 4521 3582 4597">
     <span class='ocr_line' id='line_1_107' title="bbox 1999 4521 3582 4597; baseline -0.003 -16"><span class='ocrx_word' id='word_1_802' title='bbox 1999 4527 2050 4581; x_wconf 91' lang='lat' dir='ltr'><strong>in</strong></span> <span class='ocrx_word' id='word_1_803' title='bbox 2077 4527 2318 4597; x_wconf 85' lang='lat' dir='ltr'><strong>germine</strong></span> <span class='ocrx_word' id='word_1_804' title='bbox 2339 4540 2608 4596; x_wconf 76' lang='lat' dir='ltr'><strong>sparsum,</strong></span> <span class='ocrx_word' id='word_1_805' title='bbox 2626 4533 2683 4579; x_wconf 93' lang='lat' dir='ltr'><strong>ut</strong></span> <span class='ocrx_word' id='word_1_806' title='bbox 2712 4535 2987 4595; x_wconf 87' lang='lat' dir='ltr'><strong>peccatum</strong></span> <span class='ocrx_word' id='word_1_807' title='bbox 3013 4538 3132 4578; x_wconf 89' lang='lat' dir='ltr'><strong>cum</strong></span> <span class='ocrx_word' id='word_1_808' title='bbox 3159 4521 3374 4577; x_wconf 79' lang='lat' dir='ltr'><strong>homine</strong></span> <span class='ocrx_word' id='word_1_809' title='bbox 3404 4538 3582 4576; x_wconf 66' lang='lat' dir='ltr'><strong>uasce~</strong></span> 
     </span>
    </p>
   </div>
   <div class='ocr_carea' id='block_1_108' title="bbox 1999 4615 3580 4686">
    <p class='ocr_par' dir='ltr' id='par_1_108' title="bbox 1999 4615 3580 4686">
     <span class='ocr_line' id='line_1_108' title="bbox 1999 4615 3580 4686; baseline -0.006 -12"><span class='ocrx_word' id='word_1_810' title='bbox 1999 4629 2163 4674; x_wconf 89' lang='lat' dir='ltr'><strong>retur.</strong></span> <span class='ocrx_word' id='word_1_811' title='bbox 2192 4617 2420 4674; x_wconf 86' lang='lat' dir='ltr'><strong>Sanctus</strong></span> <span class='ocrx_word' id='word_1_812' title='bbox 2448 4616 2678 4672; x_wconf 90' lang='lat' dir='ltr'><strong>llilarius</strong></span> <span class='ocrx_word' id='word_1_813' title='bbox 2707 4615 2855 4681; x_wconf 90' lang='lat' dir='ltr'><strong>dicit,</strong></span> <span class='ocrx_word' id='word_1_814' title='bbox 2887 4631 2954 4670; x_wconf 84' lang='lat' dir='ltr'><strong>ex</strong></span> <span class='ocrx_word' id='word_1_815' title='bbox 2978 4623 3196 4686; x_wconf 88' lang='lat' dir='ltr'><strong>peccato</strong></span> <span class='ocrx_word' id='word_1_816' title='bbox 3223 4629 3344 4668; x_wconf 89' lang='lat' dir='ltr'><strong>esse</strong></span> <span class='ocrx_word' id='word_1_817' title='bbox 3371 4630 3580 4672; x_wconf 80' lang='lat' dir='ltr'><strong>omnem</strong></span> 
     </span>
    </p>
   </div>
   <div class='ocr_carea' id='block_1_109' title="bbox 1997 4707 3580 4782">
    <p class='ocr_par' dir='ltr' id='par_1_109' title="bbox 1997 4707 3580 4782">
     <span class='ocr_line' id='line_1_109' title="bbox 1997 4707 3580 4782; baseline -0.001 -16"><span class='ocrx_word' id='word_1_818' title='bbox 1997 4728 2235 4779; x_wconf 85' lang='lat' dir='ltr'><strong>carnem,</strong></span> <span class='ocrx_word' id='word_1_819' title='bbox 2268 4721 2464 4782; x_wconf 67' lang='lat' dir='ltr'><strong>praeter</strong></span> <span class='ocrx_word' id='word_1_820' title='bbox 2493 4709 2655 4775; x_wconf 89' lang='lat' dir='ltr'><strong>illius,</strong></span> <span class='ocrx_word' id='word_1_821' title='bbox 2683 4709 2772 4779; x_wconf 91' lang='lat' dir='ltr'><strong>qui</strong></span> <span class='ocrx_word' id='word_1_822' title='bbox 2793 4709 2940 4765; x_wconf 88' lang='lat' dir='ltr'><strong>venit</strong></span> <span class='ocrx_word' id='word_1_823' title='bbox 2961 4709 3013 4763; x_wconf 93' lang='lat' dir='ltr'><strong>in</strong></span> <span class='ocrx_word' id='word_1_824' title='bbox 3035 4707 3382 4762; x_wconf 78' lang='lat' dir='ltr'><strong>similitudine</strong></span> <span class='ocrx_word' id='word_1_825' title='bbox 3402 4710 3580 4764; x_wconf 76' lang='lat' dir='ltr'><strong>carnis</strong></span> 
     </span>
    </p>
   </div>
   <div class='ocr_carea' id='block_1_110' title="bbox 1999 4801 3582 4876">
    <p class='ocr_par' dir='ltr' id='par_1_110' title="bbox 1999 4801 3582 4876">
     <span class='ocr_line' id='line_1_110' title="bbox 1999 4801 3582 4876; baseline -0.004 -15"><span class='ocrx_word' id='word_1_826' title='bbox 1999 4805 2202 4876; x_wconf 85' lang='lat' dir='ltr'><strong>peccati</strong></span> <span class='ocrx_word' id='word_1_827' title='bbox 2225 4805 2341 4860; x_wconf 88' lang='lat' dir='ltr'><strong>sine</strong></span> <span class='ocrx_word' id='word_1_828' title='bbox 2369 4812 2608 4874; x_wconf 86' lang='lat' dir='ltr'><strong>peccato.</strong></span> <span class='ocrx_word' id='word_1_829' title='bbox 2633 4802 2788 4866; x_wconf 90' lang='lat' dir='ltr'><strong>Dicit,</strong></span> <span class='ocrx_word' id='word_1_830' title='bbox 2811 4802 2912 4858; x_wconf 87' lang='lat' dir='ltr'><strong>sub</strong></span> <span class='ocrx_word' id='word_1_831' title='bbox 2937 4801 3135 4870; x_wconf 82' lang='lat' dir='ltr'><strong>peccati</strong></span> <span class='ocrx_word' id='word_1_832' title='bbox 3167 4801 3372 4869; x_wconf 82' lang='lat' dir='ltr'><strong>origine</strong></span> <span class='ocrx_word' id='word_1_833' title='bbox 3395 4810 3448 4854; x_wconf 90' lang='lat' dir='ltr'><strong>et</strong></span> <span class='ocrx_word' id='word_1_834' title='bbox 3485 4802 3582 4855; x_wconf 84' lang='lat' dir='ltr'><strong>sub</strong></span> 
     </span>
    </p>
   </div>
   <div class='ocr_carea' id='block_1_111' title="bbox 1999 4891 3585 4966">
    <p class='ocr_par' dir='ltr' id='par_1_111' title="bbox 1999 4891 3585 4966">
     <span class='ocr_line' id='line_1_111' title="bbox 1999 4891 3585 4966; baseline -0.004 -16"><span class='ocrx_word' id='word_1_835' title='bbox 1999 4898 2196 4966; x_wconf 80' lang='lat' dir='ltr'><strong>peccati</strong></span> <span class='ocrx_word' id='word_1_836' title='bbox 2226 4895 2343 4964; x_wconf 83' lang='lat' dir='ltr'><strong>lege</strong></span> <span class='ocrx_word' id='word_1_837' title='bbox 2373 4903 2551 4949; x_wconf 81' lang='lat' dir='ltr'><strong>natum</strong></span> <span class='ocrx_word' id='word_1_838' title='bbox 2577 4909 2718 4958; x_wconf 80' lang='lat' dir='ltr'><strong>esse,</strong></span> <span class='ocrx_word' id='word_1_839' title='bbox 2747 4893 2900 4964; x_wconf 87' lang='lat' dir='ltr'><strong>cujus</strong></span> <span class='ocrx_word' id='word_1_840' title='bbox 2924 4909 3024 4946; x_wconf 78' lang='lat' dir='ltr'><strong>vox</strong></span> <span class='ocrx_word' id='word_1_841' title='bbox 3053 4901 3156 4956; x_wconf 89' lang='lat' dir='ltr'><strong>est,</strong></span> <span class='ocrx_word' id='word_1_842' title='bbox 3186 4891 3292 4962; x_wconf 71' lang='lat' dir='ltr'><strong>Ego</strong></span> <span class='ocrx_word' id='word_1_843' title='bbox 3319 4893 3370 4944; x_wconf 88' lang='lat' dir='ltr'><strong>in</strong></span> <span class='ocrx_word' id='word_1_844' title='bbox 3397 4893 3585 4961; x_wconf 54' lang='lat' dir='ltr'><strong>iniqui-</strong></span> 
     </span>
    </p>
   </div>
   <div class='ocr_carea' id='block_1_112' title="bbox 1998 4983 3581 5057">
    <p class='ocr_par' dir='ltr' id='par_1_112' title="bbox 1998 4983 3581 5057">
     <span class='ocr_line' id='line_1_112' title="bbox 1998 4983 3581 5057; baseline -0.001 -16"><span class='ocrx_word' id='word_1_845' title='bbox 1998 4990 2182 5042; x_wconf 74' lang='lat' dir='ltr'><strong>tatibus</strong></span> <span class='ocrx_word' id='word_1_846' title='bbox 2203 4997 2472 5057; x_wconf 76' lang='lat' dir='ltr'><strong>conceptus</strong></span> <span class='ocrx_word' id='word_1_847' title='bbox 2513 5002 2623 5040; x_wconf 84' lang='lat' dir='ltr'><strong>sum</strong></span> <span class='ocrx_word' id='word_1_848' title='bbox 2650 4983 2818 5053; x_wconf 81' lang='lat' dir='ltr'><strong>(Psat.</strong></span> <span class='ocrx_word' id='word_1_849' title='bbox 2839 4984 2990 5054; x_wconf 81' lang='lat' dir='ltr'><strong>L,7).</strong></span> <span class='ocrx_word' id='word_1_850' title='bbox 3020 4983 3246 5052; x_wconf 74' lang='lat' dir='ltr'><strong>Sanctus</strong></span> <span class='ocrx_word' id='word_1_851' title='bbox 3269 4983 3581 5039; x_wconf 58' lang='lat' dir='ltr'><strong>Ambrosius</strong></span> 
     </span>
    </p>
   </div>
   <div class='ocr_carea' id='block_1_113' title="bbox 1997 5076 3601 5150">
    <p class='ocr_par' dir='ltr' id='par_1_113' title="bbox 1997 5076 3601 5150">
     <span class='ocr_line' id='line_1_113' title="bbox 1997 5076 3601 5150; baseline -0.005 -15"><span class='ocrx_word' id='word_1_852' title='bbox 1997 5081 2145 5146; x_wconf 87' lang='lat' dir='ltr'><strong>dicit,</strong></span> <span class='ocrx_word' id='word_1_853' title='bbox 2177 5095 2271 5134; x_wconf 86' lang='lat' dir='ltr'><strong>eos</strong></span> <span class='ocrx_word' id='word_1_854' title='bbox 2297 5078 2386 5150; x_wconf 91' lang='lat' dir='ltr'><strong>qui</strong></span> <span class='ocrx_word' id='word_1_855' title='bbox 2416 5077 2665 5146; x_wconf 84' lang='lat' dir='ltr'><strong>baptizati</strong></span> <span class='ocrx_word' id='word_1_856' title='bbox 2699 5077 2895 5131; x_wconf 88' lang='lat' dir='ltr'><strong>fuerint</strong></span> <span class='ocrx_word' id='word_1_857' title='bbox 2935 5077 3183 5146; x_wconf 85' lang='lat' dir='ltr'><strong>parvulos</strong></span> <span class='ocrx_word' id='word_1_858' title='bbox 3207 5076 3257 5128; x_wconf 91' lang='lat' dir='ltr'><strong>in</strong></span> <span class='ocrx_word' id='word_1_859' title='bbox 3292 5076 3601 5144; x_wconf 76' lang='lat' dir='ltr'><strong>primm-dia-</strong></span> 
     </span>
    </p>
   </div>
   <div class='ocr_carea' id='block_1_114' title="bbox 1999 5167 3604 5233">
    <p class='ocr_par' dir='ltr' id='par_1_114' title="bbox 1999 5167 3604 5233">
     <span class='ocr_line' id='line_1_114' title="bbox 1999 5167 3604 5233; baseline -0.005 -7"><span class='ocrx_word' id='word_1_860' title='bbox 1999 5183 2200 5226; x_wconf 75' lang='lat' dir='ltr'><strong>natura:</strong></span> <span class='ocrx_word' id='word_1_861' title='bbox 2228 5187 2338 5225; x_wconf 71' lang='lat' dir='ltr'><strong>sure</strong></span> <span class='ocrx_word' id='word_1_862' title='bbox 2366 5187 2394 5224; x_wconf 90' lang='lat' dir='ltr'><strong>a</strong></span> <span class='ocrx_word' id='word_1_863' title='bbox 2425 5170 2618 5224; x_wconf 89' lang='lat' dir='ltr'><strong>malitia</strong></span> <span class='ocrx_word' id='word_1_864' title='bbox 2649 5168 2948 5224; x_wconf 84' lang='lat' dir='ltr'><strong>reformari.</strong></span> <span class='ocrx_word' id='word_1_865' title='bbox 2973 5168 3128 5233; x_wconf 83' lang='lat' dir='ltr'><strong>Dicit,</strong></span> <span class='ocrx_word' id='word_1_866' title='bbox 3153 5167 3324 5221; x_wconf 79' lang='lat' dir='ltr'><strong>solum</strong></span> <span class='ocrx_word' id='word_1_867' title='bbox 3348 5183 3418 5222; x_wconf 81' lang='lat' dir='ltr'><strong>ex</strong></span> <span class='ocrx_word' id='word_1_868' title='bbox 3441 5170 3604 5220; x_wconf 81' lang='lat' dir='ltr'><strong>natis.</strong></span> 
     </span>
    </p>
   </div>
   <div class='ocr_carea' id='block_1_115' title="bbox 1995 5261 3592 5326">
    <p class='ocr_par' dir='ltr' id='par_1_115' title="bbox 1995 5261 3592 5326">
     <span class='ocr_line' id='line_1_115' title="bbox 1995 5261 3592 5326; baseline -0.005 -6"><span class='ocrx_word' id='word_1_869' title='bbox 1995 5265 2063 5322; x_wconf 86' lang='lat' dir='ltr'><strong>de</strong></span> <span class='ocrx_word' id='word_1_870' title='bbox 2093 5266 2286 5320; x_wconf 87' lang='lat' dir='ltr'><strong>femina</strong></span> <span class='ocrx_word' id='word_1_871' title='bbox 2315 5273 2555 5320; x_wconf 88' lang='lat' dir='ltr'><strong>sanctum</strong></span> <span class='ocrx_word' id='word_1_872' title='bbox 2607 5263 2888 5318; x_wconf 77' lang='lat' dir='ltr'><strong>Dntninum</strong></span> <span class='ocrx_word' id='word_1_873' title='bbox 2928 5261 3133 5326; x_wconf 81' lang='lat' dir='ltr'><strong>Jesum,</strong></span> <span class='ocrx_word' id='word_1_874' title='bbox 3167 5261 3308 5316; x_wconf 89' lang='lat' dir='ltr'><strong>nulla</strong></span> <span class='ocrx_word' id='word_1_875' title='bbox 3357 5272 3592 5316; x_wconf 66' lang='lat' dir='ltr'><strong>terreni-.-</strong></span> 
     </span>
    </p>
   </div>
   <div class='ocr_carea' id='block_1_116' title="bbox 1995 5346 3583 5427">
    <p class='ocr_par' dir='ltr' id='par_1_116' title="bbox 1995 5346 3583 5427">
     <span class='ocr_line' id='line_1_116' title="bbox 1995 5346 3583 5427; baseline -0.005 -16"><span class='ocrx_word' id='word_1_876' title='bbox 1995 5353 2238 5427; x_wconf 81' lang='lat' dir='ltr'><strong>contagia</strong></span> <span class='ocrx_word' id='word_1_877' title='bbox 2266 5356 2584 5424; x_wconf 66' lang='lat' dir='ltr'><strong>corruptelae</strong></span> <span class='ocrx_word' id='word_1_878' title='bbox 2609 5354 2928 5408; x_wconf 83' lang='lat' dir='ltr'><strong>immaculati</strong></span> <span class='ocrx_word' id='word_1_879' title='bbox 2969 5361 3150 5424; x_wconf 89' lang='lat' dir='ltr'><strong>partus</strong></span> <span class='ocrx_word' id='word_1_880' title='bbox 3175 5346 3412 5406; x_wconf 78' lang='lat' dir='ltr'><strong>novitate</strong></span> <span class='ocrx_word' id='word_1_881' title='bbox 3459 5368 3583 5405; x_wconf 77' lang='lat' dir='ltr'><strong>seu-</strong></span> 
     </span>
    </p>
   </div>
   <div class='ocr_carea' id='block_1_117' title="bbox 1997 5442 3584 5517">
    <p class='ocr_par' dir='ltr' id='par_1_117' title="bbox 1997 5442 3584 5517">
     <span class='ocr_line' id='line_1_117' title="bbox 1997 5442 3584 5517; baseline -0.008 -15"><span class='ocrx_word' id='word_1_882' title='bbox 1997 5447 2149 5502; x_wconf 82' lang='lat' dir='ltr'><strong>sisse.</strong></span> <span class='ocrx_word' id='word_1_883' title='bbox 2185 5446 2340 5510; x_wconf 88' lang='lat' dir='ltr'><strong>Dicit,</strong></span> <span class='ocrx_word' id='word_1_884' title='bbox 2367 5445 2510 5517; x_wconf 87' lang='lat' dir='ltr'><strong>quod</strong></span> <span class='ocrx_word' id='word_1_885' title='bbox 2537 5446 2590 5500; x_wconf 92' lang='lat' dir='ltr'><strong>in</strong></span> <span class='ocrx_word' id='word_1_886' title='bbox 2617 5445 2784 5499; x_wconf 83' lang='lat' dir='ltr'><strong>Adam</strong></span> <span class='ocrx_word' id='word_1_887' title='bbox 2805 5458 2996 5500; x_wconf 88' lang='lat' dir='ltr'><strong>omnes</strong></span> <span class='ocrx_word' id='word_1_888' title='bbox 3023 5443 3299 5507; x_wconf 88' lang='lat' dir='ltr'><strong>morimur,</strong></span> <span class='ocrx_word' id='word_1_889' title='bbox 3337 5442 3464 5512; x_wconf 81' lang='lat' dir='ltr'><strong>quia</strong></span> <span class='ocrx_word' id='word_1_890' title='bbox 3489 5457 3584 5510; x_wconf 80' lang='lat' dir='ltr'><strong>per</strong></span> 
     </span>
    </p>
   </div>
   <div class='ocr_carea' id='block_1_118' title="bbox 1999 5534 3585 5608">
    <p class='ocr_par' dir='ltr' id='par_1_118' title="bbox 1999 5534 3585 5608">
     <span class='ocr_line' id='line_1_118' title="bbox 1999 5534 3585 5608; baseline -0.003 -16"><span class='ocrx_word' id='word_1_891' title='bbox 1999 5556 2158 5593; x_wconf 88' lang='lat' dir='ltr'><strong>nnmu</strong></span> <span class='ocrx_word' id='word_1_892' title='bbox 2183 5538 2450 5593; x_wconf 87' lang='lat' dir='ltr'><strong>hominem</strong></span> <span class='ocrx_word' id='word_1_893' title='bbox 2493 5544 2765 5608; x_wconf 86' lang='lat' dir='ltr'><strong>peccatum</strong></span> <span class='ocrx_word' id='word_1_894' title='bbox 2811 5536 3024 5590; x_wconf 86' lang='lat' dir='ltr'><strong>intravit</strong></span> <span class='ocrx_word' id='word_1_895' title='bbox 3049 5534 3100 5588; x_wconf 90' lang='lat' dir='ltr'><strong>in</strong></span> <span class='ocrx_word' id='word_1_896' title='bbox 3133 5535 3409 5600; x_wconf 78' lang='lat' dir='ltr'><strong>mtmdum,</strong></span> <span class='ocrx_word' id='word_1_897' title='bbox 3435 5545 3490 5588; x_wconf 77' lang='lat' dir='ltr'><strong>ct</strong></span> <span class='ocrx_word' id='word_1_898' title='bbox 3518 5536 3585 5588; x_wconf 89' lang='lat' dir='ltr'><strong>il-</strong></span> 
     </span>
    </p>
   </div>
   <div class='ocr_carea' id='block_1_119' title="bbox 1999 5621 3583 5698">
    <p class='ocr_par' dir='ltr' id='par_1_119' title="bbox 1999 5621 3583 5698">
     <span class='ocr_line' id='line_1_119' title="bbox 1999 5621 3583 5698; baseline -0.006 -14"><span class='ocrx_word' id='word_1_899' title='bbox 1999 5630 2098 5685; x_wconf 88' lang='lat' dir='ltr'><strong>lius</strong></span> <span class='ocrx_word' id='word_1_900' title='bbox 2121 5628 2276 5698; x_wconf 89' lang='lat' dir='ltr'><strong>culpa</strong></span> <span class='ocrx_word' id='word_1_901' title='bbox 2300 5643 2444 5682; x_wconf 89' lang='lat' dir='ltr'><strong>mors</strong></span> <span class='ocrx_word' id='word_1_902' title='bbox 2469 5628 2704 5682; x_wconf 91' lang='lat' dir='ltr'><strong>omnium</strong></span> <span class='ocrx_word' id='word_1_903' title='bbox 2737 5635 2836 5681; x_wconf 90' lang='lat' dir='ltr'><strong>est.</strong></span> <span class='ocrx_word' id='word_1_904' title='bbox 2865 5626 3020 5692; x_wconf 89' lang='lat' dir='ltr'><strong>Dicit,</strong></span> <span class='ocrx_word' id='word_1_905' title='bbox 3048 5625 3188 5696; x_wconf 90' lang='lat' dir='ltr'><strong>quod</strong></span> <span class='ocrx_word' id='word_1_906' title='bbox 3231 5623 3282 5678; x_wconf 89' lang='lat' dir='ltr'><strong>in</strong></span> <span class='ocrx_word' id='word_1_907' title='bbox 3322 5623 3436 5692; x_wconf 74' lang='lat' dir='ltr'><strong>eius</strong></span> <span class='ocrx_word' id='word_1_908' title='bbox 3472 5621 3583 5675; x_wconf 69' lang='lat' dir='ltr'><strong>vnl-</strong></span> 
     </span>
    </p>
   </div>
   <div class='ocr_carea' id='block_1_120' title="bbox 2061 5743 2843 5807">
    <p class='ocr_par' dir='ltr' id='par_1_120' title="bbox 2061 5743 2843 5807">
     <span class='ocr_line' id='line_1_120' title="bbox 2061 5743 2843 5807; baseline -0.003 -15"><span class='ocrx_word' id='word_1_909' title='bbox 2061 5745 2074 5774; x_wconf 79' lang='grc'>¹</span> <span class='ocrx_word' id='word_1_910' title='bbox 2116 5753 2212 5807; x_wconf 75' lang='lat' dir='ltr'><strong>Am.</strong></span> <span class='ocrx_word' id='word_1_911' title='bbox 2239 5749 2312 5792; x_wconf 82' lang='lat' dir='ltr'><strong>Er.</strong></span> <span class='ocrx_word' id='word_1_912' title='bbox 2337 5750 2391 5792; x_wconf 89' lang='lat' dir='ltr'><strong>et</strong></span> <span class='ocrx_word' id='word_1_913' title='bbox 2413 5749 2539 5803; x_wconf 65' lang='lat' dir='ltr'><strong>uss,</strong></span> <span class='ocrx_word' id='word_1_914' title='bbox 2564 5743 2843 5807; x_wconf 65' lang='lat' dir='ltr'><strong>perfunctis.</strong></span> 
     </span>
    </p>
   </div>
   <div class='ocr_carea' id='block_1_121' title="bbox 2060 5803 2800 5867">
    <p class='ocr_par' dir='ltr' id='par_1_121' title="bbox 2060 5803 2800 5867">
     <span class='ocr_line' id='line_1_121' title="bbox 2060 5803 2800 5867; baseline -0.003 -13"><span class='ocrx_word' id='word_1_915' title='bbox 2060 5809 2079 5837; x_wconf 83' lang='grc'><strong>²</strong></span> <span class='ocrx_word' id='word_1_916' title='bbox 2114 5805 2424 5854; x_wconf 78' lang='lat' dir='ltr'><strong>t‘loriacensis</strong></span> <span class='ocrx_word' id='word_1_917' title='bbox 2446 5812 2548 5862; x_wconf 58' lang='grc' dir='ltr'><strong>Μελ,</strong></span> <span class='ocrx_word' id='word_1_918' title='bbox 2566 5803 2800 5867; x_wconf 68' lang='lat' dir='ltr'><strong>qurrsilio.</strong></span> 
     </span>
    </p>
   </div>
   <div class='ocr_carea' id='block_1_122' title="bbox 2063 5859 3272 5926">
    <p class='ocr_par' dir='ltr' id='par_1_122' title="bbox 2063 5859 3272 5926">
     <span class='ocr_line' id='line_1_122' title="bbox 2063 5859 3272 5926; baseline -0.002 -13"><span class='ocrx_word' id='word_1_919' title='bbox 2063 5869 2081 5900; x_wconf 80' lang='grc'><em>³</em></span> <span class='ocrx_word' id='word_1_920' title='bbox 2113 5869 2185 5914; x_wconf 70' lang='lat' dir='ltr'><strong>sic</strong></span> <span class='ocrx_word' id='word_1_921' title='bbox 2209 5869 2494 5916; x_wconf 73' lang='lat' dir='ltr'><strong>ineuntibus</strong></span> <span class='ocrx_word' id='word_1_922' title='bbox 2520 5859 2622 5915; x_wconf 60' lang='lat' dir='ltr'><strong>\ts&#39;s.</strong></span> <span class='ocrx_word' id='word_1_923' title='bbox 2656 5875 2702 5916; x_wconf 58' lang='lat' dir='ltr'><strong>at</strong></span> <span class='ocrx_word' id='word_1_924' title='bbox 2729 5868 2773 5915; x_wconf 86' lang='lat' dir='ltr'><strong>in</strong></span> <span class='ocrx_word' id='word_1_925' title='bbox 2801 5866 2961 5924; x_wconf 77' lang='lat' dir='ltr'><strong>c-litis,</strong></span> <span class='ocrx_word' id='word_1_926' title='bbox 2990 5859 3272 5926; x_wconf 62' lang='lat' dir='ltr'><strong>regrm&#39;ral&#39;t.</strong></span> 
     </span>
    </p>
   </div>
   <div class='ocr_carea' id='block_1_123' title="bbox 2069 5927 2776 5987">
    <p class='ocr_par' dir='ltr' id='par_1_123' title="bbox 2069 5927 2776 5987">
     <span class='ocr_line' id='line_1_123' title="bbox 2069 5927 2776 5987; baseline -0.003 -9"><span class='ocrx_word' id='word_1_927' title='bbox 2069 5935 2139 5983; x_wconf 61' lang='lat' dir='ltr'><strong>tul</strong></span> <span class='ocrx_word' id='word_1_928' title='bbox 2178 5932 2288 5978; x_wconf 80' lang='lat' dir='ltr'><strong>\idc</strong></span> <span class='ocrx_word' id='word_1_929' title='bbox 2313 5931 2446 5987; x_wconf 66' lang='lat' dir='ltr'><strong>intra,</strong></span> <span class='ocrx_word' id='word_1_930' title='bbox 2474 5927 2557 5977; x_wconf 86' lang='lat' dir='ltr'><strong>lib.</strong></span> <span class='ocrx_word' id='word_1_931' title='bbox 2588 5930 2703 5985; x_wconf 76' lang='lat'><strong>5,11.</strong></span> <span class='ocrx_word' id='word_1_932' title='bbox 2730 5927 2776 5978; x_wconf 74' lang='grc'><strong>4.</strong></span> 
     </span>
    </p>
   </div>
  </div>
