4088 6516
593 367 704 426 663

595 511 722 551 ιιι-τα
755 510 916 551 onme
944 510 1112 566 genus
1151 498 1436 554 occidisset
1475 500 1786 559 humanum.
1816 500 1914 554 nisi
1948 499 2185 556 Samari-

595 598 750 644 tanus
791 588 881 644 ille
917 589 1250 646 descendens
1290 593 1506 650 vulnera
1544 593 1660 664 ejus
1696 595 1887 649 acerba
1917 604 2180 650 curasset.

597 681 753 746 Dicit,
783 680 948 737 fuisse
983 683 1176 750 Adam,
1214 693 1268 738 ct
1294 685 1346 738 in
1391 685 1482 744 illo
1522 685 1682 740 fuisse
1710 701 1934 752 omnes;
1979 687 2186 756 perisse

598 777 788 838 Adam,
820 782 874 828 et
903 779 954 829 in
987 774 1078 828 illo
1123 775 1324 844 perisse
1363 792 1571 832 (utines.
1620 777 1776 840 Dicit,
1817 793 1917 833 nos
1941 780 2188 849 contagio

595 865 852 920 maculari
903 876 1187 937 antequam
1237 869 1538 936 nascimur,
1582 885 1682 926 nec
1725 869 2013 926 humanum
2059 886 2189 926 con-

597 967 811 1028 ceptum
839 974 958 1016 esse
1006 960 1298 1032 iniquitatis
1333 973 1620 1031 exsortem,
1663 965 1784 1034 quia
1832 966 2184 1037 concipitrur,

597 1050 792 1120 inquit,
825 1051 878 1106 in
909 1063 1125 1121 peccato
1156 1064 1455 1124 parentum,
1487 1067 1540 1112 et
1566 1056 1618 1112 in
1645 1058 1852 1115 delictis
1877 1076 2062 1116 eorum
2095 1077 2188 1115 na-

599 1146 841 1211 scimur;
873 1145 968 1200 sed
996 1157 1050 1201 et
1089 1147 1202 1216 ipse
1246 1159 1427 1218 partus
1455 1149 1608 1206 habet
1651 1153 1893 1224 contagia
1928 1168 2041 1219 sua,
2089 1169 2188 1210 nec

600 1252 766 1291 unum
817 1239 1183 1294 tantummodo
1241 1241 1400 1296 habet
1445 1242 1558 1312 ipsa
1619 1253 1806 1299 natura
1859 1247 2183 1317 contagium.

599 1325 761 1394 Dicit,
801 1326 1069 1384 diabolum
1111 1331 1488 1400 feneratorem,
1533 1349 1564 1388 a
1603 1350 1710 1404 quo
1760 1337 1868 1390 Eva
1919 1338 2185 1393 maculata

601 1416 846 1474 obnoxim
875 1423 1227 1476 successionis
1256 1425 1429 1478 usuris
1456 1441 1614 1480 omne
1655 1441 1824 1496 genus
1856 1429 2188 1486 defeneravit

601 1507 912 1565 humanum.
942 1512 1094 1574 Dicit.
1122 1528 1152 1568 a
1180 1513 1391 1570 diabolo
1420 1515 1585 1570 Evam
1621 1517 1920 1589 deceptam,
1962 1529 2019 1575 ut
2056 1537 2186 1592 sup-

601 1603 863 1670 plantaret
888 1603 1080 1670 virum,
1111 1605 1364 1674 obligaret
1403 1607 1790 1668 luereditatem.
1828 1611 1980 1678 Dicit,
2015 1613 2185 1669 Adam

601 1695 673 1754 ita
700 1709 881 1749 morsu
908 1696 1144 1751 vitiatum
1173 1712 1292 1752 esse
1322 1701 1607 1774 serpentis,
1639 1709 1696 1756 ut
1731 1717 1920 1758 omnes
1949 1704 2039 1758 illo
2067 1705 2183 1760 vul-

599 1800 730 1840 nere
773 1786 1148 1844 claudicemus.
1195 1789 1330 1844 Dicit
1361 1833 1376 1858 ,
1411 1806 1508 1860 per
1563 1807 1847 1862 corporum
1876 1795 1978 1850 viri
2015 1805 2070 1852 et
2105 1795 2184 1852 fe-

600 1879 758 1932 mina:
783 1881 1214 1936 commixtionem
1248 1885 1514 1938 neminem
1540 1894 1814 1955 expertem
1831 1902 1948 1943 esse
1969 1889 2182 1956 delicti;

595 1972 686 2041 qui
715 1980 892 2027 autem
914 1987 1105 2042 expers
1133 1974 1310 2029 delic1i
1343 1985 1444 2039 est,
1468 1976 1519 2031 id
1547 1984 1631 2032 est
1653 1979 2182 2049 Dominustlhristus,

595 2062 758 2116 etiam
805 2062 1104 2134 hujusmodi
1148 2080 1268 2121 esse
1314 2070 1681 2138 conceptionis
1715 2081 2008 2140 expertem.
2050 2073 2188 2128 Dicit

597 2153 694 2208 tibi
721 2164 936 2210 sanctus
969 2155 1326 2225 Innocentius,
1357 2161 1568 2216 lavacro
1596 2165 2010 2233 regenerationis
2045 2182 2182 2236 pra:-

595 2245 815 2300 teritum
841 2247 1026 2302 vitium
1053 2264 1212 2303 omne
1237 2251 1470 2320 purgari,
1501 2254 1642 2322 quod
1674 2269 1768 2324 per
1793 2255 1937 2310 illum
1967 2258 2180 2324 accidit,

596 2339 687 2406 qui
719 2339 886 2392 libero
905 2341 1126 2396 arbitrio
1152 2344 1348 2398 cadens
1371 2385 1386 2408 ,
1417 2345 1466 2398 in
1499 2345 1754 2414 profunda
1779 2347 2055 2404 demersus
2080 2360 2181 2404 est.

601 2427 758 2491 Dicit,
791 2429 889 2482 nisi
916 2430 1350 2487 manducaverint
1379 2449 1592 2490 Carnem
1624 2437 1852 2504 Domini,
1885 2447 1938 2492 et
1965 2441 2183 2510 sangui-

597 2537 719 2574 nem
749 2521 1000 2586 biberint,
1029 2523 1188 2578 vitam
1221 2527 1469 2594 parvulos
1497 2527 1692 2584 habere
1721 2545 1824 2584 non
1855 2546 2027 2600 posse.
2049 2532 2186 2588 San-

595 2622 716 2668 ctus
745 2613 1032 2684 Gregorius
1055 2615 1204 2682 dicit,
1245 2617 1436 2673 melius
1475 2619 1636 2676 fuisse
1665 2638 1768 2676 non
1795 2623 2042 2678 excidere
2069 2639 2097 2677 a
2122 2623 2184 2678 li-

595 2717 704 2772 gno
733 2703 854 2757 vita:
879 2714 1032 2776 gustu
1054 2708 1390 2762 amarissimo
1416 2712 1638 2779 peccati,
1667 2713 1760 2768 sed
1787 2715 2058 2769 emendari
2083 2729 2182 2771 nos

595 2791 796 2849 debere
824 2804 944 2863 post
967 2795 1193 2866 lapsum.
1227 2799 1383 2864 Dicit,
1415 2815 1514 2857 nos
1539 2819 1603 2856 ex
1630 2802 1781 2858 bon‘s
1809 2804 1874 2860 ad
1902 2807 2067 2860 tristia
2089 2807 2184 2861 de-

594 2885 828 2952 volutos,
855 2894 912 2941 et
936 2888 1104 2944 vulta
1151 2890 1387 2947 tristibus
1427 2891 1494 2948 ad
1539 2894 1760 2950 meliora
1807 2898 2077 2966 reparari;
2124 2909 2182 2955 ut

595 2991 730 3048 quos
771 2988 957 3048 gustus
999 2981 1126 3052 ligni
1172 2982 1318 3037 vetiti
1363 2983 1766 3052 condemnavit,
1807 2985 2003 3044 Christi
2048 3005 2180 3045 crux

593 3070 764 3140 gratia
791 3071 1016 3141 largiore
1045 3072 1318 3142 jnstilicet.
1359 3076 1515 3142 Dicit,
1553 3079 1906 3134 venerandam
1935 3097 2056 3137 esse
2087 3097 2182 3136 na-

597 3163 874 3228 tivitatem,
907 3179 1002 3234 per
1030 3181 1186 3236 quam
1219 3177 1444 3224 terreare
1473 3171 1765 3226 nativitatis
1788 3171 2012 3227 vinculis
2040 3175 2176 3230 libe-

594 3272 794 3311 ramur.
822 3257 978 3323 Dicit,
1010 3260 1413 3330 regeneratione
1432 3277 1498 3318 ex
1521 3278 1656 3334 aqua
1677 3274 1732 3320 et
1759 3266 1945 3336 spiritu
1963 3269 2174 3338 purgari

591 3347 830 3402 maculas
855 3349 1042 3420 prima:
1072 3349 1381 3418 nativitatis,
1427 3368 1524 3423 per
1559 3370 1692 3426 quas
1735 3356 1784 3410 in
1815 3357 2179 3428 iniquitatibus

593 3439 942 3510 concipimur.
975 3442 1113 3498 Dicit
1143 3443 1238 3499 tibi
1281 3456 1497 3502 sanctus
1527 3448 1774 3516 Basilius,
1827 3467 1924 3506 nos
1963 3453 2177 3522 aegritu-

592 3531 772 3587 dinem
799 3535 1134 3592 contraxisse
1155 3539 1384 3608 peccati,
1415 3541 1666 3609 quoniam
1698 3542 1806 3596 Eva
1835 3544 2004 3598 noluit
2040 3560 2071 3600 a
2114 3545 2178 3600 li-

588 3637 696 3694 guo
718 3623 983 3693 prohibito
1021 3626 1286 3697 jcjunare.
1327 3629 1464 3686 Dicit
1507 3643 1812 3700 postremo,
1857 3650 1955 3689 nos
1982 3635 2048 3690 de
2079 3650 2175 3706 pa-

488 3775 498 3786 ,
591 3716 772 3771 radiso
799 3717 1083 3787 decidisse,
1111 3721 1231 3790 quia
1263 3738 1366 3776 non
1392 3723 1768 3794 jejunavimns,
1812 3735 1970 3796 atque
1999 3738 2056 3782 ut
2085 3729 2176 3784 illo

585 3807 891 3877 redeamus,
917 3812 1154 3884 prmcipit
1197 3813 1520 3885 jcjunemus.
1555 3819 1746 3874 Dicunt
1797 3820 1889 3874 tibi
1918 3835 2012 3876 ore
2064 3837 2175 3878 uno

587 3909 668 3961 tot
689 3903 856 3958 sancti
885 3905 1143 3976 episcopi,
1173 3907 1446 3998 Eulogius,
1476 3907 1732 3978 Joannes,
1764 3912 2168 3982 Ammonianus,

585 3992 934 4066 Porphyrius,
961 3996 1240 4067 Eutonius,
1273 3992 1600 4070 Porphyrius
1626 4001 1760 4057 alius
1788 4003 1828 4069 ⁸,
1855 4003 2040 4070 Fidus,
2063 4005 2173 4059 Zo-

583 4085 764 4150 ninus,
793 4086 1135 4157 Zoboennus,
1158 4088 1524 4162 Nymphidius,
1545 4091 1902 4164 Chromatius,
1925 4095 2167 4165 Jovinus,

583 4177 948 4247 Eleuther-ius,
977 4181 1304 4237 Clematius:
1337 4183 1446 4238 Nos
1488 4184 1760 4256 Pelagium
1806 4203 1910 4242 non
1939 4188 2170 4243 absolvi-

581 4285 726 4332 mus,
781 4272 881 4327 nisi
924 4273 1048 4343 quia
1099 4274 1370 4331 damnavit
1411 4292 1504 4332 eos
1550 4279 1639 4348 qui
1691 4279 1877 4336 dicunt
1920 4282 2171 4351 parvulos

582 4362 790 4416 etiamsi
818 4378 922 4417 non
955 4365 1287 4436 baptizentur
1315 4367 1514 4424 habere
1541 4370 1701 4426 vitam
1741 4382 2016 4431 mternam.
2049 4373 2167 4429 Jam

581 4464 640 4508 tu
671 4456 954 4525 responde,
985 4466 1160 4514 utrum
1200 4459 1338 4516 Deus
1361 4461 1536 4532 justus
1561 4465 1692 4519 nulli
1727 4465 2010 4522 obnoxiam
2043 4483 2170 4538 pec-

580 4559 702 4601 cato
729 4547 1012 4618 imaginem
1043 4565 1192 4606 suam
1227 4555 1436 4622 privare
1463 4555 1568 4610 vita
1597 4559 1763 4626 possit
1783 4569 2004 4615 aeterna.

652 4640 740 4694 55.
784 4641 1064 4697 Postremo
1125 4656 1342 4700 sanctus
1394 4647 1679 4718 episcopus
1717 4651 1948 4708 Joannes
1999 4653 2165 4714 dicit.

579 4746 740 4796 quem
772 4741 825 4786 tu
858 4732 1238 4792 honorabiliter
1255 4741 1691 4796 commemorasti
1715 4783 1728 4806 ,
1761 4758 1919 4813 quem
1949 4755 2001 4799 tu
2027 4747 2166 4802 sicut

579 4832 822 4874 sanctum
855 4823 1226 4894 ermlitumque
1253 4825 1477 4882 laudasti
1495 4870 1509 4890 ,
1533 4846 1688 4900 quem
1721 4841 1773 4886 tu
1801 4835 2163 4891 testimonium

580 4921 634 4966 et
661 4911 882 4981 gloriam
921 4914 988 4969 de
1026 4917 1298 4971 consortio
1329 4919 1566 4975 veritatis
1607 4925 1905 4994 suscepisse
1942 4927 2161 4983 dixisti:

582 5004 742 5057 etiam
771 5003 882 5071 ipse
910 5004 1057 5070 dicit,
1089 5007 1256 5061 Adam
1283 5009 1361 5064 sic
1389 5025 1640 5080 peccasse
1667 5015 1794 5070 illud
1814 5019 2016 5086 grande
2041 5035 2166 5090 pec-

577 5103 777 5158 catum,
807 5104 859 5147 ut
879 5111 1037 5150 mune
1063 5113 1228 5167 genus
1255 5099 1542 5157 humanum
1564 5104 1614 5157 in
1637 5120 1919 5163 commune
1939 5108 2164 5164 damna-

523 5211 530 5218 -
577 5173 882 5250 rcthicit,
915 5188 965 5241 in
1009 5188 1192 5246 Lazari
1237 5202 1408 5248 morte
1453 5195 1571 5250 ideo
1609 5196 1820 5254 ﬂevisse
1857 5200 2158 5273 Christum,

573 5277 698 5346 quia
723 5277 790 5333 de
820 5282 1243 5347 perennitatibus
1273 5301 1492 5342 excussa
1521 5289 1819 5345 mortalitas
1839 5293 2036 5351 inferos
2061 5296 2160 5352 ad-

575 5370 806 5434 amavit;
839 5379 894 5426 ct
930 5373 1048 5442 quia
1080 5389 1174 5429 eos
1213 5377 1302 5446 qui
1344 5378 1670 5436 imn'tortales
1712 5398 1832 5440 esse
1874 5397 2154 5457 poterant,

571 5462 815 5520 diabolus
845 5463 967 5518 fecit
992 5482 1111 5522 esse
1143 5471 1410 5525 mortales.
1438 5472 1594 5545 Dicit,
1621 5485 1745 5530 ante
1763 5488 2036 5546 peccatum
2060 5481 2159 5536 ho-

571 5554 732 5611 minis
777 5557 922 5609 onmi
965 5559 1126 5612 modo
1164 5559 1358 5617 bestias
1398 5563 1598 5622 homini
1648 5567 1811 5626 fuisse
1844 5573 2153 5642 subjectos;

643 5688 658 5718 ³
689 5695 736 5736 In
782 5701 979 5758 exeus‘ts
1023 5691 1212 5758 deerat,
1262 5697 1552 5758 Porphyrius
1588 5699 1727 5752 alius.
1773 5706 2050 5755 nestitttitur
2088 5721 2151 5756 ex

568 5753 920 5830 {nantiscriptis
960 5755 1312 5830 I'ro..“ZoniItux,
1339 5753 1572 5830 hieuttnus
1611 5777 1638 5812 e
1681 5753 2150 5830 qutIrpte‘tjatiani—s

570 5807 738 5876 habet,
769 5807 969 5862 [minus
985 5825 1002 5873 ;
1025 5814 1102 5863 alii
1128 5807 1348 5879 quazuo'r,
1375 5807 1586 5874 inii-iiiis.

1441 379 1712 436 CONTRA
1751 380 2092 438 JULIANUM
2129 379 2176 434 P.

2284 378 2499 448 lClL’M,
2541 385 2598 441 S.
2638 389 3010 448 Αυουδτικι
3761 405 3846 464 ωδ

2298 509 2642 572 posteaquam
2673 521 2798 562 vero
2824 518 3098 578 peccatum
3145 510 3274 566 illud
3311 511 3524 569 intravit
3547 557 3562 582 ,
3590 521 3798 588 cmpisse
3823 541 3846 579 a

2299 597 2454 652 nobis
2493 599 2691 656 bestias
2716 601 2991 660 formidari
3017 624 3030 660 :
3056 622 3228 678 usque
3271 609 3406 665 adeo
3437 623 3700 680 peccatum
3743 619 3846 671 illud

2298 689 2452 757 primi
2481 690 2712 749 hominis
2737 693 2956 767 intelligi
2985 698 3152 754 voluit
3173 699 3454 758 ad.omnes
3480 703 3718 762 homines
3743 725 3846 777 per-

2299 781 2501 847 tinere;
2534 785 2622 840 ubi
2648 801 2766 856 quis
2788 803 2895 843 non
2925 789 3103 846 videat
3129 805 3251 848 esse
3269 807 3620 864 consequens,
3649 809 3700 852 ut
3723 803 3846 854 nulla

2295 871 2584 928 bestiarum
2626 878 2874 943 parvulos
2901 878 3148 946 laederet,
3183 883 3283 937 nisi
3323 893 3378 938 et
3419 887 3562 954 ipsos
3591 889 3720 944 illius
3743 906 3848 959 pec-

2295 963 2398 1016 cati
2443 963 2656 1021 viuculo
2685 967 2935 1026 nativitas
2975 973 3206 1027 carnalis
3230 974 3624 1048 obstringeret?
3655 981 3778 1035 Dicit
3805 985 3848 1037 in

2293 1055 2482 1111 eodem
2509 1071 2777 1127 sermone,
2807 1077 2874 1118 ex
2903 1078 3010 1134 quo
3034 1073 3090 1120 tu
3117 1065 3346 1124 incautis
3367 1070 3384 1100 ⁸
3411 1071 3669 1142 obrepere
3694 1075 3845 1130 volut-

2293 1147 2392 1213 sti,
2425 1149 2567 1218 quod
2606 1165 2705 1206 nos
2733 1152 2978 1210 Christus
3018 1156 3318 1226 invenerit,
3351 1170 3407 1216 et
3448 1173 3668 1230 paterno
3691 1167 3849 1220 chiro-

2291 1241 2498 1312 grapho
2529 1253 2712 1299 nostro
2748 1246 2890 1316 quod
2935 1249 3148 1320 scripsit
3178 1251 3348 1306 Adam
3369 1293 3386 1320 ,
3413 1268 3467 1308 et
3494 1257 3851 1326 posterioribus

2293 1333 2526 1404 propriis
2551 1334 2744 1391 debitis
2770 1337 3052 1408 obligatos.
3087 1340 3323 1412 Exponit
3347 1344 3591 1414 Apostoli
3620 1347 3780 1404 locum
3807 1351 3850 1404 in

2292 1437 2400 1492 quo
2428 1431 2538 1478 tota
2569 1425 2668 1480 ista
2709 1441 2869 1483 causa
2906 1431 3190 1500 consistit,
3222 1434 3310 1489 ubi
3346 1437 3604 1506 scriptum
3631 1450 3739 1506 est,
3767 1441 3856 1496 Per

2293 1529 2449 1568 unum
2477 1514 2730 1572 hominem
2758 1531 3019 1588 peccatum
3044 1523 3249 1578 intravit
3277 1542 3331 1580 m
3351 1529 3596 1583 mundum
3621 1530 3786 1600 (Rom.
3807 1550 3852 1598 v,

2294 1603 2406 1677 12),
2425 1615 2478 1660 et
2501 1617 2693 1663 caetera
2719 1609 2840 1665 huic
2871 1615 3150 1669 sententiae
3176 1617 3524 1675 coinercntia.
3551 1621 3659 1678 Nec
3684 1623 3732 1678 in
3760 1635 3852 1679 tam

2293 1695 2497 1764 prolixa
2517 1713 2608 1752 sua
2625 1697 2984 1769 disputatione
2999 1703 3142 1773 quod
3167 1704 3348 1761 dicitis
3371 1707 3520 1777 dicit,
3549 1726 3654 1767 non
3685 1729 3854 1783 prepa-

2291 1787 2503 1856 gatione
2526 1790 2738 1858 generis
2777 1790 2880 1848 hoc
2910 1804 3181 1862 peccatum
3205 1797 3258 1851 in
3285 1812 3473 1854 omnes
3497 1802 3753 1868 homines,
3773 1807 3854 1860 sed

2291 1877 2584 1936 imitatione
2607 1884 2860 1938 transisse
2876 1901 2890 1940 :
2906 1884 3014 1942 imo
3028 1903 3058 1942 e
3073 1889 3343 1944 contrario
3365 1907 3523 1961 quam
3545 1911 3606 1950 se
3621 1912 3703 1950 res
3722 1898 3856 1952 aliter

2291 1968 2483 2026 habeat
2501 1987 2530 2025 a
2552 1975 2990 2046 coepiscoporum
3011 1993 3230 2036 suorum
3247 1985 3523 2039 sententiis
3540 2003 3646 2041 non
3667 1989 3854 2044 dissen-

2293 2063 2470 2118 tiendo
2497 2063 2846 2122 demonstrat.
2883 2069 3019 2125 Dicit
3049 2072 3191 2127 enim
3216 2113 3231 2137 ,
3262 2077 3440 2131 omnia
3478 2088 3692 2146 peccato
3721 2083 3853 2149 primi

2291 2154 2522 2210 hominis
2541 2173 2660 2212 esse
2687 2161 3041 2216 contaminata
3069 2181 3082 2218 :
3103 2175 3156 2218 et
3183 2181 3249 2219 ne
3271 2166 3371 2220 hoc
3396 2183 3500 2222 non
3529 2172 3853 2236 generatione

2289 2249 2512 2315 carnali,
2539 2250 2632 2305 sed
2654 2251 2949 2310 imitatione
2975 2255 3163 2310 morali
3181 2258 3202 2288 ³
3229 2258 3422 2312 factum
3448 2270 3695 2331 putetur;
3722 2263 3851 2328 dicit,

2289 2337 2458 2392 Adam
2501 2351 2780 2410 preplerca
2821 2345 3019 2400 dictum
3067 2347 3289 2402 formam
3335 2351 3534 2418 futuri,
3579 2355 3695 2424 quia
3735 2356 3855 2409 sicut

2290 2429 2380 2485 ille
2407 2446 2472 2486 ex
2499 2436 2788 2504 semetipso
2817 2441 3158 2494 nascentibus
3179 2481 3195 2506 ,
3231 2445 3476 2512 quamvis
3511 2462 3619 2501 non
3649 2449 3852 2501 inauda-

2288 2525 2526 2579 caverint
2567 2527 2632 2582 de
2661 2529 2801 2598 ligno
2826 2571 2842 2596 ,
2870 2529 3041 2587 lactus
3064 2544 3146 2589 est
3172 2551 3333 2591 allisa
3377 2539 3567 2595 mortis
3585 2583 3602 2605 ,
3628 2556 3744 2612 qua:
3773 2556 3854 2610 per

2288 2616 2463 2672 cibum
2490 2619 2698 2675 inducta
2721 2633 2839 2690 est;
2865 2625 2934 2679 ita
2954 2634 3008 2680 et
3032 2625 3274 2682 Christus
3295 2629 3358 2685 iis
3377 2631 3466 2700 qui
3493 2648 3562 2687 ex
3589 2633 3706 2703 ipso
3725 2644 3850 2699 sunt,

2289 2711 2502 2766 tametsi
2546 2713 2672 2768 nihil
2698 2715 2844 2785 juste
2869 2718 3111 2787 egerint,
3144 2719 3311 2775 factus
3339 2733 3418 2776 est
3451 2727 3694 2792 provisor
3709 2726 3853 2796 justi-

2289 2802 2408 2869 ιὶαε,
2439 2821 2598 2876 quam
2642 2823 2736 2876 per
2787 2823 3001 2867 erucem
3039 2813 3286 2868 oumibus
3321 2815 3663 2873 condonavit.
3705 2818 3849 2884 Dicit,

2289 2893 2531 2950 Judaeum
2580 2893 2862 2970 negantem
2910 2902 3110 2958 virtute
3159 2903 3314 2960 unius
3366 2904 3565 2962 Christi
3617 2907 3850 2964 mundum

2286 3002 2444 3056 posse
2469 2989 2660 3045 salvari
2686 3031 2703 3056 ,
2731 2992 2798 3048 de
2827 2995 2993 3064 ipsius
3020 2996 3176 3066 primi
3208 2998 3440 3055 hominis
3483 3012 3700 3070 peccato
3726 3003 3852 3057 relu-

2287 3079 2525 3144 tandum,
2556 3098 2662 3154 quo
2688 3101 2796 3140 uno
2823 3087 3161 3145 inobediente
3201 3090 3483 3148 damnatus
3507 3104 3597 3150 est
3625 3095 3850 3150 mundus.

2287 3170 2448 3236 Dicit,
2478 3188 2582 3228 non
2612 3175 2764 3231 valde
2790 3177 2956 3234 videri
2985 3179 3182 3238 habere
3206 3183 3463 3238 rationem
3485 3225 3502 3252 ,
3534 3195 3596 3240 ut
3620 3186 3748 3242 alius
3770 3200 3854 3256 pro

2284 3265 2392 3320 alio
2413 3265 2714 3332 damnetur,
2737 3277 2793 3326 et
2819 3281 2994 3328 tamen
3024 3273 3218 3330 factum
3240 3291 3360 3331 esse
3387 3293 3482 3347 per
3501 3278 3670 3334 Adam
3695 3297 3708 3332 :
3731 3278 3852 3332 unde

2285 3357 2457 3428 magis
2488 3359 2773 3428 persuadet
2815 3377 2934 3420 csse
2963 3365 3286 3420 credendum
3307 3409 3322 3434 ,
3351 3368 3491 3438 quod
3516 3367 3784 3424 decentius
3806 3377 3852 3423 et

2280 3449 2651 3506 rationabilius
2681 3465 2940 3523 apparet,
2971 3456 3162 3512 salvari
3205 3459 3367 3513 alium
3413 3475 3511 3530 pro
3549 3463 3694 3526 alio;
3725 3459 3849 3532 quod

2282 3539 2531 3610 impletur
2559 3541 2610 3596 in
2654 3541 2886 3600 Christo.
2920 3546 3051 3614 Quis
3077 3558 3255 3604 autem
3298 3565 3404 3605 non
3432 3551 3647 3619 videat,
3675 3553 3717 3606 si
3747 3568 3851 3622 pec-

2281 3643 2456 3690 catum
2501 3637 2656 3706 primi
2691 3637 2923 3694 hominis
2963 3654 3067 3694 non
3111 3643 3490 3713 propagatione
3514 3685 3530 3708 ,
3557 3645 3654 3700 sed
3694 3643 3850 3698 imita-

2255 3726 2428 3787 .tione
2471 3743 2566 3797 per
2593 3745 2781 3786 onmes
2811 3730 3054 3786 homines
3103 3735 3446 3802 pertransiit,
3478 3738 3742 3792 neminem
3769 3751 3851 3806 pro

2279 3818 2384 3872 alio
2403 3860 2419 3884 ,
2451 3819 2546 3874 sed
2587 3835 2685 3876 suo
2713 3823 2952 3877 damnari
2984 3839 3415 3896 tnmmquemqne
3444 3837 3696 3897 peccato,
3725 3827 3848 3896 quod

2280 3924 2388 3964 non
2415 3910 2556 3966 alius
2582 3912 2632 3965 in
2663 3928 2784 3968 eum
2809 3913 3116 3984 generando
3144 3917 3456 3981 transmisit,
3478 3919 3570 3972 sed
3606 3918 3720 3988 ipse
3746 3917 3849 3972 imi-

2279 4001 2445 4058 tando
2466 4017 2562 4058 sua
2588 4003 2858 4060 voluntate
2886 4006 3192 4062 commisit?
3219 4008 3375 4076 Dicit,
3398 4025 3494 4078 per
3511 4012 3734 4081 gratiam
3755 4025 3846 4064 non

2279 4092 2406 4154 illud
2452 4110 2614 4149 unum
2665 4098 3031 4152 tantummodo
3074 4098 3228 4168 primi
3277 4099 3528 4168 hominis,
3570 4101 3663 4157 sed
3697 4102 3840 4156 etiam

2280 4193 2400 4254 post
2443 4185 2571 4240 illud
2623 4187 2942 4242 introeuntia
2989 4189 3266 4244 interfecta
3310 4205 3432 4246 esse
3478 4203 3713 4260 peccata.
3758 4190 3844 4246 Ubi

2278 4276 2408 4332 satis
2437 4279 2614 4348 utique
2658 4279 2936 4350 distinguit
2981 4291 3198 4350 peccata
3249 4285 3579 4352 posteriora,
3605 4303 3724 4356 qua:
3755 4283 3843 4338 dici

2279 4380 2499 4437 possunt
2529 4369 2821 4426 imitatione
2856 4373 3138 4428 connnissa
3159 4415 3174 4440 ,
3204 4375 3272 4431 ab
3298 4375 3392 4430 illo
3421 4393 3528 4431 uno
3551 4378 3690 4448 quod
3734 4391 3846 4447 pro-

2280 4460 2556 4528 pagatione
2602 4463 3028 4530 pertransiitzet
3058 4466 3292 4520 ostendit
3316 4479 3542 4537 utraque
3587 4469 3844 4524 interfecta

2277 4566 2398 4606 esse
2423 4568 2519 4622 per
2546 4554 2792 4624 gratiam,
2826 4567 2879 4610 ut
2908 4557 3202 4614 secundum
3227 4561 3469 4628 Apostoli
3515 4563 3843 4618 intentionem

2275 4645 2395 4716 plus
2420 4657 2672 4715 appareat
2713 4649 2974 4717 profuisse
3011 4653 3346 4722 regeneratio
3368 4695 3384 4719 ,
3418 4668 3578 4724 quam
3609 4660 3845 4709 mcnerat

2273 4737 2565 4805 generatio.
2593 4737 2681 4793 Sic
2705 4739 2846 4794 enim
2869 4743 3087 4810 eXponit
3116 4743 3258 4812 quod
3283 4743 3483 4798 dictum
3509 4753 3595 4800 est
3621 4763 3636 4800 :
3667 4743 3731 4798 Et
3754 4759 3844 4796 non

2273 4827 2416 4889 sicut,
2429 4828 2684 4894 delictum,
2713 4830 2783 4884 ita
2807 4841 2878 4886 est
2901 4843 2950 4887 et
2977 4834 3165 4886 donum
3185 4851 3205 4888 :
3225 4851 3342 4888 nam
3363 4834 3623 4907 judicium
3651 4836 3837 4906 quidem

2274 4937 2336 4974 ea:
2360 4937 2460 4974 uno
2487 4921 2540 4974 in
2567 4922 3031 4978 condemnationem
3051 4941 3072 4991 ;
3096 4927 3262 4996 gratia
3288 4937 3453 4982 autem
3483 4944 3547 4982 ea:
3577 4929 3744 4982 multis
3765 4925 3843 4979 dc-

2271 5012 2403 5066 liclis
2423 5012 2475 5066 in
2486 5013 2906 5083 justiﬁcalioncm
2932 5015 3040 5087 (Id.
3074 5033 3126 5083 v,
3152 5019 3264 5088 16).
3287 5019 3400 5086 Qua
3425 5020 3708 5084 sententia,
3735 5017 3840 5071 imi-

2273 5107 2401 5160 tatio
2426 5105 2514 5160 illa
2544 5116 2722 5162 vestra
2745 5148 2760 5172 ,
2788 5109 2928 5178 quod
2969 5119 3054 5165 est
3081 5112 3340 5166 novitium
3370 5112 3635 5182 Pelagiani
3659 5110 3842 5167 erroris

2269 5199 2783 5267 machinamentum,
2815 5202 2980 5258 Paulo
3005 5205 3252 5274 apostolo
3272 5205 3558 5269 scribente,
3583 5215 3636 5260 ct
3655 5205 3842 5260 Joanne

2267 5295 2523 5364 episcopo
2551 5305 2856 5364 exponente
2896 5296 3242 5352 subvertitur.
3277 5299 3410 5352 Dicit
3447 5299 3604 5354 etiam
3643 5297 3712 5354 de
3741 5297 3841 5365 ipso

2268 5388 2569 5458 Baptismo,
2597 5404 2871 5458 exponens
2895 5391 3038 5460 quod
3075 5391 3151 5445 ait
3187 5392 3473 5462 Apostolus
3501 5432 3516 5454 ,
3549 5388 3840 5456 Quicumque

2267 5479 2507 5549 baptismi
2549 5496 2722 5533 sumus
2764 5481 2819 5534 in
2861 5481 3093 5548 Christo,
3123 5482 3176 5535 in
3218 5491 3378 5536 morte
3420 5482 3581 5552 ipsius
3617 5477 3838 5550 baptismi
3875 5555 3888 5570 ο

2263 5587 2436 5624 sumus
2465 5568 2574 5642 (Id.
2605 5587 2658 5625 γι
2682 5613 2696 5638 ,
2725 5572 2814 5642 5),
2843 5571 2976 5627 nihil
3005 5587 3127 5628 esse
3162 5573 3306 5628 aliud
3354 5571 3408 5626 in
3449 5582 3623 5627 morte
3651 5569 3834 5624 Christi

2327 5709 2342 5740 ί
2377 5709 2450 5755 Sic
2472 5707 2663 5759 ti‘loriac.
2694 5717 2774 5760 Ms.
2801 5711 2937 5771 Editi,
2959 5710 3190 5762 incautus.

2325 5773 2345 5801 ²
2379 5771 2514 5880 Εἱξὶιὶ,
2549 5773 2754 5822 mortali.
2798 5769 2976 5835 Allius.
3003 5777 3092 5824 nisi
3131 5774 3362 5836 tollimur,
3402 5769 3707 5825 Florizccnsis
3745 5773 3833 5822 διον

2325 5845 2450 5880 παι.

2265 5845 2450 5882 moram

4001 5219 4003 5308 ι

4001 5409 4004 5532 ἲ
